{"host":"sp1f3sybb350mzsh","time":1612584747,"event":{"mods":["AchievementEnabler","BaseMod","Bestiary","Colored Map","Colored Powertips","Filter the Spire","Minty Spire (QoL Compilation)","Puzzle Mod","Relic Stats","StSLib"],"gold_per_floor":[112,37,51,1,1,1,31,31,31,64,82,115,134,153,153,153,153],"floor_reached":16,"language":"ENG","playtime":911,"items_purged":["Shame"],"score":151,"play_id":"0944f197-63ff-4f13-ae19-39e67023007b","local_time":"20210205221227","is_ascension_mode":true,"campfire_choices":[{"data":"Bash","floor":6,"key":"SMITH"},{"data":"Shrug It Off","floor":8,"key":"SMITH"},{"data":"Feed","floor":15,"key":"SMITH"}],"circlet_count":0,"master_deck":["Strike_R","Strike_R","Strike_R","Strike_R","Strike_R","Defend_R","Defend_R","Defend_R","Bash+1","Clash","Disarm+1","Shrug It Off+1","Feed+1","Thunderclap","Dropkick","Limit Break"],"relics":["Burning Blood","Kunai","Gambling Chip","Tiny Chest","Bottled Lightning"],"acts_visited":["Exordium"],"potions_floor_usage":[7,12,16],"damage_taken":[{"damage":7,"enemies":"Jaw Worm","floor":1,"turns":5},{"damage":3,"enemies":"Small Slimes","floor":3,"turns":3},{"damage":34,"enemies":"3 Sentries","floor":7,"turns":9},{"damage":13,"enemies":"Gremlin Nob","floor":10,"turns":4},{"damage":0,"enemies":"2 Louse","floor":11,"turns":2},{"damage":12,"enemies":"Lagavulin","floor":12,"turns":5},{"damage":7,"enemies":"Large Slime","floor":13,"turns":10},{"damage":0,"enemies":"Gremlin Gang","floor":14,"turns":5},{"damage":80,"enemies":"Slime Boss","floor":16,"turns":9}],"seed_played":"231232763975805883","potions_obtained":[{"floor":1,"key":"SteroidPotion"},{"floor":10,"key":"Weak Potion"},{"floor":11,"key":"Explosive Potion"},{"floor":12,"key":"Ancient Potion"},{"floor":14,"key":"LiquidBronze"}],"is_trial":false,"path_per_floor":["M","$","M","?","?","R","E","R","T","E","M","E","M","M","R","B"],"character_chosen":"IRONCLAD","items_purchased":[],"campfire_rested":0,"item_purchase_floors":[],"current_hp_per_floor":[95,95,96,96,96,96,68,68,68,61,70,67,69,78,78,0,0],"gold":153,"neow_bonus":"TWENTY_PERCENT_HP_BONUS","is_daily":false,"chose_seed":false,"campfire_upgraded":3,"win_rate":0.0,"timestamp":1612584747,"path_taken":["M","$","M","?","?","R","E","R","T","E","M","E","M","M","R","BOSS"],"items_purchased_type":[],"build_version":"2020-12-22","purchased_purges":1,"victory":false,"max_hp_per_floor":[96,96,96,96,96,96,96,96,96,96,99,102,105,108,108,108,108],"relic_stats":{"counters":[9,52],"Gambling Chip":[14],"Tiny Chest":0,"Kunai":[7],"obtain_stats":[{"Gambling Chip":9,"Tiny Chest":10,"Kunai":7,"Bottled Lightning":12,"Burning Blood":0},{"Gambling Chip":3,"Tiny Chest":4,"Kunai":3,"Bottled Lightning":6,"Burning Blood":0},{"Gambling Chip":17,"Tiny Chest":21,"Kunai":17,"Bottled Lightning":28,"Burning Blood":0}],"Burning Blood":46},"card_choices":[{"not_picked":["Havoc","Sword Boomerang"],"picked":"Clash","floor":1},{"not_picked":["Dark Embrace","Infernal Blade"],"picked":"Disarm","floor":3},{"not_picked":["Headbutt","Twin Strike"],"picked":"Shrug It Off","floor":7},{"not_picked":["Evolve","Havoc"],"picked":"Feed","floor":10},{"not_picked":["Sword Boomerang","Shrug It Off"],"picked":"Thunderclap","floor":11},{"not_picked":["Entrench","Anger","Pommel Strike"],"picked":"SKIP","floor":12},{"not_picked":["Body Slam","Flex"],"picked":"Dropkick","floor":13},{"not_picked":["Second Wind","Iron Wave"],"picked":"Limit Break","floor":14}],"player_experience":167476,"relics_obtained":[{"floor":7,"key":"Kunai"},{"floor":9,"key":"Gambling Chip"},{"floor":10,"key":"Tiny Chest"},{"floor":12,"key":"Bottled Lightning"}],"event_choices":[{"cards_removed":["Defend_R"],"damage_healed":0,"gold_gain":0,"player_choice":"Card Removal","damage_taken":0,"max_hp_gain":0,"max_hp_loss":0,"event_name":"The Cleric","floor":4,"gold_loss":50},{"damage_healed":0,"gold_gain":0,"player_choice":"Grow","damage_taken":0,"max_hp_gain":0,"max_hp_loss":0,"event_name":"Living Wall","floor":5,"gold_loss":0,"cards_upgraded":["Disarm"]}],"is_beta":false,"boss_relics":[],"items_purged_floors":[2],"is_endless":false,"potions_floor_spawned":[1,10,11,12,14],"killed_by":"Slime Boss","ascension_level":1}}