{"host":"pfy6u49v5s5r680p","time":1612584203,"event":{"mods":["BaseMod","Colored Map","DeckTracker","Highlight Path","Keyboard Shortcuts","Minty Spire (QoL Compilation)","Permanent Neow","Quick Restart","StSLib","SuperFastMode","everything is the same but u backflip on backflip"],"gold_per_floor":[117,127,141,141,155,155,165,165,165,179,179,193,211,240,240,341,341,361,239,255,269,281,316,316,316,342,355,355,355,371,381,381,480,480,493,503,327,339,359,359,389,16,61,79,109,119,130,147,147,147],"floor_reached":51,"language":"KOR","playtime":2654,"items_purged":["Strike_B","Defend_B","Melter+1"],"score":791,"play_id":"d39a429c-09a3-454a-a4c8-c05574d4781f","local_time":"20210206130323","is_ascension_mode":false,"campfire_choices":[{"data":"Hologram","floor":6.0,"key":"SMITH"},{"data":"Static Discharge","floor":8.0,"key":"SMITH"},{"data":"White Noise","floor":11.0,"key":"SMITH"},{"floor":15.0,"key":"REST"},{"data":"Defragment","floor":24.0,"key":"SMITH"},{"data":"Heatsinks","floor":28.0,"key":"SMITH"},{"data":"Dualcast","floor":32.0,"key":"SMITH"},{"data":"Meteor Strike","floor":40.0,"key":"SMITH"},{"data":"Undo","floor":49.0,"key":"SMITH"}],"circlet_count":0,"master_deck":["Defend_B","Defend_B","Defend_B","Zap+1","Dualcast+1","Recycle+1","Thunder Strike+1","Storm+1","Undo+1","Hologram+1","White Noise+1","Static Discharge+1","Heatsinks+1","Skim+1","Meteor Strike+1","Turbo+1","Defragment+1","Ghostly+1","Ghostly+1","Ghostly+1","Ghostly+1","Ghostly+1","Redo+1","Double Energy+1","Parasite","Coolheaded+1","Storm+1","Double Energy+1","Force Field+1","Hologram+1","Redo+1"],"relics":["Astrolabe","Toxic Egg 2","Toy Ornithopter","Runic Pyramid","Du-Vu Doll","PreservedInsect","Akabeko","Coffee Dripper","Whetstone","Membership Card","Sundial","Strawberry"],"acts_visited":["Exordium","TheCity","TheBeyond"],"potions_floor_usage":[50,50,50],"damage_taken":[{"damage":5.0,"enemies":"Small Slimes","floor":1.0,"turns":5.0},{"damage":5.0,"enemies":"Cultist","floor":2.0,"turns":4.0},{"damage":3.0,"enemies":"2 Louse","floor":3.0,"turns":4.0},{"damage":14.0,"enemies":"Exordium Thugs","floor":5.0,"turns":3.0},{"damage":16.0,"enemies":"Lots of Slimes","floor":7.0,"turns":5.0},{"damage":1.0,"enemies":"Large Slime","floor":10.0,"turns":4.0},{"damage":7.0,"enemies":"2 Fungi Beasts","floor":12.0,"turns":2.0},{"damage":3.0,"enemies":"Red Slaver","floor":13.0,"turns":3.0},{"damage":4.0,"enemies":"3 Sentries","floor":14.0,"turns":4.0},{"damage":14.0,"enemies":"Hexaghost","floor":16.0,"turns":5.0},{"damage":0.0,"enemies":"Spheric Guardian","floor":18.0,"turns":3.0},{"damage":0.0,"enemies":"Chosen","floor":20.0,"turns":4.0},{"damage":0.0,"enemies":"Snecko","floor":21.0,"turns":3.0},{"damage":12.0,"enemies":"Centurion and Healer","floor":22.0,"turns":3.0},{"damage":23.0,"enemies":"Slavers","floor":23.0,"turns":3.0},{"damage":3.0,"enemies":"3 Cultists","floor":27.0,"turns":3.0},{"damage":5.0,"enemies":"Shelled Parasite and Fungi","floor":30.0,"turns":4.0},{"damage":0.0,"enemies":"Snake Plant","floor":31.0,"turns":3.0},{"damage":1.0,"enemies":"Champ","floor":33.0,"turns":8.0},{"damage":0.0,"enemies":"3 Shapes","floor":35.0,"turns":4.0},{"damage":1.0,"enemies":"Orb Walker","floor":36.0,"turns":2.0},{"damage":0.0,"enemies":"Writhing Mass","floor":38.0,"turns":5.0},{"damage":0.0,"enemies":"Sphere and 2 Shapes","floor":39.0,"turns":6.0},{"damage":0.0,"enemies":"Reptomancer","floor":41.0,"turns":5.0},{"damage":12.0,"enemies":"4 Shapes","floor":44.0,"turns":3.0},{"damage":1.0,"enemies":"Giant Head","floor":45.0,"turns":6.0},{"damage":0.0,"enemies":"3 Darklings","floor":46.0,"turns":3.0},{"damage":0.0,"enemies":"Transient","floor":47.0,"turns":5.0},{"damage":1.0,"enemies":"Spire Growth","floor":48.0,"turns":2.0},{"damage":32,"enemies":"Awakened One","floor":50,"turns":10}],"seed_played":"533811153480059167","potions_obtained":[{"floor":3.0,"key":"SkillPotion"},{"floor":7.0,"key":"Weak Potion"},{"floor":13.0,"key":"DistilledChaos"},{"floor":14.0,"key":"EssenceOfDarkness"},{"floor":16.0,"key":"Swift Potion"},{"floor":18.0,"key":"GamblersBrew"},{"floor":22.0,"key":"Energy Potion"},{"floor":23.0,"key":"Ancient Potion"},{"floor":27.0,"key":"ColorlessPotion"},{"floor":35.0,"key":"DuplicationPotion"},{"floor":38.0,"key":"FocusPotion"},{"floor":48.0,"key":"DuplicationPotion"}],"is_trial":false,"path_per_floor":["M","M","M","?","M","R","M","R","T","M","R","M","M","E","R","B",null,"M","$","M","M","M","E","R","?","T","M","R","?","M","M","R","B",null,"M","M","$","M","M","R","E","$","T","M","E","M","M","M","R","B",null],"character_chosen":"DEFECT","items_purchased":["Turbo+1","Double Energy+1","Membership Card","Sundial","Double Energy+1"],"campfire_rested":1,"item_purchase_floors":[19,37,42,42,42],"current_hp_per_floor":[70,65,62,62,48,48,32,32,32,31,31,24,21,17,39,30,75,75,75,75,75,63,52,52,37,37,34,34,34,29,29,29,28,37,37,36,36,36,36,36,36,36,36,24,35,35,35,34,34,17],"gold":147,"neow_bonus":"BOSS_RELIC","is_daily":false,"chose_seed":true,"campfire_upgraded":8,"win_rate":0.0,"timestamp":1612584203,"path_taken":["M","M","M","?","M","R","M","R","T","M","R","M","M","E","R","BOSS","M","$","M","M","M","E","R","?","T","M","R","?","M","?","R","BOSS","M","M","$","M","M","R","E","$","T","M","E","M","?","M","R","BOSS"],"items_purchased_type":["Card","Card","Relic","Relic","Card"],"build_version":"2020-12-22","purchased_purges":3,"victory":true,"max_hp_per_floor":[75,75,75,75,75,75,75,75,75,75,75,75,75,75,75,75,75,75,75,75,75,75,75,75,37,37,37,37,37,37,37,37,37,37,37,37,37,37,37,37,37,37,37,37,44,44,44,44,44,44],"card_choices":[{"not_picked":["Streamline","Recycle"],"picked":"Undo","floor":1.0},{"not_picked":["Auto Shields","Reinforced Body"],"picked":"Hologram","floor":2.0},{"not_picked":["Cold Snap","Reinforced Body"],"picked":"White Noise","floor":3.0},{"not_picked":["Go for the Eyes","FTL","Turbo"],"picked":"SKIP","floor":5.0},{"not_picked":["Core Surge","Barrage"],"picked":"Static Discharge","floor":7.0},{"not_picked":["Hologram+1","Conserve Battery+1"],"picked":"Melter","floor":10.0},{"not_picked":["Storm","Steam+1"],"picked":"Heatsinks","floor":12.0},{"not_picked":["Rebound","FTL","Hello World"],"picked":"SKIP","floor":13.0},{"not_picked":["Go for the Eyes","Leap+1"],"picked":"Skim+1","floor":14.0},{"not_picked":["Seek+1","Amplify+1"],"picked":"Meteor Strike","floor":16.0},{"not_picked":["Beam Cell","Hello World","Sweeping Beam"],"picked":"SKIP","floor":18.0},{"not_picked":["Gash","Darkness+1","Doom and Gloom+1"],"picked":"SKIP","floor":20.0},{"not_picked":["Static Discharge","Cold Snap","Go for the Eyes+1"],"picked":"SKIP","floor":21.0},{"not_picked":["Barrage","Streamline"],"picked":"Defragment","floor":22.0},{"not_picked":["Storm","Glacier+1","Tempest+1"],"picked":"SKIP","floor":23.0},{"not_picked":["Leap+1","Buffer","Turbo+1"],"picked":"SKIP","floor":27.0},{"not_picked":["Coolheaded+1","Scrape"],"picked":"Redo+1","floor":30.0},{"not_picked":["Streamline","Ball Lightning","Stack+1"],"picked":"SKIP","floor":31.0},{"not_picked":["BootSequence+1","Gash+1","Barrage"],"picked":"SKIP","floor":35.0},{"not_picked":["Streamline+1","Static Discharge+1","Leap+1"],"picked":"SKIP","floor":36.0},{"not_picked":["Leap+1","Barrage+1"],"picked":"Coolheaded+1","floor":38.0},{"not_picked":["Gash+1","Lockon+1","Coolheaded+1"],"picked":"SKIP","floor":39.0},{"not_picked":["Static Discharge+1","Cold Snap"],"picked":"Storm+1","floor":41.0},{"not_picked":["Steam+1","Sweeping Beam+1","FTL"],"picked":"SKIP","floor":44.0},{"not_picked":["Scrape+1","Amplify+1"],"picked":"Force Field+1","floor":45.0},{"not_picked":["Coolheaded+1","Turbo+1"],"picked":"Hologram+1","floor":46.0},{"not_picked":["Ball Lightning+1","Rebound","Fusion+1"],"picked":"SKIP","floor":47.0},{"not_picked":["Recycle+1","Go for the Eyes+1"],"picked":"Redo+1","floor":48.0}],"player_experience":170692,"relics_obtained":[{"floor":9.0,"key":"Toxic Egg 2"},{"floor":14.0,"key":"Toy Ornithopter"},{"floor":23.0,"key":"Du-Vu Doll"},{"floor":26.0,"key":"PreservedInsect"},{"floor":41.0,"key":"Whetstone"},{"floor":45.0,"key":"Strawberry"}],"event_choices":[{"damage_healed":0.0,"max_hp_gain":0.0,"max_hp_loss":0.0,"gold_gain":0.0,"event_name":"Upgrade Shrine","player_choice":"Upgraded","floor":4.0,"gold_loss":0.0,"damage_taken":0.0,"cards_upgraded":["Zap"]},{"damage_healed":0.0,"max_hp_gain":0.0,"max_hp_loss":38.0,"gold_gain":0.0,"event_name":"Ghosts","player_choice":"Became a Ghost","floor":25.0,"gold_loss":0.0,"damage_taken":0.0,"cards_obtained":["Ghostly","Ghostly","Ghostly","Ghostly","Ghostly"]},{"damage_healed":0.0,"max_hp_gain":0.0,"max_hp_loss":0.0,"gold_gain":0.0,"event_name":"WeMeetAgain","player_choice":"Gave Potion","floor":29.0,"gold_loss":0.0,"damage_taken":0.0,"relics_obtained":["Akabeko"]}],"is_beta":false,"boss_relics":[{"not_picked":["SacredBark","Velvet Choker"],"picked":"Runic Pyramid"},{"not_picked":["Black Star","Sozu"],"picked":"Coffee Dripper"}],"items_purged_floors":[19,37,42],"is_endless":false,"potions_floor_spawned":[3,7,13,14,16,18,22,23,27,35,38,39,48],"ascension_level":0}}