{"host":"yam1wfjwvpwz1503","time":1612616351,"event":{"mods":["Act Like it!","Aspiration","Bard","BaseMod","Beaked The Cultist","Colored Powertips","Custom Start","Downfall","Friendly Minions","Hallownest","Hermit","Highlight Path","Hubris","Infinite Spire","Lobotomy","Minty Spire (QoL Compilation)","Quick Restart","Random Character Button","Replay The Spire","Shop Mod","StSLib","The Bug Knight","The Cursed","The Disciple","The Jungle","The Kombatant","The Runesmith"],"gold_per_floor":[116,116,39,58,58,58,58,58,58,89,89,104,69,69,69,164,164,180,180,147,147,67,67,79,79,131,131,163,179,179,214,214,214,214],"floor_reached":33,"language":"ENG","playtime":2012,"items_purged":[],"score":348,"play_id":"574227e8-4abe-4892-bbe4-82420b9a9cbf","local_time":"20210206145911","is_ascension_mode":true,"campfire_choices":[{"data":"HollowMod:WraithStrike","floor":6,"key":"SMITH"},{"data":"ReplayTheSpireMod:Black Plague","floor":11,"key":"SMITH"},{"floor":15,"key":"REST"},{"data":"Hallownest:skillCityofTearsMap","floor":23,"key":"SMITH"},{"data":"HollowMod:SharpenedShadows","floor":25,"key":"SMITH"},{"data":"HollowMod:CloakDash","floor":30,"key":"SMITH"},{"floor":32,"key":"REST"}],"circlet_count":0,"master_deck":["HollowMod:NailStrikeStart","HollowMod:NailStrikeStart","HollowMod:NailStrikeStart","HollowMod:NailStrikeStart","HollowMod:QuickDashStart","HollowMod:QuickDashStart","HollowMod:QuickDashStart","HollowMod:QuickDashStart","HollowMod:FocusHealStart+1","HollowMod:PogoStrike","HollowMod:HowlingWraiths","ReplayTheSpireMod:Black Plague+1","HollowMod:SoulEater","HollowMod:WraithStrike+1","HollowMod:CloakDash+1","HollowMod:GreatSlash","hexamod:VolcanoVisage","Hallownest:skillCityofTearsMap+1","HollowMod:SharpenedShadows+1","HollowMod:DescendingDark","infinitespire:Starlight","HollowMod:ShadowDash+1"],"relics":["HollowMod:VesselMask","hubris:Icosahedron","Hallownest:DreamNailRelic","Durian","aspiration:EmptySkull","aspiration:RitualDagger","MerchantsRug","Pen Nib","infinitespire:Broken Mirror"],"acts_visited":["Exordium","Hallownest:Greenpath"],"potions_floor_usage":[10,13,13,16,18,28,28,28,31,31,33],"damage_taken":[{"damage":11,"enemies":"Hallownest:2_Tiktiks_and_1_Crawlid","floor":1,"turns":6},{"damage":6,"enemies":"Hallownest:monsterHuskWarrior","floor":4,"turns":4},{"damage":17,"enemies":"Hallownest:eliteMossKnight","floor":10,"turns":9},{"damage":0,"enemies":"Hallownest:monsterHuskGuard","floor":12,"turns":2},{"damage":0,"enemies":"Hallownest:monsterFoolEater","floor":13,"turns":3},{"damage":19,"enemies":"Hallownest:BossFalseKnight","floor":16,"turns":7},{"damage":31,"enemies":"Hallownest:2_Mistakes","floor":18,"turns":5},{"damage":72,"enemies":"Hallownest:Guard_and_Sentry","floor":24,"turns":6},{"damage":36,"enemies":"Hallownest:eliteSoulWarrior","floor":28,"turns":6},{"damage":7,"enemies":"Hallownest:monsterShrumalOgre","floor":29,"turns":5},{"damage":69,"enemies":"Nightmare","floor":31,"turns":10},{"damage":101,"enemies":"Hallownest:BossMantisLord","floor":33,"turns":4}],"seed_played":"1081727950909252373","potions_obtained":[{"floor":4,"key":"Energy Potion"},{"floor":12,"key":"LiquidMemories"},{"floor":13,"key":"Regen Potion"},{"floor":29,"key":"Swift Potion"},{"floor":31,"key":"ColorlessPotion"}],"is_trial":false,"path_per_floor":["M","?","$","M","?","R","$","?","T","E","R","M","M","?","R","B",null,"M","?","$","T","?","R","M","R","T","?","E","M","R","NM","R","B"],"character_chosen":"THE_BUGKNIGHT","items_purchased":["HollowMod:SoulEater","MerchantsRug"],"campfire_rested":2,"item_purchase_floors":[3,20],"current_hp_per_floor":[67,49,49,49,49,49,49,49,54,37,37,37,37,37,61,66,77,46,54,54,54,54,54,78,78,78,78,70,80,80,48,72,0,0],"gold":214,"neow_bonus":"NOSTALGIA","is_daily":false,"chose_seed":false,"campfire_upgraded":5,"win_rate":0.0,"timestamp":1612616351,"path_taken":["M","?","$","M","?","R","$","?","T","E","R","?","M","?","R","BOSS","M","?","$","?","?","R","M","R","T","?","E","?","R","NM","R","BOSS"],"items_purchased_type":["Card","Relic"],"build_version":"2020-12-22","purchased_purges":0,"victory":false,"max_hp_per_floor":[75,75,75,75,75,75,75,75,80,80,80,80,80,80,80,80,80,80,80,80,80,80,80,80,80,80,80,80,80,80,80,80,80,80],"card_choices":[{"not_picked":["HollowMod:NewJinnsSoul","HollowMod:HeavyBlow"],"picked":"HollowMod:HowlingWraiths","floor":1},{"not_picked":["ReplayTheSpireMod:Chaos Vortex","infinitespire:TheBestDefense"],"picked":"ReplayTheSpireMod:Black Plague","floor":2},{"not_picked":["HollowMod:CycloneSlash","HollowMod:SiblingsSouls"],"picked":"HollowMod:WraithStrike","floor":4},{"not_picked":["HollowMod:HowlingWraiths","Deadly Poison","HollowMod:GrimmsGift"],"picked":"SKIP","floor":10},{"not_picked":["HollowMod:DashSlash","HollowMod:DescendingDark"],"picked":"HollowMod:CloakDash","floor":12},{"not_picked":["HollowMod:DesolateDive","hexamod:FlamesFromBeyond"],"picked":"HollowMod:GreatSlash","floor":13},{"not_picked":["HollowMod:NewInfectedGuardian","HollowMod:WhiteLadysBlessing"],"picked":"hexamod:VolcanoVisage","floor":16},{"not_picked":["HollowMod:SiblingsSouls","HollowMod:SoulStrike","HollowMod:PureNailStrike"],"picked":"SKIP","floor":18},{"not_picked":["HollowMod:GoodIntentions+1","HollowMod:TaintedHusks"],"picked":"HollowMod:SharpenedShadows","floor":24},{"not_picked":["HollowMod:AbyssShriek","HollowMod:TaintedHusks"],"picked":"HollowMod:DescendingDark","floor":28},{"not_picked":["HollowMod:CycloneSlash","HollowMod:InfectedCysts+1","HollowMod:SlysStrikes"],"picked":"SKIP","floor":29},{"not_picked":["infinitespire:Gouge","ReplayTheSpireMod:Echoes of Time"],"picked":"infinitespire:Starlight","floor":31},{"not_picked":["HollowMod:CrystalDash","HollowMod:DreamGate"],"picked":"HollowMod:ShadowDash+1","floor":31}],"player_experience":1283147,"relics_obtained":[{"floor":9,"key":"Durian"},{"floor":10,"key":"aspiration:EmptySkull"},{"floor":26,"key":"Pen Nib"},{"floor":31,"key":"infinitespire:Broken Mirror"}],"event_choices":[],"is_beta":false,"boss_relics":[{"not_picked":["aspiration:MobileForge","Replay:Fungal Core"],"picked":"aspiration:RitualDagger"}],"items_purged_floors":[],"is_endless":false,"potions_floor_spawned":[4,12,13,29,31],"killed_by":"Hallownest:BossMantisLord","ascension_level":6}}