{"host":"995ppxxqmb2p2due","time":1612642625,"event":{"mods":["BaseMod","Downfall","Minty Spire (QoL Compilation)","StSLib"],"gold_per_floor":[99,14,14,31,16,26,26,41,57,57,73,108,20,32,51,149,149,49,61,78,63,76,76,76,90,103,3,103,103,162,162,162,162],"floor_reached":31,"language":"ENG","playtime":2800,"items_purged":[],"score":241,"play_id":"1cbbad7d-ff39-43d7-aca7-b2ee5d1d29dc","local_time":"20210206151705","is_ascension_mode":false,"campfire_choices":[{"data":"hexamod:Sear","floor":1,"key":"SMITH"},{"data":"hexamod:HexaLevel","floor":10,"key":"SMITH"},{"floor":18,"key":"RECALL"},{"data":"hexamod:BurningTouch","floor":23,"key":"SMITH"},{"data":"hexamod:BurningTouch","floor":27,"key":"SMITH"}],"circlet_count":0,"master_deck":["hexamod:Strike","hexamod:Strike","hexamod:Strike","hexamod:Defend","hexamod:Defend","hexamod:Defend","hexamod:Sear+1","hexamod:Float","hexamod:HauntingEcho","hexamod:PhantomFireball+1","hexamod:Firestarter","hexamod:ChargedBarrage","hexamod:HexaLevel+1","hexamod:FirstSeal","hexamod:SpectersWail","hexamod:NightmareStrike","hexamod:RadiantFlame","hexamod:HeatMetal","hexamod:BurningTouch+1","hexamod:ThermalTransfer","hexamod:BacktrackSmack","hexamod:EmpoweredFlame","hexamod:ForkedFlame","hexamod:NightmareGuise","hexamod:BurningTouch+1","hexamod:FastForward+1","hexamod:Hexaguard","hexamod:SixthSeal","J.A.X.","hexamod:RetreatToShadows","hexamod:BurningTouch+1"],"relics":["hexamod:SpiritBrand","Bottled Flame","Torii","hexamod:IceCube","downfall:HeartBlessingGreen","downfall:HeartBlessingRed","MutagenicStrength","downfall:KnowingSkull"],"acts_visited":["Exordium","TheCity"],"potions_floor_usage":[16,30],"damage_taken":[{"damage":0,"enemies":"downfall:FleeingMerchant","floor":2,"turns":4},{"damage":2,"enemies":"2 Louse","floor":4,"turns":3},{"damage":0,"enemies":"downfall:FleeingMerchant","floor":5,"turns":4},{"damage":0,"enemies":"Cultist","floor":6,"turns":3},{"damage":0,"enemies":"Small Slimes","floor":8,"turns":3},{"damage":10,"enemies":"Lots of Slimes","floor":9,"turns":4},{"damage":10,"enemies":"3 Louse","floor":11,"turns":3},{"damage":16,"enemies":"Gremlin Nob","floor":12,"turns":3},{"damage":2,"enemies":"downfall:FleeingMerchant","floor":13,"turns":4},{"damage":19,"enemies":"Large Slime","floor":14,"turns":5},{"damage":1,"enemies":"Blue Slaver","floor":15,"turns":3},{"damage":4,"enemies":"SI_SHIV_ARCHETYPE","floor":16,"turns":6},{"damage":11,"enemies":"Spheric Guardian","floor":19,"turns":4},{"damage":21,"enemies":"3 Byrds","floor":20,"turns":5},{"damage":3,"enemies":"downfall:FleeingMerchant","floor":21,"turns":4},{"damage":11,"enemies":"Shelled Parasite and Fungi","floor":22,"turns":4},{"damage":2,"enemies":"Centurion and Healer","floor":25,"turns":5},{"damage":0,"enemies":"Snecko","floor":26,"turns":3},{"damage":29,"enemies":"downfall:Augmenter","floor":28,"turns":5},{"damage":11,"enemies":"Snake Plant","floor":30,"turns":3},{"damage":21,"enemies":"Slavers","floor":31,"turns":1}],"seed_played":"-1228774906411360963","potions_obtained":[{"floor":6,"key":"Strength Potion"},{"floor":8,"key":"Ancient Potion"},{"floor":9,"key":"CultistPotion"},{"floor":15,"key":"hexamod:SoulburnPotion"},{"floor":20,"key":"SkillPotion"}],"is_trial":false,"path_per_floor":["R","$","?","M","$","M","T","M","M","R","M","E","$","M","M","B",null,"R","M","M","$","M","R","T","M","M","R","?","?","M","E"],"character_chosen":"THE_SPIRIT","items_purchased":["hexamod:PhantomFireball","hexamod:BurningTouch","hexamod:ThermalTransfer"],"campfire_rested":0,"item_purchase_floors":[2,13,13],"current_hp_per_floor":[77,77,77,75,75,75,75,75,72,72,62,53,58,46,45,41,77,77,73,59,63,52,52,52,57,57,57,28,21,10,0,0,0],"gold":162,"neow_bonus":"TEN_PERCENT_HP_BONUS","is_daily":false,"chose_seed":false,"campfire_upgraded":4,"win_rate":0.0,"timestamp":1612642625,"path_taken":["R","$","?","M","$","M","T","M","M","R","M","E","$","M","M","BOSS","R","M","M","$","M","R","T","M","?","R","?","?","?","E"],"items_purchased_type":["Card","Card","Card"],"build_version":"2020-12-22","purchased_purges":0,"victory":false,"max_hp_per_floor":[77,77,77,77,77,77,77,77,77,77,77,77,77,77,77,77,77,77,77,77,77,77,77,77,77,77,77,77,77,77,77,77,77],"card_choices":[{"not_picked":["hexamod:BacktrackSmack","hexamod:HexaLevel"],"picked":"hexamod:HauntingEcho","floor":2},{"not_picked":["hexamod:NightmareStrike","hexamod:ThermalTransfer"],"picked":"hexamod:Firestarter","floor":4},{"not_picked":["hexamod:BacktrackSmack","hexamod:HeatShield"],"picked":"hexamod:ChargedBarrage","floor":5},{"not_picked":["hexamod:NightmareGuise","hexamod:BacktrackSmack"],"picked":"hexamod:HexaLevel","floor":6},{"not_picked":["hexamod:RecurringNightmare","hexamod:InspiringFlames"],"picked":"hexamod:FirstSeal","floor":8},{"not_picked":["hexamod:ThermalTransfer","hexamod:Firestarter"],"picked":"hexamod:SpectersWail","floor":9},{"not_picked":["hexamod:InspiringFlames","hexamod:SkipABeat"],"picked":"hexamod:NightmareStrike","floor":11},{"not_picked":["hexamod:NightmareStrike","hexamod:Firestarter"],"picked":"hexamod:RadiantFlame","floor":12},{"not_picked":["hexamod:CatchUp","hexamod:ForkedFlame"],"picked":"hexamod:HeatMetal","floor":13},{"not_picked":["hexamod:Haunt","hexamod:ShieldOfDarkness"],"picked":"hexamod:BacktrackSmack","floor":14},{"not_picked":["hexamod:NightmareGuise","hexamod:Firestarter"],"picked":"hexamod:EmpoweredFlame","floor":15},{"not_picked":["hexamod:SixthSeal","hexamod:GhostflameInferno"],"picked":"hexamod:ForkedFlame","floor":16},{"not_picked":["hexamod:ShieldOfDarkness+1","hexamod:Firestarter","hexamod:GhostLash"],"picked":"SKIP","floor":19},{"not_picked":["hexamod:GhostShield","hexamod:SecondSeal"],"picked":"hexamod:NightmareGuise","floor":20},{"not_picked":["hexamod:ThermalTransfer","hexamod:NightmareStrike","hexamod:StepThrough"],"picked":"SKIP","floor":21},{"not_picked":["hexamod:EmpoweredFlame+1","hexamod:CatchUp"],"picked":"hexamod:BurningTouch","floor":22},{"not_picked":["hexamod:ShieldOfDarkness","hexamod:HeatCrush"],"picked":"hexamod:FastForward+1","floor":25},{"not_picked":["hexamod:BacktrackSmack","hexamod:HauntingEcho"],"picked":"hexamod:Hexaguard","floor":26},{"not_picked":[],"picked":"J.A.X.","floor":28},{"not_picked":["hexamod:HauntingEcho","hexamod:HeatShield"],"picked":"hexamod:BurningTouch+1","floor":28},{"not_picked":["hexamod:HauntingEcho+1","hexamod:EtherealExpedition","hexamod:InspiringFlames"],"picked":"SKIP","floor":30}],"player_experience":111323,"relics_obtained":[{"floor":7,"key":"Bottled Flame"},{"floor":12,"key":"Torii"},{"floor":28,"key":"MutagenicStrength"}],"event_choices":[],"is_beta":false,"boss_relics":[{"not_picked":["Snecko Eye","SlaversCollar"],"picked":"hexamod:IceCube"}],"items_purged_floors":[],"is_endless":false,"potions_floor_spawned":[6,8,9,11,12,15,20,22,28],"killed_by":"Slavers","ascension_level":0}}