{"host":"4rvakrj1idbgia3f","time":1612608414,"event":{"mods":["BaseMod","Colored Map","Colored Powertips","DeckTracker","Highlight Path","Minty Spire (QoL Compilation)","Random Character Button","StSLib"],"gold_per_floor":[110,127,127,145,165,165,200,218,269,269,281,281,313,333,333,333,333],"floor_reached":16,"language":"JPN","playtime":498,"items_purged":[],"score":274,"play_id":"07232b76-c742-40dc-b74b-8c853befdaba","local_time":"20210206194654","is_ascension_mode":true,"campfire_choices":[{"data":"Bash","floor":6,"key":"SMITH"},{"data":"Juggernaut","floor":12,"key":"SMITH"},{"data":"Carnage","floor":15,"key":"SMITH"}],"circlet_count":0,"master_deck":["AscendersBane","Strike_R","Strike_R","Strike_R","Strike_R","Defend_R","Defend_R","Defend_R","Bash+1","Juggernaut+1","Flame Barrier","Evolve","Thunderclap","Twin Strike","Rampage","Iron Wave","Perfected Strike","Battle Trance","Fire Breathing","Carnage+1"],"relics":["Burning Blood","Shuriken","Nunchaku","White Beast Statue","Odd Mushroom"],"acts_visited":["Exordium"],"potions_floor_usage":[7,8,13,14,16],"damage_taken":[{"damage":10,"enemies":"2 Louse","floor":1,"turns":5},{"damage":6,"enemies":"Small Slimes","floor":2,"turns":5},{"damage":7,"enemies":"Cultist","floor":4,"turns":4},{"damage":5,"enemies":"2 Fungi Beasts","floor":5,"turns":5},{"damage":33,"enemies":"Lagavulin","floor":7,"turns":10},{"damage":11,"enemies":"Exordium Wildlife","floor":8,"turns":3},{"damage":1,"enemies":"Looter","floor":11,"turns":4},{"damage":0,"enemies":"Gremlin Nob","floor":13,"turns":2},{"damage":20,"enemies":"The Mushroom Lair","floor":14,"turns":4},{"damage":26,"enemies":"The Guardian","floor":16,"turns":5}],"seed_played":"3425263795505938744","potions_obtained":[{"floor":5,"key":"Weak Potion"},{"floor":7,"key":"SkillPotion"},{"floor":8,"key":"DistilledChaos"},{"floor":13,"key":"SkillPotion"},{"floor":14,"key":"FearPotion"}],"is_trial":false,"path_per_floor":["M","M","?","M","M","R","E","M","T","?","M","R","E","?","R","B"],"character_chosen":"IRONCLAD","items_purchased":[],"campfire_rested":0,"item_purchase_floors":[],"current_hp_per_floor":[64,64,57,56,57,57,30,25,25,25,30,30,36,22,22,0,0],"gold":333,"neow_bonus":"ONE_RANDOM_RARE_CARD","is_daily":false,"chose_seed":false,"campfire_upgraded":3,"win_rate":0.0,"timestamp":1612608414,"path_taken":["M","M","?","M","M","R","E","M","T","?","?","R","E","?","R","BOSS"],"items_purchased_type":[],"build_version":"2020-12-22","purchased_purges":0,"victory":false,"max_hp_per_floor":[75,75,75,75,75,75,75,75,75,75,75,75,75,75,75,75,75],"card_choices":[{"not_picked":["Heavy Blade","Warcry"],"picked":"Flame Barrier","floor":1},{"not_picked":["Anger","Ghostly Armor"],"picked":"Evolve","floor":2},{"not_picked":["Bloodletting","Intimidate"],"picked":"Thunderclap","floor":4},{"not_picked":["Perfected Strike","Heavy Blade"],"picked":"Twin Strike","floor":5},{"not_picked":["Infernal Blade","Clothesline"],"picked":"Rampage","floor":7},{"not_picked":["Armaments","Double Tap"],"picked":"Iron Wave","floor":8},{"not_picked":["Body Slam","Hemokinesis"],"picked":"Battle Trance","floor":11},{"not_picked":["Clash","Uppercut"],"picked":"Fire Breathing","floor":13},{"not_picked":["Burning Pact","Flame Barrier"],"picked":"Carnage","floor":14}],"player_experience":2218393,"relics_obtained":[{"floor":7,"key":"Shuriken"},{"floor":9,"key":"Nunchaku"},{"floor":13,"key":"White Beast Statue"},{"floor":14,"key":"Odd Mushroom"}],"event_choices":[{"cards_removed":["Defend_R"],"damage_healed":0,"gold_gain":0,"player_choice":"Card Removal","damage_taken":7,"max_hp_gain":0,"max_hp_loss":0,"event_name":"Golden Wing","floor":3,"gold_loss":0},{"damage_healed":0,"gold_gain":0,"cards_transformed":["Strike_R"],"player_choice":"Transformed","damage_taken":0,"max_hp_gain":0,"max_hp_loss":0,"event_name":"Transmorgrifier","floor":10,"gold_loss":0,"cards_obtained":["Perfected Strike"]},{"damage_healed":0,"gold_gain":0,"player_choice":"Fought Mushrooms","damage_taken":0,"max_hp_gain":0,"max_hp_loss":0,"event_name":"Mushrooms","floor":14,"gold_loss":0}],"is_beta":false,"boss_relics":[],"items_purged_floors":[],"is_endless":false,"potions_floor_spawned":[5,7,8,13,14],"killed_by":"The Guardian","ascension_level":20}}