{"host":"d61fcf2p3sjwe6yo","time":1612611309,"event":{"mods":["Act Like it!","BaseMod","Colored Map","Gensokyo","Koishi","Marisa????????","Minty Spire (QoL Compilation)","Reimu??????","StSLib","SuperFastMode","The Servant 0.9.4"],"gold_per_floor":[113,3,3,23,23,23,353,365,389,407,407,407,407,438,438,534,534,550,550,320,15,15,15,35,35,35,35,35],"floor_reached":27,"language":"ENG","playtime":1901,"items_purged":["Defend_S"],"score":242,"play_id":"9e189684-e9b0-4557-9263-e447cdf1a7e9","local_time":"20210206143509","is_ascension_mode":false,"campfire_choices":[{"floor":6,"key":"REST"},{"data":"FanOfKnives","floor":11,"key":"SMITH"},{"floor":15,"key":"REST"},{"data":"SurpressingFire","floor":23,"key":"SMITH"},{"data":"Dilation","floor":25,"key":"SMITH"}],"circlet_count":0,"master_deck":["Strike_S","Strike_S","Strike_S","Strike_S","Defend_S","Defend_S","Defend_S","Exchange","Defy","Starlight","Dilation+1","FanOfKnives+1","Rearm","Defy","SurpressingFire+1","TheWorld","GearUp+1","Gensokyo:MenInBlack","Gensokyo:TarnishedGold","Gensokyo:BlemishedSteel","Reinforced Body","Rewind+1","SurpressingFire+1"],"relics":["Uniform","Gensokyo:Mercy","Pear","Orichalcum","Turnip","Blood Vial","Lantern","Gensokyo:CelestialsFlawlessClothing","Omamori","Sozu","TentaclePot:ReiMu","Mango","Frozen Eye","Toy Ornithopter"],"acts_visited":["Gensokyo:Gensokyo","Gensokyo:Gensokyoer"],"potions_floor_usage":[7,7,7,27],"damage_taken":[{"damage":0,"enemies":"Gensokyo:3_Fairies","floor":1,"turns":4},{"damage":24,"enemies":"Gensokyo:2_Kodama","floor":4,"turns":7},{"damage":23,"enemies":"Gensokyo:Aya","floor":7,"turns":11},{"damage":0,"enemies":"Gensokyo:Gryphon","floor":8,"turns":3},{"damage":9,"enemies":"Gensokyo:3_Kodama","floor":10,"turns":6},{"damage":15,"enemies":"Gensokyo:Mamizou","floor":14,"turns":10},{"damage":9,"enemies":"Gensokyo:Yukari","floor":16,"turns":15},{"damage":7,"enemies":"Gensokyo:AngelMirror","floor":18,"turns":6},{"damage":0,"enemies":"Gensokyo:2_Gloops","floor":24,"turns":4},{"damage":182,"enemies":"Gensokyo:Koishi","floor":27,"turns":15}],"seed_played":"-8811786392165065203","potions_obtained":[{"floor":4,"key":"EntropicBrew"},{"floor":8,"key":"FairyPotion"},{"floor":10,"key":"Weak Potion"},{"floor":16,"key":"Ancient Potion"}],"is_trial":false,"path_per_floor":["M","COS","?","M","?","R","E","M","T","M","R","T","?","E","R","B",null,"M","?","$","COS","?","R","M","R","T","E"],"character_chosen":"THE_SERVANT","items_purchased":["TentaclePot:ReiMu"],"campfire_rested":2,"item_purchase_floors":[20],"current_hp_per_floor":[71,71,71,47,42,66,43,43,43,36,36,36,16,3,27,20,81,74,73,73,73,73,73,73,73,87,29,29],"gold":35,"neow_bonus":"TEN_PERCENT_HP_BONUS","is_daily":false,"chose_seed":false,"campfire_upgraded":3,"win_rate":0.0,"timestamp":1612611309,"path_taken":["M","COS","?","?","?","R","E","M","T","M","R","?","?","E","R","BOSS","M","?","?","COS","?","R","M","R","T","E"],"items_purchased_type":["Relic"],"build_version":"2020-12-22","purchased_purges":1,"victory":false,"max_hp_per_floor":[71,71,71,71,81,81,81,81,81,81,81,81,81,81,81,81,81,81,73,73,73,73,73,73,73,87,87,87],"card_choices":[{"not_picked":["Starlight","Rearm"],"picked":"Defy","floor":1},{"not_picked":["Replace","FastForward"],"picked":"Starlight","floor":4},{"not_picked":["Sunlight","Solidify"],"picked":"Dilation","floor":7},{"not_picked":["Hightail","GearUp"],"picked":"FanOfKnives","floor":7},{"not_picked":["SurpressingFire","Unruled"],"picked":"Rearm","floor":8},{"not_picked":["BottledTime","Spin"],"picked":"Defy","floor":10},{"not_picked":["Duplication","Hightail"],"picked":"SurpressingFire","floor":14},{"not_picked":["FloweringNight","PendulumOfEternity"],"picked":"TheWorld","floor":16},{"not_picked":["Read","Replace"],"picked":"GearUp+1","floor":18},{"not_picked":["Gensokyo:LochNessMonster","Gensokyo:MonkeysPaw"],"picked":"Gensokyo:MenInBlack","floor":19},{"not_picked":["ShatteredReality+1","Unruled+1"],"picked":"Rewind+1","floor":24},{"not_picked":["Advance","Replace"],"picked":"SurpressingFire+1","floor":24}],"player_experience":254653,"relics_obtained":[{"floor":7,"key":"Turnip"},{"floor":9,"key":"Blood Vial"},{"floor":12,"key":"Lantern"},{"floor":14,"key":"Omamori"},{"floor":26,"key":"Mango"}],"event_choices":[],"is_beta":false,"boss_relics":[{"not_picked":["Ectoplasm","Astrolabe"],"picked":"Sozu"}],"items_purged_floors":[20],"is_endless":false,"potions_floor_spawned":[4,8,10,16],"killed_by":"Gensokyo:Koishi","ascension_level":0}}