{"host":"lehbxtjrpalkmwwj","time":1612610844,"event":{"mods":["Aspiration","BaseMod","Colored Map","Colored Powertips","Conspire","GungeonMod","KomeijiMod","Lobotomy","Minty Spire (QoL Compilation)","Quick Restart","Replay The Spire","Shop Mod","StSLib","The Cursed","The Poker Player","[IsaacMod]ÒÔÈö¼âËþ"],"gold_per_floor":[115,129,129,304,53,79,79,145,145,175,210,239,257,287,287,401,401,422,38,55,55,142,202,288,240,240,240,270,308,348,379,434,434,528,712,812,877,923,628,302,373,422,476,559,629,689,734,534,616,718,718,819,819,819,336,467,515,515],"floor_reached":57,"language":"ZHS","playtime":2513,"items_purged":["Doubt"],"score":893,"play_id":"4baab31a-0b21-4c2d-b100-5d4e4008e6fe","local_time":"20210206192724","is_ascension_mode":true,"campfire_choices":[{"floor":27.0,"key":"RECALL"},{"data":"Disarm","floor":33.0,"key":"SMITH"},{"floor":51.0,"key":"DIG"},{"data":"EpicFetus","floor":54.0,"key":"SMITH"}],"circlet_count":0,"master_deck":["Strike_R","Strike_R+1","Strike_R","Strike_R","Defend_R+1","Defend_R","Bash","EpicFetus+1","Life Link","Perfected Strike","Dual Wield","Dual Wield","Whirlwind","Anger","Clothesline","Twin Strike","Blood for Blood","Clash","Berserk","Cleave","Disarm+1","conspire:ExplosiveBarrier","Anger","Warcry+1","Cleave+1","Anger","Flex","Clash+1","EpicFetus+1","Power Through+1","Corruption+1","Whirlwind","Demon Form+1","Pommel Strike","conspire:SpireCoStock","conspire:SpireCoStock","conspire:SpireCoStock","conspire:SpireCoStock","Rage+1","Wild Strike+1","RidiculousThoughts+1","Life Link+1"],"relics":["Burning Blood","HushsDoor","aspiration:Nostalgia","SpellCardsRule","GuppysTail","FaceOfCleric","Garlic","Eternal Feather","WingedGreaves","TheBean","Odd Mushroom","Strawberry","Iron Hammer","Replay:Bandana","Busted Crown","Frozen Egg 2","SalivaCoin","DemoMod:JetPack","BlankCard","DemoMod:RatBoots","DemoMod:ResourcefulSack","DemoMod:PartiallyEatenCheese","Replay:Wanted Poster","Replay:Drink Me","Bag of Preparation","Bag of Marbles","Juzu Bracelet","ReplayTheSpireMod:Ninjato","Pet Ghost","Sundial","Bottled Flame","PillsDrop","Replay:Rubber Ducky","Simple Rune","aspiration:SeaSaltIceCream","Bag of Marbles","Mango","Ginger","DemoMod:Metronome"],"acts_visited":["Exordium","TheCity","TheCity","TheBeyond","TheEnding"],"potions_floor_usage":[57,57],"damage_taken":[{"damage":16.0,"enemies":"2 Louse","floor":1.0,"turns":3.0},{"damage":5.0,"enemies":"Cultist","floor":2.0,"turns":3.0},{"damage":25.0,"enemies":"Lagavulin","floor":6.0,"turns":4.0},{"damage":11.0,"enemies":"3 Sentries","floor":8.0,"turns":6.0},{"damage":0.0,"enemies":"The Mushroom Lair","floor":10.0,"turns":2.0},{"damage":20.0,"enemies":"Gremlin Nob","floor":11.0,"turns":4.0},{"damage":6.0,"enemies":"3 Sentries","floor":12.0,"turns":4.0},{"damage":3.0,"enemies":"Small Slimes","floor":13.0,"turns":2.0},{"damage":10.0,"enemies":"Gremlin Nob","floor":14.0,"turns":3.0},{"damage":44.0,"enemies":"The Guardian","floor":16.0,"turns":8.0},{"damage":14.0,"enemies":"Chosen","floor":18.0,"turns":5.0},{"damage":0.0,"enemies":"Spheric Guardian","floor":20.0,"turns":1.0},{"damage":43.0,"enemies":"Centurion and Healer","floor":22.0,"turns":5.0},{"damage":31.0,"enemies":"Book of Stabbing","floor":23.0,"turns":5.0},{"damage":42.0,"enemies":"Slavers","floor":24.0,"turns":6.0},{"damage":0.0,"enemies":"DemoMod:Red_and_blue_shotgun_kin","floor":28.0,"turns":2.0},{"damage":6.0,"enemies":"DemoMod:4_Bullet_Kins_with_one_veteran","floor":29.0,"turns":4.0},{"damage":15.0,"enemies":"DemoMod:Veteran_shot_gun_kin_and_blue_shotgun_kin_with_gunsinger","floor":30.0,"turns":4.0},{"damage":10.0,"enemies":"DemoMod:Veteran_shot_gun_kin_and_red_shotgun_kin_with_gunsinger","floor":31.0,"turns":2.0},{"damage":5.0,"enemies":"DemoMod:2_Mousers","floor":32.0,"turns":3.0},{"damage":82.0,"enemies":"DemoMod:ResourcefulRat","floor":35.0,"turns":8.0},{"damage":14.0,"enemies":"3 Darklings","floor":37.0,"turns":3.0},{"damage":5.0,"enemies":"Orb Walker","floor":38.0,"turns":3.0},{"damage":3.0,"enemies":"Nemesis","floor":42.0,"turns":2.0},{"damage":17.0,"enemies":"R_Hoarder","floor":43.0,"turns":5.0},{"damage":0.0,"enemies":"Hiden Room Battle","floor":44.0,"turns":2.0},{"damage":0.0,"enemies":"Nemesis","floor":46.0,"turns":4.0},{"damage":0.0,"enemies":"Spire Growth","floor":47.0,"turns":4.0},{"damage":0.0,"enemies":"R_Hoarder","floor":49.0,"turns":6.0},{"damage":17.0,"enemies":"Reptomancer","floor":50.0,"turns":6.0},{"damage":11.0,"enemies":"Replay:Hell Engine","floor":52.0,"turns":6.0},{"damage":20.0,"enemies":"Shield and Spear","floor":56.0,"turns":5.0},{"damage":177,"enemies":"Delirium","floor":57,"turns":6}],"seed_played":"-7309658977064521521","potions_obtained":[{"floor":1.0,"key":"LiquidMemories"},{"floor":2.0,"key":"ColorlessPotion"},{"floor":11.0,"key":"Strength Potion"},{"floor":13.0,"key":"Fire Potion"},{"floor":16.0,"key":"CalmPotion"},{"floor":18.0,"key":"EssenceOfSteel"},{"floor":20.0,"key":"BlessingOfTheForge"},{"floor":30.0,"key":"PowerPotion"},{"floor":43.0,"key":"Adrenaline Potion"},{"floor":44.0,"key":"Block Potion"},{"floor":50.0,"key":"FairyPotion"}],"is_trial":false,"path_per_floor":["M","M","?","?","$","E","?","E","T","?","E","E","M","E","R","B",null,"M","$","M","$","M","E","E","$","T","R","M","M","M","M","M","R","B","B",null,"M","M","$","$","T","E","E","?","T","E","M","?","E","E","R_BF","B",null,"R","$","E","B"],"character_chosen":"IRONCLAD","items_purchased":["DemoMod:GnawedKey","Dual Wield","Frozen Egg 2","SalivaCoin","BloodPotion","Bag of Preparation","Bag of Marbles","EpicFetus+1","Juzu Bracelet","RidiculousThoughts+1","Ginger"],"campfire_rested":0,"item_purchase_floors":[5,5,19,19,25,39,39,40,40,55,55],"current_hp_per_floor":[70,71,71,71,71,53,35,31,31,38,32,33,37,34,46,9,95,88,88,95,95,59,43,8,8,100,100,101,102,94,91,93,105,67,17,81,74,76,76,76,76,80,74,66,66,78,85,85,87,81,102,98,103,103,103,90,0,0],"gold":515,"neow_bonus":"NOSTALGIA","is_daily":false,"chose_seed":false,"campfire_upgraded":2,"win_rate":0.0,"timestamp":1612610844,"path_taken":["M","M","?","?","$","E","?","E","T","?","E","E","?","E","R","BOSS","M","$","M","?","M","E","E","$","T","R","M","M","M","M","M","R","BOSS","BOSS","M","M","?","$","?","E","E","?","T","E","M","?","E","E","R_BF","BOSS","R","$","E","BOSS"],"items_purchased_type":["Relic","Card","Relic","Relic","Potion","Relic","Relic","Card","Relic","Card","Relic"],"build_version":"2020-12-22","purchased_purges":1,"victory":false,"max_hp_per_floor":[80,80,80,80,80,81,81,82,82,83,91,92,93,94,94,95,95,96,96,97,97,98,99,100,100,100,100,101,102,103,104,105,105,106,107,81,82,83,83,83,83,84,85,86,86,90,86,86,87,88,102,103,103,103,103,104,104,104],"card_choices":[{"not_picked":[],"picked":"EpicFetus","floor":0.0},{"not_picked":["Thunderclap","Iron Wave"],"picked":"Life Link","floor":1.0},{"not_picked":["Clothesline","Battle Trance"],"picked":"Perfected Strike","floor":2.0},{"not_picked":["conspire:Purge","Rupture","Evolve"],"picked":"SKIP","floor":6.0},{"not_picked":["Sever Soul","Rampage"],"picked":"Whirlwind","floor":8.0},{"not_picked":["Rage","Sever Soul"],"picked":"Anger","floor":10.0},{"not_picked":["Reckless Charge","Shrug It Off"],"picked":"Clothesline","floor":11.0},{"not_picked":["Body Slam","Run Through"],"picked":"Twin Strike","floor":12.0},{"not_picked":["True Grit","Reckless Charge"],"picked":"Blood for Blood","floor":13.0},{"not_picked":["Twin Strike","Havoc"],"picked":"Clash","floor":14.0},{"not_picked":["Eclipse","Fiend Fire"],"picked":"Berserk","floor":16.0},{"not_picked":[],"picked":"Cleave","floor":18.0},{"not_picked":[],"picked":"Disarm","floor":20.0},{"not_picked":[],"picked":"conspire:ExplosiveBarrier","floor":22.0},{"not_picked":["Shrug It Off"],"picked":"SKIP","floor":23.0},{"not_picked":[],"picked":"Anger","floor":24.0},{"not_picked":["Feed"],"picked":"SKIP","floor":28.0},{"not_picked":["Shrug It Off"],"picked":"SKIP","floor":29.0},{"not_picked":[],"picked":"Warcry+1","floor":30.0},{"not_picked":[],"picked":"Cleave+1","floor":31.0},{"not_picked":[],"picked":"Anger","floor":32.0},{"not_picked":[],"picked":"Flex","floor":36.0},{"not_picked":["True Grit"],"picked":"SKIP","floor":37.0},{"not_picked":[],"picked":"Clash+1","floor":38.0},{"not_picked":[],"picked":"Power Through+1","floor":42.0},{"not_picked":[],"picked":"Corruption+1","floor":43.0},{"not_picked":[],"picked":"Whirlwind","floor":44.0},{"not_picked":[],"picked":"Demon Form+1","floor":46.0},{"not_picked":[],"picked":"Pommel Strike","floor":47.0},{"not_picked":[],"picked":"Rage+1","floor":49.0},{"not_picked":[],"picked":"Wild Strike+1","floor":50.0},{"not_picked":[],"picked":"Life Link+1","floor":56.0}],"player_experience":129962,"relics_obtained":[{"floor":6.0,"key":"Garlic"},{"floor":8.0,"key":"WingedGreaves"},{"floor":9.0,"key":"TheBean"},{"floor":10.0,"key":"Odd Mushroom"},{"floor":11.0,"key":"Strawberry"},{"floor":12.0,"key":"Iron Hammer"},{"floor":14.0,"key":"Replay:Bandana"},{"floor":23.0,"key":"DemoMod:JetPack"},{"floor":24.0,"key":"BlankCard"},{"floor":36.0,"key":"DemoMod:RatBoots"},{"floor":36.0,"key":"DemoMod:ResourcefulSack"},{"floor":36.0,"key":"DemoMod:PartiallyEatenCheese"},{"floor":36.0,"key":"Replay:Wanted Poster"},{"floor":36.0,"key":"Replay:Drink Me"},{"floor":41.0,"key":"ReplayTheSpireMod:Ninjato"},{"floor":42.0,"key":"Pet Ghost"},{"floor":43.0,"key":"Sundial"},{"floor":44.0,"key":"Bottled Flame"},{"floor":44.0,"key":"PillsDrop"},{"floor":46.0,"key":"Replay:Rubber Ducky"},{"floor":49.0,"key":"Simple Rune"},{"floor":50.0,"key":"aspiration:SeaSaltIceCream"},{"floor":51.0,"key":"Mango"},{"floor":56.0,"key":"DemoMod:Metronome"}],"event_choices":[{"damage_healed":0.0,"max_hp_gain":0.0,"max_hp_loss":0.0,"gold_gain":0.0,"event_name":"FaceTrader","player_choice":"Trade","floor":3.0,"gold_loss":0.0,"damage_taken":0.0,"relics_obtained":["FaceOfCleric"]},{"damage_healed":0.0,"max_hp_gain":0.0,"max_hp_loss":0.0,"gold_gain":175.0,"event_name":"Liars Game","player_choice":"AGREE","floor":4.0,"gold_loss":0.0,"damage_taken":0.0,"cards_obtained":["Doubt"]},{"damage_healed":0.0,"max_hp_gain":0.0,"max_hp_loss":0.0,"gold_gain":0.0,"event_name":"Scrap Ooze","player_choice":"Success","floor":7.0,"gold_loss":0.0,"damage_taken":18.0,"relics_obtained":["Eternal Feather"]},{"damage_healed":0.0,"max_hp_gain":0.0,"max_hp_loss":0.0,"gold_gain":0.0,"event_name":"Mushrooms","player_choice":"Fought Mushrooms","floor":10.0,"gold_loss":0.0,"damage_taken":0.0},{"damage_healed":0.0,"max_hp_gain":0.0,"max_hp_loss":0.0,"gold_gain":0.0,"event_name":"HidenRoomEvent","player_choice":"Fight","floor":44.0,"gold_loss":0.0,"damage_taken":0.0},{"damage_healed":0.0,"max_hp_gain":0.0,"max_hp_loss":0.0,"gold_gain":0.0,"event_name":"conspire:Investor","player_choice":"Invest 4","floor":48.0,"gold_loss":0.0,"damage_taken":0.0}],"is_beta":false,"boss_relics":[{"not_picked":["Ring of Chaos","aspiration:WatcherSkillbook"],"picked":"Busted Crown"},{"not_picked":[]},{"not_picked":[]}],"items_purged_floors":[5],"is_endless":false,"potions_floor_spawned":[1,2,11,13,16,18,20,30,31,32,43,44,50],"killed_by":"Delirium","ascension_level":2}}