{"host":"qgrlfjrqk9z96gfi","time":1612575206,"event":{"mods":["BaseMod","Block Reminder","Colored Map","Custom Start","DeckTracker","Minty Spire (QoL Compilation)"],"gold_per_floor":[111,111,131,4,19,47,47,78,101,120,120,152,167,179,179,254,254,268,284,334,22,42,42,72,72,72,72,83,94,123,123,123],"floor_reached":31,"language":"ENG","playtime":977,"items_purged":["Doubt"],"score":644,"play_id":"bfe00125-bb3c-4589-85e0-3962cdec8829","local_time":"20210205153326","is_ascension_mode":true,"campfire_choices":[{"data":"Choke","floor":7.0,"key":"SMITH"},{"data":"Bouncing Flask","floor":11,"key":"SMITH"},{"floor":15,"key":"REST"},{"data":"Footwork","floor":23,"key":"SMITH"},{"floor":25,"key":"REST"},{"floor":27,"key":"REST"}],"circlet_count":0,"master_deck":["AscendersBane","Strike_G","Strike_G","Strike_G","Strike_G","Strike_G","Defend_G","Defend_G","Defend_G","Defend_G","Defend_G","Survivor","Neutralize","Blade Dance+1","Choke+1","Dagger Spray","Bouncing Flask+1","Backflip","Corpse Explosion","Catalyst","Calculated Gamble","Blade Dance","Deflect","After Image","Backflip","PiercingWail","Footwork+1","Cloak And Dagger","Phantasmal Killer","Dodge and Roll","Burst"],"relics":["Ring of the Snake","The Specimen","Ancient Tea Set","Smiling Mask","Potion Belt","Orichalcum","Cursed Key","TwistedFunnel","Tiny Chest","Lantern"],"acts_visited":["Exordium","TheCity"],"potions_floor_usage":[12,13,16,16,22,24,30,31,31],"damage_taken":[{"damage":0.0,"enemies":"2 Louse","floor":1.0,"turns":5.0},{"damage":1.0,"enemies":"Cultist","floor":3.0,"turns":4.0},{"damage":2.0,"enemies":"Small Slimes","floor":5.0,"turns":2.0},{"damage":12.0,"enemies":"3 Sentries","floor":6.0,"turns":5.0},{"damage":0.0,"enemies":"Gremlin Nob","floor":8.0,"turns":2.0},{"damage":11.0,"enemies":"3 Louse","floor":10.0,"turns":2.0},{"damage":10,"enemies":"Lagavulin","floor":12,"turns":3},{"damage":11,"enemies":"Lots of Slimes","floor":13,"turns":2},{"damage":6,"enemies":"2 Fungi Beasts","floor":14,"turns":2},{"damage":15,"enemies":"Hexaghost","floor":16,"turns":9},{"damage":21,"enemies":"Shell Parasite","floor":18,"turns":3},{"damage":0,"enemies":"3 Byrds","floor":19,"turns":2},{"damage":8,"enemies":"Snake Plant","floor":22,"turns":4},{"damage":25,"enemies":"Gremlin Leader","floor":24,"turns":4},{"damage":27,"enemies":"Shelled Parasite and Fungi","floor":28,"turns":6},{"damage":0,"enemies":"3 Cultists","floor":29,"turns":3},{"damage":10,"enemies":"Slavers","floor":30,"turns":2},{"damage":13,"enemies":"Snake Plant","floor":31,"turns":2}],"seed_played":"3589676872523040362","potions_obtained":[{"floor":1.0,"key":"DistilledChaos"},{"floor":3.0,"key":"Swift Potion"},{"floor":8.0,"key":"CunningPotion"},{"floor":10,"key":"EssenceOfSteel"},{"floor":14,"key":"LiquidMemories"},{"floor":16,"key":"AttackPotion"},{"floor":18,"key":"Regen Potion"},{"floor":24,"key":"DuplicationPotion"},{"floor":29,"key":"Regen Potion"},{"floor":30,"key":"Weak Potion"}],"is_trial":false,"path_per_floor":["M","?","M","$","M","E","R","E","T","M","R","E","M","M","R","B",null,"M","M","?","$","M","R","E","R","T","R","M","M","E","M"],"character_chosen":"THE_SILENT","items_purchased":["Dagger Spray","TwistedFunnel","PiercingWail","Footwork"],"campfire_rested":3,"item_purchase_floors":[4,21,21,21],"current_hp_per_floor":[59,59,58,58,56,44,44,44,44,33,33,23,12,6,25,10,52,31,31,25,25,29,29,4,23,23,42,15,15,10,0,0],"gold":123,"neow_bonus":"ONE_RARE_RELIC","is_daily":false,"chose_seed":false,"campfire_upgraded":3,"win_rate":0.0,"timestamp":1612575206,"path_taken":["M","?","M","?","M","E","R","E","T","M","R","E","M","M","R","BOSS","M","?","?","$","M","R","E","R","T","R","M","?","E","M"],"items_purchased_type":["Card","Relic","Card","Card"],"build_version":"2020-12-22","purchased_purges":1,"victory":false,"max_hp_per_floor":[66,66,66,66,66,66,66,66,66,66,66,66,66,66,66,66,66,66,66,66,66,66,66,66,66,66,66,66,66,66,66,66],"card_choices":[{"not_picked":["Backflip","Caltrops"],"picked":"Blade Dance","floor":1.0},{"not_picked":["Escape Plan","Blade Dance"],"picked":"Choke","floor":3.0},{"not_picked":["Well Laid Plans","Reflex"],"picked":"Bouncing Flask","floor":5.0},{"not_picked":["Eviscerate","All Out Attack"],"picked":"Backflip","floor":6.0},{"not_picked":["Slice","Flying Knee"],"picked":"Corpse Explosion","floor":8.0},{"not_picked":["Terror","Backflip"],"picked":"Catalyst","floor":10},{"not_picked":["Dagger Throw","Poisoned Stab"],"picked":"Calculated Gamble","floor":12},{"not_picked":["Cloak And Dagger","Tactician"],"picked":"Blade Dance","floor":13},{"not_picked":["Acrobatics","Distraction"],"picked":"Deflect","floor":14},{"not_picked":["Die Die Die","Grand Finale"],"picked":"After Image","floor":16},{"not_picked":["Riddle With Holes","Dodge and Roll","Dagger Throw+1"],"picked":"SKIP","floor":18},{"not_picked":["Sucker Punch","Bane"],"picked":"Backflip","floor":19},{"not_picked":["Reflex","Distraction"],"picked":"Cloak And Dagger","floor":22},{"not_picked":["Reflex","Distraction"],"picked":"Phantasmal Killer","floor":24},{"not_picked":["Dagger Spray","Prepared","Choke"],"picked":"SKIP","floor":28},{"not_picked":["Outmaneuver","Accuracy"],"picked":"Dodge and Roll","floor":29},{"not_picked":["Setup","Phantasmal Killer"],"picked":"Burst","floor":30}],"player_experience":1115622,"relics_obtained":[{"floor":6.0,"key":"Ancient Tea Set"},{"floor":8.0,"key":"Smiling Mask"},{"floor":9.0,"key":"Potion Belt"},{"floor":12,"key":"Orichalcum"},{"floor":24,"key":"Tiny Chest"},{"floor":30,"key":"Lantern"}],"event_choices":[{"damage_healed":0.0,"max_hp_gain":0.0,"max_hp_loss":0.0,"gold_gain":0.0,"event_name":"Accursed Blacksmith","player_choice":"Forge","floor":2.0,"gold_loss":0.0,"damage_taken":0.0,"cards_upgraded":["Blade Dance"]},{"damage_healed":0,"gold_gain":50,"player_choice":"Touch","damage_taken":6,"max_hp_gain":0,"max_hp_loss":0,"event_name":"FaceTrader","floor":20,"gold_loss":0}],"is_beta":false,"boss_relics":[{"not_picked":["Empty Cage","SacredBark"],"picked":"Cursed Key"}],"items_purged_floors":[4],"is_endless":false,"potions_floor_spawned":[1,3,8,10,14,16,18,24,29,30],"killed_by":"Snake Plant","ascension_level":20}}