{"host":"x000krxjblg8jdg4","time":1612574194,"event":{"mods":["BaseMod","Downfall","Hermit","Minty Spire (QoL Compilation)","StSLib","The Cursed","The Runesmith","The Servant 0.9.4"],"gold_per_floor":[118,130,130,143,160,160,235,200,254,286,302,334,347,379,379,476,476,492,591,591,602,350,381,398,412,412,412,412,108,108,120,120,225,275,291,291,338,338,348,348,367,367,367],"floor_reached":42,"language":"ENG","playtime":2402,"items_purged":[],"score":488,"play_id":"0a830135-ab97-4418-9037-766e33bbc168","local_time":"20210205231634","is_ascension_mode":false,"campfire_choices":[{"data":"Perfected Strike","floor":6.0,"key":"SMITH"},{"floor":15.0,"key":"REST"},{"floor":27,"key":"REST"},{"floor":32,"key":"REST"},{"floor":40,"key":"REST"}],"circlet_count":0,"master_deck":["Strike_R","Strike_R","Strike_R","Strike_R","Strike_R","Defend_R","Defend_R","Defend_R","Defend_R+1","Bash+1","Pommel Strike","Thunderclap","Perfected Strike+1","Cleave","Feed","Anger","Dropkick+1","Armaments","Twin Strike","Berserk","Shrug It Off+1","Shrug It Off","Whirlwind","Flex+1","Reaper","Clash","Headbutt+1","Bash","Metallicize","Juggernaut","Power Through","Clothesline+1","Rampage","Body Slam+1","Trip","Metallicize","Rampage"],"relics":["Burning Blood","NeowsBlessing","Anchor","Juzu Bracelet","Self Forming Clay","Lizard Tail","Black Star","Strawberry","Centennial Puzzle","War Paint","Ginger","Happy Flower","MealTicket","Tiny House","Bird Faced Urn"],"acts_visited":["Exordium","TheCity","TheBeyond"],"potions_floor_usage":[33,33,37,41],"damage_taken":[{"damage":0.0,"enemies":"2 Louse","floor":1.0,"turns":1.0},{"damage":0.0,"enemies":"Small Slimes","floor":2.0,"turns":1.0},{"damage":0.0,"enemies":"Jaw Worm","floor":4.0,"turns":1.0},{"damage":19.0,"enemies":"Large Slime","floor":5.0,"turns":4.0},{"damage":9.0,"enemies":"3 Sentries","floor":10.0,"turns":5.0},{"damage":0.0,"enemies":"2 Fungi Beasts","floor":11.0,"turns":2.0},{"damage":14.0,"enemies":"Gremlin Nob","floor":12.0,"turns":3.0},{"damage":12.0,"enemies":"Blue Slaver","floor":13.0,"turns":3.0},{"damage":27.0,"enemies":"3 Sentries","floor":14.0,"turns":5.0},{"damage":44.0,"enemies":"Hexaghost","floor":16.0,"turns":9.0},{"damage":43.0,"enemies":"Spheric Guardian","floor":18.0,"turns":6.0},{"damage":11.0,"enemies":"Chosen","floor":21.0,"turns":6.0},{"damage":53.0,"enemies":"Book of Stabbing","floor":23.0,"turns":7.0},{"damage":0.0,"enemies":"Centurion and Healer","floor":24.0,"turns":6.0},{"damage":27.0,"enemies":"Snecko","floor":25.0,"turns":6.0},{"damage":15,"enemies":"Snake Plant","floor":31,"turns":3},{"damage":83,"enemies":"Champ","floor":33,"turns":11},{"damage":20,"enemies":"3 Shapes","floor":35,"turns":4},{"damage":54,"enemies":"2 Orb Walkers","floor":37,"turns":5},{"damage":38,"enemies":"3 Darklings","floor":39,"turns":7},{"damage":66,"enemies":"Spire Growth","floor":41,"turns":5},{"damage":34,"enemies":"Nemesis","floor":42,"turns":2}],"seed_played":"-5833251332923202147","potions_obtained":[{"floor":2.0,"key":"SpeedPotion"},{"floor":5.0,"key":"Guardian:BlockOnCardUsePotion"},{"floor":11.0,"key":"LiquidBronze"},{"floor":16.0,"key":"CultistPotion"},{"floor":34,"key":"PowerPotion"},{"floor":37,"key":"BloodPotion"}],"is_trial":false,"path_per_floor":["M","M","?","M","M","R","?","?","T","E","M","E","M","E","R","B",null,"M","?","?","M","$","E","M","M","T","R","?","$","?","M","R","B",null,"M","?","?","?","M","R","M","E"],"character_chosen":"IRONCLAD","items_purchased":["Whirlwind","Strawberry","Flex","Happy Flower","MealTicket"],"campfire_rested":4,"item_purchase_floors":[22,22,22,29,29],"current_hp_per_floor":[80,80,80,80,67,67,56,76,76,73,79,71,65,44,68,30,80,43,43,43,41,48,51,57,40,40,67,67,67,67,58,85,8,95,81,81,36,36,12,41,8,0,0],"gold":367,"neow_bonus":"THREE_ENEMY_KILL","is_daily":false,"chose_seed":false,"campfire_upgraded":1,"win_rate":0.0,"timestamp":1612574194,"path_taken":["M","M","?","M","M","R","?","?","T","E","M","E","M","E","R","BOSS","M","?","?","M","$","E","M","M","T","R","?","$","?","M","R","BOSS","M","?","?","?","M","R","M","E"],"items_purchased_type":["Card","Relic","Card","Relic","Relic"],"build_version":"2020-12-22","purchased_purges":0,"victory":false,"max_hp_per_floor":[80,80,80,80,80,80,80,80,80,80,80,80,80,80,80,80,80,80,80,80,83,90,90,90,90,90,90,90,90,90,90,90,90,95,95,95,98,98,98,98,98,98,98],"card_choices":[{"not_picked":["Twin Strike","Warcry"],"picked":"Pommel Strike","floor":1.0},{"not_picked":["Sword Boomerang","Clash"],"picked":"Thunderclap","floor":2.0},{"not_picked":["Headbutt","Warcry"],"picked":"Perfected Strike","floor":4.0},{"not_picked":["Headbutt","Searing Blow"],"picked":"Cleave","floor":5.0},{"not_picked":["Anger","Clash"],"picked":"Feed","floor":10.0},{"not_picked":["Flex","Infernal Blade"],"picked":"Anger","floor":11.0},{"not_picked":["Body Slam","Barricade"],"picked":"Dropkick","floor":12.0},{"not_picked":["Headbutt","Battle Trance"],"picked":"Armaments","floor":13.0},{"not_picked":["Bludgeon","Burning Pact"],"picked":"Twin Strike","floor":14.0},{"not_picked":["Feed","Double Tap"],"picked":"Berserk","floor":16.0},{"not_picked":["Second Wind","Headbutt+1"],"picked":"Shrug It Off+1","floor":18.0},{"not_picked":["True Grit","Rupture"],"picked":"Shrug It Off","floor":21.0},{"not_picked":["Fire Breathing","Power Through"],"picked":"Reaper","floor":23.0},{"not_picked":["Perfected Strike+1","Flex"],"picked":"Clash","floor":24.0},{"not_picked":["Searing Blow","Second Wind"],"picked":"Headbutt+1","floor":25},{"not_picked":["Pommel Strike","Sword Boomerang+1"],"picked":"Metallicize","floor":31},{"not_picked":["Berserk","Brutality"],"picked":"Juggernaut","floor":33},{"not_picked":["Twin Strike","Body Slam"],"picked":"Power Through","floor":34},{"not_picked":["Thunderclap+1","Twin Strike+1"],"picked":"Clothesline+1","floor":35},{"not_picked":["Shockwave","Whirlwind"],"picked":"Body Slam+1","floor":37},{"not_picked":["Deep Breath","Dark Shackles"],"picked":"Trip","floor":38},{"not_picked":["Body Slam","Warcry+1"],"picked":"Metallicize","floor":39},{"not_picked":["Disarm","Thunderclap+1"],"picked":"Rampage","floor":41}],"player_experience":51672,"relics_obtained":[{"floor":9.0,"key":"Anchor"},{"floor":10.0,"key":"Juzu Bracelet"},{"floor":12.0,"key":"Self Forming Clay"},{"floor":14.0,"key":"Lizard Tail"},{"floor":23.0,"key":"Centennial Puzzle"},{"floor":23.0,"key":"War Paint"},{"floor":26,"key":"Ginger"},{"floor":37,"key":"Bird Faced Urn"}],"event_choices":[{"damage_healed":0.0,"max_hp_gain":0.0,"max_hp_loss":0.0,"gold_gain":0.0,"event_name":"Living Wall","player_choice":"Grow","floor":3.0,"gold_loss":0.0,"damage_taken":0.0,"cards_upgraded":["Bash"]},{"damage_healed":0.0,"max_hp_gain":0.0,"max_hp_loss":0.0,"gold_gain":75.0,"event_name":"World of Goop","player_choice":"Gather Gold","floor":7.0,"gold_loss":0.0,"damage_taken":11.0},{"damage_healed":20.0,"max_hp_gain":0.0,"max_hp_loss":0.0,"gold_gain":0.0,"event_name":"The Cleric","player_choice":"Healed","floor":8.0,"gold_loss":35.0,"damage_taken":0.0},{"damage_healed":0.0,"max_hp_gain":0.0,"max_hp_loss":0.0,"gold_gain":99.0,"event_name":"Nest","player_choice":"Stole From Cult","floor":19.0,"gold_loss":0.0,"damage_taken":0.0},{"damage_healed":0,"gold_gain":0,"player_choice":"Ignored","damage_taken":0,"max_hp_gain":0,"max_hp_loss":0,"event_name":"Ghosts","floor":28,"gold_loss":0},{"damage_healed":0,"gold_gain":0,"player_choice":"1 cards matched","damage_taken":0,"max_hp_gain":0,"max_hp_loss":0,"event_name":"Match and Keep!","floor":30,"gold_loss":0,"cards_obtained":["Bash"]},{"damage_healed":0,"gold_gain":0,"player_choice":"1 cards matched","damage_taken":0,"max_hp_gain":0,"max_hp_loss":0,"event_name":"Match and Keep!","floor":36,"gold_loss":0,"cards_obtained":["Rampage"]},{"damage_healed":0,"gold_gain":0,"player_choice":"Fight","damage_taken":0,"max_hp_gain":0,"max_hp_loss":0,"event_name":"Mysterious Sphere","floor":37,"gold_loss":0},{"damage_healed":0,"gold_gain":0,"player_choice":"Memory 1","damage_taken":0,"max_hp_gain":0,"max_hp_loss":0,"event_name":"SensoryStone","floor":38,"gold_loss":0}],"is_beta":false,"boss_relics":[{"not_picked":["Busted Crown","Philosopher\u0027s Stone"],"picked":"Black Star"},{"not_picked":["Astrolabe","Runesmith:UraniumAnvil"],"picked":"Tiny House"}],"items_purged_floors":[],"is_endless":false,"potions_floor_spawned":[2,5,11,16,21,37],"killed_by":"Nemesis","ascension_level":0}}