{"host":"8is2j71l4wmybkoi","time":1612601912,"event":{"mods":["AchievementEnabler","BaseMod","Colored Map","Minty Spire (QoL Compilation)","Rare Cards Sparkle","StSLib","SuperFastMode"],"gold_per_floor":[112,125,125,141,141,141,153,1,26,36,36,36,47,72,72,145,145,161,171,189,38,57,57,57,57],"floor_reached":24,"language":"KOR","playtime":573,"items_purged":["Strike_B"],"score":350,"play_id":"4c88c01a-e58f-419c-b450-7e7f320ef76b","local_time":"20210206175832","is_ascension_mode":true,"campfire_choices":[{"data":"Zap","floor":6,"key":"SMITH"},{"data":"Streamline","floor":15,"key":"SMITH"},{"data":"Beam Cell","floor":23,"key":"SMITH"}],"circlet_count":0,"master_deck":["AscendersBane","Strike_B","Strike_B+1","Strike_B","Defend_B","Defend_B","Defend_B","Defend_B","Zap+1","Dualcast","Melter","Cold Snap","Self Repair","Streamline+1","FTL+1","Sweeping Beam","Biased Cognition","Beam Cell+1","Heatsinks","Compile Driver"],"relics":["Cracked Core","NeowsBlessing","Happy Flower","PreservedInsect","Coffee Dripper","DataDisk"],"acts_visited":["Exordium","TheCity"],"potions_floor_usage":[13,16,18,20,22],"damage_taken":[{"damage":0,"enemies":"2 Louse","floor":1,"turns":1},{"damage":0,"enemies":"Cultist","floor":2,"turns":1},{"damage":0,"enemies":"Jaw Worm","floor":4,"turns":1},{"damage":11,"enemies":"Exordium Thugs","floor":7,"turns":5},{"damage":14,"enemies":"Red Slaver","floor":10,"turns":4},{"damage":0,"enemies":"2 Fungi Beasts","floor":13,"turns":2},{"damage":16,"enemies":"Gremlin Nob","floor":14,"turns":3},{"damage":15,"enemies":"Hexaghost","floor":16,"turns":8},{"damage":10,"enemies":"Shell Parasite","floor":18,"turns":4},{"damage":23,"enemies":"2 Thieves","floor":19,"turns":3},{"damage":30,"enemies":"Centurion and Healer","floor":20,"turns":7},{"damage":1,"enemies":"Sentry and Sphere","floor":22,"turns":3},{"damage":26,"enemies":"Slavers","floor":24,"turns":1}],"seed_played":"-195847609375555121","potions_obtained":[{"floor":3,"key":"Explosive Potion"},{"floor":3,"key":"SkillPotion"},{"floor":4,"key":"FearPotion"},{"floor":7,"key":"FocusPotion"},{"floor":14,"key":"Block Potion"},{"floor":18,"key":"Energy Potion"},{"floor":20,"key":"DuplicationPotion"}],"is_trial":false,"path_per_floor":["M","M","?","M","?","R","M","$","T","M","?","?","M","E","R","B",null,"M","M","M","$","M","R","E"],"character_chosen":"DEFECT","items_purchased":["FTL","DataDisk"],"campfire_rested":0,"item_purchase_floors":[8,21],"current_hp_per_floor":[64,64,64,64,60,60,56,56,56,49,54,31,38,29,29,21,62,59,43,20,20,19,19,0,0],"gold":57,"neow_bonus":"THREE_ENEMY_KILL","is_daily":false,"chose_seed":false,"campfire_upgraded":3,"win_rate":0.0,"timestamp":1612601912,"path_taken":["M","M","?","?","?","R","M","?","T","?","?","?","M","E","R","BOSS","M","M","M","$","M","R","E"],"items_purchased_type":["Card","Relic"],"build_version":"2020-12-22","purchased_purges":1,"victory":false,"max_hp_per_floor":[71,71,71,71,71,71,71,71,71,71,76,76,76,76,76,76,76,76,76,76,76,76,76,76,76],"card_choices":[{"not_picked":["Steam","Undo"],"picked":"Melter","floor":1},{"not_picked":["Chaos","Turbo"],"picked":"Cold Snap","floor":2},{"not_picked":["Cold Snap","Gash"],"picked":"Self Repair","floor":4},{"not_picked":["Steam Power","Melter"],"picked":"Streamline","floor":7},{"not_picked":["Turbo","Go for the Eyes"],"picked":"Sweeping Beam","floor":10},{"not_picked":["Redo","Rip and Tear","Force Field"],"picked":"SKIP","floor":13},{"not_picked":["Streamline","Melter","Turbo"],"picked":"SKIP","floor":14},{"not_picked":["Reboot","Seek"],"picked":"Biased Cognition","floor":16},{"not_picked":["Storm","Lockon"],"picked":"Beam Cell","floor":18},{"not_picked":["Go for the Eyes","Stack"],"picked":"Heatsinks","floor":19},{"not_picked":["Steam","Redo","Sweeping Beam+1"],"picked":"SKIP","floor":20},{"not_picked":["Ball Lightning","Scrape"],"picked":"Compile Driver","floor":22}],"player_experience":1012265,"relics_obtained":[{"floor":9,"key":"Happy Flower"},{"floor":14,"key":"PreservedInsect"}],"event_choices":[{"damage_healed":0,"gold_gain":0,"player_choice":"Got Potions","damage_taken":0,"max_hp_gain":0,"max_hp_loss":0,"event_name":"Lab","floor":3,"gold_loss":0},{"damage_healed":0,"gold_gain":0,"player_choice":"Bought 0 Potions","damage_taken":0,"max_hp_gain":0,"max_hp_loss":0,"event_name":"The Woman in Blue","floor":5,"gold_loss":0},{"damage_healed":0,"gold_gain":0,"player_choice":"Donut","damage_taken":0,"max_hp_gain":5,"max_hp_loss":0,"event_name":"Big Fish","floor":11,"gold_loss":0},{"damage_healed":0,"gold_gain":0,"player_choice":"Entered Light","damage_taken":23,"max_hp_gain":0,"max_hp_loss":0,"event_name":"Shining Light","floor":12,"gold_loss":0,"cards_upgraded":["FTL","Strike_B"]}],"is_beta":false,"boss_relics":[{"not_picked":["Cursed Key","Inserter"],"picked":"Coffee Dripper"}],"items_purged_floors":[8],"is_endless":false,"potions_floor_spawned":[4,7,10,14,18,20],"killed_by":"Slavers","ascension_level":15}}