{"host":"t7mx8yfj1no5p62f","time":1612649795,"event":{"mods":["BaseMod","Colored Map","Colored Powertips","Curses Come First","Minty Spire (QoL Compilation)","Relic Stats","StSLib"],"gold_per_floor":[99,99,99,99,99,99,99,99,99,99,99,59,59,59,59,59,59,59,59,59,59,59,15,15,15,15,15,15,15,15,15,15,15,15,15,15,15,15,15,15,15,15,15],"floor_reached":42,"language":"ENG","playtime":1748,"items_purged":[],"score":856,"play_id":"76c4d67f-799d-4cd2-96b4-9b83257c8cb8","local_time":"20210206171635","is_ascension_mode":true,"campfire_choices":[{"data":"Beam Cell","floor":6.0,"key":"SMITH"},{"data":"Sweeping Beam","floor":10.0,"key":"SMITH"},{"floor":15.0,"key":"REST"},{"floor":24,"key":"REST"},{"data":"Fission","floor":27,"key":"SMITH"},{"data":"Seek","floor":32,"key":"SMITH"},{"data":"Coolheaded","floor":40,"key":"SMITH"},{"data":"Skim","floor":41,"key":"SMITH"}],"circlet_count":0,"master_deck":["AscendersBane","Strike_B+1","Defend_B","Defend_B","Zap","Dualcast","Beam Cell+1","Sweeping Beam+1","Streamline+1","All For One","Genetic Algorithm","Coolheaded+1","Seek+1","FTL","Gash","Cold Snap+1","Chill","Fission+1","Barrage","Skim+1","Steam+1","Conserve Battery","Core Surge","CurseOfTheBell","Turbo+1"],"relics":["Ectoplasm","Ornamental Fan","Toy Ornithopter","Empty Cage","Red Mask","Lantern","Old Coin","Calling Bell","Pen Nib","Eternal Feather","Du-Vu Doll","WingedGreaves","Letter Opener"],"acts_visited":["Exordium","TheCity","TheBeyond"],"potions_floor_usage":[21,31,33],"damage_taken":[{"damage":7.0,"enemies":"Jaw Worm","floor":1.0,"turns":4.0},{"damage":1.0,"enemies":"Cultist","floor":2.0,"turns":4.0},{"damage":0.0,"enemies":"Small Slimes","floor":4.0,"turns":3.0},{"damage":3.0,"enemies":"2 Fungi Beasts","floor":7.0,"turns":3.0},{"damage":10.0,"enemies":"3 Sentries","floor":8.0,"turns":4.0},{"damage":2.0,"enemies":"Looter","floor":12.0,"turns":3.0},{"damage":15.0,"enemies":"Lagavulin","floor":13.0,"turns":3.0},{"damage":0.0,"enemies":"Blue Slaver","floor":14.0,"turns":1.0},{"damage":22.0,"enemies":"The Guardian","floor":16.0,"turns":11.0},{"damage":18.0,"enemies":"Chosen","floor":18.0,"turns":5.0},{"damage":21.0,"enemies":"Masked Bandits","floor":19.0,"turns":4.0},{"damage":13.0,"enemies":"Shell Parasite","floor":20.0,"turns":4.0},{"damage":8,"enemies":"Centurion and Healer","floor":21,"turns":4},{"damage":1,"enemies":"Slavers","floor":28,"turns":5},{"damage":0,"enemies":"Chosen and Byrds","floor":29,"turns":3},{"damage":1,"enemies":"Snecko","floor":30,"turns":5},{"damage":0,"enemies":"3 Cultists","floor":31,"turns":4},{"damage":29,"enemies":"Champ","floor":33,"turns":17},{"damage":20,"enemies":"Orb Walker","floor":35,"turns":4},{"damage":15,"enemies":"3 Darklings","floor":37,"turns":4},{"damage":0,"enemies":"Mind Bloom Boss Battle","floor":38,"turns":4},{"damage":53,"enemies":"Giant Head","floor":42,"turns":6}],"seed_played":"-6061351768311464514","potions_obtained":[{"floor":4.0,"key":"Ancient Potion"},{"floor":7.0,"key":"AttackPotion"},{"floor":12.0,"key":"Fire Potion"},{"floor":13.0,"key":"Strength Potion"},{"floor":16.0,"key":"AttackPotion"},{"floor":21,"key":"Weak Potion"},{"floor":29,"key":"AttackPotion"},{"floor":37,"key":"FocusPotion"}],"is_trial":false,"path_per_floor":["M","M","?","M","?","R","M","E","T","R","?","M","E","M","R","B",null,"M","?","M","M","?","$","R","?","T","R","E","M","M","M","R","B",null,"M","?","M","?","T","R","R","E"],"character_chosen":"DEFECT","items_purchased":["Chill"],"campfire_rested":2,"item_purchase_floors":[23],"current_hp_per_floor":[57,56,56,56,35,35,32,22,22,22,22,20,5,5,26,4,54,36,20,7,4,4,4,25,25,25,25,24,24,23,28,28,4,54,34,34,19,19,19,34,49,0,0],"gold":15,"neow_bonus":"BOSS_RELIC","is_daily":false,"chose_seed":false,"campfire_upgraded":6,"win_rate":0.0,"timestamp":1612649795,"path_taken":["M","M","?","?","?","R","M","E","T","R","?","M","E","M","R","BOSS","M","?","M","M","?","?","R","?","T","R","E","M","M","M","R","BOSS","M","?","?","?","?","R","R","E"],"items_purchased_type":["Card"],"build_version":"2020-12-22","purchased_purges":0,"victory":false,"max_hp_per_floor":[71,71,71,71,71,71,71,71,71,71,71,71,71,71,71,71,71,71,71,71,71,71,71,71,71,71,71,71,71,71,71,71,71,71,71,71,71,71,71,71,71,71,71],"relic_stats":{"counters":[22,105],"Ornamental Fan":[208],"Eternal Feather":30,"Ectoplasm":939,"Pen Nib":[6],"Letter Opener":[30],"obtain_stats":[{"Lantern":26,"Eternal Feather":34,"Pen Nib":34,"Letter Opener":39,"Empty Cage":17,"Old Coin":28,"Calling Bell":34,"Du-Vu Doll":34,"Ornamental Fan":8,"Ectoplasm":0,"WingedGreaves":38,"Red Mask":19,"Cracked Core":0,"Toy Ornithopter":13},{"Lantern":13,"Eternal Feather":18,"Pen Nib":18,"Letter Opener":21,"Empty Cage":9,"Old Coin":14,"Calling Bell":18,"Du-Vu Doll":18,"Ornamental Fan":5,"Ectoplasm":0,"WingedGreaves":21,"Red Mask":11,"Cracked Core":0,"Toy Ornithopter":7},{"Lantern":53,"Eternal Feather":87,"Pen Nib":87,"Letter Opener":99,"Empty Cage":36,"Old Coin":58,"Calling Bell":87,"Du-Vu Doll":87,"Ornamental Fan":18,"Ectoplasm":0,"WingedGreaves":99,"Red Mask":45,"Cracked Core":0,"Toy Ornithopter":24}],"Toy Ornithopter":20},"card_choices":[{"not_picked":["Steam","Auto Shields"],"picked":"Beam Cell","floor":1.0},{"not_picked":["Steam Power","Stack"],"picked":"Sweeping Beam","floor":2.0},{"not_picked":["Loop","Lockon"],"picked":"Streamline","floor":4.0},{"not_picked":["Rebound","Compile Driver","Double Energy"],"picked":"SKIP","floor":7.0},{"not_picked":["Double Energy","Redo","Rebound"],"picked":"SKIP","floor":8.0},{"not_picked":["Cold Snap","Rebound"],"picked":"All For One","floor":12.0},{"not_picked":["Lockon","Capacitor"],"picked":"Genetic Algorithm","floor":13.0},{"not_picked":["Consume","Sweeping Beam"],"picked":"Coolheaded","floor":14.0},{"not_picked":["Amplify","Machine Learning"],"picked":"Seek","floor":16.0},{"not_picked":["Consume","Steam"],"picked":"FTL","floor":18.0},{"not_picked":["Turbo","Barrage"],"picked":"Gash","floor":19.0},{"not_picked":["Auto Shields","Heatsinks"],"picked":"Cold Snap+1","floor":20.0},{"not_picked":["Blizzard","Rebound","Doom and Gloom"],"picked":"SKIP","floor":21},{"not_picked":["Static Discharge","Storm"],"picked":"Skim","floor":28},{"not_picked":["Conserve Battery","Gash"],"picked":"Steam+1","floor":29},{"not_picked":["Streamline","Consume"],"picked":"Conserve Battery","floor":30},{"not_picked":["Heatsinks","Coolheaded","Rebound"],"picked":"SKIP","floor":31},{"not_picked":["Thunder Strike","Amplify"],"picked":"Core Surge","floor":33},{"not_picked":["Rip and Tear","Barrage"],"picked":"Turbo+1","floor":35},{"not_picked":["Cold Snap+1","White Noise","Redo"],"picked":"SKIP","floor":37}],"player_experience":1946041,"relics_obtained":[{"floor":8.0,"key":"Ornamental Fan"},{"floor":13.0,"key":"Toy Ornithopter"},{"floor":19.0,"key":"Red Mask"},{"floor":26,"key":"Lantern"},{"floor":28,"key":"Old Coin"},{"floor":34,"key":"Pen Nib"},{"floor":34,"key":"Eternal Feather"},{"floor":34,"key":"Du-Vu Doll"},{"floor":38,"key":"WingedGreaves"},{"floor":39,"key":"Letter Opener"}],"event_choices":[{"cards_removed":["Strike_B"],"damage_healed":0.0,"max_hp_gain":0.0,"max_hp_loss":0.0,"gold_gain":0.0,"event_name":"Bonfire Elementals","player_choice":"Offered Basic","floor":3.0,"gold_loss":0.0,"damage_taken":0.0},{"damage_healed":0.0,"max_hp_gain":0.0,"max_hp_loss":0.0,"gold_gain":0.0,"event_name":"Shining Light","player_choice":"Entered Light","floor":5.0,"gold_loss":0.0,"damage_taken":21.0,"cards_upgraded":["Streamline","Strike_B"]},{"damage_healed":0.0,"max_hp_gain":0.0,"max_hp_loss":0.0,"gold_gain":0.0,"event_name":"Dead Adventurer","player_choice":"Searched \u00270\u0027 times","floor":11.0,"gold_loss":0.0,"damage_taken":0.0},{"damage_healed":0.0,"max_hp_gain":0.0,"max_hp_loss":0.0,"gold_gain":0.0,"event_name":"Masked Bandits","player_choice":"Fought Bandits","floor":19.0,"gold_loss":0.0,"damage_taken":0.0},{"damage_healed":0,"gold_gain":0,"player_choice":"Ignored","damage_taken":0,"max_hp_gain":0,"max_hp_loss":0,"event_name":"The Mausoleum","floor":22,"gold_loss":0},{"damage_healed":0,"gold_gain":0,"cards_transformed":["Defend_B","Defend_B"],"player_choice":"Became Test Subject","damage_taken":0,"max_hp_gain":0,"max_hp_loss":0,"event_name":"Drug Dealer","floor":25,"gold_loss":0,"cards_obtained":["Fission","Barrage"]},{"damage_healed":0,"gold_gain":0,"player_choice":"Ignored","damage_taken":0,"max_hp_gain":0,"max_hp_loss":0,"event_name":"Golden Shrine","floor":36,"gold_loss":0},{"damage_healed":0,"gold_gain":0,"player_choice":"Fight","damage_taken":0,"max_hp_gain":0,"max_hp_loss":0,"event_name":"MindBloom","floor":38,"gold_loss":0}],"is_beta":false,"boss_relics":[{"not_picked":["SlaversCollar","Snecko Eye"],"picked":"Empty Cage"},{"not_picked":["SacredBark","Fusion Hammer"],"picked":"Calling Bell"}],"items_purged_floors":[],"is_endless":false,"potions_floor_spawned":[4,7,12,13,14,16,18,21,29,37],"killed_by":"Giant Head","ascension_level":20}}