{"host":"18ybagvpjbhxblmx","time":1612607730,"event":{"mods":["BaseMod","BetterRewards","Colored Map","Conspire","Friendly Minions","Hubris","Infinite Spire","Koishi","Marisa????????","Minty Spire (QoL Compilation)","Quick Restart","Replay The Spire","StSLib","The Administrix","The Servant 0.9.4"],"gold_per_floor":[113,63,76,76,1,27,27,56,56,66,66,96,96,126,126,223,223,238,253,279,294,341,369,379,413,413,456,468,140,55,83,83,186,186,205,222,222,232,81,109,109,143,143,163,183,196,208,241,241,338,338,339,365,360,235,238,251,251,266,289,250,250,254,254,247,247,300,300,302,302,152,159,155,158,148,148,148,223,223,223,230,230,230,276,276,282,281,281,270,257,249,249,244,321,321,315,285,48,84,84,113,113,113],"floor_reached":102,"language":"ENG","playtime":13141,"items_purged":["Koishi:BasicDefend","Koishi:BasicStrike","Koishi:BasicDefend","Koishi:BasicStrike+1","Koishi:BasicStrike","Koishi:BasicStrike+1","Koishi:DNAsFlaw+1","Koishi:CatchAndRose+1"],"score":2777,"play_id":"b94d21b0-4a9a-4689-a407-51f64f7be725","local_time":"20210206113530","is_ascension_mode":true,"campfire_choices":[{"data":"Koishi:SubterraneanRose","floor":7.0,"key":"SMITH"},{"data":"Koishi:CatchAndRose","floor":13.0,"key":"SMITH"},{"data":"Koishi:BramblyRoseGarden","floor":15.0,"key":"SMITH"},{"data":"Koishi:TerrifyingSpectre","floor":28.0,"key":"SMITH"},{"data":"Koishi:FadingMemory","floor":32.0,"key":"SMITH"},{"data":"Koishi:RoseHell","floor":49.0,"key":"SMITH"},{"data":"Koishi:HeartStoppingHorror","floor":58.0,"key":"SMITH"},{"data":"Koishi:ReflexRadar","floor":66.0,"key":"SMITH"},{"floor":80.0,"key":"REST"},{"floor":83.0,"key":"REST"},{"data":"infinitespire:NeuralNetwork","floor":92.0,"key":"SMITH"},{"data":"Koishi:PredatoryInstincts","floor":95.0,"key":"SMITH"},{"floor":100.0,"key":"REST"}],"circlet_count":1,"master_deck":["Koishi:Provoke+1","Koishi:HauntingSlash+1","Koishi:SubterraneanRose+1","Koishi:RorschachInDanmaku+1","Koishi:ImGoingToCallYouNow+1","Koishi:BramblyRoseGarden+1","Koishi:FadingMemory+1","Koishi:GeneticsOfTheUnconscious+1","Koishi:LastRemote+1","Koishi:TerrifyingSpectre+1","Koishi:ApparitionsStalkTheNight+1","Koishi:RoseHell+1","Koishi:SubterraneanRose+1","Koishi:HeartStoppingHorror+1","Koishi:ReflexRadar+1","Koishi:HeartAttack+1","Koishi:SilentAndRestless+1","Koishi:UnseenTerror+1","infinitespire:NeuralNetwork+1","Parasite","Koishi:SubconsciousSweep+1","Koishi:PredatoryInstincts+1","Koishi:GrowingPain+1"],"relics":["Koishi:ImaginaryFriend","TheAbacus","Durian","Chemical X","Mummified Hand","Koishi:AHoleWhereASisterShouldBe","Tiny Chest","Darkstone Periapt","Odd Mushroom","Molten Egg 2","conspire:SlowCooker","Red Mask","Art of War","Matryoshka","infinitespire:Beetle Shell","Whetstone","MawBank","Boot","infinitespire:WardingShard","Happy Flower","Lantern","conspire:RunicOctahedron","Lee\u0027s Waffle","ReplayFunnel","hubris:Potato","Bag of Marbles","hubris:64BitClover","Circlet","White Beast Statue","Oddly Smooth Stone","Strawberry","FossilizedHelix","hubris:CuriousFeather","Strange Spoon","Blue Doll","Gremlin Horn","Replay:PocketPolymizer","Bottled Tornado","hubris:Metronome","Gremlin Food","Replay:Wax Seal","Juzu Bracelet","Quantum Egg","Pantograph","Replay:Bottled Flurry","The Courier","Membership Card","Replay:Baseball","hubris:SlimyHat","Dream Catcher","Philosopher\u0027s Stone"],"acts_visited":["Exordium","TheCity","TheBeyond","Exordium","TheCity","TheBeyond"],"potions_floor_usage":[],"damage_taken":[{"damage":0.0,"enemies":"Jaw Worm","floor":1.0,"turns":6.0},{"damage":0.0,"enemies":"Small Slimes","floor":3.0,"turns":5.0},{"damage":21.0,"enemies":"3 Sentries","floor":6.0,"turns":13.0},{"damage":0.0,"enemies":"Lagavulin","floor":8.0,"turns":26.0},{"damage":0.0,"enemies":"2 Louse","floor":10.0,"turns":3.0},{"damage":9.0,"enemies":"The Mushroom Lair","floor":12.0,"turns":7.0},{"damage":8.0,"enemies":"Gremlin Nob","floor":14.0,"turns":5.0},{"damage":26.0,"enemies":"The Guardian","floor":16.0,"turns":11.0},{"damage":3.0,"enemies":"Shell Parasite","floor":18.0,"turns":6.0},{"damage":12.0,"enemies":"2 Thieves","floor":19.0,"turns":5.0},{"damage":15.0,"enemies":"Masked Bandits","floor":20.0,"turns":5.0},{"damage":0.0,"enemies":"Snecko","floor":21.0,"turns":8.0},{"damage":0.0,"enemies":"Book of Stabbing","floor":23.0,"turns":6.0},{"damage":0.0,"enemies":"Snake Plant","floor":24.0,"turns":4.0},{"damage":4.0,"enemies":"conspire:Head Lice","floor":25.0,"turns":8.0},{"damage":0.0,"enemies":"conspire:SneckoGhost","floor":27.0,"turns":8.0},{"damage":0.0,"enemies":"Nightmare","floor":31.0,"turns":9.0},{"damage":0.0,"enemies":"Automaton","floor":33.0,"turns":8.0},{"damage":0.0,"enemies":"Orb Walker","floor":35.0,"turns":3.0},{"damage":2.0,"enemies":"3 Darklings","floor":36.0,"turns":4.0},{"damage":6.0,"enemies":"Sphere and 2 Shapes","floor":38.0,"turns":6.0},{"damage":0.0,"enemies":"R_Hoarder","floor":40.0,"turns":7.0},{"damage":0.0,"enemies":"Reptomancer","floor":42.0,"turns":5.0},{"damage":0.0,"enemies":"Spire Growth","floor":44.0,"turns":6.0},{"damage":0.0,"enemies":"Transient","floor":45.0,"turns":5.0},{"damage":0.0,"enemies":"4 Shapes","floor":46.0,"turns":5.0},{"damage":13.0,"enemies":"Writhing Mass","floor":47.0,"turns":5.0},{"damage":0.0,"enemies":"R_Hoarder","floor":48.0,"turns":6.0},{"damage":0.0,"enemies":"Replay:Hell Engine","floor":50.0,"turns":14.0},{"damage":0.0,"enemies":"2 Louse","floor":52.0,"turns":3.0},{"damage":0.0,"enemies":"Jaw Worm","floor":54.0,"turns":4.0},{"damage":0.0,"enemies":"The Mushroom Lair","floor":56.0,"turns":3.0},{"damage":1.0,"enemies":"Replay:BlueRogue","floor":57.0,"turns":4.0},{"damage":0.0,"enemies":"3 Sentries","floor":59.0,"turns":5.0},{"damage":0.0,"enemies":"Nightmare","floor":61.0,"turns":8.0},{"damage":0.0,"enemies":"Gremlin Nob","floor":63.0,"turns":4.0},{"damage":0.0,"enemies":"infinitespire:Voidling","floor":65.0,"turns":4.0},{"damage":0.0,"enemies":"The Guardian","floor":67.0,"turns":5.0},{"damage":2.0,"enemies":"Chosen","floor":69.0,"turns":4.0},{"damage":0.0,"enemies":"3 Byrds","floor":72.0,"turns":2.0},{"damage":0.0,"enemies":"Shelled Parasite and Fungi","floor":73.0,"turns":4.0},{"damage":0.0,"enemies":"conspire:SneckoGhost","floor":74.0,"turns":3.0},{"damage":0.0,"enemies":"3 Cultists","floor":75.0,"turns":4.0},{"damage":1.0,"enemies":"Book of Stabbing","floor":81.0,"turns":3.0},{"damage":0.0,"enemies":"Cultist and Chosen","floor":82.0,"turns":3.0},{"damage":0.0,"enemies":"Champ","floor":84.0,"turns":9.0},{"damage":0.0,"enemies":"Orb Walker","floor":86.0,"turns":3.0},{"damage":0.0,"enemies":"3 Shapes","floor":87.0,"turns":3.0},{"damage":8.0,"enemies":"Writhing Mass","floor":89.0,"turns":5.0},{"damage":0.0,"enemies":"3 Darklings","floor":90.0,"turns":4.0},{"damage":0.0,"enemies":"R_Hoarder","floor":91.0,"turns":5.0},{"damage":0.0,"enemies":"Reptomancer","floor":93.0,"turns":4.0},{"damage":0.0,"enemies":"R_Hoarder","floor":96.0,"turns":6.0},{"damage":0.0,"enemies":"Maw","floor":97.0,"turns":5.0},{"damage":0.0,"enemies":"conspire:OrnateMirror","floor":101.0,"turns":4.0}],"seed_played":"7216363713398876208","potions_obtained":[{"floor":10.0,"key":"Fire Potion"},{"floor":12.0,"key":"LiquidMemories"},{"floor":14.0,"key":"Explosive Potion"},{"floor":16.0,"key":"Flashbang"},{"floor":24.0,"key":"LiquidMemories"},{"floor":33.0,"key":"DistilledChaos"},{"floor":44.0,"key":"Ancient Potion"},{"floor":91.0,"key":"Adrenaline Potion"}],"is_trial":false,"path_per_floor":["M","?","M","?","$","E","R","E","T","M","?","?","R","E","R","B",null,"M","M","?","M","T","E","M","E","T","E","R","$","?","NM","R","B",null,"M","M","AVR","M","$","E","?","E","T","M","M","M","M","E","R","B",null,"M","T","M","$","?","E","R","E","T","NM","?","E","AVR","M","R","B",null,"M","?","$","M","M","E","M","T","T","?","AVR","R","E","M","R","B",null,"M","M","AVR","M","M","E","R","E","T","R","E","M","$","?","R","B",null],"character_chosen":"KOISHI","items_purchased":["TheAbacus","Chemical X","Mummified Hand","infinitespire:WardingShard","Lee\u0027s Waffle","Membership Card","Replay:Baseball","hubris:SlimyHat"],"campfire_rested":3,"item_purchase_floors":[0,0,0,29,39,98,98,98],"current_hp_per_floor":[41,41,43,43,43,43,43,65,65,65,52,60,60,58,58,59,65,65,62,65,65,65,65,65,65,65,65,65,65,65,65,65,65,65,65,65,65,65,72,72,72,72,72,72,72,72,66,68,68,68,72,72,72,72,72,72,72,72,72,79,79,79,79,79,79,79,79,79,79,79,79,79,79,79,79,79,79,72,72,79,79,79,79,79,79,79,79,79,84,85,85,85,85,85,85,85,85,85,64,85,85,85,85],"gold":113,"neow_bonus":"","is_daily":false,"chose_seed":false,"campfire_upgraded":10,"win_rate":0.0,"timestamp":1612607730,"path_taken":["M","?","M","?","$","E","R","E","T","M","?","?","R","E","R","BOSS","M","M","?","M","?","E","M","E","T","E","R","$","?","NM","R","BOSS","M","M","AVR","M","$","E","?","E","T","M","?","M","M","E","R","BOSS","M","?","M","$","?","E","R","E","T","NM","?","E","AVR","M","R","BOSS","M","?","$","M","M","E","M","?","T","?","AVR","R","E","?","R","BOSS","M","M","AVR","M","M","E","R","E","T","R","E","M","$","?","R","BOSS"],"items_purchased_type":["Relic","Relic","Relic","Relic","Relic","Relic","Relic","Relic"],"build_version":"2020-12-22","purchased_purges":8,"victory":false,"max_hp_per_floor":[65,65,65,65,65,65,65,65,65,65,65,65,65,65,65,65,65,65,65,65,65,65,65,65,65,65,65,65,65,65,65,65,65,65,65,65,65,65,72,72,72,72,72,72,72,72,72,72,72,72,72,72,72,72,72,72,72,72,72,79,79,79,79,79,79,79,79,79,79,79,79,79,79,79,79,79,79,79,79,79,79,79,79,79,79,79,79,79,85,85,85,85,85,85,85,85,85,85,85,85,85,85,85],"card_choices":[{"not_picked":["Koishi:SpiritedAway","Koishi:PhantomStrike"],"picked":"Koishi:SubterraneanRose","floor":1.0},{"not_picked":["Koishi:StingingMind","Koishi:RacingHeart"],"picked":"Koishi:RorschachInDanmaku","floor":3.0},{"not_picked":["Koishi:Vanish","Koishi:SpiritedAway","Koishi:UnansweredLove"],"picked":"SKIP","floor":6.0},{"not_picked":["Koishi:HeartfeltFancy","Koishi:Untouchable","Koishi:ParalyzingFear"],"picked":"SKIP","floor":8.0},{"not_picked":["Koishi:PredatoryInstincts","Koishi:PhantomStrike"],"picked":"Koishi:CatchAndRose","floor":10.0},{"not_picked":["Koishi:ImGoingToCallYouNow","Koishi:ConditionedTeleport"],"picked":"Koishi:BramblyRoseGarden","floor":14.0},{"not_picked":["Koishi:MentalBreakdown+1","Koishi:FormlessExistence"],"picked":"Koishi:FadingMemory","floor":16.0},{"not_picked":["Koishi:StingingMind+1","Koishi:HeartfeltFancy","Koishi:FleetingPhantom"],"picked":"SKIP","floor":18.0},{"not_picked":["Koishi:PhantomStrike+1","Koishi:IdleWhim","Koishi:RacingHeart+1"],"picked":"SKIP","floor":19.0},{"not_picked":["Koishi:SubterraneanRose","Koishi:Prune+1"],"picked":"Koishi:DNAsFlaw+1","floor":20.0},{"not_picked":["Koishi:HeartfeltFancy+1","Koishi:DreadfulBlow+1","Koishi:SpiritedAway+1"],"picked":"SKIP","floor":21.0},{"not_picked":["Koishi:PhantomStrike+1","Koishi:FleetingPhantom"],"picked":"Koishi:GeneticsOfTheUnconscious+1","floor":23.0},{"not_picked":["Koishi:RacingHeart+1","Koishi:StingingMind+1"],"picked":"Koishi:LastRemote+1","floor":24.0},{"not_picked":["Koishi:YoukaiPolygraph+1","Koishi:RacingHeart+1","Koishi:Untouchable"],"picked":"SKIP","floor":25.0},{"not_picked":["Koishi:PhantomBarrier+1","Koishi:FleetingPhantom+1"],"picked":"Koishi:TerrifyingSpectre","floor":27.0},{"not_picked":["Koishi:ConditionedTeleport","Koishi:PhantomStrike+1"],"picked":"Koishi:ApparitionsStalkTheNight+1","floor":31.0},{"not_picked":["Koishi:MentalBreakdown+1","Koishi:ConditionedTeleport"],"picked":"Koishi:RoseHell","floor":33.0},{"not_picked":["Koishi:HeartfeltFancy","Koishi:Prune+1","Koishi:CatchAndRose+1"],"picked":"SKIP","floor":35.0},{"not_picked":["Koishi:RacingHeart+1","Koishi:SpiritedAway+1"],"picked":"Koishi:SubterraneanRose+1","floor":36.0},{"not_picked":["Koishi:Heartbroken","Koishi:FourthEye","Koishi:EmbryosDream"],"picked":"SKIP","floor":38.0},{"not_picked":["Koishi:FleetingPhantom+1","Koishi:SpiritedAway+1","Koishi:FreudianInstinct"],"picked":"SKIP","floor":40.0},{"not_picked":["Koishi:PhantomStrike+1","Koishi:Whimsy","Koishi:TraumaticStroke+1"],"picked":"SKIP","floor":42.0},{"not_picked":["Koishi:FleetingPhantom+1","Koishi:SpiritedAway+1"],"picked":"Koishi:Vanish+1","floor":44.0},{"not_picked":["Koishi:VengefulSpirit","Koishi:FidgetySnatcher","Koishi:RacingHeart+1"],"picked":"SKIP","floor":45.0},{"not_picked":["Koishi:TremblingHands+1","Koishi:BloodcurdlingScream+1","Koishi:PhantomBarrier+1"],"picked":"SKIP","floor":46.0},{"not_picked":["Koishi:PhantomBarrier","Koishi:YoukaiPolygraph+1","Koishi:ParalyzingFear+1"],"picked":"SKIP","floor":47.0},{"not_picked":["Koishi:ParalyzingFear+1","Koishi:RorschachInDanmaku","Koishi:VengefulSpirit"],"picked":"SKIP","floor":48.0},{"not_picked":["Koishi:RuptureMind+1","Koishi:GrowingPain+1"],"picked":"Koishi:HeartStoppingHorror","floor":50.0},{"not_picked":["Koishi:FidgetySnatcher","Koishi:IdleWhim","Koishi:EmbryosDream"],"picked":"SKIP","floor":52.0},{"not_picked":["Koishi:SubterraneanRose","Koishi:PhantomBarrier","Koishi:FidgetySnatcher"],"picked":"SKIP","floor":54.0},{"not_picked":["Koishi:HeartfeltFancy","Koishi:Possession","Koishi:RacingHeart+1"],"picked":"SKIP","floor":57.0},{"not_picked":["Koishi:MindNumbingTerror+1","Koishi:ImGoingToCallYouNow"],"picked":"Koishi:ReflexRadar","floor":59.0},{"not_picked":["Koishi:DNAsFlaw","Koishi:ReleaseOfTheId","Koishi:TremblingHands+1"],"picked":"SKIP","floor":61.0},{"not_picked":["Koishi:PhantomBarrier","Koishi:PhantomStrike+1","Koishi:RorschachInDanmaku"],"picked":"SKIP","floor":63.0},{"not_picked":["Koishi:Prune+1","Koishi:TremblingHands+1"],"picked":"Koishi:HeartAttack+1","floor":65.0},{"not_picked":["Koishi:StrangeCloudFist+1","Koishi:DreadfulBlow+1","Koishi:SubterraneanRose"],"picked":"SKIP","floor":69.0},{"not_picked":["Koishi:PhantomStrike+1","Koishi:CatchAndRose","Koishi:FidgetySnatcher"],"picked":"SKIP","floor":72.0},{"not_picked":["Koishi:EmbryosDream","Koishi:MindStellarRelief","Koishi:SprinkleStarAndHeart"],"picked":"SKIP","floor":73.0},{"not_picked":["Koishi:Vanish","Koishi:Jaunt+1"],"picked":"Koishi:SilentAndRestless+1","floor":74.0},{"not_picked":["Koishi:TraumaticStroke+1","Koishi:HeartfeltFancy","Koishi:StingingMind+1"],"picked":"SKIP","floor":75.0},{"not_picked":["Koishi:RorschachInDanmaku","Koishi:PredatoryInstincts","Koishi:Possession+1"],"picked":"SKIP","floor":81.0},{"not_picked":["Koishi:EmbryosDream","Koishi:UnansweredLove+1","Koishi:Jaunt+1"],"picked":"SKIP","floor":82.0},{"not_picked":["infinitespire:SealOfDarkness+","hubris:Rewind"],"picked":"infinitespire:NeuralNetwork","floor":84.0},{"not_picked":["Koishi:JumpScare+1","Koishi:UnseenTerror+1","Koishi:HeartfeltFancy+1"],"picked":"SKIP","floor":86.0},{"not_picked":["Koishi:DreadfulBlow+1","Koishi:BloodcurdlingScream+1","Koishi:Prune+1"],"picked":"SKIP","floor":87.0},{"not_picked":["Koishi:MindNumbingTerror+1","Koishi:UnseenTerror+1"],"picked":"Koishi:SubconsciousSweep+1","floor":89.0},{"not_picked":["Koishi:VengefulSpirit+1","Koishi:DanmakuParanoia"],"picked":"Koishi:PredatoryInstincts","floor":90.0},{"not_picked":["Koishi:CatchAndRose","Koishi:RorschachInDanmaku","Koishi:VengefulSpirit"],"picked":"SKIP","floor":91.0},{"not_picked":["Koishi:SubconsciousSweep+1","Koishi:MindNumbingTerror+1","Koishi:RorschachInDanmaku"],"picked":"SKIP","floor":93.0},{"not_picked":["Koishi:PerfectMindControl","Koishi:BramblyRoseGarden","Koishi:ReleaseOfTheId+1"],"picked":"SKIP","floor":96.0},{"not_picked":["Koishi:SprinkleStarAndHeart","Koishi:EmbersOfLove+1","Koishi:FleetingPhantom"],"picked":"SKIP","floor":97.0},{"not_picked":["Koishi:RollingInRichesHeart","Koishi:SuperEgo+1"],"picked":"Koishi:GrowingPain+1","floor":101.0}],"player_experience":284449,"relics_obtained":[{"floor":6.0,"key":"Koishi:AHoleWhereASisterShouldBe"},{"floor":8.0,"key":"Tiny Chest"},{"floor":9.0,"key":"Darkstone Periapt"},{"floor":12.0,"key":"Odd Mushroom"},{"floor":14.0,"key":"Molten Egg 2"},{"floor":20.0,"key":"Red Mask"},{"floor":22.0,"key":"Art of War"},{"floor":23.0,"key":"Matryoshka"},{"floor":25.0,"key":"infinitespire:Beetle Shell"},{"floor":26.0,"key":"Whetstone"},{"floor":26.0,"key":"MawBank"},{"floor":27.0,"key":"Boot"},{"floor":31.0,"key":"Lantern"},{"floor":42.0,"key":"ReplayFunnel"},{"floor":43.0,"key":"hubris:Potato"},{"floor":43.0,"key":"Bag of Marbles"},{"floor":48.0,"key":"hubris:64BitClover"},{"floor":56.0,"key":"Circlet"},{"floor":57.0,"key":"White Beast Statue"},{"floor":59.0,"key":"Oddly Smooth Stone"},{"floor":60.0,"key":"Strawberry"},{"floor":61.0,"key":"FossilizedHelix"},{"floor":63.0,"key":"hubris:CuriousFeather"},{"floor":72.0,"key":"Blue Doll"},{"floor":74.0,"key":"Gremlin Horn"},{"floor":76.0,"key":"Replay:PocketPolymizer"},{"floor":77.0,"key":"Bottled Tornado"},{"floor":81.0,"key":"Gremlin Food"},{"floor":89.0,"key":"Juzu Bracelet"},{"floor":91.0,"key":"Quantum Egg"},{"floor":93.0,"key":"Pantograph"},{"floor":94.0,"key":"Replay:Bottled Flurry"},{"floor":96.0,"key":"The Courier"},{"floor":99.0,"key":"Dream Catcher"}],"event_choices":[{"cards_removed":["Koishi:BasicDefend"],"damage_healed":0.0,"max_hp_gain":0.0,"max_hp_loss":0.0,"gold_gain":0.0,"event_name":"The Cleric","player_choice":"Card Removal","floor":2.0,"gold_loss":50.0,"damage_taken":0.0},{"damage_healed":0.0,"max_hp_gain":0.0,"max_hp_loss":0.0,"gold_gain":0.0,"event_name":"Shining Light","player_choice":"Entered Light","floor":11.0,"gold_loss":0.0,"damage_taken":13.0,"cards_upgraded":["Koishi:HauntingSlash","Koishi:Provoke"]},{"damage_healed":0.0,"max_hp_gain":0.0,"max_hp_loss":0.0,"gold_gain":0.0,"event_name":"Mushrooms","player_choice":"Fought Mushrooms","floor":12.0,"gold_loss":0.0,"damage_taken":0.0},{"damage_healed":0.0,"max_hp_gain":0.0,"max_hp_loss":0.0,"gold_gain":0.0,"event_name":"Masked Bandits","player_choice":"Fought Bandits","floor":20.0,"gold_loss":0.0,"damage_taken":0.0},{"damage_healed":0.0,"max_hp_gain":0.0,"max_hp_loss":0.0,"gold_gain":0.0,"event_name":"Addict","player_choice":"Obtained Relic","floor":30.0,"gold_loss":85.0,"damage_taken":0.0,"relics_obtained":["Happy Flower"]},{"damage_healed":0.0,"max_hp_gain":0.0,"max_hp_loss":0.0,"gold_gain":0.0,"event_name":"Match and Keep!","player_choice":"0 cards matched","floor":41.0,"gold_loss":0.0,"damage_taken":0.0,"cards_obtained":[]},{"damage_healed":0.0,"max_hp_gain":0.0,"max_hp_loss":0.0,"gold_gain":0.0,"event_name":"Mushrooms","player_choice":"Fought Mushrooms","floor":56.0,"gold_loss":0.0,"damage_taken":0.0},{"damage_healed":0.0,"max_hp_gain":0.0,"max_hp_loss":0.0,"gold_gain":0.0,"event_name":"conspire:LoneGhost","player_choice":"Disagree","floor":62.0,"gold_loss":0.0,"damage_taken":0.0},{"damage_healed":0.0,"max_hp_gain":0.0,"max_hp_loss":0.0,"gold_gain":0.0,"event_name":"Accursed Blacksmith","player_choice":"Forge","floor":70.0,"gold_loss":0.0,"damage_taken":0.0,"cards_upgraded":["Koishi:RorschachInDanmaku"]},{"damage_healed":0.0,"max_hp_gain":0.0,"max_hp_loss":0.0,"gold_gain":75.0,"event_name":"FaceTrader","player_choice":"Touch","floor":78.0,"gold_loss":0.0,"damage_taken":7.0}],"is_beta":false,"boss_relics":[{"not_picked":["Replay:Ancient Bell","Koishi:ColorfulDays"],"picked":"conspire:SlowCooker"},{"not_picked":["ReplayTheSpireMod:SealedPack","Replay:Drink Me","Fusion Hammer"]},{"not_picked":["conspire:SeveredTorchhead","hubris:RunicObelisk","Replay:Bronze Core"]},{"not_picked":["ReplayTheSpireMod:SealedPack","Honey Jar","Velvet Choker"]},{"not_picked":["Busted Crown","hubris:GrandSneckoEye","ReplayTheSpireMod:DimensionalGlitch"]},{"not_picked":["Sozu","Koishi:ColorfulDays"],"picked":"Philosopher\u0027s Stone"}],"items_purged_floors":[5,29,37,55,64,71,79,88],"is_endless":true,"potions_floor_spawned":[10,12,14,16,20,24,25,27,33,35,38,44,45,48,50,54,59,61,63,65,67,69,72,73,74,75,81,82,84,86,87,89,90,91,93,96,97,101],"ascension_level":3}}