{"host":"q57ekfojy3i00x9o","time":1612639338,"event":{"mods":["Arknights","Aspiration","BaseMod","Colored Map","Energized Spire","Hermit","Minty Spire (QoL Compilation)","Quick Restart","Spicy Shops","Spikes Relics","StSLib","slay the spire mod where everything is the same but ironclad has a cowboy hat"],"gold_per_floor":[213,129,129,139,30,63,79,79,105,105,105,123,42,67,67,67,67],"floor_reached":16,"language":"RUS","playtime":362,"items_purged":["Strike_G"],"score":167,"play_id":"9781da6b-6a15-4dc7-93a9-9ab0ecd66a35","local_time":"20210207002218","is_ascension_mode":true,"campfire_choices":[{"floor":10,"key":"REST"},{"floor":15,"key":"REST"}],"circlet_count":0,"master_deck":["AscendersBane","Strike_G","Strike_G","Strike_G","Strike_G","Defend_G","Defend_G","Defend_G+1","Defend_G","Defend_G","Survivor","Neutralize","Backstab+1","Enlightenment","Prepared","Terror","Slice","Footwork","Dagger Spray","Footwork","Injury","Adrenaline","Slice+1","Dagger Spray+1"],"relics":["Ring of the Snake","Ginger","Ornamental Fan","Molten Egg 2","Smiling Mask","CrustySpines"],"acts_visited":["Exordium"],"potions_floor_usage":[6,14],"damage_taken":[{"damage":4,"enemies":"2 Louse","floor":1,"turns":3},{"damage":1,"enemies":"Cultist","floor":4,"turns":3},{"damage":34,"enemies":"3 Sentries","floor":6,"turns":12},{"damage":1,"enemies":"Small Slimes","floor":7,"turns":3},{"damage":0,"enemies":"3 Louse","floor":12,"turns":3},{"damage":17,"enemies":"Gremlin Nob","floor":14,"turns":4},{"damage":38,"enemies":"Slime Boss","floor":16,"turns":6}],"seed_played":"1644698756060512597","potions_obtained":[{"floor":1,"key":"Explosive Potion"},{"floor":12,"key":"EssenceOfSteel"}],"is_trial":false,"path_per_floor":["M","$","?","M","$","E","M","?","T","R","?","M","$","E","R","B"],"character_chosen":"THE_SILENT","items_purchased":["Ginger","Footwork","Slice+1"],"campfire_rested":2,"item_purchase_floors":[2,5,13],"current_hp_per_floor":[59,59,59,58,58,24,23,23,23,44,30,30,30,13,34,0,0],"gold":67,"neow_bonus":"HUNDRED_GOLD","is_daily":false,"chose_seed":false,"campfire_upgraded":0,"win_rate":0.0,"timestamp":1612639338,"path_taken":["M","$","?","M","?","E","M","?","T","R","?","M","$","E","R","BOSS"],"items_purchased_type":["Relic","Card","Card"],"build_version":"2020-12-22","purchased_purges":1,"victory":false,"max_hp_per_floor":[70,70,70,70,70,70,70,70,70,70,70,70,70,70,70,70,70],"card_choices":[{"not_picked":["All Out Attack","Distraction"],"picked":"Backstab","floor":1},{"not_picked":["Bane","Distraction"],"picked":"Slice","floor":4},{"not_picked":["Crippling Poison","Poisoned Stab"],"picked":"Dagger Spray","floor":6},{"not_picked":["Bane","Backflip"],"picked":"Footwork","floor":7},{"not_picked":["Blade Dance","Concentrate"],"picked":"Adrenaline","floor":12},{"not_picked":["Outmaneuver","Blur"],"picked":"Dagger Spray+1","floor":14}],"player_experience":749571,"relics_obtained":[{"floor":6,"key":"Ornamental Fan"},{"floor":9,"key":"Smiling Mask"},{"floor":14,"key":"CrustySpines"}],"event_choices":[{"damage_healed":0,"gold_gain":0,"player_choice":"3 cards matched","damage_taken":0,"max_hp_gain":0,"max_hp_loss":0,"event_name":"Match and Keep!","floor":3,"gold_loss":0,"cards_obtained":["Enlightenment","Prepared","Terror"]},{"damage_healed":0,"gold_gain":0,"player_choice":"Entered Light","damage_taken":14,"max_hp_gain":0,"max_hp_loss":0,"event_name":"Shining Light","floor":11,"gold_loss":0,"cards_upgraded":["Backstab","Defend_G"]}],"is_beta":false,"boss_relics":[],"items_purged_floors":[5],"is_endless":false,"potions_floor_spawned":[1,4,12],"killed_by":"Slime Boss","ascension_level":11}}