{"host":"f5gffvlv6a66yqkd","time":1612585417,"event":{"mods":["2.2 Compatiblity","BaseMod","Colored Map","Custom Start","DeckTracker","Keyboard Shortcuts","Minty Spire (QoL Compilation)","Permanent Neow","Quick Restart","Relic Stats","StSLib","SuperFastMode"],"gold_per_floor":[115,133,146,158,171,171,200,213,213,231,245,245,520,4,4,4,4],"floor_reached":16,"language":"KOR","playtime":358,"items_purged":["Regret"],"score":212,"play_id":"bfeb831d-1555-4954-867d-b1bd9cd5257b","local_time":"20210206132337","is_ascension_mode":true,"campfire_choices":[{"data":"Sword Boomerang","floor":6.0,"key":"SMITH"},{"data":"Inflame","floor":15.0,"key":"SMITH"}],"circlet_count":0,"master_deck":["AscendersBane","Strike_R","Strike_R","Strike_R","Strike_R","Strike_R","Defend_R","Defend_R","Defend_R","Defend_R","Bash+1","Anger","Sword Boomerang+1","Evolve","Thunderclap","Battle Trance","Headbutt","Inflame+1","Impervious"],"relics":["Burning Blood","Torii","Centennial Puzzle","Golden Idol","Self Forming Clay","HandDrill"],"acts_visited":["Exordium"],"potions_floor_usage":[16],"damage_taken":[{"damage":11.0,"enemies":"Jaw Worm","floor":1.0,"turns":5.0},{"damage":0.0,"enemies":"2 Louse","floor":2.0,"turns":3.0},{"damage":1.0,"enemies":"Cultist","floor":3.0,"turns":3.0},{"damage":2.0,"enemies":"2 Fungi Beasts","floor":4.0,"turns":3.0},{"damage":11.0,"enemies":"Looter","floor":5.0,"turns":2.0},{"damage":8.0,"enemies":"Gremlin Nob","floor":7.0,"turns":3.0},{"damage":6.0,"enemies":"Exordium Wildlife","floor":8.0,"turns":3.0},{"damage":14.0,"enemies":"Red Slaver","floor":10.0,"turns":2.0},{"damage":17.0,"enemies":"Exordium Thugs","floor":11.0,"turns":3.0},{"damage":20,"enemies":"The Guardian","floor":16,"turns":12}],"seed_played":"3117127186167896825","potions_obtained":[{"floor":4.0,"key":"SneckoOil"},{"floor":8.0,"key":"EssenceOfSteel"},{"floor":10.0,"key":"LiquidMemories"}],"is_trial":false,"path_per_floor":["M","M","M","M","M","R","E","M","T","M","M","?","?","$","R","B"],"character_chosen":"IRONCLAD","items_purchased":["Self Forming Clay","HandDrill"],"campfire_rested":0,"item_purchase_floors":[14,14],"current_hp_per_floor":[63,69,74,75,70,70,68,68,68,60,49,23,23,23,23,3,3],"gold":4,"neow_bonus":"UPGRADE_CARD","is_daily":false,"chose_seed":false,"campfire_upgraded":2,"win_rate":0.0,"timestamp":1612585417,"path_taken":["M","M","M","M","M","R","E","M","T","M","M","?","?","$","R","BOSS"],"items_purchased_type":["Relic","Relic"],"build_version":"2020-12-22","purchased_purges":1,"victory":false,"max_hp_per_floor":[75,75,75,75,75,75,75,75,75,75,75,75,75,75,75,75,75],"relic_stats":{"Centennial Puzzle":[9],"Torii":2,"counters":[10,39],"Golden Idol":0,"Self Forming Clay":[15],"HandDrill":[4],"obtain_stats":[{"Centennial Puzzle":9,"Torii":7,"Golden Idol":12,"Self Forming Clay":14,"HandDrill":14,"Burning Blood":0},{"Centennial Puzzle":7,"Torii":6,"Golden Idol":9,"Self Forming Clay":9,"HandDrill":9,"Burning Blood":0},{"Centennial Puzzle":22,"Torii":19,"Golden Idol":27,"Self Forming Clay":27,"HandDrill":27,"Burning Blood":0}],"Burning Blood":51},"card_choices":[{"not_picked":["Armaments","Wild Strike"],"picked":"Anger","floor":1.0},{"not_picked":["Thunderclap","Twin Strike"],"picked":"Sword Boomerang","floor":2.0},{"not_picked":["Havoc","Anger","Warcry"],"picked":"SKIP","floor":3.0},{"not_picked":["Havoc","Anger","Warcry"],"picked":"SKIP","floor":3.0},{"not_picked":["Sentinel","Headbutt"],"picked":"Evolve","floor":4.0},{"not_picked":["Bloodletting","Armaments"],"picked":"Thunderclap","floor":5.0},{"not_picked":["Headbutt","Body Slam"],"picked":"Battle Trance","floor":7.0},{"not_picked":["Burning Pact","Pommel Strike"],"picked":"Headbutt","floor":8.0},{"not_picked":["Cleave","Entrench"],"picked":"Inflame","floor":10.0},{"not_picked":["Thunderclap","Battle Trance"],"picked":"Impervious","floor":11.0}],"player_experience":1661361,"relics_obtained":[{"floor":7.0,"key":"Torii"},{"floor":9.0,"key":"Centennial Puzzle"}],"event_choices":[{"damage_healed":0.0,"max_hp_gain":0.0,"max_hp_loss":0.0,"gold_gain":0.0,"event_name":"Golden Idol","player_choice":"Take Damage","floor":12.0,"gold_loss":0.0,"damage_taken":26.0,"relics_obtained":["Golden Idol"]},{"damage_healed":0.0,"max_hp_gain":0.0,"max_hp_loss":0.0,"gold_gain":275.0,"event_name":"Golden Shrine","player_choice":"Desecrate","floor":13.0,"gold_loss":0.0,"damage_taken":0.0,"cards_obtained":["Regret"]}],"is_beta":false,"boss_relics":[],"items_purged_floors":[14],"is_endless":false,"potions_floor_spawned":[4,8,10],"killed_by":"The Guardian","ascension_level":20}}