{"host":"tiwza2kisyyrpq7h","time":1612640034,"event":{"mods":["BaseMod","BetterRewards","Colored Powertips","Minty Spire (QoL Compilation)","Quick Restart","Rare Cards Sparkle","StSLib","SuperFastMode","The Servant 0.9.4","óô»ðÖ¸ÄÏ"],"gold_per_floor":[109,109,126,126,51,51,51,72,72,106,125,125,138,151,151,244,244,264,264,179,202,202,238,238,238,238],"floor_reached":25,"language":"ZHS","playtime":619,"items_purged":[],"score":446,"play_id":"f7954eb7-3cc9-4b00-bfa7-a7aae6e16a71","local_time":"20210207033354","is_ascension_mode":true,"campfire_choices":[{"data":"Noxious Fumes","floor":6.0,"key":"SMITH"},{"floor":12.0,"key":"REST"},{"data":"Footwork","floor":15.0,"key":"SMITH"},{"floor":24.0,"key":"REST"}],"circlet_count":0,"master_deck":["AscendersBane","Strike_G","Strike_G","Defend_G","Defend_G","Defend_G","Defend_G","Defend_G","Survivor","Neutralize","Quick Slash","Noxious Fumes+1","Deadly Poison","Unload","Acrobatics+1","Bouncing Flask","Bane","Footwork+1","Doppelganger","Noxious Fumes","Bullet Time","Cloak And Dagger"],"relics":["Ring of the Snake","Golden Idol","Strawberry","Bronze Scales","Busted Crown","Incense Burner","Pear","Boot"],"acts_visited":["Exordium","TheCity"],"potions_floor_usage":[],"damage_taken":[{"damage":3.0,"enemies":"Jaw Worm","floor":1.0,"turns":7.0},{"damage":0.0,"enemies":"2 Louse","floor":3.0,"turns":2.0},{"damage":3.0,"enemies":"Small Slimes","floor":8.0,"turns":4.0},{"damage":31.0,"enemies":"Gremlin Nob","floor":10.0,"turns":4.0},{"damage":10.0,"enemies":"Red Slaver","floor":11.0,"turns":4.0},{"damage":6.0,"enemies":"Large Slime","floor":13.0,"turns":7.0},{"damage":0.0,"enemies":"3 Louse","floor":14.0,"turns":3.0},{"damage":1.0,"enemies":"Hexaghost","floor":16.0,"turns":8.0},{"damage":28.0,"enemies":"2 Thieves","floor":18.0,"turns":4.0},{"damage":5.0,"enemies":"Spheric Guardian","floor":21.0,"turns":4.0},{"damage":0.0,"enemies":"Chosen and Byrds","floor":22.0,"turns":1.0},{"damage":31.0,"enemies":"Book of Stabbing","floor":23.0,"turns":6.0},{"damage":41,"enemies":"Slavers","floor":25,"turns":4}],"seed_played":"6498395484899243827","potions_obtained":[{"floor":3.0,"key":"DuplicationPotion"},{"floor":8.0,"key":"SmokeBomb"},{"floor":13.0,"key":"DuplicationPotion"},{"floor":21.0,"key":"Strength Potion"}],"is_trial":false,"path_per_floor":["M","?","M","?","?","R","?","M","T","E","M","R","M","M","R","B",null,"M","T","?","M","M","E","R","E"],"character_chosen":"THE_SILENT","items_purchased":[],"campfire_rested":2,"item_purchase_floors":[],"current_hp_per_floor":[41,41,41,41,41,41,41,38,45,14,4,25,19,19,19,18,59,31,31,41,36,36,5,29,0,0],"gold":238,"neow_bonus":"TRANSFORM_TWO_CARDS","is_daily":false,"chose_seed":false,"campfire_upgraded":2,"win_rate":0.0,"timestamp":1612640034,"path_taken":["M","?","M","?","?","R","?","M","T","E","M","R","M","M","R","BOSS","M","?","?","M","M","E","R","E"],"items_purchased_type":[],"build_version":"2020-12-22","purchased_purges":0,"victory":false,"max_hp_per_floor":[66,66,66,66,66,66,66,66,73,73,73,73,73,73,73,73,73,73,73,83,83,83,83,83,83,83],"card_choices":[{"not_picked":["Dagger Throw","Backflip"],"picked":"Deadly Poison","floor":1.0},{"not_picked":["Sucker Punch","Backflip"],"picked":"Acrobatics","floor":3.0},{"not_picked":["Sucker Punch","Malaise"],"picked":"Bouncing Flask","floor":8.0},{"not_picked":["Escape Plan","Sucker Punch"],"picked":"Bane","floor":10.0},{"not_picked":["Dagger Throw","Predator"],"picked":"Footwork","floor":11.0},{"not_picked":["Underhanded Strike","Acrobatics"],"picked":"Doppelganger","floor":13.0},{"not_picked":["Escape Plan","Backflip"],"picked":"Noxious Fumes","floor":14.0},{"not_picked":["After Image","Malaise"],"picked":"Bullet Time","floor":16.0},{"not_picked":["Quick Slash"],"picked":"SKIP","floor":18.0},{"not_picked":[],"picked":"Cloak And Dagger","floor":21.0},{"not_picked":["Blade Dance"],"picked":"SKIP","floor":23.0}],"player_experience":971010,"relics_obtained":[{"floor":9.0,"key":"Strawberry"},{"floor":10.0,"key":"Bronze Scales"},{"floor":19.0,"key":"Incense Burner"},{"floor":23.0,"key":"Boot"}],"event_choices":[{"damage_healed":0.0,"max_hp_gain":0.0,"max_hp_loss":0.0,"gold_gain":0.0,"cards_transformed":["Strike_G"],"event_name":"Living Wall","player_choice":"Change","floor":2.0,"gold_loss":0.0,"damage_taken":0.0,"cards_obtained":["Unload"]},{"damage_healed":0.0,"max_hp_gain":0.0,"max_hp_loss":0.0,"gold_gain":0.0,"event_name":"Golden Idol","player_choice":"Take Wound","floor":4.0,"gold_loss":0.0,"damage_taken":0.0,"relics_obtained":["Golden Idol"],"cards_obtained":["Injury"]},{"cards_removed":["Injury"],"damage_healed":0.0,"max_hp_gain":0.0,"max_hp_loss":0.0,"gold_gain":0.0,"event_name":"The Cleric","player_choice":"Card Removal","floor":5.0,"gold_loss":75.0,"damage_taken":0.0},{"damage_healed":0.0,"max_hp_gain":0.0,"max_hp_loss":0.0,"gold_gain":0.0,"event_name":"Upgrade Shrine","player_choice":"Upgraded","floor":7.0,"gold_loss":0.0,"damage_taken":0.0,"cards_upgraded":["Acrobatics"]},{"damage_healed":0.0,"max_hp_gain":0.0,"max_hp_loss":0.0,"gold_gain":0.0,"event_name":"Addict","player_choice":"Obtained Relic","floor":20.0,"gold_loss":85.0,"damage_taken":0.0,"relics_obtained":["Pear"]}],"is_beta":false,"boss_relics":[{"not_picked":["Ectoplasm","HoveringKite"],"picked":"Busted Crown"}],"items_purged_floors":[],"is_endless":false,"potions_floor_spawned":[3,8,13,21],"killed_by":"Slavers","ascension_level":20}}