{"host":"sav7uxregyirlf69","time":1612624314,"event":{"mods":["AchievementEnabler","BaseMod","Colored Map","DeckTracker","Keyboard Shortcuts","Minty Spire (QoL Compilation)","READ ME - Guardian Mod","StSLib","SuperFastMode"],"gold_per_floor":[111,127,87,107,107,107,127,145,145,145,145,170,188,208,208,208,208],"floor_reached":16,"language":"KOR","playtime":283,"items_purged":[],"score":208,"play_id":"a2922178-965a-4e49-82c2-d7827dfc9bb9","local_time":"20210207001154","is_ascension_mode":true,"campfire_choices":[{"data":"Pommel Strike","floor":6,"key":"SMITH"},{"floor":11,"key":"REST"},{"data":"Rage","floor":15,"key":"SMITH"}],"circlet_count":0,"master_deck":["AscendersBane","Strike_R","Strike_R","Strike_R","Strike_R","Strike_R","Defend_R","Defend_R","Defend_R","Defend_R+1","Bash+1","Dropkick","Pommel Strike+1","Shrug It Off","Thunderclap","Rage+1","Twin Strike+1"],"relics":["Burning Blood","Molten Egg 2","Toy Ornithopter","CaptainsWheel"],"acts_visited":["Exordium"],"potions_floor_usage":[12,14],"damage_taken":[{"damage":9,"enemies":"Small Slimes","floor":1,"turns":6},{"damage":6,"enemies":"Cultist","floor":2,"turns":3},{"damage":9,"enemies":"Jaw Worm","floor":4,"turns":3},{"damage":4,"enemies":"2 Fungi Beasts","floor":7,"turns":3},{"damage":9,"enemies":"3 Louse","floor":8,"turns":4},{"damage":31,"enemies":"Lagavulin","floor":12,"turns":6},{"damage":13,"enemies":"Lots of Slimes","floor":13,"turns":4},{"damage":6,"enemies":"Gremlin Gang","floor":14,"turns":4},{"damage":53,"enemies":"Hexaghost","floor":16,"turns":10}],"seed_played":"6505323397460896055","potions_obtained":[{"floor":3,"key":"EntropicBrew"},{"floor":3,"key":"Strength Potion"},{"floor":4,"key":"FairyPotion"},{"floor":8,"key":"Regen Potion"},{"floor":13,"key":"SkillPotion"}],"is_trial":false,"path_per_floor":["M","M","?","M","?","R","M","M","T","?","R","E","M","M","R","B"],"character_chosen":"IRONCLAD","items_purchased":[],"campfire_rested":1,"item_purchase_floors":[],"current_hp_per_floor":[61,61,61,58,31,31,33,30,30,4,30,25,18,23,23,0,0],"gold":208,"neow_bonus":"TWENTY_PERCENT_HP_BONUS","is_daily":false,"chose_seed":false,"campfire_upgraded":2,"win_rate":0.0,"timestamp":1612624314,"path_taken":["M","M","?","?","?","R","M","M","T","?","R","E","M","M","R","BOSS"],"items_purchased_type":[],"build_version":"2020-12-22","purchased_purges":0,"victory":false,"max_hp_per_floor":[89,89,89,89,89,89,89,89,89,89,89,89,89,89,89,89,89],"card_choices":[{"not_picked":["Thunderclap","Body Slam"],"picked":"Dropkick","floor":1},{"not_picked":["Iron Wave","Body Slam"],"picked":"Pommel Strike","floor":2},{"not_picked":["Evolve","Clash"],"picked":"Shrug It Off","floor":4},{"not_picked":["Ghostly Armor","Armaments"],"picked":"Thunderclap","floor":7},{"not_picked":["Iron Wave","Body Slam","Perfected Strike"],"picked":"SKIP","floor":8},{"not_picked":["True Grit","Feel No Pain","Headbutt+1"],"picked":"SKIP","floor":12},{"not_picked":["Iron Wave+1","Armaments"],"picked":"Rage","floor":13},{"not_picked":["Iron Wave+1","Corruption"],"picked":"Twin Strike+1","floor":14}],"player_experience":1512262,"relics_obtained":[{"floor":9,"key":"Molten Egg 2"},{"floor":12,"key":"CaptainsWheel"}],"event_choices":[{"damage_healed":0,"gold_gain":0,"player_choice":"Bought 3 Potions","damage_taken":0,"max_hp_gain":0,"max_hp_loss":0,"event_name":"The Woman in Blue","floor":3,"gold_loss":0},{"damage_healed":0,"gold_gain":0,"player_choice":"Entered Light","damage_taken":27,"max_hp_gain":0,"max_hp_loss":0,"event_name":"Shining Light","floor":5,"gold_loss":0,"cards_upgraded":["Defend_R","Bash"]},{"damage_healed":0,"gold_gain":0,"player_choice":"Success","damage_taken":26,"relics_obtained":["Toy Ornithopter"],"max_hp_gain":0,"max_hp_loss":0,"event_name":"Scrap Ooze","floor":10,"gold_loss":0}],"is_beta":false,"boss_relics":[],"items_purged_floors":[],"is_endless":false,"potions_floor_spawned":[4,8,13],"killed_by":"Hexaghost","ascension_level":20}}