{"host":"p0hktren06injwdf","time":1612614703,"event":{"mods":["AchievementEnabler","BaseMod","Colored Map","DeckTracker","Minty Spire (QoL Compilation)","Permanent Neow","StSLib","SuperFastMode"],"gold_per_floor":[112,123,123,135,155,186,186,211,258,270,286,286,298,313,313,386,386,406,418,186,198,209,209,221,248,323,334,334,367,367,394,394,394,394],"floor_reached":33,"language":"KOR","playtime":777,"items_purged":["Strike_R"],"score":606,"play_id":"acdffab2-a299-4a3a-9fd2-e5a8486b4dae","local_time":"20210206213143","is_ascension_mode":true,"campfire_choices":[{"data":"Pommel Strike","floor":7,"key":"SMITH"},{"floor":12,"key":"REST"},{"floor":15,"key":"REST"},{"data":"Rupture","floor":23,"key":"SMITH"},{"floor":28,"key":"REST"},{"data":"Combust","floor":32,"key":"SMITH"}],"circlet_count":0,"master_deck":["AscendersBane","Strike_R","Strike_R","Strike_R","Strike_R","Defend_R","Defend_R","Defend_R","Bash","Headbutt","Anger","Shrug It Off","Pommel Strike+1","Thunderclap","Combust+1","Corruption","Spot Weakness+1","Impervious","Rupture+1","Disarm","Writhe","Flame Barrier","Rage","Twin Strike"],"relics":["Burning Blood","Oddly Smooth Stone","Self Forming Clay","MealTicket","Cursed Key","Red Mask","Meat on the Bone","Omamori","Eternal Feather"],"acts_visited":["Exordium","TheCity"],"potions_floor_usage":[5,6,6,10,21,25,27,29,31],"damage_taken":[{"damage":16,"enemies":"Jaw Worm","floor":1,"turns":5},{"damage":1,"enemies":"Cultist","floor":2,"turns":3},{"damage":2,"enemies":"2 Louse","floor":4,"turns":3},{"damage":26,"enemies":"Exordium Wildlife","floor":5,"turns":5},{"damage":8,"enemies":"Gremlin Nob","floor":6,"turns":3},{"damage":35,"enemies":"Lagavulin","floor":8,"turns":8},{"damage":16,"enemies":"Exordium Thugs","floor":10,"turns":5},{"damage":10,"enemies":"3 Louse","floor":11,"turns":4},{"damage":4,"enemies":"Looter","floor":13,"turns":3},{"damage":20,"enemies":"Exordium Wildlife","floor":14,"turns":5},{"damage":39,"enemies":"Slime Boss","floor":16,"turns":8},{"damage":18,"enemies":"3 Byrds","floor":18,"turns":5},{"damage":18,"enemies":"Chosen","floor":19,"turns":4},{"damage":45,"enemies":"Snake Plant","floor":21,"turns":6},{"damage":33,"enemies":"Sentry and Sphere","floor":22,"turns":6},{"damage":18,"enemies":"Centurion and Healer","floor":24,"turns":5},{"damage":6,"enemies":"Masked Bandits","floor":25,"turns":3},{"damage":11,"enemies":"Snake Plant","floor":27,"turns":6},{"damage":20,"enemies":"Slavers","floor":29,"turns":5},{"damage":11,"enemies":"Book of Stabbing","floor":31,"turns":7},{"damage":77,"enemies":"Collector","floor":33,"turns":8}],"seed_played":"-1526286235445380333","potions_obtained":[{"floor":3,"key":"DuplicationPotion"},{"floor":3,"key":"Weak Potion"},{"floor":5,"key":"DistilledChaos"},{"floor":6,"key":"EssenceOfSteel"},{"floor":8,"key":"Regen Potion"},{"floor":16,"key":"BloodPotion"},{"floor":21,"key":"FairyPotion"},{"floor":25,"key":"SkillPotion"},{"floor":27,"key":"SkillPotion"},{"floor":29,"key":"SkillPotion"}],"is_trial":false,"path_per_floor":["M","M","?","M","M","E","R","E","T","M","M","R","M","M","R","B",null,"M","M","$","M","M","R","M","?","T","M","R","E","?","E","R","B"],"character_chosen":"IRONCLAD","items_purchased":["Impervious","Rupture"],"campfire_rested":3,"item_purchase_floors":[20,20],"current_hp_per_floor":[58,63,63,67,47,45,45,16,16,20,16,38,40,26,48,15,60,48,36,51,27,28,28,16,16,16,23,45,43,43,50,62,0,0],"gold":394,"neow_bonus":"REMOVE_CARD","is_daily":false,"chose_seed":false,"campfire_upgraded":3,"win_rate":0.0,"timestamp":1612614703,"path_taken":["M","M","?","M","M","E","R","E","T","M","M","R","M","?","R","BOSS","M","M","$","M","M","R","M","?","T","M","R","E","?","E","R","BOSS"],"items_purchased_type":["Card","Card"],"build_version":"2020-12-22","purchased_purges":1,"victory":false,"max_hp_per_floor":[75,75,75,75,75,75,75,75,75,75,75,75,75,75,75,75,75,75,75,75,75,75,75,75,75,75,75,75,75,75,75,75,75,75],"card_choices":[{"not_picked":["Armaments","Sword Boomerang"],"picked":"Headbutt","floor":1},{"not_picked":["Clash","True Grit"],"picked":"Anger","floor":2},{"not_picked":["Warcry","Brutality","Rampage"],"picked":"SKIP","floor":4},{"not_picked":["Metallicize","Headbutt"],"picked":"Shrug It Off","floor":5},{"not_picked":["Shockwave","Impervious"],"picked":"Pommel Strike","floor":6},{"not_picked":["Headbutt","Shrug It Off","Wild Strike"],"picked":"SKIP","floor":8},{"not_picked":["Body Slam","Warcry","Combust"],"picked":"SKIP","floor":10},{"not_picked":["Warcry","Bloodletting"],"picked":"Thunderclap","floor":11},{"not_picked":["Wild Strike","Body Slam","Warcry"],"picked":"SKIP","floor":13},{"not_picked":["Feed","Reckless Charge"],"picked":"Combust","floor":14},{"not_picked":["Brutality","Barricade"],"picked":"Corruption","floor":16},{"not_picked":["Searing Blow+1","Pommel Strike","Warcry"],"picked":"SKIP","floor":18},{"not_picked":["Sentinel","Disarm"],"picked":"Spot Weakness+1","floor":19},{"not_picked":["Rupture","Wild Strike","Bludgeon"],"picked":"SKIP","floor":21},{"not_picked":["True Grit","Rampage","Sever Soul"],"picked":"SKIP","floor":22},{"not_picked":["Clash","Flex"],"picked":"Disarm","floor":24},{"not_picked":["Perfected Strike","Rupture"],"picked":"Flame Barrier","floor":27},{"not_picked":["Cleave","Infernal Blade"],"picked":"Rage","floor":29},{"not_picked":["Bludgeon","Twin Strike","Flame Barrier"],"picked":"SKIP","floor":31},{"not_picked":["Bludgeon","Flame Barrier"],"picked":"Twin Strike","floor":31}],"player_experience":1022607,"relics_obtained":[{"floor":6,"key":"Oddly Smooth Stone"},{"floor":8,"key":"Self Forming Clay"},{"floor":9,"key":"MealTicket"},{"floor":25,"key":"Red Mask"},{"floor":26,"key":"Meat on the Bone"},{"floor":29,"key":"Omamori"},{"floor":31,"key":"Eternal Feather"}],"event_choices":[{"damage_healed":0,"gold_gain":0,"player_choice":"Got Potions","damage_taken":0,"max_hp_gain":0,"max_hp_loss":0,"event_name":"Lab","floor":3,"gold_loss":0},{"damage_healed":0,"gold_gain":0,"player_choice":"Fought Bandits","damage_taken":0,"max_hp_gain":0,"max_hp_loss":0,"event_name":"Masked Bandits","floor":25,"gold_loss":0},{"damage_healed":0,"gold_gain":0,"player_choice":"Ignored","damage_taken":0,"max_hp_gain":0,"max_hp_loss":0,"event_name":"Vampires","floor":30,"gold_loss":0}],"is_beta":false,"boss_relics":[{"not_picked":["Ectoplasm","Runic Dome"],"picked":"Cursed Key"}],"items_purged_floors":[20],"is_endless":false,"potions_floor_spawned":[5,6,8,16,19,21,25,27,29],"killed_by":"Collector","ascension_level":20}}