{"host":"nlh1m2716594vj2h","time":1612597125,"event":{"mods":["AchievementEnabler","BaseMod","Beaked The Cultist","BetterRewards","Downfall","Duelist Mod","Glutton Mod","Googly Eyes","Gremlin Mod","Hermit","Hubris","Infinite Spire","Jorbs\u0027s Wanderer Trilogy","Marisa????????","Minty Spire (QoL Compilation)","Replay The Spire","Shop Mod","StSLib","The Animator","The Blackbeard","The Bug Knight","The Cursed","The Gatherer","The Hierophant","The Necromancer","The Poker Player","The Runesmith","The Servant 0.9.4"],"gold_per_floor":[140,160,19,32,32,32,32,49,49,69,88,9,0,0,0,102,102,116,116,132,132,59,59,59,59,59],"floor_reached":25,"language":"ENG","playtime":2579,"items_purged":[],"score":306,"play_id":"b0ac19ce-ba6c-4a87-a2cf-a863397abe94","local_time":"20210206023845","is_ascension_mode":true,"campfire_choices":[{"floor":6,"key":"REST"},{"floor":15,"key":"REST"},{"floor":23,"key":"REST"}],"circlet_count":0,"master_deck":["theDuelist:CastleWalls","theDuelist:CastleWalls","theDuelist:DarkMagician","theDuelist:MysticalElf","theDuelist:MysticalElf","theDuelist:NeoMagic","theDuelist:NeoMagic","theDuelist:Sparks","theDuelist:InariFire","theDuelist:InariFire","theDuelist:ExodiaLA","theDuelist:ExodiaLA","theDuelist:ThousandEyesIdol","theDuelist:CallAtlanteans","theDuelist:ExodiaLL","theDuelist:MirrorForce","theDuelist:DropOff","theDuelist:MindAir","theDuelist:SilentDoom","theDuelist:LegendaryFlameLord","theDuelist:RainbowDarkDragon","theDuelist:ExodiaNecross","theDuelist:RainbowMagician","theDuelist:LegendaryExodia","hubris:InfiniteBlow+18","theDuelist:AltarTribute+1","theDuelist:SangaThunder","theDuelist:PsiCurse"],"relics":["theDuelist:MillenniumPuzzle","theDuelist:CardPoolRelic","theDuelist:CardPoolBasicRelic","theDuelist:BoosterPackPoolRelic","theDuelist:CardPoolAddRelic","theDuelist:CardPoolMinusRelic","theDuelist:CardPoolSaveRelic","theDuelist:CardPoolOptionsRelic","theDuelist:DuelistOrichalcum","WingedGreaves","theDuelist:DuelistTeaSet","infinitespire:CheckeredPen","Tiny Chest","Empty Cage","theDuelist:ShopToken","theDuelist:MillenniumArmor"],"acts_visited":["Exordium","TheCity"],"potions_floor_usage":[8,16,16],"damage_taken":[{"damage":3,"enemies":"Small Slimes","floor":1,"turns":4},{"damage":1,"enemies":"Cultist","floor":2,"turns":4},{"damage":0,"enemies":"2 Louse","floor":4,"turns":3},{"damage":20,"enemies":"Large Slime","floor":8,"turns":6},{"damage":0,"enemies":"3 Louse","floor":10,"turns":4},{"damage":18,"enemies":"Gremlin Gang","floor":11,"turns":4},{"damage":46,"enemies":"Slime Boss","floor":16,"turns":9},{"damage":8,"enemies":"Shell Parasite","floor":18,"turns":5},{"damage":39,"enemies":"3 Byrds","floor":20,"turns":6},{"damage":66,"enemies":"3 Byrds","floor":25,"turns":5}],"seed_played":"-1367068445818713113","potions_obtained":[{"floor":1,"key":"theDuelist:FusionPotion"},{"floor":4,"key":"AttackPotion"},{"floor":10,"key":"FearPotion"},{"floor":20,"key":"Reflective Coating"}],"is_trial":false,"path_per_floor":["M","M","$","M","$","R","?","M","T","M","M","$","?","?","R","B",null,"M","AVR","M","?","$","R","?","?"],"character_chosen":"THE_DUELIST","items_purchased":["theDuelist:DuelistOrichalcum","theDuelist:InariFire","theDuelist:ExodiaLA","theDuelist:ExodiaLL","theDuelist:MirrorForce","theDuelist:RainbowDarkDragon","theDuelist:ShopToken","theDuelist:SangaThunder"],"campfire_rested":3,"item_purchase_floors":[0,0,0,3,3,12,22,22],"current_hp_per_floor":[48,47,47,47,47,71,65,45,45,45,27,27,27,27,51,5,80,72,72,33,33,33,57,57,0,0],"gold":59,"neow_bonus":"","is_daily":false,"chose_seed":false,"campfire_upgraded":0,"win_rate":0.0,"timestamp":1612597125,"path_taken":["M","M","$","M","$","R","?","M","T","M","?","$","?","?","R","BOSS","M","AVR","M","?","$","R","?","?"],"items_purchased_type":["Relic","Card","Card","Card","Card","Card","Relic","Card"],"build_version":"2020-12-22","purchased_purges":0,"victory":false,"max_hp_per_floor":[80,80,80,80,80,80,80,80,80,80,80,80,80,80,80,80,80,80,80,80,80,80,80,80,80,80],"card_choices":[{"not_picked":["theDuelist:InjectionFairy","theDuelist:MysticalElf","theDuelist:OnslaughtFireKings","theDuelist:BlizzardWarrior"],"picked":"theDuelist:ThousandEyesIdol","floor":1},{"not_picked":["theDuelist:SangaThunder","theDuelist:FlyingSaucer","theDuelist:SpellShatteringArrow","theDuelist:DarkMagician"],"picked":"theDuelist:CallAtlanteans","floor":2},{"not_picked":["theDuelist:GilfordLegend","theDuelist:DestroyerGolem","theDuelist:HarpieFeather","theDuelist:ForbiddenChalice"],"picked":"theDuelist:DropOff","floor":4},{"not_picked":["theDuelist:MagiciansRobe","theDuelist:Yami","theDuelist:WonderWand"],"picked":"theDuelist:MindAir","floor":8},{"not_picked":["theDuelist:LegendaryExodia","theDuelist:BlizzardPrincess"],"picked":"theDuelist:SilentDoom","floor":10},{"not_picked":["theDuelist:NeoMagic","theDuelist:InariFire","theDuelist:ThousandEyesIdol","theDuelist:ExodiaLL"],"picked":"theDuelist:LegendaryFlameLord","floor":11},{"not_picked":["theDuelist:RainbowDarkDragon","theDuelist:IrisEarthMother","theDuelist:RainbowKuriboh","theDuelist:RainbowOverdragon"],"picked":"theDuelist:RainbowMagician","floor":16},{"not_picked":["theDuelist:ExodiaLA","theDuelist:LegendaryFlameLord","theDuelist:ExodiaLL","theDuelist:CircleFireKings"],"picked":"theDuelist:LegendaryExodia","floor":18},{"not_picked":["theDuelist:WhiteHowling","theDuelist:DarkHorizon","theDuelist:IcyCrevasse","theDuelist:BadReaction"],"picked":"theDuelist:AltarTribute+1","floor":20}],"player_experience":493995,"relics_obtained":[{"floor":9,"key":"infinitespire:CheckeredPen"},{"floor":14,"key":"Tiny Chest"}],"event_choices":[{"damage_healed":0,"gold_gain":0,"player_choice":"Dig - random Duelist relic","duelist":true,"damage_taken":0,"max_hp_gain":0,"max_hp_loss":0,"event_name":"Aknamkanon\u0027s Tomb","floor":7,"gold_loss":0},{"damage_healed":0,"gold_gain":0,"player_choice":"Purchased Exodia Necross for 9 Gold.","duelist":true,"damage_taken":0,"max_hp_gain":0,"max_hp_loss":0,"event_name":"Card Trader","floor":13,"gold_loss":0},{"damage_healed":0,"gold_gain":0,"player_choice":"Leave","duelist":true,"damage_taken":0,"max_hp_gain":0,"max_hp_loss":0,"event_name":"Relic Duplicator","floor":21,"gold_loss":0},{"damage_healed":0,"gold_gain":0,"player_choice":"Took item - Received: Millennium Armor","duelist":true,"damage_taken":0,"max_hp_gain":0,"max_hp_loss":0,"event_name":"Millennium Items","floor":24,"gold_loss":0},{"damage_healed":0,"gold_gain":0,"player_choice":"Fight","duelist":true,"damage_taken":0,"max_hp_gain":0,"max_hp_loss":0,"event_name":"Battle City","floor":25,"gold_loss":0}],"is_beta":false,"boss_relics":[{"not_picked":["hubris:CrackedHourglass","Runesmith:UraniumAnvil"],"picked":"Empty Cage"}],"items_purged_floors":[],"is_endless":false,"potions_floor_spawned":[1,4,10,20],"killed_by":"3 Byrds","ascension_level":1}}