{"host":"oehe2dxjvdgux73m","time":1612628545,"event":{"mods":["AchievementEnabler","BaseMod","Colored Map","Colored Powertips","DeckTracker","Keyboard Shortcuts","Minty Spire (QoL Compilation)","Permanent Neow","Quick Restart","StSLib","SuperFastMode"],"gold_per_floor":[363,363,106,117,17,52,52,66,66,86,86,96,112,122,122,221,271,282,282,295,312,187,187,222,100,100,100,128,146,173,189,189,287,287,303,183,237,237,97,97,110,110,110,110,110,137,147,162,162,162],"floor_reached":51,"language":"KOR","playtime":1714,"items_purged":["Injury","Strike_B","Strike_B","Strike_B","Amplify"],"score":806,"play_id":"641d6177-0107-4dd2-b3bb-7e6df26ab3a4","local_time":"20210207012225","is_ascension_mode":true,"campfire_choices":[{"data":"Apotheosis","floor":7.0,"key":"SMITH"},{"data":"Zap","floor":15.0,"key":"SMITH"},{"data":"Electrodynamics","floor":23.0,"key":"SMITH"},{"data":"Defragment","floor":27.0,"key":"SMITH"},{"data":"Dualcast","floor":32.0,"key":"SMITH"},{"data":"Turbo","floor":40,"key":"SMITH"},{"data":"Turbo","floor":42,"key":"SMITH"},{"data":"Capacitor","floor":44,"key":"SMITH"},{"data":"Reboot","floor":49,"key":"SMITH"}],"circlet_count":0,"master_deck":["Strike_B+1","Defend_B","Defend_B","Defend_B","Defend_B","Zap+1","Dualcast+1","Genetic Algorithm+1","Apotheosis+1","Sweeping Beam+1","Hologram","Turbo+1","Cold Snap","Electrodynamics+1","Redo","Electrodynamics","Capacitor+1","Tempest","Multi-Cast","Self Repair","Defragment+1","Coolheaded+1","Ball Lightning+1","Ball Lightning+1","Echo Form","Reinforced Body+1","Static Discharge","Turbo+1","Conserve Battery+1","Reboot+1"],"relics":["Cracked Core","Unceasing Top","Whetstone","HornCleat","Tiny House","The Courier","Eternal Feather","Dead Branch","Incense Burner","Nuclear Battery","Bird Faced Urn","Mercury Hourglass","Ice Cream"],"acts_visited":["Exordium","TheCity","TheBeyond"],"potions_floor_usage":[41,41,41,41,47,50],"damage_taken":[{"damage":7.0,"enemies":"Jaw Worm","floor":1.0,"turns":3.0},{"damage":0.0,"enemies":"Cultist","floor":4.0,"turns":3.0},{"damage":27.0,"enemies":"3 Sentries","floor":6.0,"turns":6.0},{"damage":0.0,"enemies":"Small Slimes","floor":8.0,"turns":3.0},{"damage":0.0,"enemies":"2 Fungi Beasts","floor":10.0,"turns":3.0},{"damage":2.0,"enemies":"Red Slaver","floor":12.0,"turns":3.0},{"damage":0.0,"enemies":"Large Slime","floor":13.0,"turns":6.0},{"damage":0.0,"enemies":"Looter","floor":14.0,"turns":4.0},{"damage":25.0,"enemies":"Slime Boss","floor":16.0,"turns":10.0},{"damage":0.0,"enemies":"Chosen","floor":18.0,"turns":4.0},{"damage":9.0,"enemies":"Shell Parasite","floor":20.0,"turns":4.0},{"damage":4.0,"enemies":"Shelled Parasite and Fungi","floor":21.0,"turns":4.0},{"damage":37.0,"enemies":"Book of Stabbing","floor":24.0,"turns":5.0},{"damage":14.0,"enemies":"Slavers","floor":28.0,"turns":2.0},{"damage":0.0,"enemies":"3 Cultists","floor":29.0,"turns":2.0},{"damage":28.0,"enemies":"Book of Stabbing","floor":30.0,"turns":6.0},{"damage":0.0,"enemies":"Centurion and Healer","floor":31.0,"turns":5.0},{"damage":4.0,"enemies":"Automaton","floor":33.0,"turns":8.0},{"damage":4.0,"enemies":"3 Shapes","floor":35.0,"turns":3.0},{"damage":22.0,"enemies":"2 Orb Walkers","floor":37.0,"turns":4.0},{"damage":26,"enemies":"3 Darklings","floor":41,"turns":3},{"damage":62,"enemies":"Giant Head","floor":46,"turns":7},{"damage":2,"enemies":"Sphere and 2 Shapes","floor":47,"turns":3},{"damage":4,"enemies":"4 Shapes","floor":48,"turns":4},{"damage":48,"enemies":"Time Eater","floor":50,"turns":7}],"seed_played":"-2282799481025301529","potions_obtained":[{"floor":1.0,"key":"ColorlessPotion"},{"floor":8.0,"key":"Strength Potion"},{"floor":10.0,"key":"Dexterity Potion"},{"floor":14.0,"key":"Block Potion"},{"floor":17.0,"key":"LiquidBronze"},{"floor":18.0,"key":"DistilledChaos"},{"floor":30.0,"key":"LiquidMemories"},{"floor":31.0,"key":"FearPotion"},{"floor":33.0,"key":"AttackPotion"},{"floor":35.0,"key":"EntropicBrew"},{"floor":41,"key":"SteroidPotion"}],"is_trial":false,"path_per_floor":["M","?","$","M","$","E","R","M","T","M","?","M","M","M","R","B",null,"M","?","M","M","$","R","E","$","T","R","E","M","E","M","R","B",null,"M","$","?","?","$","R","M","R","T","R","$","E","M","M","R","B",null],"character_chosen":"DEFECT","items_purchased":["Apotheosis","Self Repair","Defragment"],"campfire_rested":0,"item_purchase_floors":[3,25,25],"current_hp_per_floor":[68,68,68,68,68,41,41,41,41,41,46,44,44,44,44,19,85,85,85,76,72,72,72,35,35,35,47,33,33,12,19,34,40,85,85,85,63,63,63,78,76,81,81,81,81,28,40,40,58,27],"gold":162,"neow_bonus":"TWO_FIFTY_GOLD","is_daily":false,"chose_seed":false,"campfire_upgraded":9,"win_rate":0.0,"timestamp":1612628545,"path_taken":["M","?","$","M","$","E","R","?","T","M","?","M","M","M","R","BOSS","M","?","?","M","$","R","E","$","T","R","E","M","E","M","R","BOSS","M","$","?","?","?","R","M","R","T","R","$","E","M","M","R","BOSS"],"items_purchased_type":["Card","Card","Card"],"build_version":"2020-12-22","purchased_purges":5,"victory":true,"max_hp_per_floor":[75,75,75,75,75,75,75,75,75,75,80,80,80,80,80,80,85,85,85,85,85,85,85,85,85,85,85,85,85,85,85,85,85,85,85,85,85,81,81,81,81,81,81,81,81,81,81,81,81,81],"card_choices":[{"not_picked":["Streamline","Stack"],"picked":"Genetic Algorithm","floor":1.0},{"not_picked":["Compile Driver","Gash"],"picked":"Sweeping Beam","floor":4.0},{"not_picked":["Double Energy","Turbo"],"picked":"Amplify","floor":6.0},{"not_picked":["Chaos","Leap"],"picked":"Hologram","floor":8.0},{"not_picked":["Go for the Eyes","Steam","Gash"],"picked":"SKIP","floor":10.0},{"not_picked":["Conserve Battery","Auto Shields"],"picked":"Turbo","floor":12.0},{"not_picked":["Beam Cell","Blizzard"],"picked":"Cold Snap","floor":13.0},{"not_picked":["Hologram","Sweeping Beam","Genetic Algorithm"],"picked":"SKIP","floor":14.0},{"not_picked":["Multi-Cast","Seek"],"picked":"Electrodynamics","floor":16.0},{"not_picked":["Conserve Battery","Leap"],"picked":"Redo","floor":17.0},{"not_picked":["Sweeping Beam","Cold Snap","Barrage"],"picked":"SKIP","floor":18.0},{"not_picked":["Cold Snap+1","Turbo"],"picked":"Capacitor","floor":20.0},{"not_picked":["White Noise","Streamline+1"],"picked":"Tempest","floor":21.0},{"not_picked":["Cold Snap+1","Compile Driver"],"picked":"Multi-Cast","floor":24.0},{"not_picked":["Cold Snap+1","Streamline"],"picked":"Coolheaded+1","floor":28.0},{"not_picked":["Cold Snap+1","Melter"],"picked":"Ball Lightning+1","floor":29.0},{"not_picked":["Turbo","Hologram","Stack"],"picked":"SKIP","floor":30.0},{"not_picked":["Skim","Redo"],"picked":"Ball Lightning+1","floor":31.0},{"not_picked":["All For One","Rainbow"],"picked":"Echo Form","floor":33.0},{"not_picked":["Chill+1","Scrape+1"],"picked":"Reinforced Body+1","floor":35.0},{"not_picked":["Heatsinks","Genetic Algorithm+1"],"picked":"Static Discharge","floor":37.0},{"not_picked":["Blizzard","White Noise"],"picked":"Turbo","floor":41},{"not_picked":["Auto Shields+1","Hologram","Steam"],"picked":"SKIP","floor":46},{"not_picked":["Stack","Leap+1"],"picked":"Conserve Battery+1","floor":47},{"not_picked":["Doom and Gloom","Sweeping Beam+1"],"picked":"Reboot","floor":48}],"player_experience":397883,"relics_obtained":[{"floor":6.0,"key":"Whetstone"},{"floor":9.0,"key":"HornCleat"},{"floor":24.0,"key":"The Courier"},{"floor":26.0,"key":"Eternal Feather"},{"floor":28.0,"key":"Dead Branch"},{"floor":30.0,"key":"Incense Burner"},{"floor":37.0,"key":"Bird Faced Urn"},{"floor":43,"key":"Mercury Hourglass"},{"floor":46,"key":"Ice Cream"}],"event_choices":[{"damage_healed":0.0,"max_hp_gain":0.0,"max_hp_loss":0.0,"gold_gain":0.0,"event_name":"WeMeetAgain","player_choice":"Gave Potion","floor":2.0,"gold_loss":0.0,"damage_taken":0.0,"relics_obtained":["Unceasing Top"]},{"damage_healed":0.0,"max_hp_gain":5.0,"max_hp_loss":0.0,"gold_gain":0.0,"event_name":"Big Fish","player_choice":"Donut","floor":11.0,"gold_loss":0.0,"damage_taken":0.0},{"damage_healed":0.0,"max_hp_gain":0.0,"max_hp_loss":0.0,"gold_gain":0.0,"event_name":"Duplicator","player_choice":"Copied","floor":19.0,"gold_loss":0.0,"damage_taken":0.0,"cards_obtained":["Electrodynamics"]},{"damage_healed":0.0,"max_hp_gain":0.0,"max_hp_loss":0.0,"gold_gain":0.0,"event_name":"Mysterious Sphere","player_choice":"Fight","floor":37.0,"gold_loss":0.0,"damage_taken":0.0},{"damage_healed":0,"gold_gain":0,"player_choice":"Max HP","damage_taken":0,"max_hp_gain":0,"max_hp_loss":4,"event_name":"Winding Halls","floor":38,"gold_loss":0}],"is_beta":false,"boss_relics":[{"not_picked":["Velvet Choker","SacredBark"],"picked":"Tiny House"},{"not_picked":["Sozu","Coffee Dripper"],"picked":"Nuclear Battery"}],"items_purged_floors":[3,5,22,36,39],"is_endless":false,"potions_floor_spawned":[1,8,10,14,18,30,31,33,35,41],"ascension_level":2}}