{"host":"9ahx8fyo8ahtgkt3","time":1612630038,"event":{"mods":["BaseMod","Bestiary","Better Third Choice","BetterRewards","Colored Powertips","Conspire","Curses Come First","Downfall","Evolution","Hubris","Infinite Spire","Minty Spire (QoL Compilation)","Quick Restart","Replay The Spire","Shop Mod","Spicy Shops","StSLib","Synergy Search"],"gold_per_floor":[115,115,127,127,138,166,177,177,177],"floor_reached":8,"language":"DEU","playtime":1562,"items_purged":["Strike_R"],"score":61,"play_id":"c445610f-fc9c-4e72-b7dd-20a2a2ce253c","local_time":"20210206174718","is_ascension_mode":true,"campfire_choices":[],"circlet_count":0,"master_deck":["Strike_R","Strike_R","Strike_R","Strike_R","Defend_R","Defend_R","Defend_R","Defend_R","Bash","Corruption","Shrug It Off","Feel No Pain+1","Burning Pact","Ghostly Armor","Enlightenment","hubris:ReadiedAction","Anger","ReplayTheSpireMod:Strike From Hell","Shrug It Off","Body Slam"],"relics":["Burning Blood","EVO:Axolotl","conspire:GiftBox","Golden Egg","Toolbox","infinitespire:Joker Card","hubris:TinFlute","hubris:OldNail","hubris:SlimyHat","ReplayTheSpireMod:Lightbulb","hubris:TenFootPole","Pen Nib","hubris:ChampionShield"],"acts_visited":["Exordium"],"potions_floor_usage":[8],"damage_taken":[{"damage":0.0,"enemies":"Jaw Worm","floor":1.0,"turns":7.0},{"damage":28.0,"enemies":"infinitespire:Voidling","floor":3.0,"turns":6.0},{"damage":0.0,"enemies":"Cultist","floor":5.0,"turns":4.0},{"damage":5.0,"enemies":"3 Sentries","floor":6.0,"turns":8.0},{"damage":6.0,"enemies":"Lots of Slimes","floor":7.0,"turns":4.0},{"damage":6,"enemies":"Gremlin Nob","floor":8,"turns":5}],"seed_played":"6177664147741473437","potions_obtained":[{"floor":2.0,"key":"Doom Potion"},{"floor":2.0,"key":"Fruit Juice"},{"floor":2.0,"key":"ElixirPotion"},{"floor":5.0,"key":"Flashbang"}],"is_trial":false,"path_per_floor":["M","?","M","$","M","E","M","E"],"character_chosen":"IRONCLAD","items_purchased":["Shrug It Off","Feel No Pain+1","Burning Pact","Ghostly Armor","Enlightenment","Golden Egg","Toolbox","hubris:TinFlute","hubris:OldNail","hubris:SlimyHat","ReplayTheSpireMod:Lightbulb","hubris:TenFootPole","Pen Nib"],"campfire_rested":0,"item_purchase_floors":[0,0,0,0,0,0,0,4,4,4,4,4,4],"current_hp_per_floor":[80,80,72,3,14,15,15,9,9],"gold":177,"neow_bonus":"","is_daily":false,"chose_seed":false,"campfire_upgraded":0,"win_rate":0.0,"timestamp":1612630038,"path_taken":["M","?","?","?","M","E","M","E"],"items_purchased_type":["Card","Card","Card","Card","Card","Relic","Relic","Relic","Relic","Relic","Relic","Relic","Relic"],"build_version":"2020-12-22","purchased_purges":1,"victory":false,"max_hp_per_floor":[80,80,80,80,85,85,85,85,85],"card_choices":[{"not_picked":["Feed","Reaper"],"picked":"Corruption","floor":0.0},{"not_picked":["Clash","conspire:Charge"],"picked":"hubris:ReadiedAction","floor":1.0},{"not_picked":["Heavy Blade","Perfected Strike"],"picked":"Anger","floor":3.0},{"not_picked":["Cleave","Pommel Strike"],"picked":"ReplayTheSpireMod:Strike From Hell","floor":5.0},{"not_picked":["Double Tap","Replay:Undeath\u0027s Touch"],"picked":"Shrug It Off","floor":6.0},{"not_picked":["Whirlwind","Shrug It Off"],"picked":"Body Slam","floor":7.0}],"player_experience":41291,"relics_obtained":[{"floor":6.0,"key":"hubris:ChampionShield"}],"event_choices":[{"damage_healed":0.0,"max_hp_gain":0.0,"max_hp_loss":0.0,"gold_gain":0.0,"event_name":"Lab","player_choice":"Got Potions","floor":2.0,"gold_loss":0.0,"damage_taken":0.0}],"is_beta":false,"boss_relics":[],"items_purged_floors":[0],"is_endless":false,"potions_floor_spawned":[5],"killed_by":"Gremlin Nob","ascension_level":1}}