{"host":"2wp95sdfrgw3k439","time":1612580046,"event":{"mods":["BaseMod","Better Altar","Better Skull","Better Third Choice","Curses Come First","Minty Spire (QoL Compilation)","Permanent Neow","StSLib"],"gold_per_floor":[117,117,137,151,164,176,29,47,74,93,93,121,133,161,161,161,161],"floor_reached":16,"language":"ENG","playtime":1002,"items_purged":["Strike_G"],"score":168,"play_id":"7dcf4133-bf98-4f4b-9611-4f83c212d090","local_time":"20210205195406","is_ascension_mode":true,"campfire_choices":[{"data":"Glass Knife","floor":11,"key":"SMITH"},{"floor":15,"key":"REST"}],"circlet_count":0,"master_deck":["Strike_G","Strike_G","Strike_G","Defend_G","Defend_G","Defend_G","Defend_G","Defend_G","Survivor","Neutralize","Infinite Blades","Calculated Gamble","Quick Slash","Infinite Blades","Concentrate","Crippling Poison","Glass Knife+1","Flying Knee","Escape Plan","Glass Knife"],"relics":["Sozu","Anchor","Regal Pillow","Juzu Bracelet"],"acts_visited":["Exordium"],"potions_floor_usage":[],"damage_taken":[{"damage":0,"enemies":"Jaw Worm","floor":1,"turns":4},{"damage":0,"enemies":"Cultist","floor":3,"turns":5},{"damage":0,"enemies":"2 Louse","floor":4,"turns":3},{"damage":0,"enemies":"Exordium Wildlife","floor":5,"turns":4},{"damage":10,"enemies":"3 Louse","floor":6,"turns":4},{"damage":3,"enemies":"Looter","floor":8,"turns":3},{"damage":4,"enemies":"2 Fungi Beasts","floor":10,"turns":3},{"damage":12,"enemies":"Lagavulin","floor":12,"turns":6},{"damage":0,"enemies":"Blue Slaver","floor":13,"turns":2},{"damage":29,"enemies":"Gremlin Nob","floor":14,"turns":5},{"damage":41,"enemies":"Hexaghost","floor":16,"turns":11}],"seed_played":"-6522478869496736045","potions_obtained":[],"is_trial":false,"path_per_floor":["M","?","M","M","M","M","$","M","T","M","R","E","M","E","R","B"],"character_chosen":"THE_SILENT","items_purchased":["Glass Knife"],"campfire_rested":1,"item_purchase_floors":[7],"current_hp_per_floor":[63,63,63,63,63,53,53,50,50,46,46,34,34,5,41,0,0],"gold":161,"neow_bonus":"BOSS_RELIC","is_daily":false,"chose_seed":false,"campfire_upgraded":1,"win_rate":0.0,"timestamp":1612580046,"path_taken":["M","?","M","M","M","M","$","M","T","M","R","E","M","E","R","BOSS"],"items_purchased_type":["Card"],"build_version":"2020-12-22","purchased_purges":1,"victory":false,"max_hp_per_floor":[70,70,70,70,70,70,70,70,70,70,70,70,70,70,70,70,70],"card_choices":[{"not_picked":["Riddle With Holes","Poisoned Stab"],"picked":"Infinite Blades","floor":1},{"not_picked":["Deadly Poison","Poisoned Stab"],"picked":"Quick Slash","floor":3},{"not_picked":["Underhanded Strike","Heel Hook"],"picked":"Infinite Blades","floor":4},{"not_picked":["Bane","Dodge and Roll"],"picked":"Concentrate","floor":5},{"not_picked":["Sucker Punch","Quick Slash"],"picked":"Crippling Poison","floor":6},{"not_picked":["Cloak And Dagger","PiercingWail","Deflect"],"picked":"SKIP","floor":8},{"not_picked":["Cloak And Dagger","Underhanded Strike"],"picked":"Flying Knee","floor":10},{"not_picked":["Setup","Bouncing Flask","Masterful Stab"],"picked":"SKIP","floor":12},{"not_picked":["Outmaneuver","PiercingWail"],"picked":"Escape Plan","floor":13},{"not_picked":["Heel Hook","Escape Plan"],"picked":"Glass Knife","floor":14}],"player_experience":558081,"relics_obtained":[{"floor":9,"key":"Anchor"},{"floor":12,"key":"Regal Pillow"},{"floor":14,"key":"Juzu Bracelet"}],"event_choices":[{"damage_healed":0,"gold_gain":0,"cards_transformed":["Strike_G"],"player_choice":"Change","damage_taken":0,"max_hp_gain":0,"max_hp_loss":0,"event_name":"Living Wall","floor":2,"gold_loss":0,"cards_obtained":["Calculated Gamble"]}],"is_beta":false,"boss_relics":[],"items_purged_floors":[7],"is_endless":false,"potions_floor_spawned":[1,3,8,12],"killed_by":"Hexaghost","ascension_level":9}}