{"host":"rn4c402gwd40h2z6","time":1612606136,"event":{"mods":["10 clothes from DAL","100% Spire Juice","Act Like it!","Ascension Unlocker","BaseMod","Better Synergies","CapriCore","Card Forge","DNKmod","Data Control","Decade(王小明)","FoggyMod","Friendly Minions","Good Game Mod","HololiveMod","Infinite Spire","KinomotoSakuraMod(木之本樱)","Kiyohime（清姬）","LagranYue(拉格朗・月)","Library of Ruina","Library of Ruina Extra","Luminous","Minty Spire (QoL Compilation)","Pale of the Ancients","Permanent Neow","Quick Restart","Railgun Mod","Random Character Button","Relic Filter Mod","Remilia（蕾米莉亚）","RumiaBox-露米娅的神秘盒子","Spicy Shops","StSLib","Td1madao Mod","The Animator","The Blue Laboratory","The IronCluck","The Saiyan","The Senshi","The Servant 0.9.4","The Wild Card","WarShipGirlsR/战舰少女R mod","Yuri Mod","noobMod","slay the spire mod where everything is the same but ironclad has a cowboy hat","【功能Mod】混沌之环修复补丁","【功能Mod】精心准备","【遗物Mod】死灵法师NEW","老伊莉雅"],"gold_per_floor":[113,113,113,113,113,113,113,113,192,225,248,2,2,2,2,126,126,93,93,93,93,93,117,117,128,128,128,161,189,189,263,263,263,263],"floor_reached":33,"language":"ZHS","playtime":1695,"items_purged":["TheRailgun:Strike","TheRailgun:Strike","animator:Curse_Greed"],"score":425,"play_id":"1a646d4f-3791-4882-a020-883f54b51ffa","local_time":"20210206180856","is_ascension_mode":false,"campfire_choices":[{"floor":8,"key":"RECALL"},{"data":"TheRailgun:Strike","floor":13,"key":"SMITH"},{"data":"rmod:ridicule","floor":15,"key":"SMITH"},{"data":"theWildCard:Michael","floor":24,"key":"SMITH"},{"data":"TheRailgun:Sister_Network","floor":27,"key":"SMITH"},{"data":"Iron Wave","floor":32,"key":"SMITH"}],"circlet_count":0,"master_deck":["TheRailgun:Static","TheRailgun:Zip","TheRailgun:Railgun","rmod:ridicule+1","TheRailgun:Pull+1","infinitespire:DeathsTouch+1","TheRailgun:Gekotamania","TheRailgun:Magnetic_Movement","TheRailgun:Mental_Out","TheRailgun:Coin_Flip","theWildCard:Michael+1","TheRailgun:Thundervolt","TheRailgun:Stun_Shock+1","Bite","Bite","Bite","Bite","Bite","Iron Wave+1","TheRailgun:Sister_Network+1","TheRailgun:Lightningbolt","TheRailgun:Lightning_Speed","infinitespire:UltimateForm","Summon_Undead","Summon_Undead","Summon_Undead","Summon_Undead"],"relics":["TheRailgun:CoinRelic","Hammer of Thor","Seething Fire","Anvil of the Gods","ice","REME:ComplimentaryCards","Baka2","Bloody Idol","ice","infinitespire:Bottled Soul","OrangePellets","DALC_TEN","Luminous:MirrorRelic","infinitespire:ShieldingShard","Sundial","Red Mask","Gremlin Horn","SumBook2"],"acts_visited":["Exordium","TheCity"],"potions_floor_usage":[],"damage_taken":[{"damage":4,"enemies":"2 Louse","floor":1,"turns":2},{"damage":0,"enemies":"Small Slimes","floor":4,"turns":1},{"damage":0,"enemies":"Gremlin Nob","floor":10,"turns":1},{"damage":0,"enemies":"infinitespire:Voidling","floor":11,"turns":2},{"damage":17,"enemies":"The Guardian","floor":16,"turns":6},{"damage":6,"enemies":"Shell Parasite","floor":18,"turns":2},{"damage":0,"enemies":"Book of Stabbing","floor":23,"turns":1},{"damage":0,"enemies":"Spheric Guardian","floor":25,"turns":2},{"damage":1,"enemies":"Masked Bandits","floor":28,"turns":1},{"damage":0,"enemies":"Nightmare","floor":29,"turns":2},{"damage":46,"enemies":"RedHoodMercenary","floor":33,"turns":4}],"seed_played":"-6564132890011307427","potions_obtained":[{"floor":1,"key":"SpeedPotion"},{"floor":10,"key":"blueLaboratory:CorrosionFlask"},{"floor":18,"key":"blueLaboratory:ExaltedPotion"}],"is_trial":false,"path_per_floor":["M","?","?","M","?","?","?","R","T","E","M","$","R","?","R","B",null,"M","?","?","?","?","E","R","M","T","R","?","NM","AVR","T","R","B"],"character_chosen":"THE_DEFAULT","items_purchased":["OrangePellets"],"campfire_rested":0,"item_purchase_floors":[12],"current_hp_per_floor":[66,49,49,49,49,49,32,32,32,32,32,32,32,32,32,18,70,64,49,49,49,49,49,49,49,49,49,49,49,49,49,49,19,19],"gold":263,"neow_bonus":"THREE_RARE_CARDS","is_daily":false,"chose_seed":false,"campfire_upgraded":5,"win_rate":0.0,"timestamp":1612606136,"path_taken":["M","?","?","?","?","?","?","R","T","E","?","?","R","?","R","BOSS","M","?","?","?","?","E","R","?","T","R","?","NM","AVR","?","R","BOSS"],"items_purchased_type":["Relic"],"build_version":"2020-12-22","purchased_purges":3,"victory":false,"max_hp_per_floor":[70,70,70,70,70,70,70,70,70,70,70,70,70,70,70,70,70,70,49,49,49,49,49,49,49,49,49,49,49,49,49,49,49,49],"card_choices":[{"not_picked":["TheRailgun:Magnetic_Flight","TheRailgun:Supercharge"],"picked":"TheRailgun:Railgun","floor":0},{"not_picked":["TheRailgun:Zip","TheRailgun:Hypercharge"],"picked":"TheRailgun:Pull","floor":1},{"not_picked":["infinitespire:Fortify","infinitespire:TheBestDefense"],"picked":"infinitespire:DeathsTouch","floor":2},{"not_picked":["TheRailgun:Push","TheRailgun:Discharge"],"picked":"TheRailgun:Gekotamania","floor":4},{"not_picked":["TheRailgun:Teleporter","TheRailgun:Oneesama"],"picked":"TheRailgun:Mental_Out","floor":10},{"not_picked":["TheRailgun:Charge","TheRailgun:Zip"],"picked":"TheRailgun:Coin_Flip","floor":11},{"not_picked":["TheRailgun:Supercharge","TheRailgun:Level_6"],"picked":"TheRailgun:Thundervolt","floor":16},{"not_picked":["TheRailgun:Push","TheRailgun:Thundershock"],"picked":"TheRailgun:Stun_Shock+1","floor":18},{"not_picked":["TheRailgun:Thunderjolt","TheRailgun:Heroinism+1","TheRailgun:Thundershock"],"picked":"SKIP","floor":23},{"not_picked":["TheRailgun:Hypercharge+1","TheRailgun:Iron_Dust_Field"],"picked":"TheRailgun:Sister_Network","floor":25},{"not_picked":["TheRailgun:Crackle","TheRailgun:Electrical_Fire"],"picked":"TheRailgun:Lightningbolt","floor":28},{"not_picked":["TheRailgun:Teleporter","TheRailgun:Spark"],"picked":"TheRailgun:Lightning_Speed","floor":29}],"player_experience":105830,"relics_obtained":[{"floor":1,"key":"Baka"},{"floor":4,"key":"Baka2"},{"floor":10,"key":"ice"},{"floor":10,"key":"infinitespire:Bottled Soul"},{"floor":23,"key":"infinitespire:ShieldingShard"},{"floor":26,"key":"Sundial"},{"floor":28,"key":"Red Mask"},{"floor":29,"key":"Gremlin Horn"},{"floor":31,"key":"SumBook2"}],"event_choices":[{"damage_healed":0,"gold_gain":0,"player_choice":"Upgraded","damage_taken":0,"max_hp_gain":0,"max_hp_loss":0,"event_name":"Upgrade Shrine","floor":3,"gold_loss":0,"cards_upgraded":["infinitespire:DeathsTouch"]},{"damage_healed":0,"gold_gain":0,"cards_transformed":["TheRailgun:Strike"],"player_choice":"Change","damage_taken":0,"max_hp_gain":0,"max_hp_loss":0,"event_name":"Living Wall","floor":6,"gold_loss":0,"cards_obtained":["TheRailgun:Magnetic_Movement"]},{"damage_healed":0,"gold_gain":0,"player_choice":"Take Damage","damage_taken":17,"relics_obtained":["Golden Idol"],"max_hp_gain":0,"max_hp_loss":0,"event_name":"Golden Idol","floor":7,"gold_loss":0},{"damage_healed":0,"gold_gain":0,"player_choice":"Became a vampire","damage_taken":0,"max_hp_gain":0,"max_hp_loss":21,"event_name":"Vampires","floor":19,"gold_loss":0,"cards_obtained":["Bite","Bite","Bite","Bite","Bite"]},{"damage_healed":0,"gold_gain":0,"player_choice":"Gave Idol","damage_taken":0,"relics_obtained":["Bloody Idol"],"max_hp_gain":0,"max_hp_loss":0,"event_name":"Forgotten Altar","floor":21,"relics_lost":["Golden Idol"],"gold_loss":0},{"cards_removed":["TheRailgun:Discharge"],"damage_healed":0,"gold_gain":0,"player_choice":"Took Card","damage_taken":0,"max_hp_gain":0,"max_hp_loss":0,"event_name":"NoteForYourself","floor":22,"gold_loss":0,"cards_obtained":["Iron Wave"]},{"damage_healed":0,"gold_gain":0,"player_choice":"Fought Bandits","damage_taken":0,"max_hp_gain":0,"max_hp_loss":0,"event_name":"Masked Bandits","floor":28,"gold_loss":0}],"is_beta":false,"boss_relics":[{"not_picked":["SacredBark","Hololive_ChaosS"],"picked":"DALC_TEN"}],"items_purged_floors":[12,12,30],"is_endless":false,"potions_floor_spawned":[1,10,18,25],"killed_by":"RedHoodMercenary","ascension_level":0}}