{"host":"dq9lwkr0jwog4b8f","time":1612635587,"event":{"mods":["AchievementEnabler","BaseMod","Bestiary","Colored Map","Colored Powertips","DeckTracker","Downfall","Marisa????????","Minty Spire (QoL Compilation)","Replay The Spire","Robot Space Explorer","StSLib","The Cursed","The Marked","The Servant 0.9.4"],"gold_per_floor":[112,82,92,102,102,143,155,185,220,232,268,304,316,316],"floor_reached":13,"language":"ENG","playtime":1711,"items_purged":[],"score":87,"play_id":"dbefdda7-b966-4590-a24f-286d00dde733","local_time":"20210206191947","is_ascension_mode":false,"campfire_choices":[{"data":"WaveOfTheHand","floor":7,"key":"SMITH"},{"floor":10,"key":"REST"}],"circlet_count":0,"master_deck":["Strike_P","Strike_P","Strike_P","Defend_P","Defend_P","Defend_P","Eruption","Vigilance","TalkToTheHand","WaveOfTheHand+1","BattleHymn","ReachHeaven","BattleHymn","Injury","Evaluate","Prostrate","Replay:DivineShield","Replay:LoomingThreat"],"relics":["PureWater","Golden Idol","MawBank","Bronze Scales"],"acts_visited":["Exordium"],"potions_floor_usage":[6,13],"damage_taken":[{"damage":0,"enemies":"2 Louse","floor":1,"turns":4},{"damage":0,"enemies":"Cultist","floor":3,"turns":5},{"damage":3,"enemies":"Jaw Worm","floor":4,"turns":5},{"damage":21,"enemies":"3 Sentries","floor":6,"turns":7},{"damage":6,"enemies":"2 Fungi Beasts","floor":8,"turns":4},{"damage":9,"enemies":"Exordium Wildlife","floor":11,"turns":3},{"damage":12,"enemies":"Blue Slaver","floor":12,"turns":4},{"damage":39,"enemies":"Gremlin Nob","floor":13,"turns":4}],"seed_played":"1723796648777298070","potions_obtained":[{"floor":1,"key":"SpeedPotion"},{"floor":2,"key":"GamblersBrew"},{"floor":2,"key":"Reflective Coating"},{"floor":3,"key":"Guardian:BlockOnCardUsePotion"},{"floor":8,"key":"Swift Potion"}],"is_trial":false,"path_per_floor":["M","?","M","M","?","E","R","M","T","R","M","M","E"],"character_chosen":"WATCHER","items_purchased":[],"campfire_rested":1,"item_purchase_floors":[],"current_hp_per_floor":[65,65,65,62,62,41,41,35,35,54,45,33,0,0],"gold":316,"neow_bonus":"TRANSFORM_TWO_CARDS","is_daily":false,"chose_seed":false,"campfire_upgraded":1,"win_rate":0.0,"timestamp":1612635587,"path_taken":["M","?","M","?","?","E","R","M","T","R","M","M","E"],"items_purchased_type":[],"build_version":"2020-12-22","purchased_purges":0,"victory":false,"max_hp_per_floor":[65,65,65,65,65,65,65,65,65,65,65,65,65,65],"card_choices":[{"not_picked":["CarveReality","EmptyBody"],"picked":"BattleHymn","floor":1},{"not_picked":["Protect","Evaluate"],"picked":"ReachHeaven","floor":3},{"not_picked":["InnerPeace","Replay:BluntJabs"],"picked":"BattleHymn","floor":4},{"not_picked":["Replay:AtTheReady","Crescendo"],"picked":"Evaluate","floor":6},{"not_picked":["FlyingSleeves","CrushJoints"],"picked":"Prostrate","floor":8},{"not_picked":["SashWhip","CutThroughFate"],"picked":"Replay:DivineShield","floor":11},{"not_picked":["Replay:Vibes","Collect"],"picked":"Replay:LoomingThreat","floor":12}],"player_experience":215045,"relics_obtained":[{"floor":6,"key":"MawBank"},{"floor":9,"key":"Bronze Scales"}],"event_choices":[{"damage_healed":0,"gold_gain":0,"player_choice":"Bought 2 Potions","damage_taken":0,"max_hp_gain":0,"max_hp_loss":0,"event_name":"The Woman in Blue","floor":2,"gold_loss":0},{"damage_healed":0,"gold_gain":0,"player_choice":"Take Wound","damage_taken":0,"relics_obtained":["Golden Idol"],"max_hp_gain":0,"max_hp_loss":0,"event_name":"Golden Idol","floor":5,"gold_loss":0,"cards_obtained":["Injury"]}],"is_beta":false,"boss_relics":[],"items_purged_floors":[],"is_endless":false,"potions_floor_spawned":[1,3,8],"killed_by":"Gremlin Nob","ascension_level":0}}