{"host":"bf5upntvbdompq33","time":1612643358,"event":{"mods":["BaseMod","Colored Map","Colored Powertips","Curses Come First","Minty Spire (QoL Compilation)","StSLib","The Dragon Tamer","The Hierophant","The Marked","The Mystic","The Servant 0.9.4"],"gold_per_floor":[111,125,125,135,152,184,184,214,214,64,89,103,103,123,123,196,196,207,63,76,76,92,92,105,118,118,130,130,130,155,173,173,173,173],"floor_reached":33,"language":"ENG","playtime":3563,"items_purged":["Strike_R"],"score":512,"play_id":"caa1bcf9-065e-4b3e-accd-09185f01d000","local_time":"20210206132918","is_ascension_mode":true,"campfire_choices":[{"data":"Uppercut","floor":13,"key":"SMITH"},{"floor":15,"key":"REST"},{"data":"Whirlwind","floor":23,"key":"SMITH"},{"floor":29,"key":"REST"},{"floor":32,"key":"REST"}],"circlet_count":0,"master_deck":["AscendersBane","Strike_R","Strike_R","Strike_R","Defend_R","Defend_R","Defend_R","Defend_R","Bash","Twin Strike","Combust","Armaments","Uppercut+1","Battle Trance","Whirlwind+1","Carnage","Pommel Strike","Power Through","Rupture","Brutality","Heavy Blade","Feed","Fire Breathing","Necronomicurse","Disarm","Bloodletting","Limit Break","Writhe","Shrug It Off"],"relics":["Burning Blood","FossilizedHelix","Odd Mushroom","Bottled Tornado","Shuriken","Cursed Key","Necronomicon","Calipers","Blood Vial"],"acts_visited":["Exordium","TheCity"],"potions_floor_usage":[5,8,11,27,28,31],"damage_taken":[{"damage":0,"enemies":"2 Louse","floor":1,"turns":3},{"damage":10,"enemies":"Cultist","floor":2,"turns":5},{"damage":0,"enemies":"Small Slimes","floor":4,"turns":3},{"damage":13,"enemies":"Exordium Wildlife","floor":5,"turns":6},{"damage":34,"enemies":"Lagavulin","floor":6,"turns":8},{"damage":17,"enemies":"The Mushroom Lair","floor":8,"turns":4},{"damage":32,"enemies":"Gremlin Nob","floor":11,"turns":4},{"damage":0,"enemies":"2 Fungi Beasts","floor":12,"turns":3},{"damage":5,"enemies":"3 Louse","floor":14,"turns":3},{"damage":40,"enemies":"The Guardian","floor":16,"turns":11},{"damage":28,"enemies":"Spheric Guardian","floor":18,"turns":6},{"damage":13,"enemies":"3 Byrds","floor":20,"turns":4},{"damage":0,"enemies":"Centurion and Healer","floor":22,"turns":3},{"damage":22,"enemies":"Chosen and Byrds","floor":24,"turns":4},{"damage":15,"enemies":"Snecko","floor":25,"turns":4},{"damage":0,"enemies":"Centurion and Healer","floor":27,"turns":2},{"damage":0,"enemies":"Slavers","floor":28,"turns":1},{"damage":37,"enemies":"Gremlin Leader","floor":30,"turns":7},{"damage":0,"enemies":"Cultist and Chosen","floor":31,"turns":3},{"damage":63,"enemies":"Collector","floor":33,"turns":5}],"seed_played":"7090232586279342290","potions_obtained":[{"floor":1,"key":"GamblersBrew"},{"floor":4,"key":"Block Potion"},{"floor":6,"key":"EssenceOfSteel"},{"floor":8,"key":"BloodPotion"},{"floor":16,"key":"SmokeBomb"},{"floor":30,"key":"GamblersBrew"}],"is_trial":false,"path_per_floor":["M","M","?","M","M","E","?","?","T","$","E","M","R","M","R","B",null,"M","$","M","?","M","R","M","M","T","M","E","R","E","M","R","B"],"character_chosen":"IRONCLAD","items_purchased":["Carnage","Feed"],"campfire_rested":3,"item_purchase_floors":[10,19],"current_hp_per_floor":[70,66,66,72,65,37,37,26,26,26,17,23,23,24,50,16,71,49,49,42,26,36,36,20,11,11,17,23,50,19,27,54,0,0],"gold":173,"neow_bonus":"TWENTY_PERCENT_HP_BONUS","is_daily":false,"chose_seed":false,"campfire_upgraded":2,"win_rate":0.0,"timestamp":1612643358,"path_taken":["M","M","?","?","M","E","?","?","T","$","E","M","R","M","R","BOSS","M","$","M","?","M","R","M","M","T","M","E","R","E","M","R","BOSS"],"items_purchased_type":["Card","Card"],"build_version":"2020-12-22","purchased_purges":1,"victory":false,"max_hp_per_floor":[89,89,89,89,89,89,89,89,89,89,89,89,89,89,89,89,89,89,89,89,89,93,93,93,93,93,93,93,93,93,93,93,93,93],"card_choices":[{"not_picked":["Pummel","Ghostly Armor"],"picked":"Twin Strike","floor":1},{"not_picked":["Intimidate","Second Wind"],"picked":"Combust","floor":2},{"not_picked":["Anger","Havoc"],"picked":"Armaments","floor":4},{"not_picked":["Armaments","Twin Strike"],"picked":"Uppercut","floor":5},{"not_picked":["Iron Wave","Sever Soul"],"picked":"Battle Trance","floor":6},{"not_picked":["Juggernaut","Armaments"],"picked":"Pommel Strike","floor":11},{"not_picked":["Feel No Pain","Second Wind"],"picked":"Power Through","floor":12},{"not_picked":["Flex","Heavy Blade"],"picked":"Rupture","floor":14},{"not_picked":["Berserk","Demon Form"],"picked":"Brutality","floor":16},{"not_picked":["Clash","Iron Wave"],"picked":"Heavy Blade","floor":18},{"not_picked":["Flame Barrier","Pommel Strike"],"picked":"Fire Breathing","floor":20},{"not_picked":["Heavy Blade","Dual Wield"],"picked":"Disarm","floor":22},{"not_picked":["True Grit","Flex"],"picked":"Bloodletting","floor":24},{"not_picked":["Cleave","Shrug It Off"],"picked":"Limit Break","floor":25},{"not_picked":["Twin Strike","Cleave","Intimidate"],"picked":"SKIP","floor":27},{"not_picked":["Perfected Strike","Uppercut"],"picked":"Shrug It Off","floor":30},{"not_picked":["Reckless Charge","Burning Pact","Clash+1"],"picked":"SKIP","floor":31}],"player_experience":1461991,"relics_obtained":[{"floor":6,"key":"FossilizedHelix"},{"floor":8,"key":"Odd Mushroom"},{"floor":9,"key":"Bottled Tornado"},{"floor":11,"key":"Shuriken"},{"floor":21,"key":"Necronomicon"},{"floor":26,"key":"Calipers"},{"floor":30,"key":"Blood Vial"}],"event_choices":[{"damage_healed":0,"gold_gain":0,"player_choice":"Bought 0 Potions","damage_taken":0,"max_hp_gain":0,"max_hp_loss":0,"event_name":"The Woman in Blue","floor":3,"gold_loss":0},{"damage_healed":0,"gold_gain":0,"cards_transformed":["Strike_R"],"player_choice":"Change","damage_taken":0,"max_hp_gain":0,"max_hp_loss":0,"event_name":"Living Wall","floor":7,"gold_loss":0,"cards_obtained":["Whirlwind"]},{"damage_healed":0,"gold_gain":0,"player_choice":"Fought Mushrooms","damage_taken":0,"max_hp_gain":0,"max_hp_loss":0,"event_name":"Mushrooms","floor":8,"gold_loss":0},{"damage_healed":0,"gold_gain":0,"player_choice":"Obtained Book","damage_taken":16,"max_hp_gain":0,"max_hp_loss":0,"event_name":"Cursed Tome","floor":21,"gold_loss":0}],"is_beta":false,"boss_relics":[{"not_picked":["Fusion Hammer","SacredBark"],"picked":"Cursed Key"}],"items_purged_floors":[10],"is_endless":false,"potions_floor_spawned":[1,4,6,8,16,20,22,24,30],"killed_by":"Collector","ascension_level":14}}