{"host":"1ooxfz79hmpvpehx","time":1612580896,"event":{"mods":["BaseMod","Minty Spire (QoL Compilation)","Quick Restart","Replay The Spire","StSLib","SuperFastMode"],"gold_per_floor":[111,127,59,159,30,62,72,72,120,120,153,165,193,193,193,288,288,306,117,130,61,61,61],"floor_reached":22,"language":"ENG","playtime":571,"items_purged":["Strike_B","Strike_B"],"score":291,"play_id":"1ed3238d-b0d0-4290-9bac-7090508648be","local_time":"20210206000816","is_ascension_mode":true,"campfire_choices":[{"data":"Gash","floor":15.0,"key":"SMITH"}],"circlet_count":0,"master_deck":["Strike_B","Strike_B+1","Defend_B","Defend_B","Defend_B","Defend_B","Dualcast","Gash+1","ReplayGash","Gash+1","Buffer","Fusion+1","Seek","Defragment","Flash of Steel","Sweeping Beam","ReplayGash"],"relics":["Cracked Core","NeowsBlessing","Juzu Bracelet","Whetstone","Toy Ornithopter","Sundial","Honey Jar"],"acts_visited":["Exordium","TheCity"],"potions_floor_usage":[],"damage_taken":[{"damage":0.0,"enemies":"Cultist","floor":1.0,"turns":1.0},{"damage":0.0,"enemies":"2 Louse","floor":2.0,"turns":1.0},{"damage":0.0,"enemies":"Gremlin Nob","floor":6.0,"turns":1.0},{"damage":2.0,"enemies":"Jaw Worm","floor":7.0,"turns":3.0},{"damage":18.0,"enemies":"3 Sentries","floor":11.0,"turns":5.0},{"damage":0.0,"enemies":"Looter","floor":12.0,"turns":3.0},{"damage":28.0,"enemies":"Gremlin Nob","floor":13.0,"turns":5.0},{"damage":0.0,"enemies":"Slime Boss","floor":16.0,"turns":9.0},{"damage":11,"enemies":"Spheric Guardian","floor":18,"turns":4},{"damage":15,"enemies":"Shell Parasite","floor":20,"turns":5},{"damage":50,"enemies":"Snake Plant","floor":22,"turns":4}],"seed_played":"1556395302234393245","potions_obtained":[{"floor":2.0,"key":"Flashbang"},{"floor":6.0,"key":"GamblersBrew"},{"floor":7.0,"key":"Toxic Potion"}],"is_trial":false,"path_per_floor":["M","M","$","?","$","E","M","$","T","?","E","M","E","?","R","B",null,"M","$","M","$","M"],"character_chosen":"DEFECT","items_purchased":["ReplayGash","Gash","Flash of Steel","ReplayGash"],"campfire_rested":0,"item_purchase_floors":[3,5,19,21],"current_hp_per_floor":[75,75,75,75,75,75,73,73,73,73,55,55,27,27,27,27,75,64,64,49,49,0,0],"gold":61,"neow_bonus":"THREE_ENEMY_KILL","is_daily":false,"chose_seed":false,"campfire_upgraded":1,"win_rate":0.0,"timestamp":1612580896,"path_taken":["M","?","$","?","$","E","M","$","T","?","E","M","E","?","R","BOSS","M","$","M","$","M"],"items_purchased_type":["Card","Card","Card","Card"],"build_version":"2020-12-22","purchased_purges":2,"victory":false,"max_hp_per_floor":[75,75,75,75,75,75,75,75,75,75,75,75,75,75,75,75,75,75,75,75,75,75,75],"card_choices":[{"not_picked":["Ball Lightning","Steam"],"picked":"Gash","floor":1.0},{"not_picked":["Ball Lightning","Leap","Rebound"],"picked":"SKIP","floor":2.0},{"not_picked":["ReplayTheSpireMod:Repulse","Cold Snap"],"picked":"Buffer","floor":6.0},{"not_picked":["Hologram","Crystallizer","Go for the Eyes"],"picked":"SKIP","floor":7.0},{"not_picked":["Hologram","Crystallizer","Go for the Eyes"],"picked":"SKIP","floor":7.0},{"not_picked":["Blizzard","Conserve Battery","Thunder Strike"],"picked":"SKIP","floor":11.0},{"not_picked":["Heatsinks","Leap","Compile Driver"],"picked":"SKIP","floor":12.0},{"not_picked":["Beam Cell","Streamline","Capacitor"],"picked":"SKIP","floor":13.0},{"not_picked":["Rainbow","Mirror Shield"],"picked":"Seek","floor":16.0},{"not_picked":["Ball Lightning+1","Conserve Battery","Coolheaded+1"],"picked":"Defragment","floor":18},{"not_picked":["Steam Power","Compile Driver","Aggregate"],"picked":"Sweeping Beam","floor":20}],"player_experience":14398,"relics_obtained":[{"floor":6.0,"key":"Juzu Bracelet"},{"floor":9.0,"key":"Whetstone"},{"floor":11.0,"key":"Toy Ornithopter"},{"floor":13.0,"key":"Sundial"}],"event_choices":[{"damage_healed":0.0,"max_hp_gain":0.0,"max_hp_loss":0.0,"gold_gain":100.0,"event_name":"Golden Shrine","player_choice":"Pray","floor":4.0,"gold_loss":0.0,"damage_taken":0.0},{"damage_healed":0.0,"max_hp_gain":0.0,"max_hp_loss":0.0,"gold_gain":0.0,"event_name":"Match and Keep!","player_choice":"0 cards matched","floor":10.0,"gold_loss":0.0,"damage_taken":0.0,"cards_obtained":[]}],"is_beta":false,"boss_relics":[{"not_picked":["Replay:Ancient Bell","Cursed Key"],"picked":"Honey Jar"}],"items_purged_floors":[5,19],"is_endless":false,"potions_floor_spawned":[2,6,7],"killed_by":"Snake Plant","ascension_level":1}}