{"host":"630px4nyj50z5id8","time":1612592822,"event":{"mods":["BaseMod","Better Note","Colored Powertips","Good Game Mod","Minty Spire (QoL Compilation)","Quick Restart","Rare Cards Sparkle","Relic Filter Mod","Replay The Spire","StSLib","Waifu the Spire"],"gold_per_floor":[149,149,184,240,274,366,98,132,158,209,277,321,382,460,460,564,564,601,643,643,643],"floor_reached":20,"language":"ZHS","playtime":1279,"items_purged":["Strike_R"],"score":270,"play_id":"b375a497-6d6e-4148-aedd-f2c5d0a260cf","local_time":"20210206142702","is_ascension_mode":true,"campfire_choices":[{"floor":15,"key":"REST"}],"circlet_count":0,"master_deck":["Strike_R","Strike_R","Strike_R","Strike_R+1","Defend_R","Defend_R","Defend_R","Defend_R","Bash","HandOfGreed+1","Impervious","ReplayTheSpireMod:Stacked","Headbutt","Hemokinesis","Flex","Second Wind","Combust","Burning Pact","Dual Wield","Blood for Blood","Flex","Brutality","Hemogenesis","Dual Wield+1","Intimidate"],"relics":["Burning Blood","REME:ComplimentaryCards","Pantograph","Ancient Tea Set","King of Hearts","Whetstone","Regal Pillow","Ginger","SlaversCollar"],"acts_visited":["Exordium","TheCity"],"potions_floor_usage":[14,16,16,18],"damage_taken":[{"damage":7.0,"enemies":"Small Slimes","floor":1.0,"turns":4.0},{"damage":1.0,"enemies":"Cultist","floor":3.0,"turns":7.0},{"damage":1.0,"enemies":"2 Louse","floor":4.0,"turns":5.0},{"damage":12.0,"enemies":"Looter","floor":5.0,"turns":3.0},{"damage":24.0,"enemies":"3 Sentries","floor":6.0,"turns":9.0},{"damage":11.0,"enemies":"Large Slime","floor":8.0,"turns":5.0},{"damage":11.0,"enemies":"Gremlin Nob","floor":10.0,"turns":4.0},{"damage":8.0,"enemies":"Gremlin Gang","floor":11.0,"turns":5.0},{"damage":11.0,"enemies":"Red Slaver","floor":12.0,"turns":4.0},{"damage":0.0,"enemies":"2 Fungi Beasts","floor":13.0,"turns":2.0},{"damage":17,"enemies":"3 Sentries","floor":14,"turns":9},{"damage":63,"enemies":"Fading Forest","floor":16,"turns":11},{"damage":19,"enemies":"3 Byrds","floor":18,"turns":6},{"damage":18,"enemies":"Chosen","floor":19,"turns":4},{"damage":30,"enemies":"Centurion and Healer","floor":20,"turns":4}],"seed_played":"-5533604612609047760","potions_obtained":[{"floor":1.0,"key":"SteroidPotion"},{"floor":6.0,"key":"Dexterity Potion"},{"floor":8.0,"key":"SpeedPotion"},{"floor":12.0,"key":"Block Potion"},{"floor":14,"key":"AttackPotion"},{"floor":16,"key":"Languid Potion"}],"is_trial":false,"path_per_floor":["M","?","M","M","M","E","$","M","T","E","M","M","M","E","R","B",null,"M","M","M"],"character_chosen":"IRONCLAD","items_purchased":["King of Hearts","Combust"],"campfire_rested":1,"item_purchase_floors":[7,7],"current_hp_per_floor":[71,71,76,80,74,56,56,51,51,46,44,39,45,34,73,23,66,60,57,27,27],"gold":643,"neow_bonus":"ONE_RANDOM_RARE_CARD","is_daily":false,"chose_seed":false,"campfire_upgraded":0,"win_rate":0.0,"timestamp":1612592822,"path_taken":["M","?","?","M","M","E","$","M","T","E","M","M","M","E","R","BOSS","M","M","M"],"items_purchased_type":["Relic","Card"],"build_version":"2020-12-22","purchased_purges":1,"victory":false,"max_hp_per_floor":[80,80,80,80,80,80,80,80,80,80,80,80,80,80,80,80,80,80,80,80,80],"card_choices":[{"not_picked":["ReplayTheSpireMod:Strike From Hell","Sword Boomerang"],"picked":"ReplayTheSpireMod:Stacked","floor":1.0},{"not_picked":["ReplayTheSpireMod:Strike From Hell","Abandon"],"picked":"Headbutt","floor":3.0},{"not_picked":["Warcry","Iron Wave"],"picked":"Hemokinesis","floor":4.0},{"not_picked":["Evolve","Disarm"],"picked":"Flex","floor":5.0},{"not_picked":["Seeing Red","Body Slam"],"picked":"Second Wind","floor":6.0},{"not_picked":["Havoc","Twin Strike","Warcry"],"picked":"SKIP","floor":8.0},{"not_picked":["Reckless Charge","ReplayTheSpireMod:Muscle Training"],"picked":"Burning Pact","floor":10.0},{"not_picked":["Pommel Strike","Defy Death"],"picked":"Dual Wield","floor":11.0},{"not_picked":["Body Slam","Infernal Blade"],"picked":"Blood for Blood","floor":12.0},{"not_picked":["Anger","Warcry"],"picked":"Flex","floor":13.0},{"not_picked":["Iron Wave","Heavy Blade"],"picked":"Brutality","floor":14},{"not_picked":["Feed","Limit Break"],"picked":"Hemogenesis","floor":16},{"not_picked":["Armaments","Reckless Charge"],"picked":"Dual Wield+1","floor":18},{"not_picked":["Reckless Charge+1","Iron Wave"],"picked":"Intimidate","floor":19}],"player_experience":394721,"relics_obtained":[{"floor":6.0,"key":"Ancient Tea Set"},{"floor":9.0,"key":"Whetstone"},{"floor":10.0,"key":"Regal Pillow"},{"floor":14,"key":"Ginger"}],"event_choices":[{"damage_healed":0.0,"max_hp_gain":0.0,"max_hp_loss":0.0,"gold_gain":0.0,"event_name":"WeMeetAgain","player_choice":"Gave Potion","floor":2.0,"gold_loss":0.0,"damage_taken":0.0,"relics_obtained":["Pantograph"]}],"is_beta":false,"boss_relics":[{"not_picked":["ReplayTheSpireMod:DimensionalGlitch","Snecko Eye"],"picked":"SlaversCollar"}],"items_purged_floors":[7],"is_endless":false,"potions_floor_spawned":[1,6,8,12,14,16],"killed_by":"Centurion and Healer","ascension_level":7}}