{"host":"gc0hqzwg2gd3zszy","time":1612583305,"event":{"mods":["BaseMod","DeckTracker","Minty Spire (QoL Compilation)","Relic Stats","SuperFastMode"],"gold_per_floor":[114,114,125,90,15,49,49,74,74,93,93,124,124,124,124,195,195,210,210,34,65,79,79,114,114,141,16,16,16,34,47,47,47,47],"floor_reached":33,"language":"KOR","playtime":1266,"items_purged":["Strike_G","Strike_G","Strike_G"],"score":558,"play_id":"aeb99536-68b4-4635-97e4-872051a17fe9","local_time":"20210206124825","is_ascension_mode":true,"campfire_choices":[{"floor":7.0,"key":"REST"},{"floor":13.0,"key":"REST"},{"data":"Noxious Fumes","floor":15.0,"key":"SMITH"},{"floor":23.0,"key":"REST"},{"floor":25.0,"key":"REST"},{"floor":29.0,"key":"REST"},{"floor":32.0,"key":"REST"}],"circlet_count":0,"master_deck":["AscendersBane","Strike_G","Defend_G","Defend_G","Defend_G","Defend_G","Survivor+1","Neutralize+1","Eviscerate","Quick Slash","Dagger Spray","Acrobatics","PiercingWail","Noxious Fumes+1","Acrobatics","Calculated Gamble","Tools of the Trade","Catalyst+1","Crippling Poison","Blur","PiercingWail","Underhanded Strike","Dagger Throw"],"relics":["Ring of the Snake","Darkstone Periapt","Mango","Boot","White Beast Statue","HoveringKite","Red Mask","Shuriken","Akabeko"],"acts_visited":["Exordium","TheCity"],"potions_floor_usage":[33],"damage_taken":[{"damage":11.0,"enemies":"Jaw Worm","floor":1.0,"turns":6.0},{"damage":6.0,"enemies":"2 Louse","floor":3.0,"turns":2.0},{"damage":30.0,"enemies":"3 Sentries","floor":6.0,"turns":9.0},{"damage":24.0,"enemies":"Gremlin Nob","floor":8.0,"turns":4.0},{"damage":0.0,"enemies":"Small Slimes","floor":10.0,"turns":3.0},{"damage":13.0,"enemies":"Lagavulin","floor":12.0,"turns":9.0},{"damage":15.0,"enemies":"The Guardian","floor":16.0,"turns":11.0},{"damage":0.0,"enemies":"Spheric Guardian","floor":18.0,"turns":3.0},{"damage":30.0,"enemies":"Masked Bandits","floor":21.0,"turns":5.0},{"damage":1.0,"enemies":"Chosen","floor":22.0,"turns":5.0},{"damage":14.0,"enemies":"Gremlin Leader","floor":24.0,"turns":9.0},{"damage":23.0,"enemies":"Shelled Parasite and Fungi","floor":30.0,"turns":4.0},{"damage":13.0,"enemies":"Centurion and Healer","floor":31.0,"turns":6.0},{"damage":49,"enemies":"Champ","floor":33,"turns":7}],"seed_played":"-1865659710874404362","potions_obtained":[{"floor":6.0,"key":"Fire Potion"},{"floor":8.0,"key":"Block Potion"},{"floor":12.0,"key":"Fire Potion"},{"floor":16.0,"key":"AttackPotion"},{"floor":18.0,"key":"Fire Potion"},{"floor":21.0,"key":"Fire Potion"},{"floor":22.0,"key":"DistilledChaos"},{"floor":24.0,"key":"Fire Potion"},{"floor":30.0,"key":"Fire Potion"},{"floor":31.0,"key":"AttackPotion"}],"is_trial":false,"path_per_floor":["M","?","M","?","$","E","R","E","T","M","?","E","R","T","R","B",null,"M","?","$","?","M","R","E","R","T","$","?","R","M","M","R","B"],"character_chosen":"THE_SILENT","items_purchased":["Crippling Poison"],"campfire_rested":6,"item_purchase_floors":[20],"current_hp_per_floor":[48,30,24,39,39,9,27,17,17,17,17,4,26,26,26,11,58,58,37,37,7,6,29,15,38,38,38,38,61,38,25,48,0,0],"gold":47,"neow_bonus":"TRANSFORM_TWO_CARDS","is_daily":false,"chose_seed":false,"campfire_upgraded":1,"win_rate":0.0,"timestamp":1612583305,"path_taken":["M","?","M","?","$","E","R","E","T","M","?","E","R","?","R","BOSS","M","?","$","?","M","R","E","R","T","$","?","R","M","M","R","BOSS"],"items_purchased_type":["Card"],"build_version":"2020-12-22","purchased_purges":3,"victory":false,"max_hp_per_floor":[60,60,60,60,60,60,60,74,74,74,74,74,74,74,74,74,74,74,79,79,79,79,79,79,79,79,79,79,79,79,79,79,79,79],"relic_stats":{"Darkstone Periapt":0,"counters":[14,83],"Shuriken":[8],"HoveringKite":[37],"Boot":[91],"obtain_stats":[{"Darkstone Periapt":6,"Shuriken":24,"HoveringKite":17,"Mango":8,"Red Mask":21,"Boot":9,"White Beast Statue":12,"Akabeko":26,"Ring of the Snake":0},{"Darkstone Periapt":3,"Shuriken":11,"HoveringKite":7,"Mango":4,"Red Mask":9,"Boot":4,"White Beast Statue":6,"Akabeko":11,"Ring of the Snake":0},{"Darkstone Periapt":17,"Shuriken":66,"HoveringKite":44,"Mango":21,"Red Mask":52,"Boot":21,"White Beast Statue":33,"Akabeko":66,"Ring of the Snake":0}],"Ring of the Snake":[28]},"card_choices":[{"not_picked":["Outmaneuver","Distraction"],"picked":"Dagger Spray","floor":1.0},{"not_picked":["Bane","Blur"],"picked":"Acrobatics","floor":3.0},{"not_picked":["Riddle With Holes","Dodge and Roll"],"picked":"PiercingWail","floor":6.0},{"not_picked":["Prepared","Terror"],"picked":"Noxious Fumes","floor":8.0},{"not_picked":["Eviscerate","Poisoned Stab"],"picked":"Acrobatics","floor":10.0},{"not_picked":["Poisoned Stab","Backstab"],"picked":"Calculated Gamble","floor":12.0},{"not_picked":["Glass Knife","Burst"],"picked":"Tools of the Trade","floor":16.0},{"not_picked":["Sucker Punch","Backflip"],"picked":"Catalyst+1","floor":18.0},{"not_picked":["Accuracy","Eviscerate"],"picked":"Blur","floor":21.0},{"not_picked":["Slice","Deflect"],"picked":"PiercingWail","floor":22.0},{"not_picked":["Slice","Quick Slash"],"picked":"Underhanded Strike","floor":24.0},{"not_picked":["A Thousand Cuts","Crippling Poison","Slice"],"picked":"SKIP","floor":30.0},{"not_picked":["Blade Dance","Underhanded Strike"],"picked":"Dagger Throw","floor":31.0}],"player_experience":1387638,"relics_obtained":[{"floor":6.0,"key":"Darkstone Periapt"},{"floor":8.0,"key":"Mango"},{"floor":9.0,"key":"Boot"},{"floor":12.0,"key":"White Beast Statue"},{"floor":21.0,"key":"Red Mask"},{"floor":24.0,"key":"Shuriken"},{"floor":26.0,"key":"Akabeko"}],"event_choices":[{"damage_healed":0.0,"max_hp_gain":0.0,"max_hp_loss":0.0,"gold_gain":0.0,"event_name":"Shining Light","player_choice":"Entered Light","floor":2.0,"gold_loss":0.0,"damage_taken":18.0,"cards_upgraded":["Survivor","Neutralize"]},{"damage_healed":15.0,"max_hp_gain":0.0,"max_hp_loss":0.0,"gold_gain":0.0,"event_name":"The Cleric","player_choice":"Healed","floor":4.0,"gold_loss":35.0,"damage_taken":0.0},{"damage_healed":0.0,"max_hp_gain":0.0,"max_hp_loss":0.0,"gold_gain":0.0,"event_name":"Dead Adventurer","player_choice":"Searched \u00270\u0027 times","floor":11.0,"gold_loss":0.0,"damage_taken":0.0},{"damage_healed":0.0,"max_hp_gain":5.0,"max_hp_loss":0.0,"gold_gain":0.0,"event_name":"Forgotten Altar","player_choice":"Shed Blood","floor":19.0,"gold_loss":0.0,"damage_taken":26.0},{"damage_healed":0.0,"max_hp_gain":0.0,"max_hp_loss":0.0,"gold_gain":0.0,"event_name":"Masked Bandits","player_choice":"Fought Bandits","floor":21.0,"gold_loss":0.0,"damage_taken":0.0},{"damage_healed":0.0,"max_hp_gain":0.0,"max_hp_loss":0.0,"gold_gain":0.0,"event_name":"The Mausoleum","player_choice":"Ignored","floor":28.0,"gold_loss":0.0,"damage_taken":0.0}],"is_beta":false,"boss_relics":[{"not_picked":["Tiny House","SlaversCollar"],"picked":"HoveringKite"}],"items_purged_floors":[5,20,27],"is_endless":false,"potions_floor_spawned":[6,8,12,16,18,21,22,24,30,31],"killed_by":"Champ","ascension_level":20}}