{"host":"f8toxsj3bk02pkeu","time":1612616007,"event":{"mods":["BaseMod","Minty Spire (QoL Compilation)","Permanent Neow","Quick Restart","StSLib","SuperFastMode"],"gold_per_floor":[109,384,394,410,424,424,424,424,470,493,42,55,71,106,106,180,180,200,200,560,580,580,580,580,600,600,46,76,93,127,144,144,216,216,230,43,57,57,70,104,104,118,118,129,129,139,139,54,54,54,54,54],"floor_reached":51,"language":"ENG","playtime":2117,"items_purged":["Regret","Bash"],"score":1588,"play_id":"62752e32-55c2-4306-b299-5040c82eb45f","local_time":"20210206055327","is_ascension_mode":true,"campfire_choices":[{"data":"Pommel Strike","floor":6.0,"key":"SMITH"},{"floor":15.0,"key":"RECALL"},{"floor":23.0,"key":"REST"},{"floor":32,"key":"REST"},{"floor":45,"key":"REST"},{"floor":47,"key":"REST"},{"floor":49,"key":"REST"}],"circlet_count":0,"master_deck":["AscendersBane","Strike_R+1","Strike_R+1","Strike_R+1","Strike_R+1","Strike_R+1","Defend_R+1","Defend_R+1","Defend_R+1","Defend_R+1","Pommel Strike+1","Battle Trance","Flex","Seeing Red","Twin Strike","Barricade","Armaments+1","Pommel Strike+1","Rage+1","Juggernaut","Shrug It Off+1","Clothesline+1"],"relics":["Burning Blood","NeowsBlessing","Bag of Preparation","Orichalcum","Odd Mushroom","PreservedInsect","ClockworkSouvenir","InkBottle","Fusion Hammer","Question Card","HandDrill","Gremlin Horn","Self Forming Clay","Bronze Scales","Busted Crown","Membership Card","Vajra","Pen Nib"],"acts_visited":["Exordium","TheCity","TheBeyond"],"potions_floor_usage":[29,31,46,50,50],"damage_taken":[{"damage":0.0,"enemies":"Jaw Worm","floor":1.0,"turns":1.0},{"damage":0.0,"enemies":"Cultist","floor":3.0,"turns":1.0},{"damage":0.0,"enemies":"Small Slimes","floor":4.0,"turns":1.0},{"damage":8.0,"enemies":"2 Fungi Beasts","floor":5.0,"turns":2.0},{"damage":16.0,"enemies":"The Mushroom Lair","floor":10.0,"turns":4.0},{"damage":7.0,"enemies":"Exordium Wildlife","floor":12.0,"turns":3.0},{"damage":0.0,"enemies":"3 Louse","floor":13.0,"turns":2.0},{"damage":0.0,"enemies":"Gremlin Nob","floor":14.0,"turns":2.0},{"damage":46.0,"enemies":"The Guardian","floor":16.0,"turns":13.0},{"damage":10.0,"enemies":"2 Thieves","floor":18.0,"turns":3.0},{"damage":0.0,"enemies":"3 Byrds","floor":21.0,"turns":3.0},{"damage":3.0,"enemies":"Centurion and Healer","floor":25.0,"turns":6.0},{"damage":0.0,"enemies":"Gremlin Leader","floor":28.0,"turns":6.0},{"damage":13,"enemies":"Snecko","floor":29,"turns":4},{"damage":6,"enemies":"Slavers","floor":30,"turns":6},{"damage":7,"enemies":"Snake Plant","floor":31,"turns":2},{"damage":0,"enemies":"Collector","floor":33,"turns":14},{"damage":3,"enemies":"3 Shapes","floor":35,"turns":4},{"damage":16,"enemies":"Orb Walker","floor":37,"turns":4},{"damage":0,"enemies":"Maw","floor":39,"turns":6},{"damage":30,"enemies":"Nemesis","floor":40,"turns":7},{"damage":14,"enemies":"Sphere and 2 Shapes","floor":42,"turns":4},{"damage":2,"enemies":"Writhing Mass","floor":44,"turns":7},{"damage":2,"enemies":"Transient","floor":46,"turns":6},{"damage":58,"enemies":"Time Eater","floor":50,"turns":15},{"damage":36,"enemies":"Donu and Deca","floor":51,"turns":5}],"seed_played":"4491182440599539658","potions_obtained":[{"floor":1.0,"key":"LiquidBronze"},{"floor":4.0,"key":"Explosive Potion"},{"floor":16.0,"key":"LiquidBronze"},{"floor":21.0,"key":"SteroidPotion"},{"floor":28.0,"key":"LiquidMemories"},{"floor":29,"key":"SmokeBomb"},{"floor":30,"key":"Block Potion"},{"floor":40,"key":"CultistPotion"},{"floor":46,"key":"GamblersBrew"}],"is_trial":false,"path_per_floor":["M","?","M","M","M","R","T","?","T","?","$","M","M","E","R","B",null,"M","?","?","M","?","R","?","M","T","$","E","M","E","M","R","B",null,"M","$","M","$","M","E","?","M","T","M","R","M","R","$","R","B","B"],"character_chosen":"IRONCLAD","items_purchased":["PreservedInsect","ClockworkSouvenir","Fire Potion","HandDrill","Gremlin Horn","Membership Card","Fire Potion","Pen Nib"],"campfire_rested":5,"item_purchase_floors":[11,11,11,27,27,36,36,48],"current_hp_per_floor":[74,74,75,75,73,73,73,50,50,40,40,39,45,51,51,11,59,55,55,19,25,25,47,47,50,50,50,56,49,49,48,70,75,75,75,75,65,65,71,47,47,39,39,43,65,69,75,75,75,23,0,0],"gold":54,"neow_bonus":"THREE_ENEMY_KILL","is_daily":false,"chose_seed":false,"campfire_upgraded":1,"win_rate":0.0,"timestamp":1612616007,"path_taken":["M","?","?","M","M","R","?","?","T","?","$","M","?","E","R","BOSS","M","?","?","?","?","R","?","M","T","$","E","M","E","M","R","BOSS","M","?","M","?","M","E","?","?","T","?","R","M","R","$","R","BOSS","BOSS"],"items_purchased_type":["Relic","Relic","Potion","Relic","Relic","Relic","Potion","Relic"],"build_version":"2020-12-22","purchased_purges":2,"victory":false,"max_hp_per_floor":[75,75,75,75,75,75,75,75,75,75,75,75,75,75,75,75,75,75,75,75,75,75,75,75,75,75,75,75,75,75,75,75,75,75,75,75,75,75,75,75,75,75,75,75,75,75,75,75,75,75,75,75],"card_choices":[{"not_picked":["Hemokinesis","Warcry"],"picked":"Pommel Strike","floor":1.0},{"not_picked":["Dual Wield","Body Slam"],"picked":"Battle Trance","floor":3.0},{"not_picked":["Sentinel","Carnage"],"picked":"Flex","floor":4.0},{"not_picked":["Thunderclap","Iron Wave"],"picked":"Seeing Red","floor":5.0},{"not_picked":["Flex","Wild Strike"],"picked":"Twin Strike","floor":12.0},{"not_picked":["Dual Wield","Evolve","Battle Trance"],"picked":"SKIP","floor":13.0},{"not_picked":["Evolve","Thunderclap","Disarm"],"picked":"SKIP","floor":14.0},{"not_picked":["Corruption","Impervious"],"picked":"Barricade","floor":16.0},{"not_picked":["Heavy Blade","Sentinel","Ghostly Armor"],"picked":"SKIP","floor":18.0},{"not_picked":["Shrug It Off","Heavy Blade"],"picked":"Armaments+1","floor":21.0},{"not_picked":["Perfected Strike+1","Dual Wield"],"picked":"Rage+1","floor":25.0},{"not_picked":["Searing Blow","Clash","Impervious"],"picked":"Juggernaut","floor":28.0},{"not_picked":["Burning Pact","Rupture","Armaments"],"picked":"Shrug It Off+1","floor":29},{"not_picked":["Thunderclap","Fire Breathing","Shockwave","Bludgeon"],"picked":"SKIP","floor":30},{"not_picked":["Infernal Blade","Evolve","Sentinel","Shrug It Off"],"picked":"SKIP","floor":31},{"not_picked":["Pummel","Shrug It Off"],"picked":"SKIP","floor":35},{"not_picked":["Twin Strike","Searing Blow"],"picked":"SKIP","floor":37},{"not_picked":["True Grit"],"picked":"Clothesline+1","floor":39},{"not_picked":["Pummel","Spot Weakness"],"picked":"SKIP","floor":40},{"not_picked":["Burning Pact","Havoc"],"picked":"SKIP","floor":42},{"not_picked":["Clothesline+1","Flame Barrier"],"picked":"SKIP","floor":44},{"not_picked":["Ghostly Armor","Power Through"],"picked":"SKIP","floor":46}],"player_experience":979058,"relics_obtained":[{"floor":7.0,"key":"Bag of Preparation"},{"floor":9.0,"key":"Orichalcum"},{"floor":10.0,"key":"Odd Mushroom"},{"floor":14.0,"key":"InkBottle"},{"floor":26.0,"key":"Question Card"},{"floor":28.0,"key":"Self Forming Clay"},{"floor":30,"key":"Bronze Scales"},{"floor":40,"key":"Vajra"}],"event_choices":[{"damage_healed":0.0,"max_hp_gain":0.0,"max_hp_loss":0.0,"gold_gain":275.0,"event_name":"Golden Shrine","player_choice":"Desecrate","floor":2.0,"gold_loss":0.0,"damage_taken":0.0,"cards_obtained":["Regret"]},{"damage_healed":0.0,"max_hp_gain":0.0,"max_hp_loss":0.0,"gold_gain":0.0,"event_name":"Shining Light","player_choice":"Entered Light","floor":8.0,"gold_loss":0.0,"damage_taken":23.0,"cards_upgraded":["Strike_R","Strike_R"]},{"damage_healed":0.0,"max_hp_gain":0.0,"max_hp_loss":0.0,"gold_gain":0.0,"event_name":"Mushrooms","player_choice":"Fought Mushrooms","floor":10.0,"gold_loss":0.0,"damage_taken":0.0},{"damage_healed":0.0,"max_hp_gain":0.0,"max_hp_loss":0.0,"gold_gain":0.0,"event_name":"Back to Basics","player_choice":"Simplicity","floor":19.0,"gold_loss":0.0,"damage_taken":0.0,"cards_upgraded":["Strike_R","Strike_R","Strike_R","Defend_R","Defend_R","Defend_R","Defend_R"]},{"damage_healed":0.0,"max_hp_gain":0.0,"max_hp_loss":0.0,"gold_gain":360.0,"event_name":"Knowing Skull","player_choice":"GOLD GOLD GOLD GOLD ","floor":20.0,"potions_obtained":[],"gold_loss":0.0,"damage_taken":36.0,"cards_obtained":[]},{"damage_healed":0.0,"max_hp_gain":0.0,"max_hp_loss":0.0,"gold_gain":0.0,"event_name":"Vampires","player_choice":"Ignored","floor":22.0,"gold_loss":0.0,"damage_taken":0.0},{"damage_healed":0.0,"max_hp_gain":0.0,"max_hp_loss":0.0,"gold_gain":0.0,"event_name":"Duplicator","player_choice":"Copied","floor":24.0,"gold_loss":0.0,"damage_taken":0.0,"cards_obtained":["Pommel Strike"]},{"damage_healed":0,"gold_gain":0,"player_choice":"Ignored","damage_taken":0,"max_hp_gain":0,"max_hp_loss":0,"event_name":"Transmorgrifier","floor":41,"gold_loss":0}],"is_beta":false,"boss_relics":[{"not_picked":["Ectoplasm","Runic Dome"],"picked":"Fusion Hammer"},{"not_picked":["Calling Bell","Tiny House"],"picked":"Busted Crown"}],"items_purged_floors":[11,27],"is_endless":false,"potions_floor_spawned":[1,4,12,13,14,16,21,28,29,30,40,42,44,46],"killed_by":"Donu and Deca","ascension_level":20}}