{"host":"630px4nyj50z5id8","time":1612588073,"event":{"mods":["BaseMod","Better Note","Colored Powertips","Good Game Mod","Minty Spire (QoL Compilation)","Quick Restart","Rare Cards Sparkle","Relic Filter Mod","Replay The Spire","StSLib","Waifu the Spire"],"gold_per_floor":[110,128,141,153,171,198,210,245,271,297,297,328,339,514,514,619,619,635,635,635],"floor_reached":19,"language":"ZHS","playtime":795,"items_purged":[],"score":305,"play_id":"067ed496-eabc-4578-af99-85855ebc371e","local_time":"20210206130753","is_ascension_mode":true,"campfire_choices":[{"floor":11.0,"key":"REST"},{"data":"ReplayTheSpireMod:Omega Cannon","floor":15.0,"key":"SMITH"}],"circlet_count":0,"master_deck":["Strike_R","Strike_R","Strike_R","Strike_R","Strike_R","Defend_R","Defend_R","Defend_R","Defend_R","Bash","ReplayTheSpireMod:Omega Cannon+1","ReplayTheSpireMod:Corrosion Curse","Twin Strike","Dark Embrace","Sword Boomerang","Whirlwind","Immolate","Flex","Pummel","Fire Breathing","Doubt","Feed"],"relics":["Black Blood","REME:ComplimentaryCards","NeowsBlessing","Happy Flower","ReplayFunnel","Ancient Tea Set","Singing Bowl","King of Hearts"],"acts_visited":["Exordium","TheCity"],"potions_floor_usage":[],"damage_taken":[{"damage":0.0,"enemies":"Cultist","floor":1.0,"turns":1.0},{"damage":0.0,"enemies":"Small Slimes","floor":2.0,"turns":1.0},{"damage":0.0,"enemies":"2 Louse","floor":3.0,"turns":1.0},{"damage":33.0,"enemies":"Large Slime","floor":4.0,"turns":5.0},{"damage":15.0,"enemies":"Exordium Thugs","floor":5.0,"turns":3.0},{"damage":10.0,"enemies":"3 Sentries","floor":6.0,"turns":2.0},{"damage":6.0,"enemies":"Looter","floor":7.0,"turns":3.0},{"damage":32.0,"enemies":"Lagavulin","floor":8.0,"turns":5.0},{"damage":4.0,"enemies":"3 Sentries","floor":10.0,"turns":2.0},{"damage":0.0,"enemies":"Gremlin Nob","floor":12.0,"turns":2.0},{"damage":0.0,"enemies":"Lots of Slimes","floor":13.0,"turns":1.0},{"damage":22.0,"enemies":"Fading Forest","floor":16.0,"turns":11.0},{"damage":34,"enemies":"2 Thieves","floor":18,"turns":3},{"damage":38,"enemies":"Shell Parasite","floor":19,"turns":4}],"seed_played":"-8278249505924086819","potions_obtained":[{"floor":5.0,"key":"Strength Potion"},{"floor":7.0,"key":"SkillPotion"},{"floor":8.0,"key":"PowerPotion"},{"floor":10.0,"key":"Milkshake"},{"floor":13.0,"key":"LiquidMemories"}],"is_trial":false,"path_per_floor":["M","M","M","M","M","E","M","E","T","E","R","E","M","?","R","B",null,"M","M"],"character_chosen":"IRONCLAD","items_purchased":[],"campfire_rested":1,"item_purchase_floors":[],"current_hp_per_floor":[78,80,80,53,44,40,40,14,14,16,40,46,52,52,52,36,69,49,11,11],"gold":635,"neow_bonus":"THREE_ENEMY_KILL","is_daily":false,"chose_seed":false,"campfire_upgraded":1,"win_rate":0.0,"timestamp":1612588073,"path_taken":["M","M","M","?","M","E","M","E","T","E","R","E","M","?","R","BOSS","M","M"],"items_purchased_type":[],"build_version":"2020-12-22","purchased_purges":0,"victory":false,"max_hp_per_floor":[80,80,80,80,80,80,80,80,80,80,80,80,80,80,80,80,80,82,82,82],"card_choices":[{"not_picked":["Clothesline","Warcry"],"picked":"ReplayTheSpireMod:Corrosion Curse","floor":1.0},{"not_picked":["Havoc","Hemokinesis"],"picked":"Twin Strike","floor":2.0},{"not_picked":["Infernal Blade","ReplayReversal"],"picked":"Dark Embrace","floor":3.0},{"not_picked":["Body Slam","Uppercut"],"picked":"Sword Boomerang","floor":4.0},{"not_picked":["Run Through","Uppercut"],"picked":"Whirlwind","floor":5.0},{"not_picked":["Infernal Blade","Thunderclap"],"picked":"Immolate","floor":6.0},{"not_picked":["Abandon","Sentinel","Pommel Strike"],"picked":"SKIP","floor":7.0},{"not_picked":["Sword Boomerang","Anger","Twin Strike"],"picked":"SKIP","floor":8.0},{"not_picked":["Dropkick","Entrench"],"picked":"Flex","floor":10.0},{"not_picked":["Dropkick","Pommel Strike"],"picked":"Pummel","floor":12.0},{"not_picked":["Entrench","Flex"],"picked":"Fire Breathing","floor":13.0},{"not_picked":["Double Tap","Replay:Many Hands"],"picked":"Feed","floor":16.0},{"not_picked":["ReplayTheSpireMod:LeadingStrike","Feel No Pain+1","Body Slam+1"],"picked":"Singing Bowl","floor":18}],"player_experience":391373,"relics_obtained":[{"floor":6.0,"key":"Happy Flower"},{"floor":8.0,"key":"ReplayFunnel"},{"floor":9.0,"key":"Ancient Tea Set"},{"floor":10.0,"key":"Singing Bowl"},{"floor":12.0,"key":"King of Hearts"}],"event_choices":[{"damage_healed":0.0,"max_hp_gain":0.0,"max_hp_loss":0.0,"gold_gain":175.0,"event_name":"Liars Game","player_choice":"AGREE","floor":14.0,"gold_loss":0.0,"damage_taken":0.0,"cards_obtained":["Doubt"]}],"is_beta":false,"boss_relics":[{"not_picked":["Calling Bell","SacredBark"],"picked":"Black Blood"}],"items_purged_floors":[],"is_endless":false,"potions_floor_spawned":[5,7,8,10,13],"killed_by":"Shell Parasite","ascension_level":7}}