{"host":"630px4nyj50z5id8","time":1612618712,"event":{"mods":["BaseMod","Better Note","Colored Powertips","Good Game Mod","Minty Spire (QoL Compilation)","Quick Restart","Rare Cards Sparkle","Relic Filter Mod","Replay The Spire","StSLib","Waifu the Spire"],"gold_per_floor":[135,152,187,137,11,38,149,176,252,287,324,362,362,400,400,501,501,539,559,559,352,388,423,423,483,483,520,551,602,602,542,542,637,637,637],"floor_reached":34,"language":"ZHS","playtime":1675,"items_purged":["Strike_R"],"score":715,"play_id":"fc6bea63-827f-480d-b062-cd84d905fa83","local_time":"20210206213832","is_ascension_mode":true,"campfire_choices":[{"floor":15.0,"key":"DIG"},{"data":"Flex","floor":30,"key":"SMITH"},{"data":"Flex","floor":32,"key":"SMITH"}],"circlet_count":0,"master_deck":["Feed+1","Apotheosis+1","Secret Weapon+1","Defend_R","Defend_R","HandOfGreed+1","Shrug It Off+1","Bloodletting","Fire Breathing+1","Intimidate","Demon Form","Offering+1","Massacre","Carnage","Reaper","Dark Embrace+1","Bloodletting+1","Pommel Strike+1","Flex+1","ReplayTheSpireMod:Muscle Training","Whirlwind","Flex+1","ReplayTheSpireMod:Private Reserves","Berserk+1","Dual Wield+1","Battle Trance","Feel No Pain+1","Barricade+1","Hemogenesis"],"relics":["Burning Blood","REME:ComplimentaryCards","Lizard Tail","Vajra","Frozen Egg 2","Unceasing Top","Divine Protection","Astrolabe","Ancient Tea Set","Nloth\u0027s Gift","The Courier","Gremlin Horn","Replay:Ringing Soul","Happy Flower"],"acts_visited":["Exordium","TheCity"],"potions_floor_usage":[33],"damage_taken":[{"damage":0.0,"enemies":"Cultist","floor":1.0,"turns":1.0},{"damage":0.0,"enemies":"Jaw Worm","floor":2.0,"turns":1.0},{"damage":0.0,"enemies":"2 Louse","floor":3.0,"turns":2.0},{"damage":10.0,"enemies":"3 Sentries","floor":6.0,"turns":4.0},{"damage":5.0,"enemies":"Lots of Slimes","floor":7.0,"turns":5.0},{"damage":7.0,"enemies":"Lagavulin","floor":8.0,"turns":5.0},{"damage":14.0,"enemies":"3 Sentries","floor":10.0,"turns":5.0},{"damage":9.0,"enemies":"2 Fungi Beasts","floor":11.0,"turns":1.0},{"damage":6.0,"enemies":"Blue Slaver","floor":12.0,"turns":3.0},{"damage":16.0,"enemies":"Exordium Wildlife","floor":14.0,"turns":3.0},{"damage":26.0,"enemies":"Fading Forest","floor":16.0,"turns":11.0},{"damage":10.0,"enemies":"2 Thieves","floor":18.0,"turns":3.0},{"damage":10.0,"enemies":"Shell Parasite","floor":19.0,"turns":3.0},{"damage":3.0,"enemies":"Snake Plant","floor":22.0,"turns":3.0},{"damage":11.0,"enemies":"Gremlin Leader","floor":23.0,"turns":4.0},{"damage":37.0,"enemies":"Slavers","floor":25.0,"turns":5.0},{"damage":5,"enemies":"Sentry and Sphere","floor":27,"turns":3},{"damage":34,"enemies":"Book of Stabbing","floor":28,"turns":5},{"damage":28,"enemies":"Automaton","floor":33,"turns":6}],"seed_played":"6184115496384146432","potions_obtained":[{"floor":1.0,"key":"ColorlessPotion"},{"floor":7.0,"key":"Block Potion"},{"floor":12.0,"key":"LifebloodPotion"},{"floor":16.0,"key":"BlessingOfTheForge"},{"floor":22.0,"key":"Explosive Potion"},{"floor":25.0,"key":"Explosive Potion"}],"is_trial":false,"path_per_floor":["M","M","M","?","$","E","M","E","T","E","M","M","?","M","R","B",null,"M","M","?","$","M","E","?","E","T","M","E","T","R","?","R","B",null],"character_chosen":"IRONCLAD","items_purchased":["Fire Breathing+1","Whirlwind","Flex","ReplayTheSpireMod:Private Reserves"],"campfire_rested":0,"item_purchase_floors":[5,21,21,21],"current_hp_per_floor":[78,84,88,88,88,88,93,92,92,84,85,85,65,59,59,53,91,97,107,107,107,108,108,108,90,90,104,79,79,79,79,79,78,78,78],"gold":637,"neow_bonus":"THREE_ENEMY_KILL","is_daily":false,"chose_seed":false,"campfire_upgraded":2,"win_rate":0.0,"timestamp":1612618712,"path_taken":["M","M","M","?","$","E","M","E","T","E","M","M","?","M","R","BOSS","M","M","?","$","M","E","?","E","T","?","E","?","R","?","R","BOSS"],"items_purchased_type":["Card","Card","Card","Card"],"build_version":"2020-12-22","purchased_purges":1,"victory":false,"max_hp_per_floor":[80,84,88,88,88,92,96,96,96,96,100,100,100,104,104,104,104,104,108,108,108,108,108,108,112,112,116,119,119,119,119,119,122,122,122],"card_choices":[{"not_picked":["ReplayTheSpireMod:LeadingStrike","Perfected Strike","Anger"],"picked":"SKIP","floor":1.0},{"not_picked":["Clothesline","Ghostly Armor"],"picked":"Shrug It Off","floor":2.0},{"not_picked":["ReplayTheSpireMod:LeadingStrike","True Grit"],"picked":"Bloodletting","floor":3.0},{"not_picked":["Rupture","Pommel Strike"],"picked":"Intimidate","floor":6.0},{"not_picked":["Clothesline","ReplayTheSpireMod:Strike From Hell","Anger"],"picked":"SKIP","floor":7.0},{"not_picked":["ReplayTheSpireMod:Strike From Hell","Cleave"],"picked":"Demon Form","floor":8.0},{"not_picked":["ReplayTheSpireMod:LeadingStrike","Shrug It Off"],"picked":"Offering","floor":10.0},{"not_picked":["Searing Blow","Heavy Blade","Cleave"],"picked":"SKIP","floor":11.0},{"not_picked":["Headbutt","ReplayReversal"],"picked":"Massacre","floor":12.0},{"not_picked":["Dark Embrace+1","Body Slam"],"picked":"Carnage","floor":14.0},{"not_picked":["Berserk+1","Double Tap"],"picked":"Reaper","floor":16.0},{"not_picked":["Intimidate","Combust+1"],"picked":"Flex","floor":18.0},{"not_picked":["Cleave","Power Through","ReplayTheSpireMod:Strike From Hell"],"picked":"SKIP","floor":19.0},{"not_picked":["Iron Wave","ReplayTheSpireMod:LeadingStrike+1"],"picked":"Berserk+1","floor":22.0},{"not_picked":["Run Through","Twin Strike"],"picked":"Dual Wield+1","floor":23.0},{"not_picked":["Warcry","Dark Embrace+1"],"picked":"Battle Trance","floor":25.0},{"not_picked":["Battle Trance","Intimidate"],"picked":"Feel No Pain+1","floor":27},{"not_picked":["Eclipse","Headbutt+1"],"picked":"Barricade+1","floor":28},{"not_picked":["Replay:Many Hands","Eclipse"],"picked":"Hemogenesis","floor":33}],"player_experience":408607,"relics_obtained":[{"floor":6.0,"key":"Lizard Tail"},{"floor":8.0,"key":"Vajra"},{"floor":9.0,"key":"Frozen Egg 2"},{"floor":10.0,"key":"Unceasing Top"},{"floor":15.0,"key":"Divine Protection"},{"floor":23.0,"key":"Ancient Tea Set"},{"floor":25.0,"key":"The Courier"},{"floor":26.0,"key":"Gremlin Horn"},{"floor":28,"key":"Replay:Ringing Soul"},{"floor":29,"key":"Happy Flower"}],"event_choices":[{"cards_removed":["Strike_R"],"damage_healed":0.0,"max_hp_gain":0.0,"max_hp_loss":0.0,"gold_gain":0.0,"event_name":"The Cleric","player_choice":"Card Removal","floor":4.0,"gold_loss":50.0,"damage_taken":0.0},{"damage_healed":0.0,"max_hp_gain":0.0,"max_hp_loss":0.0,"gold_gain":0.0,"event_name":"Shining Light","player_choice":"Entered Light","floor":13.0,"gold_loss":0.0,"damage_taken":20.0,"cards_upgraded":["Offering","Shrug It Off"]},{"damage_healed":0.0,"max_hp_gain":0.0,"max_hp_loss":0.0,"gold_gain":0.0,"event_name":"The Library","player_choice":"Read","floor":20.0,"gold_loss":0.0,"damage_taken":0.0,"cards_obtained":["ReplayTheSpireMod:Muscle Training"]},{"damage_healed":0.0,"max_hp_gain":0.0,"max_hp_loss":0.0,"gold_gain":0.0,"event_name":"N\u0027loth","player_choice":"Traded Relic","floor":24.0,"relics_lost":["NeowsBlessing"],"gold_loss":0.0,"damage_taken":0.0,"relics_obtained":["Nloth\u0027s Gift"]}],"is_beta":false,"boss_relics":[{"not_picked":["Busted Crown","Replay:Wanted Poster"],"picked":"Astrolabe"}],"items_purged_floors":[5],"is_endless":false,"potions_floor_spawned":[1,7,12,16,18,22,25,27],"ascension_level":8}}