{"host":"7z347kdhnquy3q4q","time":1612606588,"event":{"mods":["BaseMod","Hubris","Minty Spire (QoL Compilation)","MostiFishMod","Permanent Neow","StSLib","Wandering Minibosses"],"gold_per_floor":[119,136,154,154,169,169,201,201,225,22,33,59,59,30,30,108,108,127,127,79,79,22,47,4,17,42,70,82,82,34,816,816,892,892,902,902,28,38,51,80,80,109,109,121,152,169,0,14,14,14,14],"floor_reached":52,"language":"ENG","playtime":1995,"items_purged":["Strike_R"],"score":2242,"play_id":"22a8ba8f-e1e3-4534-8898-7c1184a386be","local_time":"20210206041628","is_ascension_mode":true,"campfire_choices":[{"data":"Whirlwind","floor":6,"key":"SMITH"},{"data":"Shrug It Off","floor":8,"key":"SMITH"},{"data":"MostiFishMod:HellRitual","floor":13,"key":"SMITH"},{"data":"Rampage","floor":15,"key":"SMITH"},{"floor":29,"key":"REST"},{"floor":32,"key":"REST"},{"data":"MostiFishMod:PerfectStrikeMKII","floor":49,"key":"SMITH"}],"circlet_count":0,"master_deck":["AscendersBane","Strike_R","Strike_R","Strike_R","Strike_R","Defend_R","Defend_R","Defend_R","Defend_R","Bash","Shrug It Off+1","Cleave","Whirlwind+1","Sword Boomerang","MostiFishMod:HellRitual+1","Shrug It Off","Rampage+1","Bludgeon+1","Flex","MostiFishMod:TemporaryOutbreak","Flex","Fire Breathing","MostiFishMod:UltimateDefense","Metallicize","Second Wind+1","Shrug It Off+1","MostiFishMod:ChineseTea","Sentinel+1","hubris:EnhanceAbility","MostiFishMod:PerfectStrikeMKII+1","MostiFishMod:KnuckleDown","Seeing Red+1","Uppercut","Disarm","Intimidate"],"relics":["Burning Blood","DaveBox","RhineCircuit","hubris:ChampionShield","SynthV:TestCard","Tiny Chest","Bag of Preparation","Boot","hubris:ScarierMask","hubris:TenFootPole","Potion Belt","hubris:BottledRain","wanderingMiniBosses:MasterThiefsPresence","ExusiaiGun","ArrowTower","Brimstone","Blood Vial","Girya","Juzu Bracelet","hubris:Icosahedron","Self Forming Clay","FossilizedHelix","Akabeko","Red Mask"],"acts_visited":["Exordium","TheCity","TheBeyond"],"potions_floor_usage":[5,7,16,23,25,27,28,33,42,50,51],"damage_taken":[{"damage":0,"enemies":"Cultist","floor":1,"turns":3},{"damage":4,"enemies":"2 Louse","floor":2,"turns":3},{"damage":2,"enemies":"Jaw Worm","floor":3,"turns":3},{"damage":3,"enemies":"Large Slime","floor":5,"turns":6},{"damage":0,"enemies":"Lagavulin","floor":7,"turns":4},{"damage":1,"enemies":"Looter","floor":11,"turns":3},{"damage":4,"enemies":"3 Sentries","floor":12,"turns":5},{"damage":12,"enemies":"Exordium Thugs","floor":14,"turns":4},{"damage":30,"enemies":"Hexaghost","floor":16,"turns":8},{"damage":4,"enemies":"Chosen","floor":18,"turns":3},{"damage":17,"enemies":"3 Byrds","floor":20,"turns":5},{"damage":43,"enemies":"Book of Stabbing","floor":23,"turns":6},{"damage":12,"enemies":"3 Cultists","floor":25,"turns":4},{"damage":0,"enemies":"Gremlin Leader","floor":27,"turns":6},{"damage":32,"enemies":"Snake Plant","floor":28,"turns":5},{"damage":1,"enemies":"Centurion and Healer","floor":30,"turns":5},{"damage":8,"enemies":"3 Cultists","floor":31,"turns":7},{"damage":67,"enemies":"Collector","floor":33,"turns":10},{"damage":0,"enemies":"Orb Walker","floor":35,"turns":1},{"damage":0,"enemies":"3 Darklings","floor":38,"turns":1},{"damage":2,"enemies":"4 Shapes","floor":39,"turns":3},{"damage":18,"enemies":"Nemesis","floor":40,"turns":3},{"damage":10,"enemies":"Reptomancer","floor":42,"turns":4},{"damage":0,"enemies":"Writhing Mass","floor":44,"turns":1},{"damage":0,"enemies":"Nemesis","floor":45,"turns":3},{"damage":0,"enemies":"Jaw Worm Horde","floor":46,"turns":2},{"damage":0,"enemies":"3 Darklings","floor":48,"turns":2},{"damage":24,"enemies":"hubris:GrandSnecko","floor":50,"turns":3},{"damage":0,"enemies":"Time Eater","floor":51,"turns":3}],"seed_played":"-1922198545769581379","potions_obtained":[{"floor":2,"key":"SneckoOil"},{"floor":3,"key":"AttackPotion"},{"floor":7,"key":"Block Potion"},{"floor":18,"key":"Dexterity Potion"},{"floor":23,"key":"SpeedPotion"},{"floor":25,"key":"AttackPotion"},{"floor":27,"key":"CultistPotion"},{"floor":31,"key":"SteroidPotion"},{"floor":35,"key":"Energy Potion"},{"floor":42,"key":"BloodPotion"},{"floor":44,"key":"SkillPotion"},{"floor":48,"key":"GamblersBrew"}],"is_trial":false,"path_per_floor":["M","M","M","?","M","R","E","R","T","$","M","E","R","M","R","B",null,"M","?","M","?","$","E","$","M","T","E","M","R","M","M","R","B",null,"M","T","$","M","M","E","?","E","T","M","E","M","?","M","R","B","B",null],"character_chosen":"IRONCLAD","items_purchased":["MostiFishMod:HellRitual","Shrug It Off","BloodPotion","Metallicize","Brimstone","Blood Vial","hubris:EnhanceAbility","Girya"],"campfire_rested":2,"item_purchase_floors":[10,10,22,24,37,37,37,37],"current_hp_per_floor":[74,75,75,75,75,75,75,75,75,75,75,75,75,69,69,45,68,70,70,59,74,74,37,37,46,46,52,26,48,53,51,73,12,59,65,65,65,73,75,63,63,68,68,75,75,75,75,75,75,57,65],"gold":14,"neow_bonus":"RANDOM_COMMON_RELIC","is_daily":false,"chose_seed":false,"campfire_upgraded":5,"win_rate":0.0,"timestamp":1612606588,"path_taken":["M","M","M","?","M","R","E","R","T","$","M","E","R","M","R","BOSS","M","?","?","?","$","E","$","M","T","E","M","R","M","M","R","BOSS","M","?","?","M","M","E","?","E","T","M","E","M","?","M","R","BOSS","BOSS"],"items_purchased_type":["Card","Card","Potion","Card","Relic","Relic","Card","Relic"],"build_version":"2020-12-22","purchased_purges":1,"victory":true,"max_hp_per_floor":[75,75,75,75,75,75,75,75,75,75,75,75,75,75,75,75,75,75,75,75,75,75,75,75,75,75,75,75,75,75,75,75,75,75,75,75,75,75,75,75,75,75,75,75,75,75,75,75,75,75,75],"card_choices":[{"not_picked":["True Grit","Havoc","Entrench"],"picked":"SKIP","floor":1},{"not_picked":["Clash","Twin Strike","Anger","Intimidate"],"picked":"Shrug It Off","floor":2},{"not_picked":["Sword Boomerang","MostiFishMod:Chiaki","Anger","Infernal Blade"],"picked":"Cleave","floor":3},{"not_picked":["Blood for Blood","Ghostly Armor","Dual Wield","MostiFishMod:BrandingRite"],"picked":"Sword Boomerang","floor":5},{"not_picked":["Pummel","Thunderclap","Clash","Entrench","Carnage"],"picked":"SKIP","floor":7},{"not_picked":["Wild Strike","Pommel Strike","Iron Wave","Heavy Blade"],"picked":"Rampage","floor":11},{"not_picked":["Warcry","Sever Soul","Pommel Strike","Bloodletting"],"picked":"Bludgeon","floor":12},{"not_picked":["True Grit","Clash","Wild Strike","Whirlwind"],"picked":"Flex","floor":14},{"not_picked":["MostiFishMod:Chiaki","Corruption","MostiFishMod:KnuckleDown","Bludgeon"],"picked":"MostiFishMod:TemporaryOutbreak","floor":16},{"not_picked":["Infernal Blade","Whirlwind","Burning Pact","Body Slam+1"],"picked":"Flex","floor":18},{"not_picked":["Twin Strike","Iron Wave","Uppercut","Carnage"],"picked":"Fire Breathing","floor":20},{"not_picked":["Uppercut","Dropkick","Havoc","Heavy Blade+1"],"picked":"MostiFishMod:UltimateDefense","floor":23},{"not_picked":["Warcry","Armaments","Entrench","hubris:ReadiedAction"],"picked":"Second Wind+1","floor":25},{"not_picked":["Corruption","Clothesline","Flex","Blood for Blood","Headbutt"],"picked":"SKIP","floor":27},{"not_picked":["Armaments","Feed","Cleave","Flex+1"],"picked":"Shrug It Off+1","floor":28},{"not_picked":["Sever Soul","Body Slam","Heavy Blade","True Grit","Flex"],"picked":"SKIP","floor":30},{"not_picked":["Clothesline","Shrug It Off","Anger","Perfected Strike","Warcry"],"picked":"SKIP","floor":31},{"not_picked":["Fiend Fire","Offering","Brutality","Bludgeon"],"picked":"MostiFishMod:ChineseTea","floor":33},{"not_picked":["Second Wind","Bloodletting","Clash","Blood for Blood"],"picked":"Sentinel+1","floor":35},{"not_picked":["Heavy Blade","Fire Breathing+1","Warcry","Spot Weakness","True Grit"],"picked":"SKIP","floor":38},{"not_picked":["Anger","Hemokinesis","Twin Strike+1","Cleave"],"picked":"MostiFishMod:PerfectStrikeMKII","floor":39},{"not_picked":["Headbutt","Twin Strike+1","Thunderclap","Rage+1"],"picked":"MostiFishMod:KnuckleDown","floor":40},{"not_picked":["MostiFishMod:OrdinaryWorld","Carnage+1","Evolve","hubris:ReadiedAction"],"picked":"Seeing Red+1","floor":42},{"not_picked":["Warcry","Headbutt","Sever Soul","Combust","Clothesline"],"picked":"SKIP","floor":44},{"not_picked":["Shrug It Off","Perfected Strike","Body Slam","Juggernaut"],"picked":"Uppercut","floor":45},{"not_picked":["Ghostly Armor+1","Spot Weakness","Clash","Headbutt"],"picked":"Disarm","floor":46},{"not_picked":["Carnage","Reckless Charge","Iron Wave","Thunderclap"],"picked":"Intimidate","floor":48}],"player_experience":1853145,"relics_obtained":[{"floor":1,"key":"SynthV:TestCard"},{"floor":7,"key":"Tiny Chest"},{"floor":9,"key":"Bag of Preparation"},{"floor":12,"key":"Boot"},{"floor":23,"key":"hubris:TenFootPole"},{"floor":26,"key":"Potion Belt"},{"floor":27,"key":"hubris:BottledRain"},{"floor":31,"key":"wanderingMiniBosses:MasterThiefsPresence"},{"floor":36,"key":"ArrowTower"},{"floor":40,"key":"Juzu Bracelet"},{"floor":42,"key":"Self Forming Clay"},{"floor":43,"key":"FossilizedHelix"},{"floor":45,"key":"Akabeko"}],"event_choices":[{"damage_healed":0,"gold_gain":0,"player_choice":"Upgraded","damage_taken":0,"max_hp_gain":0,"max_hp_loss":0,"event_name":"Upgrade Shrine","floor":19,"gold_loss":0,"cards_upgraded":["Bludgeon"]},{"damage_healed":15,"gold_gain":0,"player_choice":"Heal","damage_taken":0,"max_hp_gain":0,"max_hp_loss":0,"event_name":"The Library","floor":21,"gold_loss":0},{"damage_healed":0,"gold_gain":0,"player_choice":"Paid","damage_taken":0,"relics_obtained":["Red Mask"],"max_hp_gain":0,"max_hp_loss":0,"event_name":"Tomb of Lord Red Mask","floor":47,"gold_loss":169}],"is_beta":false,"boss_relics":[{"not_picked":["Pandora\u0027s Box","FeatherPendant"],"picked":"hubris:ScarierMask"},{"not_picked":["Calling Bell","NightmareShop"],"picked":"ExusiaiGun"}],"items_purged_floors":[10],"is_endless":false,"potions_floor_spawned":[2,3,7,18,23,25,27,31,35,42,44,48],"ascension_level":20}}