{"host":"873t0y8ybyo38pfq","time":1612618229,"event":{"mods":["BaseMod","Bestiary","Colored Map","Colored Powertips","Highlight Path","Minty Spire (QoL Compilation)","Quick Restart","RNG Fix","Rare Cards Sparkle","Relic Stats","StSLib"],"gold_per_floor":[110,130,12,12,12,12,12,12,12,67,78,78,124,11,11,86,86,104,104,20,20,20,20,20,54,54,67,94,94,122,136,136,213,213,230,230,243,255,267,293,310,337,337,371,371,396,396,396],"floor_reached":47,"language":"ENG","playtime":1812,"items_purged":["Strike_G"],"score":1184,"play_id":"f0dc2525-8b6e-4ebb-9197-ccc885093caa","local_time":"20210206083029","is_ascension_mode":true,"campfire_choices":[{"data":"Noxious Fumes","floor":7,"key":"SMITH"},{"data":"Neutralize","floor":12,"key":"SMITH"},{"data":"Noxious Fumes","floor":15,"key":"SMITH"},{"data":"Ghostly","floor":23,"key":"SMITH"},{"data":"Ghostly","floor":29,"key":"SMITH"},{"data":"Catalyst","floor":32,"key":"SMITH"},{"data":"Wraith Form v2","floor":45,"key":"SMITH"}],"circlet_count":0,"master_deck":["AscendersBane","Strike_G+1","Strike_G+1","Strike_G+1","Strike_G+1","Defend_G+1","Defend_G+1","Defend_G+1","Defend_G+1","Defend_G+1","Survivor","Neutralize+1","Corpse Explosion+1","Noxious Fumes+1","PiercingWail","Noxious Fumes+1","Predator","Deflect","Wraith Form v2+1","Noxious Fumes","Ghostly","Ghostly+1","Ghostly+1","Backflip","Unload","Catalyst+1","Bullet Time","Crippling Poison+1","Panacea","Finesse","Acrobatics","PiercingWail","Skewer+1","Outmaneuver"],"relics":["Ring of the Snake","Meat on the Bone","Blue Candle","Runic Pyramid","Kunai","Vajra","Ice Cream","Anchor","Unceasing Top","Sozu","Sundial","Lantern","Gremlin Horn","Bronze Scales","Shovel"],"acts_visited":["Exordium","TheCity","TheBeyond"],"potions_floor_usage":[6,10,16,27,28,33,47],"damage_taken":[{"damage":6,"enemies":"Small Slimes","floor":1,"turns":3},{"damage":3,"enemies":"2 Louse","floor":2,"turns":3},{"damage":0,"enemies":"Gremlin Nob","floor":6,"turns":1},{"damage":11,"enemies":"Lagavulin Event","floor":10,"turns":6},{"damage":11,"enemies":"Jaw Worm","floor":11,"turns":4},{"damage":31,"enemies":"Slime Boss","floor":16,"turns":10},{"damage":3,"enemies":"3 Byrds","floor":18,"turns":4},{"damage":10,"enemies":"Slavers","floor":25,"turns":6},{"damage":5,"enemies":"Shell Parasite","floor":27,"turns":6},{"damage":19,"enemies":"Book of Stabbing","floor":28,"turns":9},{"damage":11,"enemies":"Gremlin Leader","floor":30,"turns":7},{"damage":0,"enemies":"Snecko","floor":31,"turns":6},{"damage":6,"enemies":"Automaton","floor":33,"turns":10},{"damage":3,"enemies":"Orb Walker","floor":35,"turns":5},{"damage":0,"enemies":"3 Darklings","floor":37,"turns":4},{"damage":0,"enemies":"Sphere and 2 Shapes","floor":38,"turns":4},{"damage":0,"enemies":"Maw","floor":39,"turns":8},{"damage":7,"enemies":"Nemesis","floor":40,"turns":9},{"damage":1,"enemies":"4 Shapes","floor":41,"turns":5},{"damage":2,"enemies":"Giant Head","floor":42,"turns":7},{"damage":3,"enemies":"Reptomancer","floor":44,"turns":5},{"damage":0,"enemies":"Mind Bloom Boss Battle","floor":46,"turns":7},{"damage":28,"enemies":"Spire Growth","floor":47,"turns":4}],"seed_played":"1316226206059765395","potions_obtained":[{"floor":1,"key":"SmokeBomb"},{"floor":2,"key":"Ancient Potion"},{"floor":16,"key":"Swift Potion"},{"floor":18,"key":"Regen Potion"},{"floor":28,"key":"CunningPotion"},{"floor":31,"key":"Poison Potion"}],"is_trial":false,"path_per_floor":["M","M","$","?","?","E","R","$","T","?","M","R","T","$","R","B",null,"M","?","$","?","?","R","T","E","T","M","E","R","E","M","R","B",null,"M","?","M","M","M","E","M","E","T","E","R","?","M"],"character_chosen":"THE_SILENT","items_purchased":["Noxious Fumes","GhostInAJar","Noxious Fumes"],"campfire_rested":0,"item_purchase_floors":[3,14,20],"current_hp_per_floor":[53,50,50,50,32,32,32,32,32,33,34,34,34,34,34,15,49,46,46,46,30,30,30,30,20,20,30,23,23,24,24,24,18,29,26,16,28,28,28,21,20,18,18,27,27,27,0,0],"gold":396,"neow_bonus":"THREE_RARE_CARDS","is_daily":false,"chose_seed":false,"campfire_upgraded":7,"win_rate":0.0,"timestamp":1612618229,"path_taken":["M","M","$","?","?","E","R","$","T","?","M","R","?","?","R","BOSS","M","?","?","?","?","R","?","E","T","?","E","R","E","M","R","BOSS","M","?","M","M","M","E","M","E","T","E","R","?","M"],"items_purchased_type":["Card","Potion","Card"],"build_version":"2020-12-22","purchased_purges":1,"victory":false,"max_hp_per_floor":[60,60,60,60,60,60,60,60,60,60,60,60,60,60,60,60,60,60,60,60,65,32,32,32,32,32,32,32,32,32,32,32,32,32,32,32,32,32,32,32,32,32,32,32,32,32,32,32],"relic_stats":{"Sozu":4,"Shovel":0,"Gremlin Horn":[4,4],"counters":[23,133],"Sundial":[0],"Blue Candle":[0],"Bronze Scales":[30],"Kunai":[16],"obtain_stats":[{"Ice Cream":26,"Lantern":42,"Gremlin Horn":43,"Blue Candle":10,"Vajra":25,"Sozu":34,"Anchor":28,"Shovel":46,"Sundial":40,"Bronze Scales":44,"Kunai":24,"Unceasing Top":30,"Ring of the Snake":0,"Meat on the Bone":9,"Runic Pyramid":17},{"Ice Cream":8,"Lantern":20,"Gremlin Horn":20,"Blue Candle":3,"Vajra":8,"Sozu":13,"Anchor":10,"Shovel":22,"Sundial":18,"Bronze Scales":21,"Kunai":7,"Unceasing Top":11,"Ring of the Snake":0,"Meat on the Bone":3,"Runic Pyramid":6},{"Ice Cream":37,"Lantern":117,"Gremlin Horn":117,"Blue Candle":7,"Vajra":37,"Sozu":75,"Anchor":52,"Shovel":129,"Sundial":105,"Bronze Scales":122,"Kunai":31,"Unceasing Top":59,"Ring of the Snake":0,"Meat on the Bone":7,"Runic Pyramid":27}],"Unceasing Top":[14],"Ring of the Snake":[46],"Meat on the Bone":84},"card_choices":[{"not_picked":["Tools of the Trade","After Image"],"picked":"Corpse Explosion","floor":0},{"not_picked":["Dagger Spray","Riddle With Holes"],"picked":"Noxious Fumes","floor":1},{"not_picked":["Prepared","Dodge and Roll"],"picked":"PiercingWail","floor":2},{"not_picked":["Choke","Outmaneuver"],"picked":"Predator","floor":10},{"not_picked":["Storm of Steel","Flying Knee"],"picked":"Deflect","floor":11},{"not_picked":["Malaise","Venomology"],"picked":"Wraith Form v2","floor":16},{"not_picked":["Dagger Spray","Sucker Punch","Finisher"],"picked":"SKIP","floor":18},{"not_picked":["Reflex","Infinite Blades","Cloak And Dagger"],"picked":"SKIP","floor":25},{"not_picked":["Quick Slash","Dagger Spray"],"picked":"Backflip","floor":27},{"not_picked":["Dodge and Roll","Deflect"],"picked":"Unload","floor":28},{"not_picked":["Accuracy","Leg Sweep"],"picked":"Catalyst","floor":30},{"not_picked":["Finisher","Deflect","Slice"],"picked":"SKIP","floor":31},{"not_picked":["Storm of Steel","Venomology"],"picked":"Bullet Time","floor":33},{"not_picked":["Prepared","Cloak And Dagger"],"picked":"Crippling Poison+1","floor":35},{"not_picked":["Madness","Enlightenment"],"picked":"Panacea","floor":36},{"not_picked":["Blind","Chrysalis"],"picked":"Finesse","floor":36},{"not_picked":["Poisoned Stab","Eviscerate","Heel Hook"],"picked":"SKIP","floor":37},{"not_picked":["Deadly Poison+1","Outmaneuver","Predator"],"picked":"SKIP","floor":38},{"not_picked":["Deadly Poison","Underhanded Strike"],"picked":"Acrobatics","floor":39},{"not_picked":["Flying Knee+1","Deadly Poison+1","Terror+1"],"picked":"SKIP","floor":40},{"not_picked":["Accuracy","Deadly Poison"],"picked":"PiercingWail","floor":41},{"not_picked":["Heel Hook","Deflect"],"picked":"Skewer+1","floor":42},{"not_picked":["Reflex","Cloak And Dagger","Masterful Stab+1"],"picked":"SKIP","floor":44},{"not_picked":["Deadly Poison","Dagger Throw"],"picked":"Outmaneuver","floor":46}],"player_experience":1755685,"relics_obtained":[{"floor":9,"key":"Meat on the Bone"},{"floor":24,"key":"Kunai"},{"floor":25,"key":"Vajra"},{"floor":26,"key":"Ice Cream"},{"floor":28,"key":"Anchor"},{"floor":30,"key":"Unceasing Top"},{"floor":40,"key":"Sundial"},{"floor":42,"key":"Lantern"},{"floor":43,"key":"Gremlin Horn"},{"floor":44,"key":"Bronze Scales"},{"floor":46,"key":"Shovel"}],"event_choices":[{"damage_healed":0,"gold_gain":0,"player_choice":"Grow","damage_taken":0,"max_hp_gain":0,"max_hp_loss":0,"event_name":"Living Wall","floor":4,"gold_loss":0,"cards_upgraded":["Corpse Explosion"]},{"damage_healed":0,"gold_gain":0,"player_choice":"Entered Light","damage_taken":18,"max_hp_gain":0,"max_hp_loss":0,"event_name":"Shining Light","floor":5,"gold_loss":0,"cards_upgraded":["Defend_G","Defend_G"]},{"damage_healed":0,"gold_gain":0,"player_choice":"Searched \u00273\u0027 times","damage_taken":0,"relics_obtained":["Blue Candle"],"max_hp_gain":0,"max_hp_loss":0,"event_name":"Dead Adventurer","floor":10,"gold_loss":0},{"damage_healed":0,"gold_gain":0,"player_choice":"Simplicity","damage_taken":0,"max_hp_gain":0,"max_hp_loss":0,"event_name":"Back to Basics","floor":19,"gold_loss":0,"cards_upgraded":["Strike_G","Strike_G","Strike_G","Strike_G","Defend_G","Defend_G","Defend_G"]},{"damage_healed":0,"gold_gain":0,"player_choice":"Shed Blood","damage_taken":21,"max_hp_gain":5,"max_hp_loss":0,"event_name":"Forgotten Altar","floor":21,"gold_loss":0},{"damage_healed":0,"gold_gain":0,"player_choice":"Became a Ghost","damage_taken":0,"max_hp_gain":0,"max_hp_loss":33,"event_name":"Ghosts","floor":22,"gold_loss":0,"cards_obtained":["Ghostly","Ghostly","Ghostly"]},{"damage_healed":0,"gold_gain":0,"player_choice":"Memory 3","damage_taken":10,"max_hp_gain":0,"max_hp_loss":0,"event_name":"SensoryStone","floor":36,"gold_loss":0},{"damage_healed":0,"gold_gain":0,"player_choice":"Fight","damage_taken":0,"max_hp_gain":0,"max_hp_loss":0,"event_name":"MindBloom","floor":46,"gold_loss":0}],"is_beta":false,"boss_relics":[{"not_picked":["Runic Dome","Ring of the Serpent"],"picked":"Runic Pyramid"},{"not_picked":["Velvet Choker","Coffee Dripper"],"picked":"Sozu"}],"items_purged_floors":[3],"is_endless":false,"potions_floor_spawned":[1,2,16,18,28,31,35,37,42,44],"killed_by":"Spire Growth","ascension_level":20}}