{"host":"ya062ahhhuj9au1o","time":1612653402,"event":{"mods":["BaseMod","Better Third Choice","Downfall","Filter the Spire","Hermit","Minty Spire (QoL Compilation)","Random Character Button","Robot Space Explorer","Somnambulant","StSLib","The Bug Knight","The Cursed","The Marked","The Servant 0.9.4"],"gold_per_floor":[99,99,99,99,119,119,119,153,153,172,172,189,189,199,219,219,219,219],"floor_reached":16,"language":"ENG","playtime":1156,"items_purged":[],"score":100,"play_id":"c910281a-5134-468a-8e93-57b38d1820b6","local_time":"20210206181642","is_ascension_mode":false,"campfire_choices":[{"data":"hexamod:Sear","floor":1,"key":"SMITH"},{"floor":9,"key":"REST"},{"data":"hexamod:SoulSteal","floor":11,"key":"SMITH"},{"data":"hexamod:GhostLash","floor":13,"key":"SMITH"}],"circlet_count":0,"master_deck":["hexamod:Strike","hexamod:Strike","hexamod:Strike","hexamod:Strike","hexamod:Defend","hexamod:Defend","hexamod:Defend","hexamod:Defend","hexamod:Sear+1","hexamod:Float","hexamod:GhostOfSpireFuture","hexamod:Haunt","hexamod:SoulSteal+1","hexamod:GhostShield","hexamod:SkipABeat","hexamod:Hexaguard","hexamod:GhostLash+1","hexamod:ExtraCrispy"],"relics":["hexamod:SpiritBrand","downfall:HeartsMalice","Blue Candle","Mummified Hand"],"acts_visited":["Exordium"],"potions_floor_usage":[10],"damage_taken":[{"damage":0,"enemies":"Jaw Worm","floor":2,"turns":1},{"damage":0,"enemies":"2 Louse","floor":3,"turns":1},{"damage":0,"enemies":"Small Slimes","floor":4,"turns":1},{"damage":7,"enemies":"Blue Slaver","floor":5,"turns":6},{"damage":53,"enemies":"Gremlin Nob","floor":8,"turns":6},{"damage":0,"enemies":"Exordium Thugs","floor":10,"turns":4},{"damage":2,"enemies":"3 Louse","floor":12,"turns":3},{"damage":0,"enemies":"Blue Slaver","floor":14,"turns":3},{"damage":9,"enemies":"3 Louse","floor":15,"turns":3},{"damage":40,"enemies":"WA_ARCHETYPE_RETAIN","floor":16,"turns":7}],"seed_played":"8435230402266618628","potions_obtained":[{"floor":5,"key":"sneckomod:MuddlingPotion"},{"floor":8,"key":"SkillPotion"},{"floor":15,"key":"LiquidMemories"}],"is_trial":false,"path_per_floor":["R","M","M","M","M","?","T","E","R","M","R","M","R","M","M","B"],"character_chosen":"THE_SPIRIT","items_purchased":[],"campfire_rested":1,"item_purchase_floors":[],"current_hp_per_floor":[70,70,70,70,63,68,68,15,37,37,37,35,35,35,26,0,0,0],"gold":219,"neow_bonus":"THREE_ENEMY_KILL","is_daily":false,"chose_seed":false,"campfire_upgraded":3,"win_rate":0.0,"timestamp":1612653402,"path_taken":["R","M","M","M","M","?","T","E","R","M","R","M","R","M","M","BOSS"],"items_purchased_type":[],"build_version":"2020-12-22","purchased_purges":0,"victory":false,"max_hp_per_floor":[70,70,70,70,70,75,75,75,75,75,75,75,75,75,75,75,75,75],"card_choices":[{"not_picked":["hexamod:HeatMetal","hexamod:NightmareStrike"],"picked":"hexamod:GhostOfSpireFuture","floor":2},{"not_picked":["hexamod:HeatMetal","hexamod:SpectersWail"],"picked":"hexamod:Haunt","floor":3},{"not_picked":["hexamod:HauntingEcho","hexamod:EtherealExpedition"],"picked":"hexamod:SoulSteal","floor":4},{"not_picked":["hexamod:ShieldOfDarkness","hexamod:GhostflameBarrier"],"picked":"hexamod:GhostShield","floor":5},{"not_picked":["hexamod:RadiantFlame","hexamod:NightmareStrike"],"picked":"hexamod:SkipABeat","floor":8},{"not_picked":["hexamod:NightmareStrike","hexamod:ShieldOfDarkness"],"picked":"hexamod:Hexaguard","floor":10},{"not_picked":["hexamod:SwordOfDarkness","hexamod:GhostOfSpirePresent"],"picked":"hexamod:GhostLash","floor":12},{"not_picked":["hexamod:BurningTouch","hexamod:AdvancingGuard","hexamod:ShieldOfDarkness"],"picked":"SKIP","floor":14},{"not_picked":["hexamod:InspiringFlames","hexamod:FastForward"],"picked":"hexamod:ExtraCrispy","floor":15}],"player_experience":1824472,"relics_obtained":[{"floor":7,"key":"Blue Candle"},{"floor":8,"key":"Mummified Hand"}],"event_choices":[{"damage_healed":0,"gold_gain":0,"player_choice":"Donut","damage_taken":0,"max_hp_gain":5,"max_hp_loss":0,"event_name":"Big Fish","floor":6,"gold_loss":0}],"is_beta":false,"boss_relics":[],"items_purged_floors":[],"is_endless":false,"potions_floor_spawned":[5,8,15],"killed_by":"WA_ARCHETYPE_RETAIN","ascension_level":0}}