{"host":"bvp2uifzy1c463d9","time":1612640090,"event":{"mods":["AchievementEnabler","BaseMod","Block Reminder","ChefMod","Colored Map","Colored Powertips","Hermit","Highlight Path","Infinite Spire","Minty Spire (QoL Compilation)","Random Character Button","Relic Sorter","Relic Stats","Reliquary","Replay The Spire","StSLib","The Jungle","The Servant 0.9.4"],"gold_per_floor":[113,129,146,159,179,206,206,224,224,224,236,263,282,299,299,399,399,416,341,341,352,372,372,372,372,397,431,450,450,464,475,475,573,573,588,600,99,111,127,155,170,170,170,19,35,54,54,74,74,74,74],"floor_reached":50,"language":"ENG","playtime":3219,"items_purged":["chefmod:Strike"],"score":591,"play_id":"7c243f8e-0b1e-4c4e-80df-1de7a26eabe3","local_time":"20210206133450","is_ascension_mode":false,"campfire_choices":[{"data":"chefmod:Puree","floor":7,"key":"SMITH"},{"data":"chefmod:Fillet","floor":10,"key":"SMITH"},{"data":"chefmod:FrozenTuna","floor":15,"key":"SMITH"},{"data":"chefmod:FrozenTuna","floor":23,"key":"SMITH"},{"data":"chefmod:ColdSteel","floor":25,"key":"SMITH"},{"floor":32,"key":"REST"},{"floor":42,"key":"RECALL"},{"data":"infinitespire:Execution","floor":47,"key":"SMITH"},{"floor":49,"key":"REST"}],"circlet_count":0,"master_deck":["chefmod:Strike","chefmod:QuickThaw+1","chefmod:Defend","chefmod:Defend","chefmod:TodaysSpecial","chefmod:Fillet+1","chefmod:Puree+1","chefmod:ColdSteel+1","chefmod:Gelato","chefmod:FryPan","chefmod:Gelato","chefmod:Granita","chefmod:Chop","chefmod:FiveAlarmChili","chefmod:FrozenTuna+1","chefmod:ZaruSoba","chefmod:FrozenTuna+1","chefmod:ColdSteel+1","chefmod:NoSoupForYou+1","chefmod:Granita","chefmod:Defrost","chefmod:RaidPantry","chefmod:IceCreamCone+1","infinitespire:Execution+1","chefmod:DeepFreeze","chefmod:LiquidNitrogen","chefmod:Leftovers","chefmod:VegetableTart+1","chefmod:Puree","chefmod:TonkotsuRamen+1"],"relics":["Replay:Kaleidoscope","PocketWatch","infinitespire:DarkRift","Uniform","Electric Blood","TheAbacus","theJungle:WildStrawberry","infinitespire:MutagenicDexterity","Red Skull","Mango","chefmod:Spatula","ReplayTheSpireMod:Onyx Gauntlets","infinitespire:Chaos"],"acts_visited":["Exordium","TheCity","TheBeyond"],"potions_floor_usage":[6,6,33,50],"damage_taken":[{"damage":0,"enemies":"Cultist","floor":1,"turns":3},{"damage":1,"enemies":"Jaw Worm","floor":2,"turns":2},{"damage":0,"enemies":"2 Louse","floor":3,"turns":2},{"damage":16,"enemies":"Large Slime","floor":4,"turns":6},{"damage":0,"enemies":"3 Louse","floor":5,"turns":4},{"damage":5,"enemies":"Gremlin Nob","floor":6,"turns":4},{"damage":1,"enemies":"Exordium Wildlife","floor":8,"turns":4},{"damage":0,"enemies":"Looter","floor":11,"turns":3},{"damage":3,"enemies":"Lagavulin","floor":12,"turns":5},{"damage":1,"enemies":"Blue Slaver","floor":13,"turns":3},{"damage":0,"enemies":"Lots of Slimes","floor":14,"turns":1},{"damage":7,"enemies":"Fading Forest","floor":16,"turns":11},{"damage":0,"enemies":"Spheric Guardian","floor":18,"turns":1},{"damage":6,"enemies":"2 Thieves","floor":21,"turns":2},{"damage":8,"enemies":"Snecko","floor":22,"turns":4},{"damage":32,"enemies":"Slavers","floor":27,"turns":3},{"damage":0,"enemies":"Centurion and Healer","floor":28,"turns":1},{"damage":1,"enemies":"Chosen and Byrds","floor":30,"turns":3},{"damage":0,"enemies":"Snake Plant","floor":31,"turns":2},{"damage":0,"enemies":"Champ","floor":33,"turns":7},{"damage":0,"enemies":"Orb Walker","floor":35,"turns":1},{"damage":5,"enemies":"3 Shapes","floor":36,"turns":2},{"damage":0,"enemies":"Jaw Worm Horde","floor":38,"turns":2},{"damage":9,"enemies":"4 Shapes","floor":39,"turns":5},{"damage":4,"enemies":"Giant Head","floor":40,"turns":4},{"damage":21,"enemies":"Spire Growth","floor":41,"turns":3},{"damage":5,"enemies":"Jaw Worm Horde","floor":45,"turns":1},{"damage":9,"enemies":"Sphere and 2 Shapes","floor":46,"turns":2},{"damage":24,"enemies":"Writhing Mass","floor":48,"turns":3},{"damage":28,"enemies":"infinitespire:MassOfShapes","floor":50,"turns":2}],"seed_played":"7689341996992810796","potions_obtained":[{"floor":1,"key":"LiquidMemories"},{"floor":6,"key":"Fruit Juice"},{"floor":8,"key":"Strength Potion"},{"floor":12,"key":"SmokeBomb"},{"floor":13,"key":"Fire Potion"},{"floor":14,"key":"ColorlessPotion"},{"floor":33,"key":"PowerPotion"},{"floor":36,"key":"CultistPotion"}],"is_trial":false,"path_per_floor":["M","M","M","M","M","E","R","M","T","R","M","E","M","M","R","B",null,"M","?","?","M","M","R","?","R","T","E","M","AVR","?","?","T","B",null,"?","?","?","?","?","E","?","T","T","T","M","M","R","M","R","B"],"character_chosen":"THE_CHEF","items_purchased":["infinitespire:Chaos"],"campfire_rested":2,"item_purchase_floors":[44],"current_hp_per_floor":[76,75,75,59,59,59,59,58,58,58,58,55,54,54,54,47,61,61,61,61,55,47,47,47,47,47,15,15,15,14,14,32,32,61,61,56,56,56,47,43,34,34,34,41,36,27,27,3,27,0,0],"gold":74,"neow_bonus":"UPGRADE_CARD","is_daily":false,"chose_seed":false,"campfire_upgraded":6,"win_rate":0.0,"timestamp":1612640090,"path_taken":["M","M","?","M","M","E","R","M","T","R","M","E","M","M","R","BOSS","M","?","?","M","M","R","?","R","T","E","M","AVR","?","?","T","BOSS","?","?","?","?","?","E","?","T","T","T","M","M","R","M","R","BOSS"],"items_purchased_type":["Relic"],"build_version":"2020-12-22","purchased_purges":1,"victory":false,"max_hp_per_floor":[76,76,76,76,76,81,81,81,81,81,81,81,81,81,81,81,61,61,61,61,61,61,61,61,61,61,61,61,61,61,61,61,61,61,61,61,61,61,61,61,61,61,61,82,82,82,82,82,82,82,82],"relic_stats":{"TheAbacus":[6],"counters":[30,96],"obtain_stats":[{"StoneCalendar":6,"Painkiller Herb":29,"Mango":44,"Uniform":44,"chefmod:Spatula":44,"Shovel":27,"TheAbacus":44,"infinitespire:MutagenicDexterity":44,"Replay:Lucky Slots":29,"PocketWatch":44,"Replay:Drink Me":17,"infinitespire:Chaos":44,"Electric Blood":44,"Red Skull":44,"chefmod:TrustyPot":0,"Happy Flower":26,"infinitespire:EmptyRelic":44,"infinitespire:Joker Card":9,"Replay:Kaleidoscope":20,"reliquary:RosewoodLute":12,"infinitespire:DarkRift":44,"reliquary:Craggleroot":34,"theJungle:WildStrawberry":44,"ReplayTheSpireMod:Onyx Gauntlets":44,"Meat on the Bone":40},{"StoneCalendar":6,"Painkiller Herb":17,"Mango":26,"Uniform":26,"chefmod:Spatula":26,"Shovel":16,"TheAbacus":26,"infinitespire:MutagenicDexterity":26,"Replay:Lucky Slots":17,"PocketWatch":26,"Replay:Drink Me":12,"infinitespire:Chaos":26,"Electric Blood":26,"Red Skull":26,"chefmod:TrustyPot":0,"Happy Flower":15,"infinitespire:EmptyRelic":26,"infinitespire:Joker Card":7,"Replay:Kaleidoscope":13,"reliquary:RosewoodLute":9,"infinitespire:DarkRift":26,"reliquary:Craggleroot":20,"theJungle:WildStrawberry":26,"ReplayTheSpireMod:Onyx Gauntlets":26,"Meat on the Bone":25},{"StoneCalendar":21,"Painkiller Herb":59,"Mango":88,"Uniform":88,"chefmod:Spatula":88,"Shovel":58,"TheAbacus":88,"infinitespire:MutagenicDexterity":88,"Replay:Lucky Slots":59,"PocketWatch":88,"Replay:Drink Me":48,"infinitespire:Chaos":88,"Electric Blood":88,"Red Skull":88,"chefmod:TrustyPot":0,"Happy Flower":55,"infinitespire:EmptyRelic":88,"infinitespire:Joker Card":25,"Replay:Kaleidoscope":49,"reliquary:RosewoodLute":33,"infinitespire:DarkRift":88,"reliquary:Craggleroot":71,"theJungle:WildStrawberry":88,"ReplayTheSpireMod:Onyx Gauntlets":88,"Meat on the Bone":85}]},"card_choices":[{"not_picked":["chefmod:IcePick","chefmod:NewMenu"],"picked":"chefmod:Fillet","floor":1},{"not_picked":["chefmod:PotatoGratin","chefmod:Escargot"],"picked":"chefmod:Puree","floor":2},{"not_picked":["chefmod:Granita","chefmod:Escargot"],"picked":"chefmod:ColdSteel","floor":3},{"not_picked":["chefmod:MonsterBait","chefmod:BleedOut"],"picked":"chefmod:Gelato","floor":4},{"not_picked":["chefmod:Gelato","chefmod:Mince"],"picked":"chefmod:FryPan","floor":5},{"not_picked":["chefmod:Cleavers","chefmod:AllYouCanEat"],"picked":"chefmod:Gelato","floor":6},{"not_picked":["chefmod:Puree","chefmod:IcePick"],"picked":"chefmod:Granita","floor":8},{"not_picked":["chefmod:HotSoup","chefmod:DinoKale"],"picked":"chefmod:Chop","floor":11},{"not_picked":["chefmod:SliceAndDice","chefmod:GroceryDelivery"],"picked":"chefmod:FiveAlarmChili","floor":12},{"not_picked":["chefmod:ColdSteel","chefmod:DinoKale"],"picked":"chefmod:FrozenTuna","floor":13},{"not_picked":["chefmod:FireUp","chefmod:Puree"],"picked":"chefmod:ZaruSoba","floor":14},{"not_picked":["chefmod:DeathByChocolate","chefmod:PrepCook"],"picked":"chefmod:FrozenTuna","floor":16},{"not_picked":["chefmod:Gelato","chefmod:FarmersMarket+1"],"picked":"chefmod:ColdSteel+1","floor":18},{"not_picked":["chefmod:BaoBuns","chefmod:DimSum","chefmod:ColdSteel+1"],"picked":"SKIP","floor":21},{"not_picked":["chefmod:Cleavers","chefmod:FryPan","chefmod:SliceAndDice"],"picked":"SKIP","floor":22},{"not_picked":["chefmod:SaveForLater","chefmod:GroceryDelivery"],"picked":"chefmod:NoSoupForYou+1","floor":27},{"not_picked":["chefmod:DinoKale","chefmod:FryPan","chefmod:HotSoup"],"picked":"SKIP","floor":28},{"not_picked":["chefmod:KnifeFlurry","chefmod:BleedOut"],"picked":"chefmod:Granita","floor":30},{"not_picked":["chefmod:SliceAndDice","chefmod:ColdSteel+1"],"picked":"chefmod:Defrost","floor":31},{"not_picked":["chefmod:Tenderizer","chefmod:Mince"],"picked":"chefmod:RaidPantry","floor":33},{"not_picked":["chefmod:ColdSteel+1","chefmod:Chop","chefmod:GroceryDelivery+1"],"picked":"SKIP","floor":35},{"not_picked":["chefmod:FarmersMarket+1","chefmod:Defrost+1"],"picked":"chefmod:IceCreamCone+1","floor":36},{"not_picked":["Replay:Fractal Strike","infinitespire:Gouge"],"picked":"infinitespire:Execution","floor":37},{"not_picked":["chefmod:BaoBuns","chefmod:ColdSteel+1","chefmod:FireUp+1"],"picked":"SKIP","floor":38},{"not_picked":["chefmod:FireUp+1","chefmod:ZaruSoba+1"],"picked":"chefmod:DeepFreeze","floor":39},{"not_picked":["chefmod:Defrost","chefmod:NewMenu"],"picked":"chefmod:LiquidNitrogen","floor":40},{"not_picked":["chefmod:GroceryDelivery+1","chefmod:IcePick"],"picked":"chefmod:Leftovers","floor":41},{"not_picked":["chefmod:Leftovers","chefmod:BaoBuns+1"],"picked":"chefmod:VegetableTart+1","floor":45},{"not_picked":["chefmod:ZaruSoba+1","chefmod:ColdSteel"],"picked":"chefmod:Puree","floor":46},{"not_picked":["chefmod:SliceAndDice","chefmod:ColdSteel"],"picked":"chefmod:TonkotsuRamen+1","floor":48}],"player_experience":259436,"relics_obtained":[{"floor":6,"key":"StoneCalendar"},{"floor":9,"key":"infinitespire:Joker Card"},{"floor":12,"key":"reliquary:RosewoodLute"},{"floor":26,"key":"Happy Flower"},{"floor":27,"key":"Shovel"},{"floor":40,"key":"Meat on the Bone"}],"event_choices":[{"cards_removed":["chefmod:Defend"],"damage_healed":0,"gold_gain":0,"player_choice":"Gave Gold","damage_taken":0,"max_hp_gain":0,"max_hp_loss":0,"event_name":"Beggar","floor":19,"gold_loss":75},{"damage_healed":0,"gold_gain":0,"player_choice":"Ignored","damage_taken":0,"max_hp_gain":0,"max_hp_loss":0,"event_name":"Cursed Tome","floor":24,"gold_loss":0}],"is_beta":false,"boss_relics":[{"not_picked":["Astrolabe","ChewingGum"],"picked":"Replay:Drink Me"},{"not_picked":["Runic Dome","reliquary:WritOfMandamus"],"picked":"reliquary:Craggleroot"}],"items_purged_floors":[29],"is_endless":false,"potions_floor_spawned":[1,6,8,12,13,14,21,28,33,36,41,45,48],"killed_by":"infinitespire:MassOfShapes","ascension_level":0}}