{"host":"rmsq46plbpwfbxcc","time":1612615028,"event":{"mods":["AchievementEnabler","BaseMod","Colored Map","Colored Powertips","DeckTracker","KOR Keyword Fix","Minty Spire (QoL Compilation)","Permanent Neow","Quick Restart","SuperFastMode"],"gold_per_floor":[117,42,61,72,89,89,123,123,149,174,174,174,174,186,186,281,281,294,294,294,194,194,227,227,253,253,253,272,272,287,162,162,257,257,269,117,0,13,13,46,46,46,46,74,94,127,127,155,155,155,155,155,76,109,109],"floor_reached":56,"language":"KOR","playtime":2231,"items_purged":["Defend_G","Strike_G","Defend_G"],"score":1991,"play_id":"b98ac0b0-5711-4d8b-b4d1-6eaa261a4779","local_time":"20210206213708","is_ascension_mode":true,"campfire_choices":[{"data":"Blade Dance","floor":6.0,"key":"SMITH"},{"data":"Neutralize","floor":8.0,"key":"SMITH"},{"data":"Cloak And Dagger","floor":13.0,"key":"SMITH"},{"data":"Acrobatics","floor":15.0,"key":"SMITH"},{"data":"Finisher","floor":24.0,"key":"SMITH"},{"data":"Glass Knife","floor":27.0,"key":"SMITH"},{"data":"Blur","floor":29.0,"key":"SMITH"},{"data":"Survivor","floor":32.0,"key":"SMITH"},{"data":"Terror","floor":41.0,"key":"SMITH"},{"floor":47,"key":"RECALL"},{"data":"Choke","floor":49,"key":"SMITH"},{"data":"PiercingWail","floor":52,"key":"SMITH"}],"circlet_count":0,"master_deck":["AscendersBane","Strike_G","Defend_G","Survivor+1","Neutralize+1","Burst+1","Tactician+1","Flechettes+1","Acrobatics+1","Blade Dance+1","PiercingWail+1","Cloak And Dagger+1","Glass Knife+1","PiercingWail","Finisher+1","Blur+1","Backflip+1","Terror+1","Wraith Form v2+1","Choke+1","Well Laid Plans+1","Finisher"],"relics":["Astrolabe","Omamori","Akabeko","Centennial Puzzle","Coffee Dripper","Calipers","Shuriken","Sozu","Bag of Marbles","Red Mask","Mummified Hand","Meat on the Bone","Frozen Egg 2","Letter Opener","Mercury Hourglass","Nunchaku"],"acts_visited":["Exordium","TheCity","TheBeyond","TheEnding"],"potions_floor_usage":[55,55],"damage_taken":[{"damage":0.0,"enemies":"Cultist","floor":1.0,"turns":4.0},{"damage":0.0,"enemies":"2 Louse","floor":3.0,"turns":3.0},{"damage":1.0,"enemies":"Small Slimes","floor":4.0,"turns":3.0},{"damage":4.0,"enemies":"3 Louse","floor":5.0,"turns":3.0},{"damage":0.0,"enemies":"Gremlin Nob","floor":7.0,"turns":2.0},{"damage":7.0,"enemies":"Lagavulin","floor":10.0,"turns":4.0},{"damage":0.0,"enemies":"Looter","floor":14.0,"turns":2.0},{"damage":12.0,"enemies":"The Guardian","floor":16.0,"turns":14.0},{"damage":3.0,"enemies":"2 Thieves","floor":18.0,"turns":2.0},{"damage":25.0,"enemies":"Gremlin Leader","floor":23.0,"turns":6.0},{"damage":1.0,"enemies":"Slavers","floor":25.0,"turns":3.0},{"damage":0.0,"enemies":"3 Byrds","floor":28.0,"turns":3.0},{"damage":0.0,"enemies":"3 Cultists","floor":30.0,"turns":3.0},{"damage":13.0,"enemies":"Automaton","floor":33.0,"turns":5.0},{"damage":0.0,"enemies":"3 Darklings","floor":35.0,"turns":5.0},{"damage":0.0,"enemies":"Orb Walker","floor":38.0,"turns":1.0},{"damage":11.0,"enemies":"Giant Head","floor":40.0,"turns":5.0},{"damage":0.0,"enemies":"Nemesis","floor":44.0,"turns":5.0},{"damage":0,"enemies":"Jaw Worm Horde","floor":45,"turns":5},{"damage":0,"enemies":"Giant Head","floor":46,"turns":4},{"damage":1,"enemies":"Reptomancer","floor":48,"turns":3},{"damage":19,"enemies":"Donu and Deca","floor":50,"turns":6},{"damage":30,"enemies":"Shield and Spear","floor":54,"turns":6},{"damage":12,"enemies":"The Heart","floor":55,"turns":8}],"seed_played":"-5450519016901936301","potions_obtained":[{"floor":1.0,"key":"AttackPotion"},{"floor":7.0,"key":"SkillPotion"},{"floor":10.0,"key":"SkillPotion"},{"floor":14.0,"key":"Block Potion"},{"floor":23.0,"key":"DuplicationPotion"},{"floor":25.0,"key":"Strength Potion"},{"floor":33.0,"key":"GhostInAJar"}],"is_trial":false,"path_per_floor":["M","$","M","M","M","R","E","R","T","E","?","?","R","M","R","B",null,"M","?","?","$","?","E","R","E","T","R","M","R","M","$","R","B",null,"M","$","?","M","$","E","R","?","T","E","M","E","R","E","R","B",null,"R","$","E","B",null],"character_chosen":"THE_SILENT","items_purchased":["Bag of Marbles","Well Laid Plans+1"],"campfire_rested":0,"item_purchase_floors":[36,53],"current_hp_per_floor":[63,63,63,62,58,58,58,58,58,51,51,44,44,44,44,32,61,58,58,58,58,58,33,33,32,32,32,32,32,32,32,32,19,57,57,57,57,57,57,46,46,46,46,46,46,46,46,45,45,38,62,62,62,44,44],"gold":109,"neow_bonus":"BOSS_RELIC","is_daily":false,"chose_seed":false,"campfire_upgraded":11,"win_rate":0.0,"timestamp":1612615028,"path_taken":["M","?","M","M","M","R","E","R","T","E","?","?","R","M","R","BOSS","M","?","?","$","?","E","R","E","T","R","M","R","M","$","R","BOSS","M","?","?","M","$","E","R","?","T","E","M","E","R","E","R","BOSS","R","$","E","BOSS"],"items_purchased_type":["Relic","Card"],"build_version":"2020-12-22","purchased_purges":3,"victory":true,"max_hp_per_floor":[70,70,70,70,70,70,70,70,70,70,70,70,70,70,70,70,70,70,70,70,70,70,70,70,70,70,70,70,70,70,70,70,70,70,70,70,70,70,70,70,70,70,70,70,70,70,70,70,70,70,70,70,70,70,70],"card_choices":[{"not_picked":["Endless Agony","Dagger Spray"],"picked":"Acrobatics","floor":1.0},{"not_picked":["Prepared","Dagger Throw"],"picked":"Blade Dance","floor":3.0},{"not_picked":["Predator","Bouncing Flask"],"picked":"PiercingWail","floor":4.0},{"not_picked":["Dagger Spray","Predator","Bouncing Flask"],"picked":"SKIP","floor":5.0},{"not_picked":["Outmaneuver","Bouncing Flask","Dodge and Roll"],"picked":"SKIP","floor":7.0},{"not_picked":["Dagger Spray","PiercingWail"],"picked":"Cloak And Dagger","floor":10.0},{"not_picked":["Night Terror","Slice","Crippling Poison"],"picked":"SKIP","floor":14.0},{"not_picked":["Malaise","Tools of the Trade"],"picked":"Glass Knife","floor":16.0},{"not_picked":["Eviscerate","Noxious Fumes"],"picked":"PiercingWail","floor":18.0},{"not_picked":["Deflect","Dodge and Roll","Dagger Throw"],"picked":"SKIP","floor":23.0},{"not_picked":["Noxious Fumes","Poisoned Stab","Skewer"],"picked":"SKIP","floor":25.0},{"not_picked":["Poisoned Stab","Slice"],"picked":"Blur","floor":28.0},{"not_picked":["Acrobatics","Catalyst","Concentrate"],"picked":"SKIP","floor":30.0},{"not_picked":["Acrobatics","Poisoned Stab"],"picked":"Backflip+1","floor":35.0},{"not_picked":["Poisoned Stab+1","Deflect"],"picked":"Footwork+1","floor":38.0},{"not_picked":["Outmaneuver+1","Deflect"],"picked":"Terror","floor":40.0},{"not_picked":["Cloak And Dagger+1","Crippling Poison"],"picked":"Wraith Form v2+1","floor":44.0},{"not_picked":["Crippling Poison","Prepared+1","Poisoned Stab"],"picked":"SKIP","floor":45},{"not_picked":["Poisoned Stab","All Out Attack+1","Noxious Fumes+1"],"picked":"SKIP","floor":46},{"not_picked":["Bouncing Flask","Deflect+1"],"picked":"Choke","floor":48},{"not_picked":["Dagger Spray","Blade Dance+1"],"picked":"Finisher","floor":54}],"player_experience":662402,"relics_obtained":[{"floor":7.0,"key":"Omamori"},{"floor":9.0,"key":"Akabeko"},{"floor":10.0,"key":"Centennial Puzzle"},{"floor":23.0,"key":"Calipers"},{"floor":25.0,"key":"Shuriken"},{"floor":40.0,"key":"Mummified Hand"},{"floor":43.0,"key":"Meat on the Bone"},{"floor":44.0,"key":"Frozen Egg 2"},{"floor":46,"key":"Letter Opener"},{"floor":48,"key":"Mercury Hourglass"},{"floor":54,"key":"Nunchaku"}],"event_choices":[{"cards_removed":["Strike_G"],"damage_healed":0.0,"max_hp_gain":0.0,"max_hp_loss":0.0,"gold_gain":0.0,"event_name":"Living Wall","player_choice":"Forget","floor":11.0,"gold_loss":0.0,"damage_taken":0.0},{"cards_removed":["Defend_G"],"damage_healed":0.0,"max_hp_gain":0.0,"max_hp_loss":0.0,"gold_gain":0.0,"event_name":"Golden Wing","player_choice":"Card Removal","floor":12.0,"gold_loss":0.0,"damage_taken":7.0},{"damage_healed":0.0,"max_hp_gain":0.0,"max_hp_loss":0.0,"gold_gain":0.0,"event_name":"The Library","player_choice":"Read","floor":19.0,"gold_loss":0.0,"damage_taken":0.0,"cards_obtained":["Finisher"]},{"damage_healed":0.0,"max_hp_gain":0.0,"max_hp_loss":0.0,"gold_gain":0.0,"event_name":"Ghosts","player_choice":"Ignored","floor":20.0,"gold_loss":0.0,"damage_taken":0.0},{"damage_healed":0.0,"max_hp_gain":0.0,"max_hp_loss":0.0,"gold_gain":0.0,"event_name":"Match and Keep!","player_choice":"0 cards matched","floor":22.0,"gold_loss":0.0,"damage_taken":0.0,"cards_obtained":[]},{"damage_healed":0.0,"max_hp_gain":0.0,"max_hp_loss":0.0,"gold_gain":0.0,"event_name":"Tomb of Lord Red Mask","player_choice":"Paid","floor":37.0,"gold_loss":117.0,"damage_taken":0.0,"relics_obtained":["Red Mask"]},{"cards_removed":["Footwork"],"damage_healed":0.0,"max_hp_gain":0.0,"max_hp_loss":0.0,"gold_gain":0.0,"event_name":"Falling","player_choice":"Removed Power","floor":42.0,"gold_loss":0.0,"damage_taken":0.0}],"is_beta":false,"boss_relics":[{"not_picked":["Velvet Choker","WristBlade"],"picked":"Coffee Dripper"},{"not_picked":["Fusion Hammer","Tiny House"],"picked":"Sozu"}],"items_purged_floors":[2,21,31],"is_endless":false,"potions_floor_spawned":[1,7,10,14,23,25,33,38,40,44,54],"ascension_level":12}}