{"host":"rantoq7h0pygex6x","time":1612584422,"event":{"mods":["AchievementEnabler","BaseMod","BetterRewards","Minty Spire (QoL Compilation)"],"gold_per_floor":[111,261,271,196,213,213,243,243,243,21,40,70,87,87,87,162,162,172,182,232,251,251,251,4,24,51,61,81,94,112,112,112],"floor_reached":31,"language":"ENG","playtime":732,"items_purged":["Strike_B"],"score":502,"play_id":"1c84cb73-6cf5-4dcb-a755-5d7c673ba96d","local_time":"20210206120702","is_ascension_mode":true,"campfire_choices":[{"data":"Sunder","floor":6.0,"key":"SMITH"},{"data":"Zap","floor":15.0,"key":"SMITH"},{"floor":23.0,"key":"REST"}],"circlet_count":0,"master_deck":["AscendersBane","Strike_B","Strike_B","Strike_B","Defend_B","Defend_B","Defend_B","Defend_B","Zap+1","Dualcast","Self Repair","Sunder+1","Hologram","Melter","Glacier","Loop","Ball Lightning+1","BootSequence","Conserve Battery","Streamline+1","Electrodynamics","Conserve Battery","White Noise","Capacitor","Seek","Force Field","Cold Snap+1","Static Discharge","Chill"],"relics":["Cracked Core","StoneCalendar","Pantograph","Molten Egg 2","Pen Nib","Black Star","Regal Pillow"],"acts_visited":["Exordium","TheCity"],"potions_floor_usage":[30],"damage_taken":[{"damage":6.0,"enemies":"Jaw Worm","floor":1.0,"turns":4.0},{"damage":5.0,"enemies":"Small Slimes","floor":3.0,"turns":4.0},{"damage":2.0,"enemies":"Cultist","floor":5.0,"turns":4.0},{"damage":32.0,"enemies":"Gremlin Nob","floor":7.0,"turns":4.0},{"damage":15.0,"enemies":"Gremlin Gang","floor":11.0,"turns":3.0},{"damage":5.0,"enemies":"3 Sentries","floor":12.0,"turns":7.0},{"damage":2.0,"enemies":"Red Slaver","floor":13.0,"turns":3.0},{"damage":10.0,"enemies":"Slime Boss","floor":16.0,"turns":7.0},{"damage":14.0,"enemies":"Shell Parasite","floor":18.0,"turns":6.0},{"damage":9.0,"enemies":"2 Thieves","floor":19.0,"turns":2.0},{"damage":44.0,"enemies":"Shelled Parasite and Fungi","floor":21.0,"turns":4.0},{"damage":14.0,"enemies":"Snake Plant","floor":25.0,"turns":2.0},{"damage":0.0,"enemies":"3 Cultists","floor":27.0,"turns":3.0},{"damage":16.0,"enemies":"Cultist and Chosen","floor":28.0,"turns":6.0},{"damage":5,"enemies":"Sentry and Sphere","floor":29,"turns":3},{"damage":3,"enemies":"Shelled Parasite and Fungi","floor":30,"turns":4},{"damage":25,"enemies":"Snecko","floor":31,"turns":3}],"seed_played":"6021581285629795119","potions_obtained":[{"floor":1.0,"key":"FocusPotion"},{"floor":5.0,"key":"Dexterity Potion"},{"floor":12.0,"key":"LiquidMemories"},{"floor":25.0,"key":"BlessingOfTheForge"},{"floor":29,"key":"Explosive Potion"}],"is_trial":false,"path_per_floor":["M","?","M","?","M","R","E","?","T","$","M","E","M","?","R","B",null,"M","M","?","M","?","R","$","M","T","M","M","M","M","M"],"character_chosen":"DEFECT","items_purchased":["Self Repair","Loop","Ball Lightning+1","Capacitor","Seek"],"campfire_rested":1,"item_purchase_floors":[0,10,10,24,24],"current_hp_per_floor":[65,65,67,67,71,71,46,46,46,46,31,26,31,54,54,68,70,63,54,54,17,17,38,38,24,24,24,15,10,7,0,0],"gold":112,"neow_bonus":"","is_daily":false,"chose_seed":false,"campfire_upgraded":2,"win_rate":0.0,"timestamp":1612584422,"path_taken":["M","?","M","?","M","R","E","?","T","$","M","E","?","?","R","BOSS","M","M","?","M","?","R","$","M","T","?","?","M","M","M"],"items_purchased_type":["Card","Card","Card","Card","Card"],"build_version":"2020-12-22","purchased_purges":1,"victory":false,"max_hp_per_floor":[71,71,71,71,71,71,71,71,71,71,71,71,71,71,71,71,71,71,71,71,71,71,71,71,71,71,71,71,71,71,71,71],"card_choices":[{"not_picked":["Aggregate","Streamline"],"picked":"Sunder","floor":1.0},{"not_picked":["Barrage","Gash"],"picked":"Hologram","floor":3.0},{"not_picked":["Streamline","Sweeping Beam"],"picked":"Melter","floor":5.0},{"not_picked":["Hologram","Recycle"],"picked":"Glacier","floor":7.0},{"not_picked":["Reboot","Tempest"],"picked":"BootSequence","floor":11.0},{"not_picked":["Chaos","Consume"],"picked":"Conserve Battery","floor":12.0},{"not_picked":["Barrage+1","Leap"],"picked":"Streamline+1","floor":13.0},{"not_picked":["Creative AI","Echo Form"],"picked":"Electrodynamics","floor":16.0},{"not_picked":["Redo","Auto Shields","Steam"],"picked":"SKIP","floor":18.0},{"not_picked":["Turbo","Redo"],"picked":"Conserve Battery","floor":19.0},{"not_picked":["Turbo","Barrage+1"],"picked":"White Noise","floor":21.0},{"not_picked":["Conserve Battery","Hyperbeam+1"],"picked":"Force Field","floor":25.0},{"not_picked":["Static Discharge","Streamline+1"],"picked":"Cold Snap+1","floor":27.0},{"not_picked":["Steam Power","Blizzard+1","Steam"],"picked":"SKIP","floor":28.0},{"not_picked":["Leap","Turbo"],"picked":"Static Discharge","floor":29},{"not_picked":["Cold Snap+1","Go for the Eyes+1"],"picked":"Chill","floor":30}],"player_experience":982665,"relics_obtained":[{"floor":7.0,"key":"StoneCalendar"},{"floor":9.0,"key":"Molten Egg 2"},{"floor":12.0,"key":"Pen Nib"},{"floor":26.0,"key":"Regal Pillow"}],"event_choices":[{"damage_healed":0.0,"max_hp_gain":0.0,"max_hp_loss":0.0,"gold_gain":150.0,"event_name":"Liars Game","player_choice":"AGREE","floor":2.0,"gold_loss":0.0,"damage_taken":0.0,"cards_obtained":["Doubt"]},{"cards_removed":["Doubt"],"damage_healed":0.0,"max_hp_gain":0.0,"max_hp_loss":0.0,"gold_gain":0.0,"event_name":"The Cleric","player_choice":"Card Removal","floor":4.0,"gold_loss":75.0,"damage_taken":0.0},{"damage_healed":0.0,"max_hp_gain":0.0,"max_hp_loss":0.0,"gold_gain":0.0,"event_name":"Dead Adventurer","player_choice":"Searched \u00271\u0027 times","floor":8.0,"gold_loss":0.0,"damage_taken":0.0,"relics_obtained":["Pantograph"]},{"damage_healed":23.0,"max_hp_gain":0.0,"max_hp_loss":0.0,"gold_gain":0.0,"event_name":"Big Fish","player_choice":"Banana","floor":14.0,"gold_loss":0.0,"damage_taken":0.0},{"damage_healed":0.0,"max_hp_gain":0.0,"max_hp_loss":0.0,"gold_gain":50.0,"event_name":"Nest","player_choice":"Stole From Cult","floor":20.0,"gold_loss":0.0,"damage_taken":0.0},{"damage_healed":0.0,"max_hp_gain":0.0,"max_hp_loss":0.0,"gold_gain":0.0,"event_name":"FaceTrader","player_choice":"Leave","floor":22.0,"gold_loss":0.0,"damage_taken":0.0}],"is_beta":false,"boss_relics":[{"not_picked":["Ectoplasm","Runic Pyramid"],"picked":"Black Star"}],"items_purged_floors":[10],"is_endless":false,"potions_floor_spawned":[1,5,12,18,25,27,29],"killed_by":"Snecko","ascension_level":20}}