{"host":"hkj1blq6xqcrzx6o","time":1612600803,"event":{"mods":["Act Like it!","BaseMod","Downfall","Gensokyo","Lobotomy","Marisa£®ÏF”Í°°ƒß¿Ì…≥£©","Minty Spire (QoL Compilation)","Quick Restart","Reimu£®≤©¿ˆ¡È√Œ£©","Remilia£®¿Ÿ√◊¿Ú—«£©","Replay The Spire","StSLib","The Servant 0.9.4","Youmu£®ªÍ∆«—˝√Œ£©"],"gold_per_floor":[112,126,137,153,153,62,62,62,62,62,87,87,17,27,27,132,132,142,142,160,160,177,177,177,177,202,228,43,43,60,97,97,199,199,213,223,2,2,82,102,86,86,86,96,107,107,126,126,66],"floor_reached":51,"language":"ZHS","playtime":2048,"items_purged":[],"score":752,"play_id":"0accb283-4e96-4d6c-9d0a-09e4a4a5287d","local_time":"20210206164003","is_ascension_mode":false,"campfire_choices":[{"floor":12,"key":"REST"},{"data":"FantasyMoon:ReiMu","floor":15,"key":"SMITH"},{"floor":23,"key":"REST"},{"floor":25,"key":"REST"},{"floor":32,"key":"REST"},{"data":"CeremonyResonance:ReiMu","floor":44,"key":"SMITH"},{"data":"DependentForm:ReiMu","floor":47,"key":"SMITH"},{"data":"PrayRite:ReiMu","floor":49,"key":"SMITH"}],"circlet_count":0,"master_deck":["Strike_Lin:ReiMu","Strike_Lin:ReiMu","Strike_Lin:ReiMu","Strike_Lin:ReiMu","Defend_Lin:ReiMu","Defend_Lin:ReiMu","Defend_Lin:ReiMu","Defend_Lin:ReiMu","NB:ReiMu","Stagnation:ReiMu","Dramatic Entrance","AirStrike:ReiMu","FantasyMoon:ReiMu+1","Gathering:ReiMu","SafetyPray:ReiMu","Gensokyo:CrescentMoonSlash","ShadowOfCrow2:ReiMu","UpKicking:ReiMu","SpiritualOutbreak2:ReiMu","CeremonyResonance:ReiMu+1","InherentArray:ReiMu+1","SubcavityInstant:ReiMu","SealNeedle:ReiMu+1","TightArray:ReiMu+1","NineCharacters:ReiMu","FineLineFantasy:ReiMu","PrayRite:ReiMu+1","BarrageOfMoneybags:ReiMu","YinYangSange:ReiMu","FoulBorder2:ReiMu","PrayRite:ReiMu","Pot Of Greed","Pot Of Greed","Pot Of Greed","LearningPray:ReiMu","PhosphorusFlame:ReiMu+1","YinYangSange:ReiMu+1","SpringWay:ReiMu","DependentForm:ReiMu+1","Pot Of Greed","Amulet:ReiMu+1"],"relics":["FlyPower:ReiMu","Gensokyo:PortableGap","CaptainsWheel","Pear","Bottled Lightning","Happy Flower","SlaversCollar","ReplayTheSpireMod:Shallot","Replay:Mystery Machine","Bag of Preparation","Orichalcum","Toolbox","Painkiller Herb","DollysMirror","Grinning Jar","Replay:Towering Pillar of Hats","Gremlin Horn"],"acts_visited":["Exordium","Gensokyo:Gensokyo","Gensokyo:Gensokyoer"],"potions_floor_usage":[16,16,16,33,33,33,50,50,50],"damage_taken":[{"damage":8,"enemies":"Gensokyo:2_Kodama","floor":1,"turns":3},{"damage":7,"enemies":"Gensokyo:Python","floor":2,"turns":4},{"damage":0,"enemies":"Gensokyo:3_Fairies","floor":3,"turns":3},{"damage":6,"enemies":"Gensokyo:2_Rabbits","floor":4,"turns":4},{"damage":9,"enemies":"Gensokyo:Mamizou","floor":11,"turns":10},{"damage":6,"enemies":"Gensokyo:Kitsune","floor":14,"turns":4},{"damage":20,"enemies":"Gensokyo:Kokoro","floor":16,"turns":12},{"damage":0,"enemies":"Gensokyo:2_Gloops","floor":18,"turns":4},{"damage":28,"enemies":"Gensokyo:3_Dogs","floor":20,"turns":6},{"damage":30,"enemies":"Gensokyo:Wraith","floor":22,"turns":6},{"damage":12,"enemies":"Gensokyo:3_Gloops","floor":30,"turns":5},{"damage":4,"enemies":"Gensokyo:Slime_Group","floor":31,"turns":4},{"damage":11,"enemies":"Gensokyo:Eiki","floor":33,"turns":8},{"damage":3,"enemies":"Gensokyo:3_Boulders","floor":35,"turns":6},{"damage":1,"enemies":"Gensokyo:3_Bats","floor":36,"turns":3},{"damage":0,"enemies":"Gensokyo:SeedOfUnknown","floor":41,"turns":4},{"damage":0,"enemies":"Gensokyo:Rafflesia","floor":42,"turns":6},{"damage":0,"enemies":"Gensokyo:AtlasGolem","floor":45,"turns":4},{"damage":10,"enemies":"Gensokyo:Doremy","floor":46,"turns":6},{"damage":0,"enemies":"Gensokyo:SeedOfUnknown","floor":48,"turns":4},{"damage":21,"enemies":"Gensokyo:Shinki","floor":50,"turns":9}],"seed_played":"-6476646084872929568","potions_obtained":[{"floor":2,"key":"ZuzhouPotion:ReiMu"},{"floor":11,"key":"Strength Potion"},{"floor":14,"key":"Reflective Coating"},{"floor":16,"key":"AttackPotion"},{"floor":18,"key":"Explosive Potion"},{"floor":30,"key":"MagicPotion:ReiMu"},{"floor":31,"key":"Flashbang"},{"floor":36,"key":"Energy Potion"},{"floor":39,"key":"Milkshake"},{"floor":39,"key":"Strength Potion"},{"floor":41,"key":"CultistPotion"},{"floor":42,"key":"Energy Potion"}],"is_trial":false,"path_per_floor":["M","M","M","M","?","COS","?","T","T","?","E","R","$","M","R","B",null,"M","?","M","?","M","R","?","R","T","T","$","$","M","M","R","B",null,"?","?","T","?","?","?","?","T","T","?","E","T","?","T","B",null],"character_chosen":"REIMU","items_purchased":["UpKicking:ReiMu","Toolbox","TightArray:ReiMu+1","FoulBorder2:ReiMu","DollysMirror"],"campfire_rested":4,"item_purchase_floors":[13,28,28,37,37],"current_hp_per_floor":[57,50,50,44,44,44,44,44,54,45,36,55,55,49,49,29,66,66,61,33,33,3,21,21,39,39,39,39,39,27,23,40,29,58,55,54,54,54,54,54,54,54,54,54,44,44,44,44,23],"gold":66,"neow_bonus":"RANDOM_COLORLESS","is_daily":false,"chose_seed":false,"campfire_upgraded":4,"win_rate":0.0,"timestamp":1612600803,"path_taken":["M","M","?","?","?","COS","?","?","T","?","E","R","?","M","R","BOSS","M","?","?","?","M","R","?","R","T","?","?","$","?","M","R","BOSS","?","?","T","?","?","?","?","T","T","?","E","T","?","T","BOSS"],"items_purchased_type":["Card","Relic","Card","Card","Relic"],"build_version":"2020-12-22","purchased_purges":0,"victory":true,"max_hp_per_floor":[65,65,65,65,65,65,56,56,66,66,66,66,66,66,66,66,66,66,61,61,61,61,61,61,61,61,61,61,58,58,58,58,58,58,58,58,58,58,55,55,55,55,55,55,55,55,55,55,55],"card_choices":[{"not_picked":["Mind Blast","Jack Of All Trades"],"picked":"Dramatic Entrance","floor":0},{"not_picked":["RainPray2:ReiMu","Conquer:ReiMu"],"picked":"AirStrike:ReiMu","floor":1},{"not_picked":["Intuition:ReiMu","Enchanting:ReiMu"],"picked":"FantasyMoon:ReiMu","floor":2},{"not_picked":["DoubleButterfly:ReiMu","WonderfulDomain:ReiMu"],"picked":"Gathering:ReiMu","floor":3},{"not_picked":["SpreadBorder2:ReiMu","CollectionFlower2:ReiMu"],"picked":"SafetyPray:ReiMu","floor":4},{"not_picked":["AirStrike:ReiMu","KamiSacrifice:ReiMu"],"picked":"ShadowOfCrow2:ReiMu","floor":11},{"not_picked":["CareerPray:ReiMu","TightArray:ReiMu"],"picked":"SpiritualOutbreak2:ReiMu","floor":14},{"not_picked":["OctopathSalyBorderN:ReiMu","Determination:ReiMu"],"picked":"CeremonyResonance:ReiMu","floor":16},{"not_picked":["Amulet:ReiMu+1","CollectionFlower2:ReiMu"],"picked":"InherentArray:ReiMu+1","floor":18},{"not_picked":["AirStrike:ReiMu","FineLineFantasy:ReiMu+1"],"picked":"SubcavityInstant:ReiMu","floor":20},{"not_picked":["RainPray2:ReiMu","SubAcupoint:ReiMu"],"picked":"SealNeedle:ReiMu+1","floor":22},{"not_picked":["CareerPray:ReiMu","OrbThrow:ReiMu"],"picked":"NineCharacters:ReiMu","floor":30},{"not_picked":["AirStrike:ReiMu+1","Conquer:ReiMu"],"picked":"FineLineFantasy:ReiMu","floor":31},{"not_picked":["SubcavityFantasy:ReiMu","YinYang:ReiMu"],"picked":"PrayRite:ReiMu","floor":33},{"not_picked":["AirStrike:ReiMu","CareerPray:ReiMu"],"picked":"BarrageOfMoneybags:ReiMu","floor":35},{"not_picked":["NineCharacters:ReiMu+1","EmergencyTakeOff:ReiMu+1"],"picked":"YinYangSange:ReiMu","floor":36},{"not_picked":["TightArray:ReiMu","Conquer:ReiMu+1"],"picked":"LearningPray:ReiMu","floor":39},{"not_picked":["TightArray:ReiMu+1","Conquer:ReiMu+1"],"picked":"PhosphorusFlame:ReiMu+1","floor":41},{"not_picked":["BarrageOfMoneybags:ReiMu+1","AlertArray:ReiMu+1"],"picked":"YinYangSange:ReiMu+1","floor":42},{"not_picked":["Dreaming2:ReiMu","AlertArray:ReiMu"],"picked":"SpringWay:ReiMu","floor":45},{"not_picked":["Enchanting:ReiMu+1","OrbThrow:ReiMu"],"picked":"DependentForm:ReiMu","floor":46},{"not_picked":["SubAcupoint:ReiMu+1","Intuition:ReiMu"],"picked":"Amulet:ReiMu+1","floor":48}],"player_experience":44492,"relics_obtained":[{"floor":8,"key":"CaptainsWheel"},{"floor":9,"key":"Pear"},{"floor":11,"key":"Bottled Lightning"},{"floor":26,"key":"Bag of Preparation"},{"floor":27,"key":"Orichalcum"},{"floor":39,"key":"Grinning Jar"},{"floor":43,"key":"Replay:Towering Pillar of Hats"},{"floor":46,"key":"Gremlin Horn"}],"event_choices":[],"is_beta":false,"boss_relics":[{"not_picked":["Snecko Eye","Runic Pyramid"],"picked":"SlaversCollar"},{"not_picked":["Replay:Drink Me","bronze:MakeshiftBattery"],"picked":"Painkiller Herb"}],"items_purged_floors":[],"is_endless":false,"potions_floor_spawned":[2,11,14,16,18,30,31,36,41,42,45,48],"ascension_level":0}}