{"host":"xm9adsgm4dq1zj57","time":1612633563,"event":{"mods":["AchievementEnabler","BaseMod","Colored Map","DeckTracker","Highlight Path","Keyboard Shortcuts","Minty Spire (QoL Compilation)","Permanent Neow","Quick Restart","Rare Cards Sparkle","Slay-I","StSLib","SuperFastMode"],"gold_per_floor":[119,133,148,165,184,184,200,160,228,245,245,245,320,54,54,54,54],"floor_reached":16,"language":"KOR","playtime":752,"items_purged":["Strike_G"],"score":188,"play_id":"9636a5b8-4c26-4374-b9cd-db8e57930a8e","local_time":"20210207024603","is_ascension_mode":true,"campfire_choices":[{"data":"Corpse Explosion","floor":6.0,"key":"SMITH"},{"floor":12,"key":"REST"},{"data":"Bouncing Flask","floor":15,"key":"SMITH"}],"circlet_count":0,"master_deck":["AscendersBane","Strike_G","Strike_G","Strike_G","Strike_G","Defend_G","Defend_G","Defend_G","Defend_G","Defend_G","Survivor","Neutralize","Corpse Explosion+1","Noxious Fumes","PiercingWail","Bouncing Flask+1","Poisoned Stab","Blur","Bane"],"relics":["Ring of the Snake","Darkstone Periapt","Membership Card"],"acts_visited":["Exordium"],"potions_floor_usage":[16,16],"damage_taken":[{"damage":12.0,"enemies":"Cultist","floor":1.0,"turns":5.0},{"damage":3.0,"enemies":"2 Louse","floor":2.0,"turns":3.0},{"damage":3.0,"enemies":"Jaw Worm","floor":3.0,"turns":6.0},{"damage":4.0,"enemies":"2 Fungi Beasts","floor":4.0,"turns":2.0},{"damage":13.0,"enemies":"Large Slime","floor":5.0,"turns":7.0},{"damage":14.0,"enemies":"3 Louse","floor":7.0,"turns":3.0},{"damage":0.0,"enemies":"Looter","floor":8.0,"turns":4.0},{"damage":5.0,"enemies":"Gremlin Gang","floor":10.0,"turns":3.0},{"damage":23,"enemies":"The Guardian","floor":16,"turns":9}],"seed_played":"-4249276248295163893","potions_obtained":[{"floor":2.0,"key":"BlessingOfTheForge"},{"floor":4.0,"key":"Fruit Juice"},{"floor":10.0,"key":"Weak Potion"}],"is_trial":false,"path_per_floor":["M","M","M","M","M","R","M","M","T","M","?","R","?","$","R","B"],"character_chosen":"THE_SILENT","items_purchased":["Membership Card","CultistPotion"],"campfire_rested":1,"item_purchase_floors":[14,14],"current_hp_per_floor":[47,44,41,37,29,29,15,15,15,10,10,31,20,20,20,0,0],"gold":54,"neow_bonus":"ONE_RANDOM_RARE_CARD","is_daily":false,"chose_seed":false,"campfire_upgraded":2,"win_rate":0.0,"timestamp":1612633563,"path_taken":["M","M","?","?","M","R","M","M","T","M","?","R","?","$","R","BOSS"],"items_purchased_type":["Relic","Potion"],"build_version":"2020-12-22","purchased_purges":1,"victory":false,"max_hp_per_floor":[66,66,66,66,71,71,71,71,71,71,71,71,71,71,71,71,71],"card_choices":[{"not_picked":["Dagger Throw","Dodge and Roll"],"picked":"Noxious Fumes","floor":1.0},{"not_picked":["Acrobatics","Underhanded Strike"],"picked":"PiercingWail","floor":2.0},{"not_picked":["Quick Slash","Blade Dance"],"picked":"Bouncing Flask","floor":3.0},{"not_picked":["Slice","Venomology"],"picked":"Poisoned Stab","floor":4.0},{"not_picked":["Prepared","Deflect"],"picked":"Blur","floor":5.0},{"not_picked":["Accuracy","Acrobatics","Finisher"],"picked":"SKIP","floor":7.0},{"not_picked":["Quick Slash","Dagger Throw"],"picked":"Bane","floor":8.0},{"not_picked":["Flying Knee","Skewer","Outmaneuver"],"picked":"SKIP","floor":10.0}],"player_experience":958570,"relics_obtained":[{"floor":9.0,"key":"Darkstone Periapt"}],"event_choices":[{"damage_healed":0,"gold_gain":0,"player_choice":"Fled","damage_taken":0,"max_hp_gain":0,"max_hp_loss":0,"event_name":"Scrap Ooze","floor":11,"gold_loss":0},{"damage_healed":0,"gold_gain":75,"player_choice":"Gather Gold","damage_taken":11,"max_hp_gain":0,"max_hp_loss":0,"event_name":"World of Goop","floor":13,"gold_loss":0}],"is_beta":false,"boss_relics":[],"items_purged_floors":[14],"is_endless":false,"potions_floor_spawned":[2,4,10],"killed_by":"The Guardian","ascension_level":20}}