{"host":"ewns8ifhbubwkcum","time":1612589565,"event":{"mods":["BaseMod","Block Reminder","Colored Map","Colored Powertips","Downfall","Highlight Path","Minty Spire (QoL Compilation)","Permanent Neow","Quick Restart","Random Character Button","StSLib"],"gold_per_floor":[99,117,131,45,60,77,103,132,232,242,269,269,269,283,300,397,397,397,412,452,302,321,349,372,272,272,306,306,206,206,235,246,344,344,244,259,278,278,305,338,411,440,453,453,481,496,496,524,544,544,544,569,21,21,21,21],"floor_reached":57,"language":"ENG","playtime":7504,"items_purged":[],"score":1834,"play_id":"081a191a-a256-4d7c-8207-09ef5eb5322f","local_time":"20210205233245","is_ascension_mode":true,"campfire_choices":[{"data":"sneckomod:TailWhip","floor":1.0,"key":"SMITH"},{"floor":25.0,"key":"RECALL"},{"data":"sneckomod:UnlimitedRolls","floor":29.0,"key":"SMITH"}],"circlet_count":0,"master_deck":["sneckomod:TailWhip+1","sneckomod:SnekBite","sneckomod:Unknown","sneckomod:UnknownUncommonPower","sneckomod:DefensiveFlair","sneckomod:IronFang","sneckomod:UnknownBlock","sneckomod:MorePower+1","Reaper+1","sneckomod:CheapStock","sneckomod:Nope","Whirlwind+1","sneckomod:UnknownDraw","sneckomod:UnknownWeak+1","sneckomod:SerpentMind","sneckomod:Restock","sneckomod:Nope","sneckomod:UnknownX","Guardian:ChargeUp","Feed+1","sneckomod:QuickBite+1","sneckomod:UnknownUncommonSkill+1","Ghostly","sneckomod:UnknownClassRED+1","sneckomod:UnknownDraw+1","sneckomod:Unknown0Cost+1","sneckomod:UnlimitedRolls+1","downfall:Bewildered","sneckomod:UnknownRarePower+1","sneckomod:UnknownExhaust+1","sneckomod:CheapStock","sneckomod:Unknown0Cost","Guardian:BodySlam+1","sneckomod:UnknownVulnerable+1","sneckomod:SerpentIdol","sneckomod:UnknownUncommonAttack+1","sneckomod:Transmogrify","Sunder+1","sneckomod:IronFang","Conserve Battery","sneckomod:UnknownBlock+1","sneckomod:UnknownClassGUARDIAN+1","Reprogram","sneckomod:UnknownDexterity+1","sneckomod:IronFang+1","sneckomod:UnknownRareSkill","sneckomod:UnknownRarePower+1","sneckomod:Restock","sneckomod:UnknownDraw+1","sneckomod:Unknown2Cost+1","sneckomod:UnknownClassBLUE+1","sneckomod:UnknownRareSkill+1","sneckomod:DefensiveFlair+1","Guardian:Repulse+1","sneckomod:UnknownUncommonPower","sneckomod:UnknownBlock+1","sneckomod:ImprovisedAttack+1","Bandage Up","sneckomod:UnknownCommonSkill","Creative AI+1"],"relics":["sneckomod:SneckoSoul","Pear","Pandora\u0027s Box","sneckomod:BabySnecko","Potion Belt","downfall:HeartBlessingRed","Nloth\u0027s Gift","Snecko Eye","downfall:HeartBlessingGreen","bronze:BronzeIdol","Calipers","Meat on the Bone","PreservedInsect","Gambling Chip","Toy Ornithopter","Darkstone Periapt","Oddly Smooth Stone","Bag of Preparation","Bottled Lightning","sneckomod:SleevedAce"],"acts_visited":["Exordium","TheCity","TheBeyond","TheEnding"],"potions_floor_usage":[50,56,56,56,56],"damage_taken":[{"damage":0.0,"enemies":"Cultist","floor":2.0,"turns":3.0},{"damage":2.0,"enemies":"2 Louse","floor":3.0,"turns":2.0},{"damage":0.0,"enemies":"downfall:FleeingMerchant","floor":4.0,"turns":4.0},{"damage":1.0,"enemies":"Jaw Worm","floor":5.0,"turns":6.0},{"damage":5.0,"enemies":"3 Louse","floor":6.0,"turns":5.0},{"damage":8.0,"enemies":"Gremlin Nob","floor":8.0,"turns":5.0},{"damage":9.0,"enemies":"downfall:Heads","floor":9.0,"turns":4.0},{"damage":4.0,"enemies":"Blue Slaver","floor":10.0,"turns":8.0},{"damage":16.0,"enemies":"3 Sentries","floor":11.0,"turns":6.0},{"damage":9.0,"enemies":"Large Slime","floor":14.0,"turns":6.0},{"damage":5.0,"enemies":"3 Louse","floor":15.0,"turns":3.0},{"damage":87.0,"enemies":"DF_ARCHETYPE_STREAMLINE","floor":16.0,"turns":15.0},{"damage":3.0,"enemies":"Shell Parasite","floor":19.0,"turns":5.0},{"damage":9.0,"enemies":"Shelled Parasite and Fungi","floor":20.0,"turns":6.0},{"damage":0.0,"enemies":"Snake Plant","floor":22.0,"turns":5.0},{"damage":11.0,"enemies":"Book of Stabbing","floor":23.0,"turns":2.0},{"damage":22.0,"enemies":"Gremlin Leader","floor":27.0,"turns":5.0},{"damage":24.0,"enemies":"Book of Stabbing","floor":31.0,"turns":4.0},{"damage":6.0,"enemies":"Centurion and Healer","floor":32.0,"turns":5.0},{"damage":16.0,"enemies":"IC_MUSHROOM_ARCHETYPE","floor":33.0,"turns":5.0},{"damage":35.0,"enemies":"3 Darklings","floor":36.0,"turns":3.0},{"damage":31.0,"enemies":"3 Shapes","floor":37.0,"turns":5.0},{"damage":33.0,"enemies":"Maw","floor":39.0,"turns":8.0},{"damage":9.0,"enemies":"Reptomancer","floor":40.0,"turns":4.0},{"damage":15.0,"enemies":"Giant Head","floor":42.0,"turns":5.0},{"damage":0.0,"enemies":"Writhing Mass","floor":43.0,"turns":4.0},{"damage":0.0,"enemies":"Nemesis","floor":45.0,"turns":7.0},{"damage":13.0,"enemies":"Spire Growth","floor":46.0,"turns":4.0},{"damage":0.0,"enemies":"Reptomancer","floor":48.0,"turns":2.0},{"damage":1,"enemies":"Jaw Worm Horde","floor":49,"turns":3},{"damage":34,"enemies":"SI_POISON_ARCHETYPE","floor":50,"turns":9},{"damage":6,"enemies":"downfall:CharBossMerchant","floor":52,"turns":4},{"damage":0,"enemies":"downfall:NeowBoss","floor":55,"turns":7},{"damage":26,"enemies":"downfall:NeowBossFinal","floor":56,"turns":7}],"seed_played":"-51392585838021765","potions_obtained":[{"floor":2.0,"key":"hexamod:SoulburnPotion"},{"floor":5.0,"key":"hexamod:SoulburnPotion"},{"floor":9.0,"key":"champ:CounterPotion"},{"floor":10.0,"key":"EssenceOfSteel"},{"floor":16.0,"key":"SpeedPotion"},{"floor":19.0,"key":"EssenceOfSteel"},{"floor":27.0,"key":"SkillPotion"},{"floor":31.0,"key":"LiquidMemories"},{"floor":32.0,"key":"Guardian:BlockOnCardUsePotion"},{"floor":37.0,"key":"Strength Potion"},{"floor":39.0,"key":"PowerPotion"},{"floor":40.0,"key":"Guardian:BlockOnCardUsePotion"},{"floor":43.0,"key":"Strength Potion"},{"floor":46.0,"key":"GamblersBrew"}],"is_trial":false,"path_per_floor":["R","M","M","$","M","M","T","E","?","M","E","?","R","M","M","B",null,"R","M","M","?","M","E","T","R","?","E","?","R","?","E","M","B",null,"R","M","M","T","M","E","T","E","M","?","E","M","R","E","M","B",null,"E","$","R","B","B",null],"character_chosen":"THE_SNECKO","items_purchased":["sneckomod:UnknownDexterity","sneckomod:LoadedDie","sneckomod:SleevedAce","Swift Potion","Bandage Up","sneckomod:UnknownCommonSkill","Ancient Potion"],"campfire_rested":0,"item_purchase_floors":[4,53,53,53,53,53,53],"current_hp_per_floor":[90,90,88,88,87,82,82,74,65,66,70,65,65,67,87,14,108,108,105,100,100,104,102,102,112,112,94,94,94,94,70,76,72,134,134,121,102,102,98,94,94,119,128,128,143,142,142,142,145,135,146,146,146,146,146,137],"gold":21,"neow_bonus":"TRANSFORM_CARD","is_daily":false,"chose_seed":false,"campfire_upgraded":2,"win_rate":0.0,"timestamp":1612589565,"path_taken":["R","M","M","?","?","M","T","E","?","M","E","?","R","M","M","BOSS","R","M","M","?","M","E","T","R","?","E","?","R","?","E","M","BOSS","R","M","M","?","?","E","T","E","M","?","E","?","R","E","M","BOSS","E","$","R","BOSS","BOSS"],"items_purchased_type":["Card","Relic","Relic","Potion","Card","Card","Potion"],"build_version":"2020-12-22","purchased_purges":0,"victory":true,"max_hp_per_floor":[90,90,90,90,90,90,90,90,90,90,100,100,100,104,108,108,108,108,108,112,112,116,116,116,126,126,130,130,130,130,130,134,134,134,134,138,138,138,138,138,138,138,142,142,146,146,146,146,146,146,146,146,146,146,146,146],"card_choices":[{"not_picked":["sneckomod:DiceCrush","sneckomod:Nope"],"picked":"sneckomod:DefensiveFlair","floor":2.0},{"not_picked":["sneckomod:UnknownCommonAttack","sneckomod:UnknownX"],"picked":"sneckomod:UnknownBlock","floor":3.0},{"not_picked":["sneckomod:ImprovisedAttack","sneckomod:DiceBoulder"],"picked":"sneckomod:IronFang","floor":4.0},{"not_picked":["sneckomod:PureSnecko","sneckomod:Rotation"],"picked":"sneckomod:UnknownBlock","floor":5.0},{"not_picked":["sneckomod:WideSting","sneckomod:UnknownBlock"],"picked":"sneckomod:MorePower","floor":6.0},{"not_picked":["sneckomod:UnknownStrength+1","sneckomod:UnknownCommonSkill+1"],"picked":"sneckomod:UnknownExhaust+1","floor":8.0},{"not_picked":["sneckomod:DiceBoulder","sneckomod:PureSnecko","sneckomod:RainOfDice"],"picked":"SKIP","floor":8.0},{"not_picked":["sneckomod:DiceBoulder","sneckomod:PureSnecko","sneckomod:RainOfDice"],"picked":"SKIP","floor":8.0},{"not_picked":["sneckomod:SoulDraw","sneckomod:IronFang"],"picked":"sneckomod:Memorize","floor":9.0},{"not_picked":["sneckomod:UnknownColorless+1","sneckomod:Unknown3Cost+1"],"picked":"sneckomod:UnknownExhaust+1","floor":9.0},{"not_picked":["sneckomod:UnknownStrike+1","sneckomod:UnknownCommonAttack+1"],"picked":"sneckomod:UnknownRareAttack+1","floor":10.0},{"not_picked":["sneckomod:MasterEye","sneckomod:Nope"],"picked":"sneckomod:CheapStock","floor":10.0},{"not_picked":["sneckomod:UnknownBoss+1","sneckomod:UnknownBlock+1"],"picked":"sneckomod:UnknownX+1","floor":11.0},{"not_picked":["sneckomod:SnakeSap","sneckomod:UnknownDexterity"],"picked":"sneckomod:Nope","floor":11.0},{"not_picked":["sneckomod:UnknownStrike+1","sneckomod:UnknownX+1"],"picked":"sneckomod:UnknownUncommonAttack+1","floor":14.0},{"not_picked":["sneckomod:Cheat","sneckomod:DiceBlock","sneckomod:TrashToTreasure"],"picked":"SKIP","floor":14.0},{"not_picked":["sneckomod:MasterEye","sneckomod:DiceBlock"],"picked":"sneckomod:UnknownDraw","floor":15.0},{"not_picked":["sneckomod:UnknownDraw+1","sneckomod:Unknown1Cost+1"],"picked":"sneckomod:UnknownWeak+1","floor":16.0},{"not_picked":["sneckomod:DangerNoodle","sneckomod:SoulExchange"],"picked":"sneckomod:SerpentMind","floor":16.0},{"not_picked":["sneckomod:UnknownBlock+1","sneckomod:UnknownRareAttack+1"],"picked":"sneckomod:Unknown3Cost+1","floor":19.0},{"not_picked":["sneckomod:UnknownCommonAttack","sneckomod:UnknownBlock","sneckomod:CheapStock"],"picked":"SKIP","floor":19.0},{"not_picked":["sneckomod:SoulRoll","sneckomod:RainOfDice+1"],"picked":"sneckomod:QuickBite+1","floor":20.0},{"not_picked":["sneckomod:UnknownColorless+1","sneckomod:UnknownRareAttack+1"],"picked":"sneckomod:UnknownUncommonSkill+1","floor":20.0},{"not_picked":["sneckomod:MasterEye","sneckomod:DiceBlock"],"picked":"sneckomod:UnknownClassRED+1","floor":22.0},{"not_picked":["sneckomod:UnknownCommonSkill+1","sneckomod:UnknownClassGUARDIAN+1"],"picked":"sneckomod:UnknownDraw+1","floor":22.0},{"not_picked":["sneckomod:UnknownDraw+1","sneckomod:UnknownRareAttack+1"],"picked":"sneckomod:Unknown0Cost+1","floor":23.0},{"not_picked":["sneckomod:SoulRoll+1","sneckomod:Unknown0Cost+1"],"picked":"sneckomod:UnlimitedRolls","floor":23.0},{"not_picked":["sneckomod:UnknownBlock+1","sneckomod:UnknownDexterity+1"],"picked":"sneckomod:UnknownRarePower+1","floor":27.0},{"not_picked":["sneckomod:UnknownClassBLUE","sneckomod:ImprovisedGuard"],"picked":"sneckomod:UnknownExhaust+1","floor":27.0},{"not_picked":["sneckomod:Restock","sneckomod:UnknownUncommonPower+1"],"picked":"sneckomod:Unknown0Cost","floor":31.0},{"not_picked":["sneckomod:UnknownCommonAttack+1","sneckomod:UnknownClassBLUE+1"],"picked":"sneckomod:UnknownVulnerable+1","floor":32.0},{"not_picked":["sneckomod:UnknownDraw","sneckomod:SoulRoll"],"picked":"sneckomod:SerpentIdol","floor":32.0},{"not_picked":["sneckomod:UnknownClassRED+1","sneckomod:UnknownStrike+1"],"picked":"sneckomod:UnknownUncommonAttack+1","floor":33.0},{"not_picked":["sneckomod:GlitteringGambit","sneckomod:UnlimitedRolls"],"picked":"sneckomod:Transmogrify","floor":33.0},{"not_picked":["sneckomod:Rotation+1","sneckomod:RainOfDice+1"],"picked":"sneckomod:IronFang","floor":36.0},{"not_picked":["sneckomod:UnknownClassRED+1","sneckomod:UnknownClassBLUE+1"],"picked":"sneckomod:UnknownBlock+1","floor":37.0},{"not_picked":["sneckomod:RainOfDice+1","sneckomod:UnknownStrike"],"picked":"sneckomod:UnknownClassGUARDIAN+1","floor":37.0},{"not_picked":["sneckomod:UnknownCommonAttack+1","sneckomod:UnknownClassBLUE+1"],"picked":"sneckomod:UnknownDexterity+1","floor":39.0},{"not_picked":["sneckomod:RainOfDice+1","sneckomod:DiceCrush"],"picked":"sneckomod:IronFang+1","floor":39.0},{"not_picked":["sneckomod:IronFang","sneckomod:DefensiveFlair+1"],"picked":"sneckomod:UnknownRareSkill","floor":40.0},{"not_picked":["sneckomod:UnknownUncommonAttack+1","sneckomod:UnknownRareAttack+1"],"picked":"sneckomod:UnknownRarePower+1","floor":42.0},{"not_picked":["sneckomod:DiceBlock","sneckomod:SerpentIdol"],"picked":"sneckomod:Restock","floor":42.0},{"not_picked":["sneckomod:UnknownClassRED+1","sneckomod:DiceCrush"],"picked":"sneckomod:UnknownDraw+1","floor":43.0},{"not_picked":["sneckomod:UnknownColorless+1","sneckomod:UnknownWeak+1"],"picked":"sneckomod:Unknown2Cost+1","floor":45.0},{"not_picked":["sneckomod:UnknownClassRED+1","sneckomod:UnknownBlock+1"],"picked":"sneckomod:UnknownClassBLUE+1","floor":45.0},{"not_picked":["sneckomod:UnknownUncommonPower+1","sneckomod:Unknown2Cost+1"],"picked":"sneckomod:UnknownRareSkill+1","floor":46.0},{"not_picked":["sneckomod:QuickBite","sneckomod:DiceBlock"],"picked":"sneckomod:DefensiveFlair+1","floor":46.0},{"not_picked":["sneckomod:UnknownCommonAttack","sneckomod:SlitherStrike+1"],"picked":"sneckomod:UnknownUncommonPower","floor":48.0},{"not_picked":["sneckomod:UnknownDexterity+1","sneckomod:UnknownColorless+1"],"picked":"sneckomod:UnknownRarePower+1","floor":49},{"not_picked":["sneckomod:Unknown1Cost","sneckomod:DiceBoulder"],"picked":"sneckomod:UnknownBlock+1","floor":49},{"not_picked":["sneckomod:MorePower","sneckomod:UnknownDexterity+1"],"picked":"sneckomod:ImprovisedAttack+1","floor":52}],"player_experience":1094295,"relics_obtained":[{"floor":7.0,"key":"Bag of Marbles"},{"floor":8.0,"key":"Centennial Puzzle"},{"floor":11.0,"key":"Pear"},{"floor":23.0,"key":"PreservedInsect"},{"floor":27.0,"key":"Potion Belt"},{"floor":31.0,"key":"Toy Ornithopter"},{"floor":36.0,"key":"Shuriken"},{"floor":37.0,"key":"PreservedInsect"},{"floor":38.0,"key":"MawBank"},{"floor":39.0,"key":"bronze:BronzeIdol"},{"floor":40.0,"key":"Oddly Smooth Stone"},{"floor":40.0,"key":"Calipers"},{"floor":41.0,"key":"Meat on the Bone"},{"floor":42.0,"key":"PreservedInsect"},{"floor":42.0,"key":"Gambling Chip"},{"floor":43.0,"key":"Bag of Preparation"},{"floor":45.0,"key":"Toy Ornithopter"},{"floor":45.0,"key":"Darkstone Periapt"},{"floor":48.0,"key":"Oddly Smooth Stone"},{"floor":48.0,"key":"Akabeko"},{"floor":49,"key":"Bag of Preparation"},{"floor":52,"key":"Bottled Lightning"}],"event_choices":[{"damage_healed":0.0,"max_hp_gain":0.0,"max_hp_loss":0.0,"gold_gain":0.0,"event_name":"The Library","player_choice":"Read","floor":28.0,"gold_loss":0.0,"damage_taken":0.0,"cards_obtained":["sneckomod:CheapStock"]}],"is_beta":false,"boss_relics":[{"not_picked":["SlaversCollar","Astrolabe"],"picked":"Pandora\u0027s Box"},{"not_picked":["Runic Pyramid","Velvet Choker"],"picked":"Snecko Eye"}],"items_purged_floors":[],"is_endless":false,"potions_floor_spawned":[2,5,9,10,16,19,27,31,32,37,39,40,43,46,49],"ascension_level":3}}