{"host":"hgp4s9chziw0zf0g","time":1612615733,"event":{"mods":["BaseMod","BetterRewards","Defuse TimeMaze Blight","Downfall","GifTheSpireLib","Hubris","Infinite Spire","Mimic Mod","Minty Spire (QoL Compilation)","Remove Card Discount Mod","Replay The Spire","StSLib","Stuff the Spire","Synergy Search","The Jungle"],"gold_per_floor":[113,163,163,9,9,9,37,3,42,67,67,67,67,83,83,178,178,198,198,198,198,217,251,251,262,262,109,109,38,38,55,55,157,157,169,188,75,75,92,92,142,171,171,185,185,203,237,247,247,247],"floor_reached":51,"language":"ENG","playtime":3685,"items_purged":["Strike_G","Strike_G","Strike_G","Strike_G","Vigilance","Guardian:Strike_Guardian","Strike_G","Defend_G","Defend_G","Defend_G","Defend_G","Defend_G","Regret","ReplayTheSpireMod:Speed Training","ReplayTheSpireMod:Speed Training","ReplayTheSpireMod:Shiv Toss","ReplayTheSpireMod:Black Plague","StuffTheSpire:Python","infinitespire:FinalStrike"],"score":854,"play_id":"0a56fc22-1c02-46a3-95c2-7a09154b6473","local_time":"20210206064853","is_ascension_mode":false,"campfire_choices":[{"floor":6,"key":"REST"},{"data":"After Image","floor":12,"key":"SMITH"},{"floor":15,"key":"REST"},{"floor":24,"key":"REST"},{"data":"Envenom","floor":28,"key":"SMITH"},{"floor":32,"key":"DIG"},{"data":"StuffTheSpire:Rapture","floor":40,"key":"SMITH"},{"data":"ReplayTheSpireMod:Scrap Shanks","floor":45,"key":"SMITH"}],"circlet_count":0,"master_deck":["Survivor","Neutralize","After Image+1","Blade Dance","StuffTheSpire:Shiver+1","hubris:Sniper","Dagger Throw","Footwork","Blade Dance","Infinite Blades","Tools of the Trade","StuffTheSpire:Shiver","StuffTheSpire:DoubleShiv+1","Envenom+1","Noxious Fumes","Die Die Die","ReplayTheSpireMod:Scrap Shanks+1","Cloak And Dagger+1","StuffTheSpire:Rapture+1","Choke+1","Concentrate+1","Flash of Steel","Flash of Steel","Apotheosis+1"],"relics":["Ring of the Snake","infinitespire:BottledMercury","Omamori","Anchor","StuffTheSpire:MayFlowers","Peace Pipe","WristBlade","hubris:Icosahedron","Ornamental Fan","hubris:Towel","Toxic Egg 2","StuffTheSpire:DarkSteelAnvil","hubris:Backtick","Shuriken","infinitespire:Bottled Soul","bronze:MakeshiftBattery","hubris:BundleOfHerbs","Snack Pack","HornCleat","StuffTheSpire:GrapeVine"],"acts_visited":["Exordium","Exordium","TheBeyond"],"potions_floor_usage":[7,16,16,20,25,35,41,42,42,42],"damage_taken":[{"damage":2,"enemies":"Jaw Worm","floor":1,"turns":5},{"damage":4,"enemies":"Lagavulin","floor":7,"turns":3},{"damage":2,"enemies":"2 Louse","floor":9,"turns":5},{"damage":27,"enemies":"Gremlin Nob","floor":10,"turns":4},{"damage":0,"enemies":"2 Louse","floor":14,"turns":2},{"damage":21,"enemies":"Slime Boss","floor":16,"turns":5},{"damage":4,"enemies":"theJungle:Flameango_and_Byrd","floor":18,"turns":4},{"damage":29,"enemies":"JungleHuntersEvent","floor":20,"turns":6},{"damage":0,"enemies":"theJungle:5_Spyders","floor":22,"turns":3},{"damage":9,"enemies":"theJungle:Cassacara","floor":23,"turns":6},{"damage":6,"enemies":"theJungle:2_Flameangoes","floor":25,"turns":5},{"damage":0,"enemies":"theJungle:SlimyTreeVines","floor":31,"turns":3},{"damage":0,"enemies":"theJungle:FunGuy","floor":33,"turns":5},{"damage":10,"enemies":"3 Shapes","floor":35,"turns":3},{"damage":4,"enemies":"3 Darklings","floor":36,"turns":3},{"damage":0,"enemies":"Writhing Mass","floor":39,"turns":4},{"damage":2,"enemies":"Mind Bloom Boss Battle","floor":41,"turns":3},{"damage":0,"enemies":"R_Hoarder","floor":42,"turns":4},{"damage":0,"enemies":"4 Shapes","floor":44,"turns":3},{"damage":0,"enemies":"Sphere and 2 Shapes","floor":46,"turns":3},{"damage":0,"enemies":"Nemesis","floor":47,"turns":5},{"damage":5,"enemies":"Writhing Mass","floor":48,"turns":4},{"damage":0,"enemies":"Donu and Deca","floor":50,"turns":4}],"seed_played":"-1089450207727047705","potions_obtained":[{"floor":1,"key":"Energy Potion"},{"floor":10,"key":"ColorlessPotion"},{"floor":14,"key":"Fire Potion"},{"floor":16,"key":"Elixir"},{"floor":22,"key":"AttackPotion"},{"floor":23,"key":"SpeedPotion"},{"floor":31,"key":"Strength Potion"},{"floor":33,"key":"Adrenaline Potion"},{"floor":36,"key":"Poison Potion"},{"floor":41,"key":"Adrenaline Potion"},{"floor":44,"key":"Elixir"},{"floor":47,"key":"Languid Potion"}],"is_trial":false,"path_per_floor":["M","?","?","$","?","R","E","$","MIM","E","?","R","?","M","R","B",null,"M","?","?","?","M","E","R","M","T","$","R","$","AVR","M","R","B",null,"M","M","$","?","M","R","?","E","T","M","R","M","E","M","R","B",null],"character_chosen":"THE_SILENT","items_purchased":["hubris:Sniper","ReplayTheSpireMod:Speed Training","Footwork","Envenom","Noxious Fumes","ReplayTheSpireMod:Scrap Shanks","Cloak And Dagger+1"],"campfire_rested":3,"item_purchase_floors":[4,4,8,27,29,37,37],"current_hp_per_floor":[68,40,37,37,37,58,54,54,52,25,25,25,25,25,46,25,70,66,66,40,40,40,34,55,49,49,49,49,49,49,49,49,49,70,60,56,56,56,56,56,54,54,54,60,60,66,70,70,60,70],"gold":247,"neow_bonus":"THREE_RARE_CARDS","is_daily":false,"chose_seed":false,"campfire_upgraded":4,"win_rate":0.0,"timestamp":1612615733,"path_taken":["M","?","?","$","?","R","E","?","MIM","E","?","R","?","M","R","BOSS","M","?","?","?","M","E","R","M","T","?","R","?","AVR","?","R","BOSS","M","?","?","?","M","R","?","E","T","M","R","M","E","M","R","BOSS"],"items_purchased_type":["Card","Card","Card","Card","Card","Card","Card"],"build_version":"2020-12-22","purchased_purges":19,"victory":true,"max_hp_per_floor":[70,70,70,70,70,70,70,70,70,70,70,70,70,70,70,70,70,70,70,70,70,70,70,70,70,70,70,70,70,70,70,70,70,70,70,70,70,70,70,70,70,70,70,70,70,70,70,70,70,70],"card_choices":[{"not_picked":["Adrenaline","Die Die Die"],"picked":"After Image","floor":0},{"not_picked":["ReplayTheSpireMod:The Works","Flying Knee"],"picked":"Blade Dance","floor":1},{"not_picked":["Slice","Dash"],"picked":"StuffTheSpire:Shiver","floor":2},{"not_picked":["Slice","Bane"],"picked":"ReplayTheSpireMod:Shiv Toss","floor":2},{"not_picked":["ReplayTheSpireMod:Haul","infinitespire:DeathsTouch"],"picked":"ReplayTheSpireMod:Black Plague","floor":5},{"not_picked":["Flying Knee","StuffTheSpire:MirrorStance"],"picked":"Dagger Throw","floor":7},{"not_picked":["Burst","Prepared"],"picked":"StuffTheSpire:Python","floor":9},{"not_picked":["Deadly Poison","Riddle With Holes"],"picked":"Blade Dance","floor":10},{"not_picked":["StuffTheSpire:BumpUp","Dagger Throw"],"picked":"Infinite Blades","floor":14},{"not_picked":["Malaise","Replay:Bag of Tricks"],"picked":"Tools of the Trade","floor":16},{"not_picked":["Sucker Punch","Concentrate"],"picked":"StuffTheSpire:Shiver","floor":18},{"not_picked":["Acrobatics","StuffTheSpire:ClusterCrunch"],"picked":"StuffTheSpire:DoubleShiv+1","floor":20},{"not_picked":["PiercingWail","Calculated Gamble","Backflip+1"],"picked":"SKIP","floor":22},{"not_picked":["Backflip+1","Quick Slash","Masterful Stab"],"picked":"SKIP","floor":23},{"not_picked":["Dodge and Roll+1","Dagger Throw","PiercingWail+1"],"picked":"SKIP","floor":25},{"not_picked":["Tools of the Trade","Predator","StuffTheSpire:Sprint+1"],"picked":"SKIP","floor":31},{"not_picked":["Wraith Form v2","Atom Bomb"],"picked":"Die Die Die","floor":33},{"not_picked":["Sucker Punch+1","Slice","Flechettes"],"picked":"SKIP","floor":35},{"not_picked":["Outmaneuver+1","hubris:SlightOfHand+1","StuffTheSpire:BumpUp+1"],"picked":"SKIP","floor":36},{"not_picked":["StuffTheSpire:CelestialWarden","StuffTheSpire:Vigor"],"picked":"StuffTheSpire:Rapture","floor":38},{"not_picked":["Draining Mist+1","StuffTheSpire:Python+1","Footwork+1"],"picked":"SKIP","floor":39},{"not_picked":["Bane","ReplayTheSpireMod:Exploit Weakness+1"],"picked":"Choke+1","floor":41},{"not_picked":["Crippling Poison+1","ReplayTheSpireMod:From All Sides","StuffTheSpire:Injection"],"picked":"SKIP","floor":42},{"not_picked":["Deflect+1","Sneak Up+1"],"picked":"Concentrate+1","floor":44},{"not_picked":["StuffTheSpire:FinalStruggle","Backflip+1","StuffTheSpire:BumpUp+1"],"picked":"SKIP","floor":46},{"not_picked":["Bane+1","Noxious Fumes","Underhanded Strike"],"picked":"SKIP","floor":47},{"not_picked":["Slice+1","Dagger Spray+1","Replay:Poison Smokescreen+1"],"picked":"SKIP","floor":48},{"not_picked":["hubris:Ssssneak+1","Master of Strategy+1"],"picked":"Flash of Steel","floor":49},{"not_picked":["Purity+1","Master of Strategy+1"],"picked":"Flash of Steel","floor":49},{"not_picked":["Dark Shackles+1","StuffTheSpire:PlasmaPunch"],"picked":"Apotheosis+1","floor":49}],"player_experience":490453,"relics_obtained":[{"floor":2,"key":"infinitespire:BottledMercury"},{"floor":7,"key":"ReplayFunnel"},{"floor":9,"key":"Anchor"},{"floor":10,"key":"StuffTheSpire:MayFlowers"},{"floor":20,"key":"Ornamental Fan"},{"floor":23,"key":"Toxic Egg 2"},{"floor":26,"key":"StuffTheSpire:DarkSteelAnvil"},{"floor":32,"key":"infinitespire:Bottled Soul"},{"floor":41,"key":"hubris:BundleOfHerbs"},{"floor":42,"key":"Snack Pack"},{"floor":43,"key":"HornCleat"},{"floor":47,"key":"StuffTheSpire:GrapeVine"}],"event_choices":[{"damage_healed":0,"gold_gain":0,"player_choice":"Success","damage_taken":3,"relics_obtained":["Omamori"],"max_hp_gain":0,"max_hp_loss":0,"event_name":"Scrap Ooze","floor":3,"gold_loss":0},{"damage_healed":0,"gold_gain":0,"player_choice":"Box","damage_taken":0,"relics_obtained":["Peace Pipe"],"max_hp_gain":0,"max_hp_loss":0,"event_name":"Big Fish","floor":13,"gold_loss":0,"cards_obtained":["Regret"]},{"damage_healed":0,"gold_gain":0,"player_choice":"Fight","damage_taken":0,"max_hp_gain":0,"max_hp_loss":0,"event_name":"MindBloom","floor":41,"gold_loss":0},{"damage_healed":0,"gold_gain":0,"player_choice":"Memory 3","damage_taken":10,"max_hp_gain":0,"max_hp_loss":0,"event_name":"SensoryStone","floor":49,"gold_loss":0}],"is_beta":false,"boss_relics":[{"not_picked":["Replay:Fungal Core","hubris:CrackedHourglass"],"picked":"WristBlade"},{"not_picked":["Fusion Hammer","ChewingGum"],"picked":"bronze:MakeshiftBattery"}],"items_purged_floors":[4,4,4,4,4,4,4,4,4,4,4,4,27,27,27,27,37,37,37],"is_endless":false,"potions_floor_spawned":[1,10,14,16,22,23,31,33,36,41,44,47],"ascension_level":0}}