{"host":"6r3ioyv75hs1gp74","time":1612572882,"event":{"mods":["AchievementEnabler","Act Like it!","BaseMod","Better Sensory Stone","Better Third Choice","Block Reminder","Colored Map","Colored Powertips","Curses Come First","Minty Spire (QoL Compilation)","StSLib"],"gold_per_floor":[99,99,99,99,99,99,99,99,99,99,99,99,99,99,99,99,99,99,99,99,99,99,99,99,99,99,99,99,99,99,99,99,99,99,99,99,99,99,99,99,99,99,99,99,99,99,99,99,99,99,99],"floor_reached":50,"language":"ENG","playtime":2998,"items_purged":[],"score":806,"play_id":"66dfee9f-4834-4618-ad64-25c3adbacd03","local_time":"20210206005442","is_ascension_mode":true,"campfire_choices":[{"data":"Uppercut","floor":7,"key":"SMITH"},{"data":"Bash","floor":10,"key":"SMITH"},{"data":"Flame Barrier","floor":12,"key":"SMITH"},{"data":"Inflame","floor":15,"key":"SMITH"},{"data":"Havoc","floor":27,"key":"SMITH"},{"data":"Ghostly","floor":30,"key":"SMITH"},{"data":"Corruption","floor":32,"key":"SMITH"},{"data":"Ghostly","floor":40,"key":"SMITH"},{"floor":42,"key":"REST"},{"floor":47,"key":"RECALL"},{"floor":49,"key":"REST"}],"circlet_count":0,"master_deck":["Strike_R+1","Strike_R","Defend_R","Defend_R","Defend_R+1","Defend_R+1","Bash+1","Flame Barrier+1","Clothesline","Dropkick","Rampage+1","Uppercut+1","Cleave","Inflame+1","Feed+1","Reckless Charge+1","Combust+1","Inflame+1","Whirlwind+1","Twin Strike","Ghostly+1","Ghostly+1","Ghostly","Ghostly+1","Ghostly","Havoc+1","Flex","Juggernaut","Havoc","Corruption+1","Evolve","CurseOfTheBell","Armaments","Iron Wave+1","Metallicize","Parasite","Shrug It Off+1"],"relics":["Ectoplasm","Blue Candle","PreservedInsect","Orichalcum","Lantern","Astrolabe","Tiny Chest","Meat on the Bone","Whetstone","Anchor","Calling Bell","Red Skull","White Beast Statue","Mango","Singing Bowl","War Paint","Toy Ornithopter"],"acts_visited":["Exordium","TheCity","TheBeyond"],"potions_floor_usage":[11,14,21,24,33,33,36,41,50],"damage_taken":[{"damage":5,"enemies":"Small Slimes","floor":1,"turns":4},{"damage":0,"enemies":"2 Louse","floor":2,"turns":2},{"damage":4,"enemies":"Cultist","floor":3,"turns":4},{"damage":8,"enemies":"Large Slime","floor":4,"turns":6},{"damage":6,"enemies":"Gremlin Nob","floor":6,"turns":3},{"damage":1,"enemies":"2 Fungi Beasts","floor":8,"turns":3},{"damage":5,"enemies":"3 Sentries","floor":11,"turns":3},{"damage":2,"enemies":"Lagavulin","floor":14,"turns":3},{"damage":6,"enemies":"Hexaghost","floor":16,"turns":6},{"damage":4,"enemies":"Shell Parasite","floor":18,"turns":3},{"damage":6,"enemies":"Chosen","floor":19,"turns":3},{"damage":0,"enemies":"Snake Plant","floor":21,"turns":2},{"damage":0,"enemies":"Chosen and Byrds","floor":22,"turns":5},{"damage":0,"enemies":"Book of Stabbing","floor":23,"turns":4},{"damage":0,"enemies":"Sentry and Sphere","floor":24,"turns":4},{"damage":4,"enemies":"Slavers","floor":28,"turns":7},{"damage":2,"enemies":"Snecko","floor":29,"turns":3},{"damage":0,"enemies":"Book of Stabbing","floor":31,"turns":5},{"damage":31,"enemies":"Collector","floor":33,"turns":7},{"damage":14,"enemies":"Orb Walker","floor":35,"turns":4},{"damage":22,"enemies":"3 Darklings","floor":36,"turns":5},{"damage":7,"enemies":"4 Shapes","floor":38,"turns":3},{"damage":27,"enemies":"Nemesis","floor":41,"turns":7},{"damage":12,"enemies":"Writhing Mass","floor":46,"turns":7},{"damage":29,"enemies":"Giant Head","floor":48,"turns":8},{"damage":100,"enemies":"Donu and Deca","floor":50,"turns":11}],"seed_played":"5932490421679080199","potions_obtained":[{"floor":2,"key":"Swift Potion"},{"floor":6,"key":"ColorlessPotion"},{"floor":8,"key":"PowerPotion"},{"floor":11,"key":"ElixirPotion"},{"floor":16,"key":"Explosive Potion"},{"floor":21,"key":"Dexterity Potion"},{"floor":23,"key":"FearPotion"},{"floor":31,"key":"DistilledChaos"},{"floor":35,"key":"Weak Potion"},{"floor":36,"key":"Weak Potion"},{"floor":38,"key":"ElixirPotion"},{"floor":41,"key":"FairyPotion"},{"floor":46,"key":"Ancient Potion"},{"floor":48,"key":"PowerPotion"}],"is_trial":false,"path_per_floor":["M","M","M","M","?","E","R","M","T","R","E","R","?","E","R","B",null,"M","M","?","M","M","E","M","?","T","R","E","M","R","E","R","B",null,"M","M","?","M","T","R","E","R","T","?","$","M","R","E","R","B"],"character_chosen":"IRONCLAD","items_purchased":[],"campfire_rested":2,"item_purchase_floors":[],"current_hp_per_floor":[75,75,71,63,63,57,57,56,56,56,51,51,35,33,33,27,80,79,76,43,43,43,43,43,43,43,43,42,40,40,40,40,21,60,46,36,36,41,41,41,28,46,46,72,72,62,62,49,72,0,0],"gold":99,"neow_bonus":"BOSS_RELIC","is_daily":false,"chose_seed":false,"campfire_upgraded":8,"win_rate":0.0,"timestamp":1612572882,"path_taken":["M","M","M","M","?","E","R","M","T","R","E","R","?","E","R","BOSS","M","M","?","M","M","E","M","?","T","R","E","M","R","E","R","BOSS","M","?","?","M","?","R","E","R","T","?","$","?","R","E","R","BOSS"],"items_purchased_type":[],"build_version":"2020-12-22","purchased_purges":0,"victory":false,"max_hp_per_floor":[80,80,80,80,80,80,80,80,80,80,80,80,80,80,80,80,80,83,86,43,43,43,43,43,43,43,43,46,46,46,46,46,46,60,60,60,60,60,60,60,62,62,62,72,72,74,74,78,78,78,78],"card_choices":[{"not_picked":["Warcry","Thunderclap"],"picked":"Flame Barrier","floor":1},{"not_picked":["Blood for Blood","Shrug It Off"],"picked":"Clothesline","floor":2},{"not_picked":["Clothesline","Second Wind"],"picked":"Dropkick","floor":3},{"not_picked":["Shockwave","Limit Break"],"picked":"Rampage","floor":4},{"not_picked":["Wild Strike","Clash"],"picked":"Uppercut","floor":6},{"not_picked":["Iron Wave","Pummel"],"picked":"Cleave","floor":8},{"not_picked":["Body Slam","Searing Blow","Clothesline"],"picked":"SKIP","floor":11},{"not_picked":["Havoc","Barricade"],"picked":"Inflame","floor":14},{"not_picked":["Brutality","Berserk"],"picked":"Feed","floor":16},{"not_picked":["Reckless Charge","Havoc"],"picked":"Whirlwind+1","floor":18},{"not_picked":["Warcry","Battle Trance"],"picked":"Twin Strike","floor":19},{"not_picked":["Headbutt","Thunderclap"],"picked":"Havoc","floor":21},{"not_picked":["Thunderclap","Anger+1"],"picked":"Flex","floor":22},{"not_picked":["Anger","Searing Blow"],"picked":"Juggernaut","floor":23},{"not_picked":["Anger","Warcry","Rage"],"picked":"SKIP","floor":24},{"not_picked":["Perfected Strike","Warcry"],"picked":"Havoc","floor":28},{"not_picked":["Havoc","Warcry+1"],"picked":"Corruption","floor":29},{"not_picked":["Power Through","Pommel Strike+1"],"picked":"Evolve","floor":31},{"not_picked":["Exhume","Offering"],"picked":"Fiend Fire","floor":33},{"not_picked":["Power Through","Sword Boomerang+1"],"picked":"Armaments","floor":35},{"not_picked":["Perfected Strike","Ghostly Armor"],"picked":"Iron Wave+1","floor":36},{"not_picked":["Warcry","Sever Soul"],"picked":"Metallicize","floor":38},{"not_picked":["Whirlwind","Shrug It Off","Twin Strike"],"picked":"Singing Bowl","floor":41},{"not_picked":["Entrench","Perfected Strike","Anger+1"],"picked":"Singing Bowl","floor":46},{"not_picked":["Berserk","Twin Strike+1"],"picked":"Shrug It Off+1","floor":48}],"player_experience":142071,"relics_obtained":[{"floor":6,"key":"Blue Candle"},{"floor":9,"key":"PreservedInsect"},{"floor":11,"key":"Orichalcum"},{"floor":14,"key":"Lantern"},{"floor":23,"key":"Tiny Chest"},{"floor":26,"key":"Meat on the Bone"},{"floor":28,"key":"Whetstone"},{"floor":31,"key":"Anchor"},{"floor":34,"key":"Red Skull"},{"floor":34,"key":"White Beast Statue"},{"floor":34,"key":"Mango"},{"floor":41,"key":"Singing Bowl"},{"floor":43,"key":"War Paint"},{"floor":48,"key":"Toy Ornithopter"}],"event_choices":[{"damage_healed":0,"gold_gain":0,"player_choice":"Leave","damage_taken":0,"max_hp_gain":0,"max_hp_loss":0,"event_name":"The Cleric","floor":5,"gold_loss":0},{"damage_healed":51,"gold_gain":0,"player_choice":"Upgrade","damage_taken":16,"max_hp_gain":0,"max_hp_loss":80,"event_name":"betterThird:BetterShining","floor":13,"gold_loss":0,"cards_upgraded":["Strike_R","Defend_R"]},{"damage_healed":0,"gold_gain":0,"player_choice":"Became a Ghost","damage_taken":0,"max_hp_gain":0,"max_hp_loss":43,"event_name":"Ghosts","floor":20,"gold_loss":0,"cards_obtained":["Ghostly","Ghostly","Ghostly","Ghostly","Ghostly"]},{"damage_healed":0,"gold_gain":0,"player_choice":"Bought 0 Potions","damage_taken":0,"max_hp_gain":0,"max_hp_loss":0,"event_name":"The Woman in Blue","floor":25,"gold_loss":0},{"damage_healed":0,"gold_gain":0,"player_choice":"Ignored","damage_taken":0,"max_hp_gain":0,"max_hp_loss":0,"event_name":"Mysterious Sphere","floor":37,"gold_loss":0},{"cards_removed":["Fiend Fire"],"damage_healed":16,"gold_gain":0,"player_choice":"Offered Rare","damage_taken":0,"max_hp_gain":10,"max_hp_loss":0,"event_name":"Bonfire Elementals","floor":44,"gold_loss":0}],"is_beta":false,"boss_relics":[{"not_picked":["Philosopher\u0027s Stone","Mark of Pain"],"picked":"Astrolabe"},{"not_picked":["Tiny House","Runic Dome"],"picked":"Calling Bell"}],"items_purged_floors":[],"is_endless":false,"potions_floor_spawned":[2,6,8,11,16,18,21,22,23,31,35,36,38,41,46,48],"killed_by":"Donu and Deca","ascension_level":4}}