{"host":"w2kjv12xyhtt0cv2","time":1612632902,"event":{"mods":["100% Spire Juice","Act Like it!","BaseMod","Colored Map","Friendly Minions","Gensokyo","GifTheSpireLib","Highlight Path","Hubris","Marisa（F雨　魔理沙）","Minty Spire (QoL Compilation)","Prisma Mod","Quick Restart","Reimu（博丽灵梦）","Relic Stats","Reliquary","Replay The Spire","Robot Space Explorer","RumiaBox-露米娅的神秘盒子","Shop Mod","Spicy Shops","StSLib","The Bug Knight","The Cursed","The Dragon Tamer","The Servant 0.9.4","UnlockEverythingMod","Waifu the Spire","[功能]功能增强和修复MOD","【功能Mod】Neow奖励","【遗物卡牌】REMEMod","没有小屋子和绿帽子啦"],"gold_per_floor":[111,7,7,7,27,55,55,87,87,87,116,61,96,96,96,170,170,182,31,49,113,113,43,43,43],"floor_reached":24,"language":"ZHS","playtime":1163,"items_purged":["TheCursedMod:Strike_TheCursed"],"score":380,"play_id":"44133b82-55c6-488f-bb16-4d5d690edb6e","local_time":"20210207013502","is_ascension_mode":true,"campfire_choices":[{"floor":7.0,"key":"REST"},{"floor":10.0,"key":"RECALL"},{"floor":15.0,"key":"REST"}],"circlet_count":0,"master_deck":["AscendersBane","TheCursedMod:Strike_TheCursed","TheCursedMod:Strike_TheCursed","TheCursedMod:Strike_TheCursed","TheCursedMod:Defend_TheCursed","TheCursedMod:Defend_TheCursed","TheCursedMod:Defend_TheCursed","TheCursedMod:CursedWand","TheCursedMod:CleanUpWorkshop","TheCursedMod:Dregs","PrismaMod:IllyaInstallRider","TheCursedMod:HellfireBreathing","Gensokyo:CrescentMoonSlash","TheCursedMod:DemonSword+1","TheCursedMod:NeowsMight+1","TheCursedMod:Hemoplague+1","TheCursedMod:CircleOfBlood","TheCursedMod:VoidForm","TheCursedMod:SurpriseAttack+1","TheCursedMod:StingEye","TheCursedMod:RapidMovement","Writhe"],"relics":["REME_ComplimentaryCards","Fusion Hammer","Gambling Chip","Oddly Smooth Stone","reliquary:FeatherDuster","SoulBox","Guide Book","Gremlin Food","Replay:Accelerometer"],"acts_visited":["Gensokyo:Gensokyo","Gensokyo:Gensokyoer"],"potions_floor_usage":[],"damage_taken":[{"damage":2.0,"enemies":"Gensokyo:Python","floor":1.0,"turns":4.0},{"damage":4.0,"enemies":"Gensokyo:Gryphon","floor":5.0,"turns":3.0},{"damage":6.0,"enemies":"Gensokyo:Mamizou","floor":6.0,"turns":9.0},{"damage":25.0,"enemies":"Gensokyo:Cirno","floor":8.0,"turns":5.0},{"damage":1.0,"enemies":"Gensokyo:Aya","floor":11.0,"turns":6.0},{"damage":4.0,"enemies":"Gensokyo:Mamizou","floor":13.0,"turns":7.0},{"damage":30.0,"enemies":"Gensokyo:Reimu","floor":16.0,"turns":9.0},{"damage":28.0,"enemies":"Gensokyo:CosmicMonolith","floor":18.0,"turns":4.0},{"damage":6.0,"enemies":"Gensokyo:2_Gloops","floor":20.0,"turns":4.0},{"damage":39,"enemies":"Gensokyo:Koishi","floor":23,"turns":7},{"damage":8,"enemies":"Gensokyo:Swordslinger","floor":24,"turns":2}],"seed_played":"8070897978800958305","potions_obtained":[{"floor":11.0,"key":"Fire Potion"},{"floor":13.0,"key":"EntropicBrew"},{"floor":16.0,"key":"Regen Potion"},{"floor":20.0,"key":"ZuzhouPotion:ReiMu"}],"is_trial":false,"path_per_floor":["M","$","?","$","M","E","R","E","T","R","E","$","E","?","R","B",null,"M","$","M","?","?","E","M"],"character_chosen":"THE_CURSED","items_purchased":["TheCursedMod:HellfireBreathing","TheCursedMod:Hemoplague+1","Guide Book"],"campfire_rested":2,"item_purchase_floors":[2,12,19],"current_hp_per_floor":[62,62,48,48,44,38,59,34,34,34,33,33,29,29,50,22,59,47,47,45,45,45,6,0,0],"gold":43,"neow_bonus":"BOSS_RELIC","is_daily":false,"chose_seed":false,"campfire_upgraded":0,"win_rate":0.0,"timestamp":1612632902,"path_taken":["M","?","?","?","?","E","R","E","T","R","E","$","E","?","R","BOSS","M","$","?","?","?","E","?"],"items_purchased_type":["Card","Card","Relic"],"build_version":"2020-12-22","purchased_purges":1,"victory":false,"max_hp_per_floor":[71,71,71,71,71,71,71,71,71,71,71,71,71,71,71,71,71,71,71,71,71,71,71,71,71],"relic_stats":{"counters":[11,59],"Gambling Chip":[17],"obtain_stats":[{"Gremlin Food":21,"TheCursedMod:BlackMagic101":0,"reliquary:FeatherDuster":13,"Frozen Eye":23,"Replay:Accelerometer":23,"Gambling Chip":8,"Guide Book":19,"Oddly Smooth Stone":11,"Fusion Hammer":0,"SoulBox":17,"REME_ComplimentaryCards":0},{"Gremlin Food":9,"TheCursedMod:BlackMagic101":0,"reliquary:FeatherDuster":6,"Frozen Eye":9,"Replay:Accelerometer":10,"Gambling Chip":4,"Guide Book":8,"Oddly Smooth Stone":5,"Fusion Hammer":0,"SoulBox":7,"REME_ComplimentaryCards":0},{"Gremlin Food":51,"TheCursedMod:BlackMagic101":0,"reliquary:FeatherDuster":34,"Frozen Eye":51,"Replay:Accelerometer":57,"Gambling Chip":21,"Guide Book":47,"Oddly Smooth Stone":27,"Fusion Hammer":0,"SoulBox":43,"REME_ComplimentaryCards":0}]},"card_choices":[{"not_picked":["TheCursedMod:Wield","TheCursedMod:CursedBlade"],"picked":"TheCursedMod:RavingStaff","floor":1.0},{"not_picked":["TheCursedMod:Wield","TheCursedMod:CursedAmulet","TheCursedMod:Torture"],"picked":"SKIP","floor":5.0},{"not_picked":["TheCursedMod:SoulReap","TheCursedMod:VitalStrike"],"picked":"TheCursedMod:DemonSword","floor":6.0},{"not_picked":["TheCursedMod:Hemoplague","TheCursedMod:Torture","TheCursedMod:SaltUponWound"],"picked":"SKIP","floor":8.0},{"not_picked":["TheCursedMod:CircleOfFlame","TheCursedMod:HellfireBreathing"],"picked":"TheCursedMod:NeowsMight","floor":11.0},{"not_picked":["TheCursedMod:Grudge","TheCursedMod:CircleOfFlame"],"picked":"TheCursedMod:CircleOfBlood","floor":13.0},{"not_picked":["TheCursedMod:DarkBarrier","TheCursedMod:AntiAging"],"picked":"TheCursedMod:VoidForm","floor":16.0},{"not_picked":["TheCursedMod:CursedBlade","TheCursedMod:Hemoplague+1"],"picked":"TheCursedMod:SurpriseAttack+1","floor":18.0},{"not_picked":["TheCursedMod:CursedShiv","TheCursedMod:ManaBullet","TheCursedMod:CursedBlade"],"picked":"SKIP","floor":20.0},{"not_picked":["TheCursedMod:FleshFromBone+1","TheCursedMod:TroublousMinions"],"picked":"TheCursedMod:StingEye","floor":21},{"not_picked":["TheCursedMod:PrepareRite","TheCursedMod:TacticalStrike"],"picked":"TheCursedMod:RapidMovement","floor":21},{"not_picked":["TheCursedMod:ReleasedKnowledge","TheCursedMod:VitalStrike","TheCursedMod:TacticalStrike"],"picked":"SKIP","floor":23}],"player_experience":202589,"relics_obtained":[{"floor":8.0,"key":"Gambling Chip"},{"floor":11.0,"key":"Oddly Smooth Stone"},{"floor":13.0,"key":"reliquary:FeatherDuster"},{"floor":21,"key":"Gremlin Food"},{"floor":23,"key":"Replay:Accelerometer"}],"event_choices":[],"is_beta":false,"boss_relics":[{"not_picked":["hubris:RunicObelisk","EasyGame_NEW"],"picked":"SoulBox"}],"items_purged_floors":[2],"is_endless":false,"potions_floor_spawned":[11,13,16,20],"killed_by":"Gensokyo:Swordslinger","ascension_level":16}}