{"host":"c44ey07ufggfw2m8","time":1612614771,"event":{"mods":["2.2 Compatiblity","BaseMod","Colored Map","DeckTracker","Highlight Path","Keyboard Shortcuts","Minty Spire (QoL Compilation)","Permanent Neow","Quick Restart","StSLib","SuperFastMode","UnlockEverythingMod"],"gold_per_floor":[119,119,119,146,146,181,42,79,104,104,122,122,72,72,81,191,191,191,191],"floor_reached":18,"language":"KOR","playtime":384,"items_purged":["Strike_R"],"score":249,"play_id":"5b1f6cf5-4785-4bfb-af5a-0fa92722125e","local_time":"20210206213251","is_ascension_mode":true,"campfire_choices":[{"data":"Blood for Blood","floor":10,"key":"SMITH"},{"data":"Carnage","floor":12,"key":"SMITH"},{"floor":15,"key":"REST"}],"circlet_count":0,"master_deck":["AscendersBane","Strike_R","Defend_R+1","Defend_R+1","Defend_R","Defend_R","Bash","Seeing Red","Blood for Blood+1","Headbutt","Inflame","Carnage+1","Cleave","Pommel Strike","Offering"],"relics":["Burning Blood","CeramicFish","Ornamental Fan","Du-Vu Doll","Dream Catcher","Philosopher\u0027s Stone"],"acts_visited":["Exordium","TheCity"],"potions_floor_usage":[8,8,16,18],"damage_taken":[{"damage":5,"enemies":"Jaw Worm","floor":1,"turns":7},{"damage":3,"enemies":"Small Slimes","floor":4,"turns":3},{"damage":20,"enemies":"Gremlin Nob","floor":6,"turns":4},{"damage":25,"enemies":"Lagavulin","floor":8,"turns":7},{"damage":1,"enemies":"2 Louse","floor":11,"turns":3},{"damage":32,"enemies":"The Guardian","floor":16,"turns":8},{"damage":0,"enemies":"3 Byrds","floor":18,"turns":2}],"seed_played":"2329986187399799274","potions_obtained":[{"floor":1,"key":"Block Potion"},{"floor":4,"key":"Weak Potion"},{"floor":11,"key":"FearPotion"},{"floor":16,"key":"Weak Potion"}],"is_trial":false,"path_per_floor":["M","?","?","M","?","E","$","E","T","R","M","R","?","?","R","B",null,"M"],"character_chosen":"IRONCLAD","items_purchased":["Carnage"],"campfire_rested":1,"item_purchase_floors":[7],"current_hp_per_floor":[73,61,54,57,57,43,43,24,24,24,29,29,29,13,37,11,63,63,63],"gold":191,"neow_bonus":"THREE_CARDS","is_daily":false,"chose_seed":false,"campfire_upgraded":2,"win_rate":0.0,"timestamp":1612614771,"path_taken":["M","?","?","M","?","E","$","E","T","R","?","R","?","?","R","BOSS","M"],"items_purchased_type":["Card"],"build_version":"2020-12-22","purchased_purges":1,"victory":false,"max_hp_per_floor":[80,80,80,80,80,80,80,80,80,80,80,80,80,80,80,80,80,80,80],"card_choices":[{"not_picked":["Iron Wave","Ghostly Armor"],"picked":"Seeing Red","floor":0},{"not_picked":["Dropkick","Twin Strike"],"picked":"Blood for Blood","floor":1},{"not_picked":["Twin Strike","Havoc"],"picked":"Headbutt","floor":4},{"not_picked":["Reckless Charge","Berserk"],"picked":"Inflame","floor":6},{"not_picked":["Twin Strike","Reckless Charge"],"picked":"Cleave","floor":8},{"not_picked":["Headbutt","Cleave","Sever Soul"],"picked":"SKIP","floor":11},{"not_picked":["Body Slam","Bludgeon"],"picked":"Pommel Strike","floor":15},{"not_picked":["Demon Form","Bludgeon"],"picked":"Offering","floor":16}],"player_experience":116816,"relics_obtained":[{"floor":6,"key":"Ornamental Fan"},{"floor":8,"key":"Du-Vu Doll"},{"floor":9,"key":"Dream Catcher"}],"event_choices":[{"damage_healed":0,"gold_gain":0,"player_choice":"Success","damage_taken":12,"relics_obtained":["CeramicFish"],"max_hp_gain":0,"max_hp_loss":0,"event_name":"Scrap Ooze","floor":2,"gold_loss":0},{"cards_removed":["Strike_R"],"damage_healed":0,"gold_gain":0,"player_choice":"Card Removal","damage_taken":7,"max_hp_gain":0,"max_hp_loss":0,"event_name":"Golden Wing","floor":3,"gold_loss":0},{"cards_removed":["Strike_R"],"damage_healed":0,"gold_gain":0,"player_choice":"Offered Basic","damage_taken":0,"max_hp_gain":0,"max_hp_loss":0,"event_name":"Bonfire Elementals","floor":5,"gold_loss":0},{"cards_removed":["Strike_R"],"damage_healed":0,"gold_gain":0,"player_choice":"Card Removal","damage_taken":0,"max_hp_gain":0,"max_hp_loss":0,"event_name":"The Cleric","floor":13,"gold_loss":50},{"damage_healed":0,"gold_gain":0,"player_choice":"Entered Light","damage_taken":16,"max_hp_gain":0,"max_hp_loss":0,"event_name":"Shining Light","floor":14,"gold_loss":0,"cards_upgraded":["Defend_R","Defend_R"]}],"is_beta":false,"boss_relics":[{"not_picked":["Runic Cube","Tiny House"],"picked":"Philosopher\u0027s Stone"}],"items_purged_floors":[7],"is_endless":false,"potions_floor_spawned":[1,4,11,16],"killed_by":"3 Byrds","ascension_level":10}}