{"host":"5dhwd44u3dydylwe","time":1612613506,"event":{"mods":["AchievementEnabler","BaseMod","BetterRewards","Dota2Spire","Downfall","Hubris","Minty Spire (QoL Compilation)","Shop Mod","StSLib","Wandering Minibosses"],"gold_per_floor":[99,99,99,174,174,203,230,230,257,257,283,283,283,283,283],"floor_reached":13,"language":"ENG","playtime":314,"items_purged":[],"score":138,"play_id":"b15d32db-bf45-4d3b-9a13-66e511f3214b","local_time":"20210206201146","is_ascension_mode":true,"campfire_choices":[{"data":"Slimebound:Split","floor":1.0,"key":"SMITH"},{"data":"Slimebound:LevelUp","floor":8.0,"key":"SMITH"}],"circlet_count":0,"master_deck":["Slimebound:Strike_Slimebound","Slimebound:Strike_Slimebound","Slimebound:Tackle","Slimebound:Defend_Slimebound","Slimebound:Defend_Slimebound","Slimebound:Defend_Slimebound","Slimebound:Defend_Slimebound","Slimebound:Split+1","Slimebound:CorrosiveSpit","Slimebound:LevelUp+1","Slimebound:HungryTackle","Slimebound:SplitAcid","Slimebound:SpikyOuterGoop","Slimebound:GrowthPunch"],"relics":["Slimebound:AbsorbEndCombat","downfall:HeartsMalice","hubris:Towel","Dota2Spire:ArcaneBoots","Oddly Smooth Stone","MealTicket","Dota2Spire:ShadowBlade"],"acts_visited":["Exordium"],"potions_floor_usage":[],"damage_taken":[{"damage":0.0,"enemies":"Small Slimes","floor":2.0,"turns":1.0},{"damage":0.0,"enemies":"Jaw Worm","floor":5.0,"turns":1.0},{"damage":0.0,"enemies":"Lagavulin","floor":6.0,"turns":1.0},{"damage":49.0,"enemies":"Gremlin Nob","floor":9.0,"turns":4.0},{"damage":18.0,"enemies":"3 Sentries","floor":11.0,"turns":5.0},{"damage":6,"enemies":"Lagavulin","floor":13,"turns":3}],"seed_played":"4356157303256085185","potions_obtained":[{"floor":6.0,"key":"LiquidMemories"},{"floor":9.0,"key":"Strength Potion"}],"is_trial":false,"path_per_floor":["R","M","?","?","M","E","T","R","E","?","E","?","E"],"character_chosen":"SLIMEBOUND","items_purchased":[],"campfire_rested":0,"item_purchase_floors":[],"current_hp_per_floor":[65,65,65,65,65,65,65,65,20,20,2,2,0,0,0],"gold":283,"neow_bonus":"THREE_ENEMY_KILL","is_daily":false,"chose_seed":false,"campfire_upgraded":2,"win_rate":0.0,"timestamp":1612613506,"path_taken":["R","M","?","?","M","E","T","R","E","?","E","?","E"],"items_purchased_type":[],"build_version":"2020-12-22","purchased_purges":0,"victory":false,"max_hp_per_floor":[65,65,65,65,65,65,65,65,65,65,65,65,65,65,65],"card_choices":[{"not_picked":["Slimebound:Schlurp","Slimebound:DivideAndConquer"],"picked":"Slimebound:LevelUp","floor":2.0},{"not_picked":["Slimebound:AcidTongue","Slimebound:ComboTackle"],"picked":"Slimebound:HungryTackle","floor":5.0},{"not_picked":["Slimebound:LeechingTouch","Slimebound:SpikyOuterGoop"],"picked":"Slimebound:SplitAcid","floor":6.0},{"not_picked":["Slimebound:FlameTackle","Slimebound:LeechingTouch"],"picked":"Slimebound:SpikyOuterGoop","floor":9.0},{"not_picked":["Slimebound:SplitBruiser","Slimebound:SlimeBarrage"],"picked":"Slimebound:GrowthPunch","floor":11.0}],"player_experience":208674,"relics_obtained":[{"floor":6.0,"key":"Dota2Spire:ArcaneBoots"},{"floor":7.0,"key":"Oddly Smooth Stone"},{"floor":9.0,"key":"MealTicket"},{"floor":11.0,"key":"Dota2Spire:ShadowBlade"}],"event_choices":[{"cards_removed":["Slimebound:Strike_Slimebound"],"damage_healed":0.0,"max_hp_gain":0.0,"max_hp_loss":0.0,"gold_gain":0.0,"event_name":"The Cleric","player_choice":"Card Removal","floor":10.0,"gold_loss":0.0,"damage_taken":0.0}],"is_beta":false,"boss_relics":[],"items_purged_floors":[],"is_endless":false,"potions_floor_spawned":[6,9],"killed_by":"Lagavulin","ascension_level":3}}