{"host":"t7mx8yfj1no5p62f","time":1612627639,"event":{"mods":["BaseMod","Colored Map","Colored Powertips","Curses Come First","Minty Spire (QoL Compilation)","Relic Stats","StSLib"],"gold_per_floor":[10,29,79,97,40,40,68,68,68,80,110,122,122],"floor_reached":12,"language":"ENG","playtime":360,"items_purged":[],"score":156,"play_id":"1224b12f-715f-4ebb-83d2-df50f9cebdbc","local_time":"20210206110719","is_ascension_mode":true,"campfire_choices":[{"data":"Pommel Strike","floor":6,"key":"SMITH"},{"data":"Hemokinesis","floor":10,"key":"SMITH"}],"circlet_count":0,"master_deck":["AscendersBane","Strike_R","Strike_R","Strike_R","Strike_R","Defend_R","Defend_R","Defend_R","Defend_R","Bash","Master of Strategy","Pommel Strike+1","Rage","Disarm","Shockwave","Hemokinesis+1","Second Wind"],"relics":["Burning Blood","Singing Bowl","MawBank"],"acts_visited":["Exordium"],"potions_floor_usage":[7,7],"damage_taken":[{"damage":12,"enemies":"Small Slimes","floor":1,"turns":5},{"damage":8,"enemies":"Cultist","floor":2,"turns":5},{"damage":6,"enemies":"Jaw Worm","floor":4,"turns":3},{"damage":35,"enemies":"Lagavulin","floor":7,"turns":9},{"damage":11,"enemies":"Gremlin Gang","floor":11,"turns":5},{"damage":37,"enemies":"Gremlin Nob","floor":12,"turns":3}],"seed_played":"-1841101218338384010","potions_obtained":[{"floor":1,"key":"Block Potion"}],"is_trial":false,"path_per_floor":["M","M","?","M","$","R","E","?","T","R","M","E"],"character_chosen":"IRONCLAD","items_purchased":["Weak Potion"],"campfire_rested":0,"item_purchase_floors":[5],"current_hp_per_floor":[62,60,53,53,53,53,24,24,24,24,19,0,0],"gold":122,"neow_bonus":"RANDOM_COLORLESS_2","is_daily":false,"chose_seed":false,"campfire_upgraded":2,"win_rate":0.0,"timestamp":1612627639,"path_taken":["M","M","?","M","?","R","E","?","T","R","M","E"],"items_purchased_type":["Potion"],"build_version":"2020-12-22","purchased_purges":0,"victory":false,"max_hp_per_floor":[75,75,75,75,75,75,75,75,75,75,75,75,75],"relic_stats":{"Singing Bowl":0,"counters":[6,30],"MawBank":36,"obtain_stats":[{"Singing Bowl":7,"MawBank":9,"Burning Blood":0},{"Singing Bowl":4,"MawBank":4,"Burning Blood":0},{"Singing Bowl":22,"MawBank":22,"Burning Blood":0}],"Burning Blood":30},"card_choices":[{"not_picked":["Transmutation","Magnetism"],"picked":"Master of Strategy","floor":0},{"not_picked":["Havoc","Perfected Strike"],"picked":"Pommel Strike","floor":1},{"not_picked":["Intimidate","Cleave"],"picked":"Rage","floor":2},{"not_picked":["Warcry","Shrug It Off"],"picked":"Disarm","floor":4},{"not_picked":["Thunderclap","Sentinel"],"picked":"Shockwave","floor":7},{"not_picked":["Anger","Dual Wield"],"picked":"Second Wind","floor":11}],"player_experience":1943741,"relics_obtained":[{"floor":7,"key":"Singing Bowl"},{"floor":9,"key":"MawBank"}],"event_choices":[{"damage_healed":0,"gold_gain":50,"player_choice":"Touch","damage_taken":7,"max_hp_gain":0,"max_hp_loss":0,"event_name":"FaceTrader","floor":3,"gold_loss":0},{"damage_healed":0,"gold_gain":0,"cards_transformed":["Strike_R"],"player_choice":"Transformed","damage_taken":0,"max_hp_gain":0,"max_hp_loss":0,"event_name":"Transmorgrifier","floor":8,"gold_loss":0,"cards_obtained":["Hemokinesis"]}],"is_beta":false,"boss_relics":[],"items_purged_floors":[],"is_endless":false,"potions_floor_spawned":[1],"killed_by":"Gremlin Nob","ascension_level":20}}