{"host":"jvd5k9mqzerszifx","time":1612633046,"event":{"mods":["AchievementEnabler","Act Like it!","BaseMod","Bestiary","Better Note","Better Third Choice","Colored Map","Colored Powertips","Conspire","DeckTracker","Gensokyo","GungeonMod","Hallownest","Hermit","Hubris","Infinite Spire","Jorbs\u0027s Wanderer Trilogy","Koishi","Marisa（F雨　魔理沙）","Minty Spire (QoL Compilation)","MostiFishMod","Relic Stats","Replay The Spire","Reworked Bosses","Spicy Shops","StSLib","The Administrix","The Bug Knight","The Cursed","The Hierophant","The Jungle","The Servant 0.9.4","【功能Mod】聪明的最终Boss"],"gold_per_floor":[134,134,134,172,12,12,72,126,126,126,146,198,222,222,222,432,432,460,460,460,460,500,500,538,626,674,674,674,26,82,128,128,370,370,430,181,181,181,237,237,297,397,397,397,397,397,397,397,397,485,485,485,16,140,168],"floor_reached":56,"language":"ZHS","playtime":3009,"items_purged":[],"score":1993,"play_id":"4f6662c5-0774-4038-91a2-fccb59de1771","local_time":"20210207013726","is_ascension_mode":true,"campfire_choices":[{"data":"Strike_S","floor":6.0,"key":"PURGE"},{"data":"Strike_S","floor":6.0,"key":"PURGE"},{"data":"Strike_S","floor":6.0,"key":"PURGE"},{"data":"Defend_S","floor":6.0,"key":"PURGE"},{"data":"Defend_S","floor":6.0,"key":"PURGE"},{"data":"Defend_S","floor":6.0,"key":"PURGE"},{"data":"Strike_S","floor":6.0,"key":"SMITH"},{"data":"Defend_S","floor":6.0,"key":"SMITH"},{"data":"Exchange","floor":6.0,"key":"SMITH"},{"data":"Shuttle","floor":6.0,"key":"SMITH"},{"data":"SurpressingFire","floor":6.0,"key":"SMITH"},{"floor":6.0,"key":"REST"},{"data":"Starlight","floor":15.0,"key":"SMITH"},{"data":"Reset","floor":15.0,"key":"SMITH"},{"data":"Rewind","floor":15.0,"key":"SMITH"},{"floor":15.0,"key":"REST"},{"data":"Rearm","floor":23.0,"key":"SMITH"},{"data":"ShatteredReality","floor":23.0,"key":"SMITH"},{"floor":23.0,"key":"RECALL"},{"data":"ShatteredReality","floor":32.0,"key":"SMITH"},{"data":"FanOfKnives","floor":32.0,"key":"SMITH"},{"data":"GearUp","floor":32.0,"key":"SMITH"},{"data":"FanOfKnives+1","floor":32.0,"key":"PURGE"},{"floor":32.0,"key":"REST"},{"data":"BottledTime","floor":40.0,"key":"SMITH"},{"data":"SurpressingFire","floor":40.0,"key":"SMITH"},{"data":"Contraction","floor":40.0,"key":"SMITH"},{"floor":40.0,"key":"REST"},{"data":"ShatteredReality","floor":49,"key":"SMITH"},{"floor":49,"key":"REST"},{"data":"Starlight+1","floor":52,"key":"PURGE"},{"floor":52,"key":"REST"}],"circlet_count":0,"master_deck":["KidneyShot+1","Exchange+1","Shuttle+1","SurpressingFire+1","Dilation+1","Reset+1","Rewind+1","MurderousAura+1","Rearm+1","ShatteredReality+1","MoonPhase+1","ShatteredReality+1","GearUp+1","TheWorld+1","Ricochet+1","BottledTime+1","SurpressingFire+1","Contraction+1","ShatteredReality+1","SilverBlades+1","MostiFishMod:KingOfFree+1","Shuttle+1"],"relics":["Uniform","Peace Pipe","Ginger","Turnip","Unceasing Top","Omamori","Ice Cream","The Courier","Medical Kit","WingedGreaves","HandDrill","Frozen Eye","Blue Candle","BrkXgEgg","DaveBox","Jackal-EndForJourney","Happy Flower","Gensokyo:CelestialsFlawlessClothing","Enchiridion","Iron Hammer","DemoMod:MeltedRock","Letter Opener","Darkstone Periapt","infinitespire:FocusingShard","SacredBark","hubris:CuriousFeather","infinitespire:Beetle Shell","hubris:Towel","Pan","Shuriken","Replay:Bandana","Ornamental Fan","conspire:TopHat","DemoMod:GlassGuonStoneRelic","Fusion Hammer","conspire:TreasureMap","Broom","hubris:SlimyHat","ReplayTheSpireMod:Ring of Exchange","Ring of Peace","hubris:TerracottaHorce","Sundial","OrangePellets","PaperSwan","conspire:DeflatedDodgeball"],"acts_visited":["Gensokyo:Gensokyo","TheCity","TheBeyond","TheEnding"],"potions_floor_usage":[50,55,55],"damage_taken":[{"damage":4.0,"enemies":"Gensokyo:Python","floor":1.0,"turns":3.0},{"damage":8.0,"enemies":"Gensokyo:3_Fairies","floor":4.0,"turns":5.0},{"damage":0.0,"enemies":"Gensokyo:Mamizou","floor":7.0,"turns":8.0},{"damage":7.0,"enemies":"Gensokyo:Aya","floor":8.0,"turns":6.0},{"damage":0.0,"enemies":"Gensokyo:Gryphon","floor":11.0,"turns":2.0},{"damage":0.0,"enemies":"Gensokyo:Cirno","floor":12.0,"turns":4.0},{"damage":0.0,"enemies":"Gensokyo:VengefulSpirit","floor":13.0,"turns":4.0},{"damage":0.0,"enemies":"Gensokyo:Yukari","floor":16.0,"turns":12.0},{"damage":0.0,"enemies":"3 Byrds","floor":18.0,"turns":2.0},{"damage":0.0,"enemies":"Snake Plant","floor":22.0,"turns":1.0},{"damage":1.0,"enemies":"Cultist and Chosen","floor":24.0,"turns":5.0},{"damage":10.0,"enemies":"Centurion and Healer","floor":25.0,"turns":2.0},{"damage":0.0,"enemies":"Chosen and Byrds","floor":30.0,"turns":3.0},{"damage":0.0,"enemies":"Automaton","floor":33.0,"turns":5.0},{"damage":8.0,"enemies":"3 Shapes","floor":35.0,"turns":2.0},{"damage":0.0,"enemies":"Orb Walker","floor":39.0,"turns":2.0},{"damage":0.0,"enemies":"4 Shapes","floor":41.0,"turns":1.0},{"damage":0.0,"enemies":"Giant Head","floor":42.0,"turns":4.0},{"damage":0,"enemies":"bossMod:newShapes","floor":50,"turns":3},{"damage":0,"enemies":"Shield and Spear","floor":54,"turns":3},{"damage":10,"enemies":"The Heart","floor":55,"turns":5}],"seed_played":"-4435772154267906068","potions_obtained":[{"floor":1.0,"key":"PowerPotion"},{"floor":7.0,"key":"Elixir"},{"floor":13.0,"key":"BlessingOfTheForge"},{"floor":18.0,"key":"ColorlessPotion"},{"floor":22.0,"key":"SteroidPotion"},{"floor":35.0,"key":"FearPotion"},{"floor":41.0,"key":"Swift Potion"}],"is_trial":false,"path_per_floor":["M","?","?","M","?","R","E","E","T","T","M","E","M","?","R","B",null,"M","?","?","AVR","M","R","M","M","T","?","?","$","M","T","R","B",null,"M","$","?","?","M","R","M","E","T","?","?","?","AVR","T","R","B",null,"R","$","E","B",null],"character_chosen":"THE_SERVANT","items_purchased":["Pan","Shuriken","Replay:Bandana","Ornamental Fan","conspire:TreasureMap","Broom","BottledTime","SurpressingFire","OrangePellets","PaperSwan","MostiFishMod:KingOfFree+1"],"campfire_rested":6,"item_purchase_floors":[29,29,29,29,36,36,36,36,53,53,53],"current_hp_per_floor":[61,61,45,37,37,56,56,49,49,49,49,49,49,49,65,65,65,65,65,65,65,65,65,64,54,54,54,54,54,54,54,65,65,65,57,57,57,57,57,65,65,65,65,65,65,65,65,65,65,65,65,65,65,65,59],"gold":168,"neow_bonus":"UPGRADE_CARD","is_daily":false,"chose_seed":false,"campfire_upgraded":17,"win_rate":0.0,"timestamp":1612633046,"path_taken":["M","?","?","?","?","R","E","E","T","?","?","E","M","?","R","BOSS","M","?","?","AVR","M","R","?","M","T","?","?","$","?","?","R","BOSS","M","$","?","?","?","R","M","E","T","?","?","?","AVR","?","R","BOSS","R","$","E","BOSS"],"items_purchased_type":["Relic","Relic","Relic","Relic","Relic","Relic","Card","Card","Relic","Relic","Card"],"build_version":"2020-12-22","purchased_purges":0,"victory":true,"max_hp_per_floor":[65,65,65,65,65,65,65,65,65,65,65,65,65,65,65,65,65,65,65,65,65,65,65,65,65,65,65,65,65,65,65,65,65,65,65,65,65,65,65,65,65,65,65,65,65,65,65,65,65,65,65,65,65,65,65],"relic_stats":{"Darkstone Periapt":0,"Happy Flower":[32],"counters":[21,82],"Blue Candle":[0],"Ginger":[24],"Letter Opener":[333],"Medical Kit":[4],"Peace Pipe":9,"OrangePellets":[0],"Shuriken":[13],"Ornamental Fan":[52],"Sundial":[4],"Turnip":[7],"HandDrill":[14],"obtain_stats":[{"Ice Cream":0,"Darkstone Periapt":10,"ReplayTheSpireMod:Ring of Exchange":44,"DaveBox":0,"SacredBark":17,"Enchiridion":5,"DemoMod:GlassGuonStoneRelic":1,"Uniform":0,"Broom":36,"hubris:SlimyHat":42,"Ginger":0,"conspire:TopHat":31,"hubris:TerracottaHorce":47,"Frozen Eye":0,"Replay:Bandana":29,"Sundial":48,"Ring of Peace":44,"DemoMod:MeltedRock":8,"WingedGreaves":0,"Iron Hammer":7,"hubris:CuriousFeather":21,"Fusion Hammer":34,"HandDrill":0,"Jackal-EndForJourney":1,"conspire:TreasureMap":36,"Happy Flower":2,"Blue Candle":0,"The Courier":0,"BrkXgEgg":0,"infinitespire:FocusingShard":12,"infinitespire:Beetle Shell":26,"Omamori":0,"Letter Opener":9,"PaperSwan":53,"Gensokyo:CelestialsFlawlessClothing":3,"hubris:Towel":27,"Medical Kit":0,"Peace Pipe":0,"OrangePellets":53,"Shuriken":29,"Ornamental Fan":29,"Turnip":0,"Pan":29,"conspire:DeflatedDodgeball":54,"Unceasing Top":0},{"Ice Cream":0,"Darkstone Periapt":4,"ReplayTheSpireMod:Ring of Exchange":18,"DaveBox":0,"SacredBark":8,"Enchiridion":2,"DemoMod:GlassGuonStoneRelic":1,"Uniform":0,"Broom":15,"hubris:SlimyHat":18,"Ginger":0,"conspire:TopHat":13,"hubris:TerracottaHorce":18,"Frozen Eye":0,"Replay:Bandana":12,"Sundial":18,"Ring of Peace":18,"DemoMod:MeltedRock":4,"WingedGreaves":0,"Iron Hammer":3,"hubris:CuriousFeather":9,"Fusion Hammer":14,"HandDrill":0,"Jackal-EndForJourney":1,"conspire:TreasureMap":15,"Happy Flower":1,"Blue Candle":0,"The Courier":0,"BrkXgEgg":0,"infinitespire:FocusingShard":6,"infinitespire:Beetle Shell":12,"Omamori":0,"Letter Opener":4,"PaperSwan":19,"Gensokyo:CelestialsFlawlessClothing":1,"hubris:Towel":12,"Medical Kit":0,"Peace Pipe":0,"OrangePellets":19,"Shuriken":12,"Ornamental Fan":12,"Turnip":0,"Pan":12,"conspire:DeflatedDodgeball":20,"Unceasing Top":0},{"Ice Cream":0,"Darkstone Periapt":22,"ReplayTheSpireMod:Ring of Exchange":71,"DaveBox":0,"SacredBark":44,"Enchiridion":8,"DemoMod:GlassGuonStoneRelic":3,"Uniform":0,"Broom":64,"hubris:SlimyHat":71,"Ginger":0,"conspire:TopHat":57,"hubris:TerracottaHorce":71,"Frozen Eye":0,"Replay:Bandana":54,"Sundial":71,"Ring of Peace":71,"DemoMod:MeltedRock":22,"WingedGreaves":0,"Iron Hammer":16,"hubris:CuriousFeather":46,"Fusion Hammer":62,"HandDrill":0,"Jackal-EndForJourney":1,"conspire:TreasureMap":64,"Happy Flower":3,"Blue Candle":0,"The Courier":0,"BrkXgEgg":0,"infinitespire:FocusingShard":28,"infinitespire:Beetle Shell":54,"Omamori":0,"Letter Opener":22,"PaperSwan":74,"Gensokyo:CelestialsFlawlessClothing":3,"hubris:Towel":54,"Medical Kit":0,"Peace Pipe":0,"OrangePellets":74,"Shuriken":54,"Ornamental Fan":54,"Turnip":0,"Pan":54,"conspire:DeflatedDodgeball":77,"Unceasing Top":0}],"Unceasing Top":[101]},"card_choices":[{"not_picked":["FastForward","Moonlight"],"picked":"Shuttle","floor":1.0},{"not_picked":["Starlight","Revamp"],"picked":"SurpressingFire","floor":4.0},{"not_picked":["BottledTime","Unruled"],"picked":"Starlight","floor":7.0},{"not_picked":["Alleviate","DoubleEdge"],"picked":"Dilation+1","floor":8.0},{"not_picked":["Spin","Comet","Alleviate"],"picked":"SKIP","floor":11.0},{"not_picked":["FloweringNight+1","Rewind"],"picked":"Reset","floor":12.0},{"not_picked":["Comet","Barrier"],"picked":"Rewind","floor":13.0},{"not_picked":["Dilation+1","FloweringNight+1"],"picked":"MurderousAura+1","floor":16.0},{"not_picked":["ShiftingGears","DancingSilver+1"],"picked":"Rearm","floor":18.0},{"not_picked":["hubris:InfiniteBlow","infinitespire:NeuralNetwork"],"picked":"infinitespire:SealOfDarkness+","floor":19.0},{"not_picked":["Advance","ReturningBlade"],"picked":"Spin+1","floor":22.0},{"not_picked":["BottledTime","Replace"],"picked":"MoonPhase+1","floor":24.0},{"not_picked":["Desolation","Collapse+1"],"picked":"ShatteredReality","floor":25.0},{"not_picked":["Potential","Rewind"],"picked":"GearUp","floor":30.0},{"not_picked":["TrueSight+1","Embodiment+1"],"picked":"TheWorld+1","floor":33.0},{"not_picked":["Starlight+1","Potential+1"],"picked":"Ricochet+1","floor":35.0},{"not_picked":["GearUp","Spin"],"picked":"Contraction","floor":39.0},{"not_picked":["DoubleEdge+1","BottledTime+1"],"picked":"ShatteredReality","floor":41.0},{"not_picked":["Spin","Revamp+1"],"picked":"SilverBlades+1","floor":42.0},{"not_picked":["Hightail","ShatteredReality"],"picked":"Shuttle+1","floor":54}],"player_experience":341472,"relics_obtained":[{"floor":7.0,"key":"Iron Hammer"},{"floor":8.0,"key":"DemoMod:MeltedRock"},{"floor":9.0,"key":"Letter Opener"},{"floor":10.0,"key":"Darkstone Periapt"},{"floor":12.0,"key":"infinitespire:FocusingShard"},{"floor":26.0,"key":"infinitespire:Beetle Shell"},{"floor":31.0,"key":"conspire:TopHat"},{"floor":42.0,"key":"hubris:SlimyHat"},{"floor":44.0,"key":"ReplayTheSpireMod:Ring of Exchange"},{"floor":44.0,"key":"Ring of Peace"},{"floor":48,"key":"Sundial"},{"floor":54,"key":"conspire:DeflatedDodgeball"}],"event_choices":[{"damage_healed":0.0,"max_hp_gain":0.0,"max_hp_loss":0.0,"gold_gain":0.0,"event_name":"Match and Keep!","player_choice":"1 cards matched","floor":20.0,"gold_loss":0.0,"damage_taken":0.0,"cards_obtained":["ShatteredReality"]},{"damage_healed":0.0,"max_hp_gain":0.0,"max_hp_loss":0.0,"gold_gain":0.0,"cards_transformed":["Spin"],"event_name":"Transmorgrifier","player_choice":"Transformed","floor":28.0,"gold_loss":0.0,"damage_taken":0.0,"cards_obtained":["FanOfKnives"]},{"damage_healed":0.0,"max_hp_gain":0.0,"max_hp_loss":0.0,"gold_gain":0.0,"event_name":"OrinTheCat","player_choice":"Ignored","floor":37.0,"gold_loss":0.0,"damage_taken":0.0},{"cards_removed":["Defend_S"],"damage_healed":0.0,"max_hp_gain":0.0,"max_hp_loss":0.0,"gold_gain":0.0,"event_name":"Purifier","player_choice":"Purged","floor":38.0,"gold_loss":0.0,"damage_taken":0.0},{"damage_healed":0.0,"max_hp_gain":0.0,"max_hp_loss":0.0,"gold_gain":0.0,"event_name":"Tomb of Lord Red Mask","player_choice":"Ignored","floor":45.0,"gold_loss":0.0,"damage_taken":0.0}],"is_beta":false,"boss_relics":[{"not_picked":["EE1DDrone","Kintsugi"],"picked":"SacredBark"},{"not_picked":["infinitespire:Cupcake","Abe\u0027s Treasure"],"picked":"Fusion Hammer"}],"items_purged_floors":[],"is_endless":false,"potions_floor_spawned":[1,7,13,18,22,24,35,41,42],"ascension_level":8}}