{"host":"xxi53rn2ndafw16n","time":1612616223,"event":{"mods":["Act Like it!","BaseMod","Colored Map","Dota2Spire","Downfall","Gensokyo","Gold Saver","Marisa£®ÏF”Í°°ƒß¿Ì…≥£©","Minty Spire (QoL Compilation)","MostiFishMod","Reimu£®≤©¿ˆ¡È√Œ£©","Remilia£®¿Ÿ√◊¿Ú—«£©","Remove Card Discount Mod","Replay The Spire","RumiaBox-¬∂√◊Ê´µƒ…Ò√ÿ∫–◊”","StSLib","The Bug Knight","Waifu the Spire","WarShipGirlsR/’ΩΩ¢…Ÿ≈ÆR mod","Yakumo Yukari mod","Youmu£®ªÍ∆«—˝√Œ£©","°æπ¶ƒ‹Mod°øªÏ„Á÷Æª∑–ﬁ∏¥≤π∂°","°æ“≈ŒÔø®≈∆°øREMEMod","ÛÙª÷∏ƒœ"],"gold_per_floor":[111,121,131,306,319,63,98,111,111,111,125,160,112,127,127,225,225,239,249,260,260,260,293,309,181,181,199,214,140,156,190,190,287,287,301,312,324,324,129,164,92,147,147,4,17,30,61,77,77,77],"floor_reached":51,"language":"ZHS","playtime":4020,"items_purged":["Strike_B","Strike_B","Strike_B","Doubt","Strike_B","Defend_B","Defend_B","Sweeping Beam","Defend_B","Defend_B","REME_ProfessionalPlagiarism","Sweeping Beam","Go for the Eyes"],"score":937,"play_id":"b1df02d6-c17d-45e4-b49e-4b0087be800d","local_time":"20210206205703","is_ascension_mode":true,"campfire_choices":[{"floor":15,"key":"REST"},{"floor":32,"key":"REST"}],"circlet_count":0,"master_deck":["Zap","Dualcast","MostiFishMod:SephirahHod","Cold Snap","Capacitor","Reinforced Body","Cold Snap","Conserve Battery","Beam Cell","Redo","Cold Snap","Sunder","MostiFishMod:Prepare","ReplayTheSpireMod:Calculation Training","Hello World","MostiFishMod:StarOceanB","Coolheaded","Blizzard","Tempest+1","Ball Lightning","Storm","Electrodynamics","Heatsinks","MostiFishMod:StrandedSiren","Turbo","Static Discharge","Panache+1","Turbo+1","Capacitor","Self Repair+1","Seek","MostiFishMod:LinkProtocol+1","Rainbow"],"relics":["DaveBox","REME_ComplimentaryCards","MostiFishMod:Hod","Sozu","SynthV:TestCard","ZombieArmy","Dota2Spire:CrimsonGuard","Replay:Arrowhead","GodSword5","Gambling Chip","SacredBark","Geode","HollowMod:StagPassRelic","Potion Belt","ChewingGum","Replay:Towering Pillar of Hats","DianDianMeat","Bird Faced Urn","Runic Capacitor","Dota2Spire:ArcaneBoots"],"acts_visited":["Exordium","TheCity","TheBeyond"],"potions_floor_usage":[],"damage_taken":[{"damage":0,"enemies":"Cultist","floor":1,"turns":3},{"damage":3,"enemies":"Jaw Worm","floor":2,"turns":2},{"damage":0,"enemies":"2 Louse","floor":3,"turns":2},{"damage":0,"enemies":"Red Slaver","floor":5,"turns":3},{"damage":12,"enemies":"3 Sentries","floor":7,"turns":7},{"damage":0,"enemies":"Exordium Thugs","floor":8,"turns":4},{"damage":0,"enemies":"Looter","floor":11,"turns":2},{"damage":17,"enemies":"Replay:BlueRogue","floor":12,"turns":4},{"damage":0,"enemies":"2 Fungi Beasts","floor":14,"turns":1},{"damage":10,"enemies":"Hexaghost","floor":16,"turns":8},{"damage":0,"enemies":"Chosen","floor":18,"turns":3},{"damage":0,"enemies":"Spheric Guardian","floor":19,"turns":4},{"damage":10,"enemies":"Centurion and Healer","floor":20,"turns":4},{"damage":23,"enemies":"Slavers","floor":23,"turns":6},{"damage":7,"enemies":"Shelled Parasite and Fungi","floor":24,"turns":4},{"damage":0,"enemies":"Snecko","floor":27,"turns":3},{"damage":0,"enemies":"Centurion and Healer","floor":28,"turns":4},{"damage":6,"enemies":"Shelled Parasite and Fungi","floor":30,"turns":3},{"damage":4,"enemies":"Gremlin Leader","floor":31,"turns":3},{"damage":17,"enemies":"Collector","floor":33,"turns":4},{"damage":6,"enemies":"Orb Walker","floor":35,"turns":3},{"damage":0,"enemies":"3 Darklings","floor":36,"turns":2},{"damage":6,"enemies":"Maw","floor":37,"turns":5},{"damage":0,"enemies":"R_Hoarder","floor":40,"turns":3},{"damage":7,"enemies":"2 Orb Walkers","floor":42,"turns":2},{"damage":9,"enemies":"Sphere and 2 Shapes","floor":45,"turns":2},{"damage":23,"enemies":"Spire Growth","floor":46,"turns":3},{"damage":4,"enemies":"Nemesis","floor":47,"turns":3},{"damage":0,"enemies":"Sphere and 2 Shapes","floor":48,"turns":1},{"damage":0,"enemies":"Awakened One","floor":50,"turns":4}],"seed_played":"-4043927962018853132","potions_obtained":[],"is_trial":false,"path_per_floor":["M","M","M","?","M","R","E","M","T","?","M","E","R","M","R","B",null,"M","M","M","?","?","E","M","R","T","M","M","R","M","E","R","B",null,"M","M","M","?","$","E","R","?","T","$","M","M","E","M","R","B",null],"character_chosen":"DEFECT","items_purchased":["ZombieArmy","Cold Snap","Conserve Battery","Cold Snap","Coolheaded","Blizzard","Storm","Panache","Capacitor","Runic Capacitor"],"campfire_rested":2,"item_purchase_floors":[6,6,6,13,25,25,29,39,41,44],"current_hp_per_floor":[75,72,72,72,72,72,60,60,60,60,60,43,43,43,70,60,75,75,75,65,65,56,33,26,26,26,26,26,26,20,16,43,26,75,69,69,63,63,63,63,63,57,57,57,58,66,85,85,85,85],"gold":77,"neow_bonus":"BOSS_RELIC","is_daily":false,"chose_seed":false,"campfire_upgraded":0,"win_rate":0.0,"timestamp":1612616223,"path_taken":["M","M","?","?","M","R","E","M","T","?","M","E","R","?","R","BOSS","M","M","M","?","?","E","M","R","T","M","M","R","M","E","R","BOSS","M","M","M","?","$","E","R","?","T","?","M","?","E","M","R","BOSS"],"items_purchased_type":["Relic","Card","Card","Card","Card","Card","Card","Card","Card","Relic"],"build_version":"2020-12-22","purchased_purges":13,"victory":true,"max_hp_per_floor":[75,75,75,75,75,75,75,75,75,75,75,75,75,75,75,75,75,75,75,75,75,75,75,75,75,75,75,75,75,75,75,75,75,75,75,75,75,75,75,75,75,76,76,76,78,81,85,85,85,85],"card_choices":[{"not_picked":["Beam Cell","Compile Driver"],"picked":"Cold Snap","floor":1},{"not_picked":["Panic Button","Compile Driver","Turbo","MostiFishMod:PushDownKick"],"picked":"Capacitor","floor":2},{"not_picked":["Crystallizer","Barrage","Capacitor","Gash"],"picked":"Reinforced Body","floor":3},{"not_picked":["Rip and Tear","Stack","Core Surge","Panic Button"],"picked":"Go for the Eyes","floor":5},{"not_picked":["MostiFishMod:FluxCapactior","MostiFishMod:PushDownKick","Aggregate","REME_ForAll"],"picked":"Sweeping Beam","floor":7},{"not_picked":["Gash","Hologram","MostiFishMod:PushDownKick","Conserve Battery"],"picked":"Beam Cell","floor":8},{"not_picked":["Conserve Battery","Steam","Go for the Eyes","ReplayTheSpireMod:GoodbyeWorld"],"picked":"Redo","floor":11},{"not_picked":["FIFO Queue","Conserve Battery","Go for the Eyes","Reinforced Body","MostiFishMod:FluxCapactior"],"picked":"SKIP","floor":12},{"not_picked":["Genetic Algorithm","Fusion","Reprogram","Turbo"],"picked":"Sunder","floor":14},{"not_picked":["MostiFishMod:Culaccino","Core Surge","MostiFishMod:IntelligentEquipment","Fission"],"picked":"MostiFishMod:Prepare","floor":16},{"not_picked":["Rebound","Panic Button","Leap","MostiFishMod:PushDownKick"],"picked":"Sweeping Beam","floor":18},{"not_picked":["Self Repair","FIFO Queue","Rebound+1","MostiFishMod:FluxCapactior+1"],"picked":"ReplayTheSpireMod:Calculation Training","floor":19},{"not_picked":["Rebound","Cold Snap","Hologram","Gash"],"picked":"Hello World","floor":20},{"not_picked":["Coolheaded","Force Field+1","Turbo","BasicCrystalCard"],"picked":"MostiFishMod:StarOceanB","floor":23},{"not_picked":["Beam Cell","Auto Shields","ReplaySort+1","Compile Driver+1","Rebound"],"picked":"SKIP","floor":24},{"not_picked":["Turbo","Gash","Melter+1","BasicCrystalCard"],"picked":"Tempest+1","floor":27},{"not_picked":["Sweeping Beam","BasicCrystalCard+1","Turbo","Glacier"],"picked":"Ball Lightning","floor":28},{"not_picked":["Cold Snap","MostiFishMod:PushDownKick","Leap","Blizzard"],"picked":"Electrodynamics","floor":30},{"not_picked":["ReplayTheSpireMod:Repulse+1","BasicCrystalCard","REME_Compress+1","Gash"],"picked":"Heatsinks","floor":31},{"not_picked":["All For One","Buffer","Hyperbeam","Reboot"],"picked":"MostiFishMod:StrandedSiren","floor":33},{"not_picked":["ReplayTheSpireMod:System Scan+1","Stack+1","Rebound+1","Coolheaded+1"],"picked":"Turbo","floor":35},{"not_picked":["Rip and Tear","Crystallizer+1","Ball Lightning","Hologram+1"],"picked":"Static Discharge","floor":36},{"not_picked":["Hello World+1","Ball Lightning","ReplayTheSpireMod:GoodbyeWorld+1","Redo+1","Sweeping Beam+1"],"picked":"SKIP","floor":37},{"not_picked":["Reinforced Body+1","Redo","Conserve Battery","Chill"],"picked":"Turbo+1","floor":40},{"not_picked":["Time Bomb","Panic Button+1","Rebound","Coolheaded+1"],"picked":"Self Repair+1","floor":42},{"not_picked":["Streamline+1","Cold Snap","Darkness+1","Barrage"],"picked":"Seek","floor":45},{"not_picked":["Hologram","Reprogram","Beam Cell","Go for the Eyes"],"picked":"MostiFishMod:LinkProtocol+1","floor":46},{"not_picked":["Chill","MostiFishMod:PushDownKick+1","Go for the Eyes+1","Reinforced Body+1"],"picked":"Rainbow","floor":47},{"not_picked":["Ball Lightning","Compile Driver","Gash","Redo","Lockon+1"],"picked":"SKIP","floor":48}],"player_experience":181631,"relics_obtained":[{"floor":1,"key":"SynthV:TestCard"},{"floor":7,"key":"Dota2Spire:CrimsonGuard"},{"floor":9,"key":"Replay:Arrowhead"},{"floor":10,"key":"GodSword5"},{"floor":12,"key":"Gambling Chip"},{"floor":23,"key":"Geode"},{"floor":26,"key":"HollowMod:StagPassRelic"},{"floor":31,"key":"Potion Belt"},{"floor":40,"key":"Replay:Towering Pillar of Hats"},{"floor":42,"key":"DianDianMeat"},{"floor":43,"key":"Bird Faced Urn"},{"floor":47,"key":"Dota2Spire:ArcaneBoots"}],"event_choices":[{"damage_healed":0,"gold_gain":175,"player_choice":"AGREE","damage_taken":0,"max_hp_gain":0,"max_hp_loss":0,"event_name":"Liars Game","floor":4,"gold_loss":0,"cards_obtained":["Doubt"]},{"damage_healed":0,"gold_gain":0,"player_choice":"Relic","damage_taken":0,"max_hp_gain":0,"max_hp_loss":0,"event_name":"Wheel of Change","floor":10,"gold_loss":0},{"damage_healed":0,"gold_gain":0,"player_choice":"Ignored","damage_taken":0,"max_hp_gain":0,"max_hp_loss":0,"event_name":"Vampires","floor":21,"gold_loss":0},{"damage_healed":0,"gold_gain":0,"player_choice":"Stopped","damage_taken":9,"max_hp_gain":0,"max_hp_loss":0,"event_name":"Cursed Tome","floor":22,"gold_loss":0},{"damage_healed":0,"gold_gain":0,"player_choice":"Ignored","damage_taken":0,"max_hp_gain":0,"max_hp_loss":0,"event_name":"Tomb of Lord Red Mask","floor":38,"gold_loss":0},{"damage_healed":0,"gold_gain":0,"player_choice":"Fight","damage_taken":0,"max_hp_gain":0,"max_hp_loss":0,"event_name":"Mysterious Sphere","floor":42,"gold_loss":0}],"is_beta":false,"boss_relics":[{"not_picked":["FixedStarFall","Runic Dome"],"picked":"SacredBark"},{"not_picked":["HereWithMe","BloodWine"],"picked":"ChewingGum"}],"items_purged_floors":[6,6,6,6,25,25,25,25,39,39,39,39,39],"is_endless":false,"potions_floor_spawned":[1,7,8,14,20,23,24,27,31,33,36,37,45,46],"ascension_level":3}}