{"host":"2i1rjl87isetstuj","time":1612627309,"event":{"mods":["BaseMod","Better Vampires","Challenge The Spire","Downfall","Marked Mod","Minty Spire (QoL Compilation)","Quick Restart","Shop Mod","StSLib","Waifu the Spire","óô»ðÖ¸ÄÏ"],"gold_per_floor":[99,112,130,150,150,50,103,12187,12199,11348,10181,10193,9133,9233,9249,9345,9345,8396,8416,8035,8035,8035,8073,8152,7648,7648,7648,7515,7004,6571,6671,6689,6792,6792,6396,6033,6046,6046,6066,5661,5684,5248,5260,5301,5317,5327,5051,5077,5091,5091,5091,5119,4875,4520,4520,4520],"floor_reached":57,"language":"ZHS","playtime":4567,"items_purged":["hexamod:Strike","hexamod:Strike","hexamod:Strike","hexamod:Strike","downfall:Haunted","Decay","Decay","Regret","Doubt","hexamod:Defend","hexamod:Defend+1","downfall:Bewildered"],"score":1443,"play_id":"ee68bd3c-de9d-4cb7-b1d4-54af2e52a508","local_time":"20210207000149","is_ascension_mode":false,"campfire_choices":[{"floor":1.0,"key":"RECALL"},{"data":"hexamod:SpectersWail","floor":6.0,"key":"SMITH"}],"circlet_count":0,"master_deck":["hexamod:Sear+1","hexamod:Float","hexamod:SpectersWail+1","hexamod:Hexaguard+1","hexamod:StepThrough+1","hexamod:InspiringFlames+1","hexamod:ForkedFlame","Flash of Steel+1","hexamod:ExtraCrispy","hexamod:DynamicBlow","hexamod:Again+1","hexamod:ThermalTransfer+1","expansioncontent:PrepareCrush+1","hexamod:BurningTouch","hexamod:WildfireWeapon+1","expansioncontent:StudyTheSpire","hexamod:Again","hexamod:SkipABeat","Apotheosis+1","hexamod:GhostOfSpireFuture","Finesse+1","hexamod:UnleashSpirits+1","hexamod:EmpoweredFlame+1","hexamod:UnlimitedPower+1","hexamod:EmpoweredFlame","hexamod:PhantomFireball","hexamod:AdvancingGuard+1","hexamod:RainOfEmbers","hexamod:NightmareGuise+1","hexamod:GhostflameInferno","hexamod:PhantomFireball+1","hexamod:HeatMetal+1","hexamod:FastForward+1","hexamod:Incineration+1","hexamod:SixthSeal","hexamod:StepThrough+1","hexamod:SixthSeal","hexamod:VolcanoVisage+1","hexamod:Firestarter+1","hexamod:PhantomFireball+1","hexamod:GhostflameInferno","hexamod:HauntingEcho+1","hexamod:AdvancingGuard","hexamod:GhostOfSpirePast","hexamod:Rewind","hexamod:TurnItUp+1","hexamod:ChargedBarrage+1","hexamod:TimeOfNeed+1","hexamod:HexaLevel","hexamod:AdvancingGuard+1","hexamod:HeatCrush+1","hexamod:CatchUp+1","hexamod:EmpoweredFlame","hexamod:Firestarter+1","hexamod:FastForward+1","hexamod:RadiantFlame+1","hexamod:FastForward+1","hexamod:UnlimitedPower+1","hexamod:StepThrough+1","hexamod:GhostOfSpirePresent","hexamod:StepThrough+1","hexamod:HexaLevel","hexamod:HeatShield+1"],"relics":["hexamod:UnbrokenSoul","downfall:HeartBlessingRed","Strange Spoon","Ornamental Fan","Bronze Scales","hexamod:MatchstickCase","ClockworkSouvenir","downfall:HeartBlessingBlue","Matryoshka","Bag of Preparation","Lee\u0027s Waffle","Vajra","TheAbacus","InkBottle","Du-Vu Doll","Torii","Pear","Membership Card","Frozen Eye","Bag of Marbles","Art of War","downfall:RedIOU","Anchor","MealTicket","Eternal Feather","downfall:HeartBlessingGreen","PreservedInsect","Molten Egg 2","Cauldron","Bottled Tornado","DollysMirror","Strawberry","Meat on the Bone","hexamod:InflammatoryLetter","Medical Kit","Regal Pillow","Oddly Smooth Stone","HandDrill","MutagenicStrength","Cursed Key","Whetstone","Happy Flower","Orrery","Pen Nib","Mercury Hourglass","Blue Candle","Mummified Hand","CaptainsWheel","HornCleat","Akabeko","White Beast Statue","Toxic Egg 2","Singing Bowl","Smiling Mask","hexamod:TheBrokenSeal","War Paint","Lantern","Darkstone Periapt","Orichalcum","Sundial","Mango","Boot","Toy Ornithopter","Nunchaku","Bottled Lightning","StoneCalendar"],"acts_visited":["Exordium","TheCity","TheBeyond","TheEnding"],"potions_floor_usage":[33],"damage_taken":[{"damage":6.0,"enemies":"Cultist","floor":2.0,"turns":3.0},{"damage":1.0,"enemies":"Jaw Worm","floor":3.0,"turns":3.0},{"damage":0.0,"enemies":"Small Slimes","floor":4.0,"turns":4.0},{"damage":0.0,"enemies":"downfall:FleeingMerchant","floor":8.0,"turns":4.0},{"damage":0.0,"enemies":"3 Louse","floor":9.0,"turns":2.0},{"damage":0.0,"enemies":"downfall:FleeingMerchant","floor":10.0,"turns":4.0},{"damage":4.0,"enemies":"Blue Slaver","floor":12.0,"turns":3.0},{"damage":10.0,"enemies":"downfall:FleeingMerchant","floor":13.0,"turns":4.0},{"damage":2.0,"enemies":"2 Fungi Beasts","floor":15.0,"turns":4.0},{"damage":16.0,"enemies":"SI_SHIV_ARCHETYPE","floor":16.0,"turns":6.0},{"damage":27.0,"enemies":"Chosen","floor":19.0,"turns":5.0},{"damage":5.0,"enemies":"downfall:FleeingMerchant","floor":20.0,"turns":4.0},{"damage":47.0,"enemies":"Slavers","floor":23.0,"turns":5.0},{"damage":30,"enemies":"downfall:FleeingMerchant","floor":28,"turns":3},{"damage":27,"enemies":"downfall:Augmenter","floor":31,"turns":5},{"damage":10,"enemies":"Shell Parasite","floor":32,"turns":3},{"damage":43,"enemies":"WA_ARCHETYPE_CALM","floor":33,"turns":8},{"damage":1,"enemies":"3 Darklings","floor":37,"turns":3},{"damage":0,"enemies":"Orb Walker","floor":39,"turns":3},{"damage":12,"enemies":"Jaw Worm Horde","floor":43,"turns":4},{"damage":25,"enemies":"Nemesis","floor":44,"turns":9},{"damage":0,"enemies":"Spire Growth","floor":45,"turns":3},{"damage":0,"enemies":"4 Shapes","floor":46,"turns":4},{"damage":0,"enemies":"Giant Head","floor":48,"turns":3},{"damage":1,"enemies":"Maw","floor":49,"turns":3},{"damage":0,"enemies":"IC_BLOCK_ARCHETYPE","floor":50,"turns":4},{"damage":5,"enemies":"downfall:CharBossMerchant","floor":52,"turns":5},{"damage":22,"enemies":"downfall:NeowBoss","floor":55,"turns":9},{"damage":19,"enemies":"downfall:NeowBossFinal","floor":56,"turns":5}],"seed_played":"1514392832421895016","potions_obtained":[{"floor":3.0,"key":"AttackPotion"},{"floor":4.0,"key":"Energy Potion"},{"floor":9.0,"key":"Block Potion"},{"floor":12.0,"key":"Regen Potion"},{"floor":15.0,"key":"DuplicationPotion"},{"floor":23.0,"key":"Dexterity Potion"},{"floor":33,"key":"Explosive Potion"}],"is_trial":false,"path_per_floor":["R","M","M","M","?","R","T","$","M","$","R","M","$","?","M","B",null,"R","M","$","?","?","E","T","R","?","?","$","$","R","?","M","B",null,"R","$","M","?","M","$","T","R","M","E","M","M","$","E","M","B",null,"E","$","R","B","B",null],"character_chosen":"THE_SPIRIT","items_purchased":["Strange Spoon","Ornamental Fan","Bronze Scales","hexamod:ForkedFlame","Flash of Steel","hexamod:ExtraCrispy","hexamod:FifthSeal","hexamod:MatchstickCase","Potion Belt","ClockworkSouvenir","hexamod:ThermalTransfer","expansioncontent:PrepareCrush","Matryoshka","Bag of Preparation","Lee\u0027s Waffle","hexamod:BurningTouch","hexamod:WildfireWeapon","expansioncontent:StudyTheSpire","Vajra","TheAbacus","InkBottle","Apotheosis","hexamod:GhostOfSpireFuture","Finesse","hexamod:EmpoweredFlame","hexamod:PhantomFireball","Torii","Pear","Membership Card","Frozen Eye","Bag of Marbles","Art of War","hexamod:PhantomFireball","PreservedInsect","Molten Egg 2","hexamod:FastForward","Cauldron","hexamod:VolcanoVisage","hexamod:Firestarter+1","hexamod:PhantomFireball+1","Bottled Tornado","DollysMirror","Strawberry","Meat on the Bone","hexamod:InflammatoryLetter","Medical Kit","hexamod:HauntingEcho+1","hexamod:AdvancingGuard","Regal Pillow","Oddly Smooth Stone","HandDrill","hexamod:GhostOfSpirePast","hexamod:Rewind","Whetstone","Happy Flower","Orrery","Pen Nib","hexamod:EmpoweredFlame","Mercury Hourglass","Blue Candle","Mummified Hand","CaptainsWheel","HornCleat","Toxic Egg 2","Singing Bowl","Smiling Mask","hexamod:RadiantFlame","hexamod:FastForward+1","Lantern","Darkstone Periapt","Orichalcum","Boot","Toy Ornithopter","hexamod:HexaLevel","hexamod:HeatShield+1","Nunchaku","Bottled Lightning","StoneCalendar"],"campfire_rested":0,"item_purchase_floors":[8,8,8,8,8,8,10,10,10,10,10,10,11,11,11,11,11,11,13,13,13,13,13,13,18,18,18,18,18,20,20,20,20,25,25,25,25,28,28,28,28,28,28,29,29,29,29,29,30,30,30,30,30,35,35,35,36,36,36,36,40,40,40,42,42,42,42,42,47,47,47,53,53,53,53,54,54,54],"current_hp_per_floor":[77,71,70,70,70,70,70,70,70,70,94,90,80,85,83,67,99,109,82,77,55,55,17,17,41,41,41,33,48,78,63,65,34,121,121,121,121,121,121,121,121,121,109,135,137,137,137,137,136,136,137,148,153,153,131,112],"gold":4520,"neow_bonus":"TEN_PERCENT_HP_BONUS","is_daily":false,"chose_seed":false,"campfire_upgraded":1,"win_rate":0.0,"timestamp":1612627309,"path_taken":["R","M","M","M","?","R","T","?","?","$","R","M","$","?","M","BOSS","R","M","$","?","?","E","T","R","?","?","?","$","R","?","M","BOSS","R","$","M","?","M","$","T","R","M","E","M","M","$","E","M","BOSS","E","$","R","BOSS","BOSS"],"items_purchased_type":["Relic","Relic","Relic","Card","Card","Card","Card","Relic","Relic","Relic","Card","Card","Relic","Relic","Relic","Card","Card","Card","Relic","Relic","Relic","Card","Card","Card","Card","Card","Relic","Relic","Relic","Relic","Relic","Relic","Card","Relic","Relic","Card","Relic","Card","Card","Card","Relic","Relic","Relic","Relic","Relic","Relic","Card","Card","Relic","Relic","Relic","Card","Card","Relic","Relic","Relic","Relic","Card","Relic","Relic","Relic","Relic","Relic","Relic","Relic","Relic","Card","Card","Relic","Relic","Relic","Relic","Relic","Card","Card","Relic","Relic","Relic"],"build_version":"2020-12-22","purchased_purges":12,"victory":true,"max_hp_per_floor":[77,77,77,77,77,77,77,77,77,77,94,94,94,99,99,99,99,109,109,109,114,114,114,114,114,114,114,121,121,121,121,121,121,121,121,121,121,121,121,121,121,121,121,135,137,137,137,137,137,137,137,153,153,153,153,153],"card_choices":[{"not_picked":["hexamod:NightmareStrike","hexamod:GhostOfSpirePast"],"picked":"hexamod:SpectersWail","floor":2.0},{"not_picked":["hexamod:InspiringFlames","hexamod:RetreatToShadows"],"picked":"hexamod:Hexaguard","floor":3.0},{"not_picked":["hexamod:CatchUp","hexamod:BacktrackSmack"],"picked":"hexamod:StepThrough","floor":4.0},{"not_picked":["hexamod:ShieldOfDarkness","hexamod:PhantomCloak"],"picked":"hexamod:InspiringFlames","floor":8.0},{"not_picked":["hexamod:AdvancingGuard","hexamod:SwordOfDarkness"],"picked":"hexamod:DynamicBlow","floor":9.0},{"not_picked":["hexamod:Hexaguard","hexamod:ExtraCrispy"],"picked":"hexamod:Again","floor":10.0},{"not_picked":["hexamod:GhostShield","hexamod:SwordOfDarkness"],"picked":"hexamod:Again","floor":12.0},{"not_picked":["hexamod:FifthSeal","hexamod:BacktrackSmack"],"picked":"hexamod:SkipABeat","floor":13.0},{"not_picked":["hexamod:ThirdSeal","hexamod:SecondSeal"],"picked":"hexamod:SixthSeal","floor":15.0},{"not_picked":["hexamod:ThermalTransfer","hexamod:Firestarter"],"picked":"hexamod:EmpoweredFlame","floor":15.0},{"not_picked":["hexamod:SixthSeal","hexamod:FirstSeal"],"picked":"hexamod:ThirdSeal","floor":16.0},{"not_picked":["hexamod:SearingWound","hexamod:ForkedFlame"],"picked":"hexamod:UnlimitedPower","floor":16.0},{"not_picked":["hexamod:ThirdSeal","hexamod:ThermalTransfer+1"],"picked":"hexamod:AdvancingGuard+1","floor":19.0},{"not_picked":["hexamod:GhostShield","hexamod:EtherealExpedition"],"picked":"hexamod:RainOfEmbers","floor":19.0},{"not_picked":["hexamod:SixthSeal","hexamod:FourthSeal"],"picked":"hexamod:SecondSeal","floor":20.0},{"not_picked":["hexamod:RetreatToShadows","hexamod:AdvancingGuard+1"],"picked":"hexamod:NightmareGuise+1","floor":20.0},{"not_picked":["hexamod:GhostOfSpirePast","hexamod:SoulSteal+1"],"picked":"hexamod:GhostflameInferno","floor":20.0},{"not_picked":["hexamod:BurningTouch","hexamod:WildfireWeapon"],"picked":"hexamod:HeatMetal","floor":23.0},{"not_picked":["hexamod:SecondSeal","hexamod:ThirdSeal"],"picked":"hexamod:SixthSeal","floor":28},{"not_picked":["hexamod:Incineration+1","hexamod:DynamicBlow+1"],"picked":"hexamod:StepThrough+1","floor":28},{"not_picked":["hexamod:GhostShield","hexamod:ShieldOfDarkness+1"],"picked":"hexamod:SixthSeal","floor":28},{"not_picked":["hexamod:HeatMetal+1","hexamod:Hexaguard"],"picked":"hexamod:ChargedBarrage","floor":31},{"not_picked":["hexamod:SwordOfDarkness+1","hexamod:InspiringFlames","hexamod:SkipABeat"],"picked":"SKIP","floor":32},{"not_picked":["hexamod:ThirdSeal","hexamod:SecondSeal"],"picked":"hexamod:FirstSeal","floor":33},{"not_picked":["hexamod:GhostflameInferno","hexamod:ForkedFlame+1"],"picked":"hexamod:TimeOfNeed","floor":33},{"not_picked":["hexamod:TurnItUp","hexamod:TimeOfNeed"],"picked":"hexamod:HexaLevel","floor":33},{"not_picked":["hexamod:EtherealExpedition","hexamod:HeatCrush+1"],"picked":"hexamod:AdvancingGuard+1","floor":35},{"not_picked":["hexamod:PhantomFireball+1","hexamod:Again+1"],"picked":"hexamod:HeatCrush+1","floor":35},{"not_picked":["hexamod:GhostShield","hexamod:GhostOfSpireFuture"],"picked":"hexamod:CatchUp+1","floor":35},{"not_picked":["hexamod:Haunt","hexamod:BacktrackSmack+1","hexamod:NightmareGuise"],"picked":"SKIP","floor":37},{"not_picked":["hexamod:StepThrough+1","hexamod:NightmareStrike+1"],"picked":"hexamod:Firestarter+1","floor":39},{"not_picked":["hexamod:InspiringFlames","hexamod:GhostLash+1"],"picked":"hexamod:FastForward+1","floor":39},{"not_picked":["hexamod:FirstSeal","hexamod:SixthSeal"],"picked":"hexamod:FourthSeal","floor":43},{"not_picked":["hexamod:HauntingEcho+1","hexamod:SpectralAdrenaline+1"],"picked":"hexamod:UnlimitedPower+1","floor":43},{"not_picked":["hexamod:ThirdSeal","hexamod:SecondSeal","hexamod:FirstSeal"],"picked":"Singing Bowl","floor":44},{"not_picked":["hexamod:SpectralAdrenaline+1","hexamod:BurningTouch+1","hexamod:FirstSeal"],"picked":"Singing Bowl","floor":44},{"not_picked":["hexamod:HauntingEcho+1","hexamod:NightmareGuise+1","hexamod:Firestarter+1"],"picked":"Singing Bowl","floor":45},{"not_picked":["hexamod:AdvancingGuard+1","hexamod:Again+1"],"picked":"hexamod:StepThrough+1","floor":46},{"not_picked":["hexamod:EmpoweredFlame+1","hexamod:SpectersWail+1"],"picked":"hexamod:GhostOfSpirePresent","floor":48},{"not_picked":["hexamod:NightmareStrike+1","hexamod:ThermalTransfer+1"],"picked":"hexamod:StepThrough+1","floor":49},{"not_picked":["hexamod:ExtraCrispy","hexamod:ShieldOfDarkness+1","hexamod:HeatMetal+1"],"picked":"Singing Bowl","floor":52}],"player_experience":140888,"relics_obtained":[{"floor":23.0,"key":"Anchor"},{"floor":24.0,"key":"MealTicket"},{"floor":24.0,"key":"Eternal Feather"},{"floor":31,"key":"MutagenicStrength"},{"floor":41,"key":"Akabeko"},{"floor":41,"key":"White Beast Statue"},{"floor":44,"key":"War Paint"},{"floor":48,"key":"Sundial"},{"floor":52,"key":"Mango"}],"event_choices":[{"damage_healed":0,"gold_gain":0,"player_choice":"Read","damage_taken":0,"max_hp_gain":0,"max_hp_loss":0,"event_name":"The Library","floor":26,"gold_loss":0,"cards_obtained":["hexamod:Incineration"]}],"is_beta":false,"boss_relics":[{"not_picked":["Calling Bell","Velvet Choker"],"picked":"hexamod:UnbrokenSoul"},{"not_picked":["Empty Cage","bronze:MakeshiftBattery"],"picked":"Cursed Key"}],"items_purged_floors":[8,10,11,13,18,20,25,28,29,30,35,42],"is_endless":false,"potions_floor_spawned":[3,4,9,12,15,23,32,33,39,43,44,45,46,48,49,52],"ascension_level":0}}