{"host":"rmt60uil2jppa14k","time":1612653690,"event":{"mods":["AchievementEnabler","BaseMod","Better Third Choice","Colored Powertips","Highlight Path","Minty Spire (QoL Compilation)","Quick Restart","Rare Cards Sparkle","Shop Mod","StSLib"],"gold_per_floor":[109,109,109,123,138,138,158,47,129,143,162,162,71,101,101,202,202,222,72,84,84,100,100,100,110,134,134,134,134,134,134],"floor_reached":30,"language":"ENG","playtime":1644,"items_purged":[],"score":220,"play_id":"2b1dd474-05d2-4aa3-8d33-517ccb9466d7","local_time":"20210206232130","is_ascension_mode":false,"campfire_choices":[{"data":"Redo","floor":6,"key":"SMITH"},{"floor":15,"key":"REST"},{"floor":23,"key":"REST"},{"floor":27,"key":"REST"}],"circlet_count":0,"master_deck":["Strike_B","Strike_B","Strike_B","Strike_B","Defend_B","Defend_B","Defend_B","Defend_B","Zap","Dualcast","Conserve Battery","Redo+1","Stack","BootSequence","Turbo","Loop","Melter","Cold Snap","Go for the Eyes","Self Repair","Sweeping Beam","Thunder Strike","Hologram","FTL","Capacitor","Aggregate+1","Hologram+1"],"relics":["Cracked Core","Cables","Busted Crown","Toy Ornithopter"],"acts_visited":["Exordium","TheCity"],"potions_floor_usage":[4,7,10,11,12,16,16,16,20],"damage_taken":[{"damage":2,"enemies":"2 Louse","floor":1,"turns":3},{"damage":0,"enemies":"Small Slimes","floor":4,"turns":2},{"damage":4,"enemies":"Cultist","floor":5,"turns":4},{"damage":0,"enemies":"Looter","floor":7,"turns":2},{"damage":7,"enemies":"Exordium Thugs","floor":10,"turns":4},{"damage":0,"enemies":"Blue Slaver","floor":11,"turns":2},{"damage":18,"enemies":"The Guardian","floor":16,"turns":13},{"damage":13,"enemies":"Spheric Guardian","floor":18,"turns":4},{"damage":6,"enemies":"Shell Parasite","floor":20,"turns":5},{"damage":41,"enemies":"Cultist and Chosen","floor":22,"turns":10},{"damage":63,"enemies":"Centurion and Healer","floor":25,"turns":13},{"damage":36,"enemies":"Snake Plant","floor":30,"turns":5}],"seed_played":"3247109134971815543","potions_obtained":[{"floor":3,"key":"ColorlessPotion"},{"floor":3,"key":"CultistPotion"},{"floor":3,"key":"EntropicBrew"},{"floor":5,"key":"Dexterity Potion"},{"floor":7,"key":"Explosive Potion"},{"floor":16,"key":"SpeedPotion"},{"floor":18,"key":"EssenceOfSteel"},{"floor":25,"key":"Dexterity Potion"}],"is_trial":false,"path_per_floor":["M","?","?","M","M","R","M","$","T","M","M","?","$","?","R","B",null,"M","$","M","?","M","R","?","M","T","R","$","?","M"],"character_chosen":"DEFECT","items_purchased":["Loop","Melter","Self Repair","Sweeping Beam","FTL","Capacitor"],"campfire_rested":3,"item_purchase_floors":[8,8,13,13,19,19],"current_hp_per_floor":[73,73,73,73,69,69,69,69,69,62,62,67,67,67,80,62,80,74,74,75,75,41,65,65,9,9,33,33,33,0,0],"gold":134,"neow_bonus":"THREE_CARDS","is_daily":false,"chose_seed":false,"campfire_upgraded":1,"win_rate":0.0,"timestamp":1612653690,"path_taken":["M","?","?","M","M","R","M","$","T","M","?","?","?","?","R","BOSS","M","$","M","?","M","R","?","M","T","R","?","?","M"],"items_purchased_type":["Card","Card","Card","Card","Card","Card"],"build_version":"2020-12-22","purchased_purges":0,"victory":false,"max_hp_per_floor":[75,75,75,75,75,75,75,75,75,75,75,80,80,80,80,80,80,80,80,80,80,80,80,80,80,80,80,80,80,80,80],"card_choices":[{"not_picked":["Redo","Streamline"],"picked":"Conserve Battery","floor":0},{"not_picked":["Sweeping Beam","Cold Snap"],"picked":"Redo","floor":1},{"not_picked":["Redo","All For One"],"picked":"Stack","floor":4},{"not_picked":["Consume","Steam Power"],"picked":"BootSequence","floor":5},{"not_picked":["Rebound","Stack"],"picked":"Turbo","floor":7},{"not_picked":["Fusion","Compile Driver"],"picked":"Cold Snap","floor":10},{"not_picked":["Undo","Turbo"],"picked":"Go for the Eyes","floor":11},{"not_picked":["Meteor Strike","Machine Learning"],"picked":"Thunder Strike","floor":16},{"not_picked":[],"picked":"Hologram","floor":18},{"not_picked":[],"picked":"Aggregate+1","floor":20},{"not_picked":[],"picked":"Hologram+1","floor":22},{"not_picked":["Hologram"],"picked":"SKIP","floor":25}],"player_experience":143388,"relics_obtained":[{"floor":9,"key":"Cables"},{"floor":26,"key":"Toy Ornithopter"}],"event_choices":[{"damage_healed":0,"gold_gain":0,"player_choice":"Ignored","damage_taken":0,"max_hp_gain":0,"max_hp_loss":0,"event_name":"Golden Wing","floor":2,"gold_loss":0},{"damage_healed":0,"gold_gain":0,"player_choice":"Got Potions","damage_taken":0,"max_hp_gain":0,"max_hp_loss":0,"event_name":"Lab","floor":3,"gold_loss":0},{"damage_healed":0,"gold_gain":0,"player_choice":"Donut","damage_taken":0,"max_hp_gain":5,"max_hp_loss":0,"event_name":"Big Fish","floor":12,"gold_loss":0},{"damage_healed":0,"gold_gain":30,"player_choice":"Searched \u00271\u0027 times","damage_taken":0,"max_hp_gain":0,"max_hp_loss":0,"event_name":"Dead Adventurer","floor":14,"gold_loss":0},{"damage_healed":0,"gold_gain":0,"player_choice":"Ignored","damage_taken":0,"max_hp_gain":0,"max_hp_loss":0,"event_name":"Beggar","floor":21,"gold_loss":0},{"damage_healed":0,"gold_gain":0,"player_choice":"Ignored","damage_taken":0,"max_hp_gain":0,"max_hp_loss":0,"event_name":"Vampires","floor":24,"gold_loss":0},{"damage_healed":0,"gold_gain":0,"player_choice":"Ignored","damage_taken":0,"max_hp_gain":0,"max_hp_loss":0,"event_name":"Ghosts","floor":29,"gold_loss":0}],"is_beta":false,"boss_relics":[{"not_picked":["FrozenCore","Pandora\u0027s Box"],"picked":"Busted Crown"}],"items_purged_floors":[],"is_endless":false,"potions_floor_spawned":[5,7,16,18,25],"killed_by":"Snake Plant","ascension_level":0}}