{"host":"rb2p2z6v6vieend5","time":1612636318,"event":{"mods":["BaseMod","Block Reminder","Colored Map","DeckTracker","Highlight Path","Minty Spire (QoL Compilation)","Random Character Button","Relic Stats"],"gold_per_floor":[116,116,66,78,78,78,112,112,136,171,181,181,206,224,224,224,224],"floor_reached":16,"language":"ENG","playtime":628,"items_purged":[],"score":187,"play_id":"ab5d7d49-7cd3-452f-8374-dad9c43729f3","local_time":"20210206193158","is_ascension_mode":true,"campfire_choices":[{"data":"Searing Blow","floor":6,"key":"SMITH"},{"data":"Searing Blow+1","floor":8,"key":"SMITH"},{"data":"Searing Blow+2","floor":15,"key":"SMITH"}],"circlet_count":0,"master_deck":["AscendersBane","Strike_R","Strike_R","Strike_R","Strike_R","Strike_R+1","Defend_R","Defend_R","Defend_R","Defend_R","Bash+1","Searing Blow+3","Shrug It Off","Clothesline","Shrug It Off","True Grit","Feed","Disarm"],"relics":["Burning Blood","Ice Cream","Torii","Red Skull","TungstenRod","Golden Idol"],"acts_visited":["Exordium"],"potions_floor_usage":[7,16],"damage_taken":[{"damage":4,"enemies":"Small Slimes","floor":1,"turns":3},{"damage":5,"enemies":"2 Louse","floor":4,"turns":3},{"damage":8,"enemies":"Gremlin Nob","floor":7,"turns":3},{"damage":30,"enemies":"Lagavulin","floor":10,"turns":6},{"damage":0,"enemies":"Cultist","floor":11,"turns":2},{"damage":0,"enemies":"Large Slime","floor":13,"turns":4},{"damage":0,"enemies":"Exordium Wildlife","floor":14,"turns":6},{"damage":62,"enemies":"Slime Boss","floor":16,"turns":15}],"seed_played":"-7853278894461315353","potions_obtained":[{"floor":1,"key":"AttackPotion"},{"floor":10,"key":"ColorlessPotion"}],"is_trial":false,"path_per_floor":["M","?","?","M","?","R","E","R","T","E","M","?","M","M","R","B"],"character_chosen":"IRONCLAD","items_purchased":[],"campfire_rested":0,"item_purchase_floors":[],"current_hp_per_floor":[70,55,55,56,56,56,54,54,54,30,36,36,45,54,54,0,0],"gold":224,"neow_bonus":"ONE_RARE_RELIC","is_daily":false,"chose_seed":false,"campfire_upgraded":3,"win_rate":0.0,"timestamp":1612636318,"path_taken":["M","?","?","M","?","R","E","R","T","E","?","?","M","M","R","BOSS"],"items_purchased_type":[],"build_version":"2020-12-22","purchased_purges":0,"victory":false,"max_hp_per_floor":[75,75,75,75,75,75,75,75,75,75,75,69,72,75,75,75,75],"relic_stats":{"Torii":5,"counters":[8,42],"Golden Idol":9,"obtain_stats":[{"Ice Cream":0,"Torii":7,"Golden Idol":12,"Burning Blood":0,"Red Skull":9,"TungstenRod":10},{"Ice Cream":0,"Torii":3,"Golden Idol":5,"Burning Blood":0,"Red Skull":3,"TungstenRod":4},{"Ice Cream":0,"Torii":9,"Golden Idol":17,"Burning Blood":0,"Red Skull":9,"TungstenRod":15}],"Burning Blood":42,"TungstenRod":9},"card_choices":[{"not_picked":["Wild Strike","Havoc"],"picked":"Searing Blow","floor":1},{"not_picked":["Perfected Strike","Sever Soul"],"picked":"Shrug It Off","floor":4},{"not_picked":["Dropkick","Searing Blow"],"picked":"Shrug It Off","floor":7},{"not_picked":["Flex","Headbutt"],"picked":"True Grit","floor":10},{"not_picked":["True Grit","Burning Pact"],"picked":"Feed","floor":11},{"not_picked":["Headbutt","Clothesline"],"picked":"Disarm","floor":13},{"not_picked":["Wild Strike","Anger","Body Slam"],"picked":"SKIP","floor":14}],"player_experience":695726,"relics_obtained":[{"floor":7,"key":"Torii"},{"floor":9,"key":"Red Skull"},{"floor":10,"key":"TungstenRod"}],"event_choices":[{"damage_healed":0,"gold_gain":0,"player_choice":"Entered Light","damage_taken":15,"max_hp_gain":0,"max_hp_loss":0,"event_name":"Shining Light","floor":2,"gold_loss":0,"cards_upgraded":["Strike_R","Bash"]},{"cards_removed":["Writhe"],"damage_healed":0,"gold_gain":0,"player_choice":"Card Removal","damage_taken":0,"max_hp_gain":0,"max_hp_loss":0,"event_name":"The Cleric","floor":3,"gold_loss":50},{"damage_healed":0,"gold_gain":0,"player_choice":"1 cards matched","damage_taken":0,"max_hp_gain":0,"max_hp_loss":0,"event_name":"Match and Keep!","floor":5,"gold_loss":0,"cards_obtained":["Clothesline"]},{"damage_healed":0,"gold_gain":0,"player_choice":"Lose Max HP","damage_taken":0,"relics_obtained":["Golden Idol"],"max_hp_gain":0,"max_hp_loss":6,"event_name":"Golden Idol","floor":12,"gold_loss":0}],"is_beta":false,"boss_relics":[],"items_purged_floors":[],"is_endless":false,"potions_floor_spawned":[1,10],"killed_by":"Slime Boss","ascension_level":14}}