{"host":"15dd7v8o90xso62x","time":1612606710,"event":{"mods":["BaseMod","Minty Spire (QoL Compilation)","Quick Restart","StSLib","SuperFastMode"],"gold_per_floor":[112,130,130,145,164,164,176,194,218,268,291,318,318,355,355,438,447,461,170,170,170,184,184,184],"floor_reached":23,"language":"KOR","playtime":814,"items_purged":["Strike_G"],"score":390,"play_id":"32337228-9ded-41ae-944f-1f141a72feae","local_time":"20210206191830","is_ascension_mode":true,"campfire_choices":[{"data":"Apotheosis","floor":6.0,"key":"SMITH"},{"floor":13,"key":"REST"},{"floor":15,"key":"REST"}],"circlet_count":0,"master_deck":["AscendersBane","Strike_G","Strike_G","Strike_G","Strike_G","Defend_G","Defend_G","Defend_G","Defend_G","Survivor+1","Neutralize","Apotheosis+1","Well Laid Plans","Dagger Spray","PiercingWail","Die Die Die","Dagger Throw","Acrobatics+1","Burst","CurseOfTheBell","Blade Dance"],"relics":["Ring of the Snake","CeramicFish","Ninja Scroll","Calling Bell","Bronze Scales","InkBottle","Mango","War Paint","Enchiridion"],"acts_visited":["Exordium","TheCity"],"potions_floor_usage":[],"damage_taken":[{"damage":2.0,"enemies":"2 Louse","floor":1.0,"turns":4.0},{"damage":4.0,"enemies":"Cultist","floor":2.0,"turns":3.0},{"damage":2.0,"enemies":"Small Slimes","floor":4.0,"turns":3.0},{"damage":10.0,"enemies":"Exordium Thugs","floor":5.0,"turns":5.0},{"damage":11.0,"enemies":"Large Slime","floor":7.0,"turns":6.0},{"damage":0.0,"enemies":"3 Louse","floor":8.0,"turns":4.0},{"damage":19.0,"enemies":"Exordium Wildlife","floor":11.0,"turns":5.0},{"damage":3,"enemies":"Looter","floor":12,"turns":4},{"damage":11,"enemies":"Lagavulin","floor":14,"turns":6},{"damage":31,"enemies":"Slime Boss","floor":16,"turns":11},{"damage":25,"enemies":"2 Thieves","floor":18,"turns":4},{"damage":6,"enemies":"Spheric Guardian","floor":22,"turns":3},{"damage":0,"enemies":"Slavers","floor":23,"turns":1}],"seed_played":"5403350305011470687","potions_obtained":[{"floor":2.0,"key":"SpeedPotion"},{"floor":4.0,"key":"Block Potion"},{"floor":5.0,"key":"Weak Potion"},{"floor":8.0,"key":"FairyPotion"},{"floor":12,"key":"Ancient Potion"}],"is_trial":false,"path_per_floor":["M","M","?","M","M","R","M","M","T","?","M","M","R","E","R","B",null,"M","$","?","?","M","E"],"character_chosen":"THE_SILENT","items_purchased":["Blade Dance","War Paint"],"campfire_rested":2,"item_purchase_floors":[19,19],"current_hp_per_floor":[42,38,31,29,19,19,8,8,8,8,18,15,34,23,42,11,66,41,41,41,20,14,14,14],"gold":184,"neow_bonus":"RANDOM_COLORLESS_2","is_daily":false,"chose_seed":false,"campfire_upgraded":1,"win_rate":0.0,"timestamp":1612606710,"path_taken":["M","M","?","M","M","R","M","M","T","?","?","M","R","E","R","BOSS","M","$","?","?","?","E"],"items_purchased_type":["Card","Relic"],"build_version":"2020-12-22","purchased_purges":1,"victory":false,"max_hp_per_floor":[66,66,66,66,66,66,66,66,66,66,66,66,66,66,66,66,80,80,80,80,80,80,80,80],"card_choices":[{"not_picked":["Metamorphosis","Transmutation"],"picked":"Apotheosis","floor":0.0},{"not_picked":["Quick Slash","Deflect","Heel Hook"],"picked":"SKIP","floor":1.0},{"not_picked":["Reflex","Acrobatics"],"picked":"Well Laid Plans","floor":2.0},{"not_picked":["Quick Slash","Choke"],"picked":"Dagger Spray","floor":4.0},{"not_picked":["Infinite Blades","Masterful Stab","Caltrops"],"picked":"SKIP","floor":5.0},{"not_picked":["Underhanded Strike","Slice"],"picked":"PiercingWail","floor":7.0},{"not_picked":["Poisoned Stab","Backflip","Flying Knee"],"picked":"SKIP","floor":8.0},{"not_picked":["Deflect","Underhanded Strike"],"picked":"Die Die Die","floor":11.0},{"not_picked":["Sucker Punch","PiercingWail"],"picked":"Dagger Throw","floor":12},{"not_picked":["Endless Agony","Backflip"],"picked":"Acrobatics","floor":14},{"not_picked":["Night Terror","Glass Knife"],"picked":"Burst","floor":16},{"not_picked":["Dagger Spray","Expertise","Dagger Throw"],"picked":"SKIP","floor":18},{"not_picked":["Masterful Stab","Acrobatics","PiercingWail+1"],"picked":"SKIP","floor":22}],"player_experience":935557,"relics_obtained":[{"floor":9.0,"key":"CeramicFish"},{"floor":14,"key":"Ninja Scroll"},{"floor":17,"key":"Bronze Scales"},{"floor":17,"key":"InkBottle"},{"floor":17,"key":"Mango"},{"floor":21,"key":"Enchiridion"}],"event_choices":[{"cards_removed":["Defend_G"],"damage_healed":0.0,"max_hp_gain":0.0,"max_hp_loss":0.0,"gold_gain":0.0,"event_name":"Golden Wing","player_choice":"Card Removal","floor":3.0,"gold_loss":0.0,"damage_taken":7.0},{"damage_healed":0.0,"max_hp_gain":0.0,"max_hp_loss":0.0,"gold_gain":50.0,"event_name":"Golden Shrine","player_choice":"Pray","floor":10.0,"gold_loss":0.0,"damage_taken":0.0},{"damage_healed":0,"gold_gain":0,"player_choice":"Ignored","damage_taken":0,"max_hp_gain":0,"max_hp_loss":0,"event_name":"The Mausoleum","floor":20,"gold_loss":0},{"damage_healed":0,"gold_gain":0,"player_choice":"Obtained Book","damage_taken":21,"max_hp_gain":0,"max_hp_loss":0,"event_name":"Cursed Tome","floor":21,"gold_loss":0}],"is_beta":false,"boss_relics":[{"not_picked":["Black Star","Ring of the Serpent"],"picked":"Calling Bell"}],"items_purged_floors":[19],"is_endless":false,"potions_floor_spawned":[2,4,5,8,12],"killed_by":"Slavers","ascension_level":20}}