{"host":"og21o26alpnbwmz8","time":1612633585,"event":{"mods":["Act Like it!","Aspiration","BaseMod","Conspire","Downfall","Halation","Hallownest","Hubris","Jedi Mod","Mimic Mod","Minty Spire (QoL Compilation)","Pale of the Ancients","Reliquary","Replay The Spire","Shop Mod","Spikes Relics","StSLib","The Alterego","The Blackbeard","The Blue Laboratory","The Death Knight","The Runesmith","Waifu the Spire"],"gold_per_floor":[99,99,99,99,24,58,58,58,58,136,150,164,164,175,189,287,287,87,102,116,116,128,128,179,79,108,126,11,111,111,111,111],"floor_reached":30,"language":"ENG","playtime":1313,"items_purged":["downfall:Malfunctioning","champ:Strike"],"score":271,"play_id":"0faf35ab-8700-4e1a-b518-40b35a0f5726","local_time":"20210206124625","is_ascension_mode":false,"campfire_choices":[{"floor":1,"key":"RECALL"},{"data":"champ:Defend","floor":8,"key":"SMITH"},{"data":"champ:ShieldSigil","floor":18,"key":"SMITH"},{"data":"champ:EnragedBash","floor":25,"key":"SMITH"}],"circlet_count":0,"master_deck":["champ:Strike","champ:Strike","champ:Defend+1","champ:Defend+1","champ:Defend+1","champ:Defend","champ:Execute+1","champ:Taunt+1","champ:Lariat+1","champ:EnragedBash+1","champ:ShieldSigil+1","champ:BerserkerStyle","champ:LastStand","champ:AdrenalArmor","champ:AdrenalArmor","champ:FanOfKnives","champ:BerserkersShout"],"relics":["champ:ChampionCrown","downfall:HeartsMalice","aspiration:BabyByrd","reliquary:Buckler","halation:OrihimeAndHikoboshiSamaAndTears","hubris:TerracottaHorce","downfall:HeartBlessingRed","downfall:HeartBlessingGreen","jedi:cryingmask","downfall:HeartBlessingBlue","reliquary:TatteredRug"],"acts_visited":["Exordium","TheCity"],"potions_floor_usage":[22],"damage_taken":[{"damage":0,"enemies":"Cultist","floor":2,"turns":1},{"damage":0,"enemies":"downfall:FleeingMerchant","floor":5,"turns":1},{"damage":0,"enemies":"Lagavulin","floor":6,"turns":1},{"damage":40,"enemies":"Small Slimes","floor":11,"turns":3},{"damage":21,"enemies":"2 Louse","floor":12,"turns":2},{"damage":50,"enemies":"2 Fungi Beasts","floor":14,"turns":5},{"damage":69,"enemies":"Large Slime","floor":15,"turns":6},{"damage":113,"enemies":"IC_STATUS_ARCHETYPE","floor":16,"turns":12},{"damage":94,"enemies":"Spheric Guardian","floor":19,"turns":5},{"damage":158,"enemies":"Centurion and Healer","floor":20,"turns":8},{"damage":109,"enemies":"3 Cultists","floor":22,"turns":5},{"damage":87,"enemies":"Slavers","floor":26,"turns":4},{"damage":75,"enemies":"Shelled Parasite and Fungi","floor":27,"turns":5},{"damage":72,"enemies":"downfall:FleeingMerchant","floor":28,"turns":4},{"damage":44,"enemies":"Sentry and Sphere","floor":30,"turns":3}],"seed_played":"7540536553657818342","potions_obtained":[{"floor":6,"key":"SteroidPotion"},{"floor":14,"key":"jedi:StrikingPotion"},{"floor":15,"key":"Dexterity Potion"},{"floor":26,"key":"Adrenaline Potion"}],"is_trial":false,"path_per_floor":["R","M","?","?","$","E","T","R","?","T","M","M","?","M","M","B",null,"R","M","M","?","M","HB","T","R","E","M","$","?","M"],"character_chosen":"THE_CHAMP","items_purchased":[],"campfire_rested":0,"item_purchase_floors":[],"current_hp_per_floor":[90,90,90,90,90,90,90,90,90,90,90,90,90,90,90,36,77,77,77,69,69,64,45,45,55,51,40,40,40,0,0,0],"gold":111,"neow_bonus":"THREE_ENEMY_KILL","is_daily":false,"chose_seed":false,"campfire_upgraded":3,"win_rate":0.0,"timestamp":1612633585,"path_taken":["R","M","?","?","$","E","T","R","?","?","M","M","?","?","M","BOSS","R","M","M","?","M","HB","T","R","E","M","$","?","?"],"items_purchased_type":[],"build_version":"2020-12-22","purchased_purges":2,"victory":false,"max_hp_per_floor":[90,90,90,90,90,90,90,90,90,90,90,90,90,90,90,90,90,90,90,90,90,90,45,45,55,55,55,55,55,55,55,55],"card_choices":[{"not_picked":["champ:TornadoPunch","champ:Duel"],"picked":"champ:Lariat","floor":2},{"not_picked":["champ:Circumvent","champ:RecklessLeap"],"picked":"champ:EnragedBash","floor":5},{"not_picked":["champ:StanceDance","champ:Circumvent"],"picked":"champ:ShieldSigil","floor":6},{"not_picked":["champ:TornadoPunch","champ:Circumvent"],"picked":"champ:BerserkerStyle","floor":11},{"not_picked":["champ:RapidStrikes","champ:TornadoPunch"],"picked":"champ:LastStand","floor":12},{"not_picked":["champ:DefensiveStyle","champ:BringItOn","champ:StanceDance"],"picked":"SKIP","floor":14},{"not_picked":["champ:DefensiveShout","champ:BringItOn"],"picked":"champ:AdrenalArmor","floor":15},{"not_picked":["champ:Backstep","champ:StanceDance"],"picked":"champ:AdrenalArmor","floor":19},{"not_picked":["champ:CalledShot+1","champ:IronFortress","champ:GutPunch"],"picked":"SKIP","floor":20},{"not_picked":["champ:TornadoPunch","champ:BladeFlurry+1"],"picked":"champ:FanOfKnives","floor":22},{"not_picked":["champ:HeavySlash","champ:FlashCut","champ:RisingSlash+1"],"picked":"SKIP","floor":26},{"not_picked":["champ:RageSigil+1","champ:EnGarde"],"picked":"champ:BerserkersShout","floor":27},{"not_picked":["champ:TornadoPunch+1","champ:FlashCut+1","champ:VampiricStrike"],"picked":"SKIP","floor":28}],"player_experience":237515,"relics_obtained":[{"floor":6,"key":"reliquary:Buckler"},{"floor":7,"key":"halation:OrihimeAndHikoboshiSamaAndTears"},{"floor":24,"key":"jedi:cryingmask"},{"floor":26,"key":"reliquary:TatteredRug"}],"event_choices":[],"is_beta":false,"boss_relics":[{"not_picked":["aspiration:SecretTechniqueScroll","jedi:battlestandard"],"picked":"hubris:TerracottaHorce"}],"items_purged_floors":[5,28],"is_endless":false,"potions_floor_spawned":[6,14,15,16,26,27],"killed_by":"Sentry and Sphere","ascension_level":0}}