{"host":"yg1n0qads92lo9wl","time":1612614224,"event":{"mods":["BaseMod","Downfall","Luminous","Minty Spire (QoL Compilation)","StSLib","Warlord Emblem"],"gold_per_floor":[99,113,28,48,58,158,158,168,168,268,295,295,330,62,75,172,172,172,182,182,182,198,198,198,208,239,251,281,292,292,303,313,411,411,411,429,444,444,0,14,14,25,39,7,41,41,71,71,83,83],"floor_reached":51,"language":"ZHS","playtime":13748,"items_purged":["champ:DancingMaster"],"score":861,"play_id":"68f09c36-c4db-43a0-9921-eb4762bcfa05","local_time":"20210206202344","is_ascension_mode":false,"campfire_choices":[{"data":"champ:Taunt","floor":1.0,"key":"SMITH"},{"data":"champ:Improvising","floor":9.0,"key":"SMITH"},{"floor":12.0,"key":"REST"},{"data":"champ:StanceDance","floor":18.0,"key":"SMITH"},{"data":"champ:StanceDance","floor":30.0,"key":"SMITH"},{"floor":35.0,"key":"RECALL"},{"floor":46,"key":"REST"}],"circlet_count":0,"master_deck":["champ:Strike","champ:Strike","champ:Strike","champ:Strike","champ:Defend","champ:Defend","champ:Defend","champ:Defend","champ:Execute","champ:Taunt+1","champ:Improvising+1","champ:PreciseThrust+1","champ:Backstep","champ:FaceSlap","champ:CrookedStrike+1","champ:CrookedStrike","champ:FocusedBerserking","champ:Shatter","champ:CalledShot","champ:StanceDance+1","champ:HeartStrike","champ:GutPunch","champ:RecklessLeap","champ:RapidStrikes+1","champ:EnragedBash","champ:StanceDance+1","champ:StanceDance+1","champ:StanceDance+1","champ:BerserkersShout","champ:Duel","champ:DancingMaster","champ:FaceSlap+1","champ:Shatter+1","expansioncontent:AwakenDeath","champ:RecklessLeap+1","champ:IronFortress","champ:Encircle+1","champ:BerserkerStyle","champ:VampiricStrike","champ:GutPunch+1"],"relics":["champ:ChampionCrown","HornCleat","Champion Belt","Nunchaku","Toy Ornithopter","champ:DefensiveTrainingManual","Runic Pyramid","champ:FightingForDummies","Pen Nib","Strawberry","Thread and Needle","Fusion Hammer","Whetstone","Orichalcum","Dream Catcher","Blood Vial","White Beast Statue","Meat on the Bone"],"acts_visited":["Exordium","TheCity","TheBeyond"],"potions_floor_usage":[45,45,50],"damage_taken":[{"damage":16.0,"enemies":"Cultist","floor":2.0,"turns":4.0},{"damage":10.0,"enemies":"downfall:FleeingMerchant","floor":3.0,"turns":4.0},{"damage":12.0,"enemies":"Jaw Worm","floor":4.0,"turns":3.0},{"damage":5.0,"enemies":"Small Slimes","floor":5.0,"turns":3.0},{"damage":6.0,"enemies":"Exordium Wildlife","floor":8.0,"turns":5.0},{"damage":10.0,"enemies":"Exordium Wildlife","floor":10.0,"turns":4.0},{"damage":20.0,"enemies":"Lagavulin","floor":11.0,"turns":5.0},{"damage":4.0,"enemies":"3 Sentries","floor":13.0,"turns":5.0},{"damage":15.0,"enemies":"downfall:FleeingMerchant","floor":14.0,"turns":4.0},{"damage":8.0,"enemies":"Red Slaver","floor":15.0,"turns":2.0},{"damage":12.0,"enemies":"SI_SHIV_ARCHETYPE","floor":16.0,"turns":7.0},{"damage":20.0,"enemies":"Spheric Guardian","floor":19.0,"turns":4.0},{"damage":15.0,"enemies":"Snake Plant","floor":22.0,"turns":4.0},{"damage":24.0,"enemies":"3 Cultists","floor":25.0,"turns":4.0},{"damage":26.0,"enemies":"Book of Stabbing","floor":26.0,"turns":5.0},{"damage":5.0,"enemies":"Centurion and Healer","floor":27.0,"turns":5.0},{"damage":61.0,"enemies":"Slavers","floor":28.0,"turns":6.0},{"damage":20.0,"enemies":"Snake Plant","floor":29.0,"turns":4.0},{"damage":25.0,"enemies":"Cultist and Chosen","floor":31.0,"turns":5.0},{"damage":25.0,"enemies":"Chosen and Byrds","floor":32.0,"turns":4.0},{"damage":70.0,"enemies":"DF_ARCHETYPE_CLAW","floor":33.0,"turns":7.0},{"damage":15.0,"enemies":"Orb Walker","floor":36.0,"turns":3.0},{"damage":34.0,"enemies":"3 Darklings","floor":37.0,"turns":5.0},{"damage":55.0,"enemies":"downfall:FleeingMerchant","floor":39.0,"turns":4.0},{"damage":41.0,"enemies":"Transient","floor":40.0,"turns":5.0},{"damage":25.0,"enemies":"Sphere and 2 Shapes","floor":42.0,"turns":4.0},{"damage":75.0,"enemies":"Maw","floor":43.0,"turns":7.0},{"damage":0.0,"enemies":"downfall:FleeingMerchant","floor":44.0,"turns":1.0},{"damage":36,"enemies":"Reptomancer","floor":45,"turns":5},{"damage":42,"enemies":"Nemesis","floor":47,"turns":5},{"damage":25,"enemies":"Spire Growth","floor":49,"turns":4},{"damage":121,"enemies":"WA_ARCHETYPE_DIVINITY","floor":50,"turns":10}],"seed_played":"-7835283379203215838","potions_obtained":[{"floor":5.0,"key":"SpeedPotion"},{"floor":10.0,"key":"DuplicationPotion"},{"floor":11.0,"key":"Ancient Potion"},{"floor":13.0,"key":"Strength Potion"},{"floor":26.0,"key":"DuplicationPotion"},{"floor":27.0,"key":"Block Potion"},{"floor":28.0,"key":"Guardian:BlockOnCardUsePotion"},{"floor":32.0,"key":"Weak Potion"},{"floor":36.0,"key":"CultistPotion"},{"floor":37.0,"key":"SneckoOil"},{"floor":40.0,"key":"bronze:BurnAndBuffPotion"},{"floor":47,"key":"Fire Potion"},{"floor":49,"key":"SkillPotion"}],"is_trial":false,"path_per_floor":["R","M","$","M","M","?","T","M","R","?","E","R","E","$","M","B",null,"R","M","?","?","M","?","T","M","E","M","E","M","R","M","M","B",null,"R","M","M","?","$","M","T","M","M","$","E","R","E","?","M","B",null],"character_chosen":"THE_CHAMP","items_purchased":["champ:FaceSlap","champ:StanceDance","champ:HeartStrike","champ:DefensiveTrainingManual","Whetstone","Orichalcum","PowerPotion","champ:BerserkerStyle","Blood Vial","champ:VampiricStrike"],"campfire_rested":2,"item_purchase_floors":[3,14,14,14,39,39,39,44,44,44],"current_hp_per_floor":[90,84,84,82,77,77,77,71,71,61,41,68,64,64,56,44,90,90,85,67,67,67,67,67,58,69,69,68,68,68,68,68,78,102,102,102,88,88,88,82,82,72,67,67,68,98,100,100,102,63],"gold":83,"neow_bonus":"ONE_RANDOM_RARE_CARD","is_daily":false,"chose_seed":false,"campfire_upgraded":4,"win_rate":0.0,"timestamp":1612614224,"path_taken":["R","M","$","M","?","?","T","M","R","?","E","R","E","$","M","BOSS","R","M","?","?","M","?","T","M","E","M","E","?","R","M","M","BOSS","R","M","M","?","$","M","T","M","M","$","E","R","E","?","M","BOSS"],"items_purchased_type":["Card","Card","Card","Relic","Relic","Relic","Potion","Card","Relic","Card"],"build_version":"2020-12-22","purchased_purges":1,"victory":true,"max_hp_per_floor":[90,90,90,90,90,90,90,90,90,90,90,90,90,90,90,90,90,90,90,95,95,95,95,95,95,102,102,102,102,102,102,102,102,102,102,102,102,102,102,102,102,102,102,102,102,102,102,102,102,102],"card_choices":[{"not_picked":["champ:BladeFlurry","champ:DefensiveShout"],"picked":"champ:PreciseThrust","floor":2.0},{"not_picked":["champ:ShieldSlam","champ:BladeFlurry"],"picked":"champ:Backstep","floor":3.0},{"not_picked":["champ:EndlessRage","champ:EnGarde","champ:Parry"],"picked":"SKIP","floor":4.0},{"not_picked":["champ:Parry","champ:DefensiveShout"],"picked":"champ:CrookedStrike","floor":5.0},{"not_picked":["champ:EndlessRage","champ:AdrenalArmor"],"picked":"champ:CrookedStrike","floor":8.0},{"not_picked":["champ:Backstep","champ:BerserkersShout"],"picked":"champ:FocusedBerserking","floor":10.0},{"not_picked":["champ:BladeFlurry","champ:Duel"],"picked":"champ:Shatter","floor":11.0},{"not_picked":["champ:CrownThrow","champ:CrookedStrike","champ:DefensiveStyle"],"picked":"SKIP","floor":13.0},{"not_picked":["champ:Circumvent","champ:MurderStrike"],"picked":"champ:CalledShot","floor":14.0},{"not_picked":["champ:BringItOn","champ:Encircle"],"picked":"champ:GutPunch","floor":15.0},{"not_picked":["champ:HoldFirm","champ:SteelEdge"],"picked":"champ:DancingMaster","floor":16.0},{"not_picked":["champ:StanceDance","champ:CrownThrow+1"],"picked":"champ:RecklessLeap","floor":19.0},{"not_picked":["champ:Circumvent","champ:EndlessRage","champ:CrookedStrike+1"],"picked":"SKIP","floor":22.0},{"not_picked":["champ:ShieldWall","champ:GutPunch"],"picked":"champ:RapidStrikes+1","floor":25.0},{"not_picked":["champ:HeavySlash","champ:CheapShot"],"picked":"champ:EnragedBash","floor":26.0},{"not_picked":["champ:PreciseThrust","champ:Haymaker"],"picked":"champ:StanceDance+1","floor":27.0},{"not_picked":["champ:DefensiveShout","champ:Backstep+1"],"picked":"champ:StanceDance","floor":28.0},{"not_picked":["champ:BringItOn","champ:CrookedStrike"],"picked":"champ:StanceDance+1","floor":29.0},{"not_picked":["champ:ViciousMockery","champ:CrookedStrike"],"picked":"champ:BerserkersShout","floor":31.0},{"not_picked":["champ:RapidStrikes","champ:FlashCut"],"picked":"champ:Duel","floor":32.0},{"not_picked":["champ:StrikeOfGenius","champ:SteelEdge"],"picked":"champ:DancingMaster","floor":33.0},{"not_picked":["champ:EnGarde","champ:EndlessRage+1"],"picked":"champ:FaceSlap+1","floor":36.0},{"not_picked":["champ:Lariat","champ:PreciseThrust+1"],"picked":"champ:Shatter+1","floor":37.0},{"not_picked":["expansioncontent:PrepareCrush","expansioncontent:Chronoboost"],"picked":"expansioncontent:AwakenDeath","floor":38.0},{"not_picked":["champ:RecklessLeap","champ:StanceDance","champ:CheapShot"],"picked":"SKIP","floor":39.0},{"not_picked":["champ:CrookedStrike+1","champ:Shatter"],"picked":"champ:RecklessLeap+1","floor":40.0},{"not_picked":["champ:DefensiveStyle","champ:Haymaker+1"],"picked":"champ:IronFortress","floor":42.0},{"not_picked":["champ:BladeFlurry+1","champ:Backstep+1"],"picked":"champ:Encircle+1","floor":43.0},{"not_picked":["champ:StrikeOfGenius","champ:TornadoPunch","champ:ShieldSlam+1"],"picked":"SKIP","floor":44.0},{"not_picked":["champ:PreemptiveStrike+1","champ:FlashCut","champ:BladeFlurry"],"picked":"SKIP","floor":45},{"not_picked":["champ:PerfectedStrike","champ:HeartStrike"],"picked":"champ:GutPunch+1","floor":46},{"not_picked":["champ:StanceDance","champ:GutPunch","champ:DancingMaster"],"picked":"SKIP","floor":47},{"not_picked":["champ:Backstep","champ:FanOfKnives+1","champ:Haymaker"],"picked":"SKIP","floor":49}],"player_experience":365533,"relics_obtained":[{"floor":7.0,"key":"HornCleat"},{"floor":10.0,"key":"Champion Belt"},{"floor":11.0,"key":"Nunchaku"},{"floor":13.0,"key":"Toy Ornithopter"},{"floor":24.0,"key":"Pen Nib"},{"floor":26.0,"key":"Strawberry"},{"floor":28.0,"key":"Thread and Needle"},{"floor":41.0,"key":"Dream Catcher"},{"floor":45,"key":"White Beast Statue"},{"floor":47,"key":"Meat on the Bone"}],"event_choices":[{"damage_healed":0.0,"max_hp_gain":0.0,"max_hp_loss":0.0,"gold_gain":0.0,"event_name":"NoteForYourself","player_choice":"Ignored","floor":23.0,"gold_loss":0.0,"damage_taken":0.0}],"is_beta":false,"boss_relics":[{"not_picked":["Astrolabe","Pandora\u0027s Box"],"picked":"Runic Pyramid"},{"not_picked":["SacredBark","Snecko Eye"],"picked":"Fusion Hammer"}],"items_purged_floors":[39],"is_endless":false,"potions_floor_spawned":[5,10,11,13,15,26,27,28,32,36,37,40,43,47,49],"ascension_level":0}}