{"host":"2mxajwyidsax8sss","time":1612644405,"event":{"mods":["100% Spire Juice","2.2 Compatiblity","Act Like it!","Arknights","Aspiration","Bartender","BaseMod","Better Match","Better Note","Better Sensory Stone","Better Vampires","BetterRewards","Block Reminder","CapriCore","ChefMod","Chen","Colored Powertips","Conspire","Decade(???)","Defuse TimeMaze Blight","Downfall","Energized Spire","Friendly Minions","Gensokyo","Googly Eyes","GungeonMod","Hallownest","Hermit","HololiveMod","Hubris","Humility","Jorbs\u0027s Wanderer Trilogy","Koishi","Luminous","Marked Mod","Minty Spire (QoL Compilation)","Nova Terra(??·??)","Pale of the Ancients","Permanent Neow","Prisma Mod","Quick Restart","Random Character Button","Reimu??????","Relic Filter","Relic Stats","Reliquary","Remilia??????","Replay The Spire","SIMod","SOS???????","StSLib","The Animator","The Bug Knight","The Death Knight","The Dragon Tamer","The Immortal","The Kombatant","Wandering Minibosses"],"gold_per_floor":[113,42,42,42,60,60,90,16,16,26,43,62,62,80,80,184,184,202,219,233,61,79,79,79,114,139,154,79,79,79],"floor_reached":29,"language":"ENG","playtime":3262,"items_purged":["ReplayTheSpireMod:Doomed"],"score":311,"play_id":"3b902686-ab0a-447f-a3db-41187b57c90c","local_time":"20210206214645","is_ascension_mode":true,"campfire_choices":[{"data":"KamenRideKuuga","floor":15,"key":"PURGE"},{"data":"RideBooker_Skill_2","floor":23,"key":"SMITH"}],"circlet_count":0,"master_deck":["Decade_Attack+1","Decade_Attack+1","Decade_Attack+1","Decade_Attack+1","KamenRide+1","Decade_SpecialSkill","Decade_Defend","Decade_Defend","Decade_Defend","Decade_Defend","DragClaw","DenO_Sword","RideBooker","CurseOfTheBell","KamenRideRyuki","Blade_Mach+1","Blade_Metal+1","RideBooker_Skill_2+1","Gensokyo:BlemishedSteel","UnarmedAttack4","AutoVajin+1"],"relics":["Decadriver","TOEIDeficitBill","aspiration:DSix","CrazyTorch:ReiMu","Replay:Bottled Eggs","hubris:SphereOfDissonance","ReplayTheSpireMod:CursedCoin","Pet Ghost","Calling Bell","Blue Doll","Replay:Bottled Flurry","DemoMod:BigBoy","War Paint","reliquary:FerryPass","Potion Belt","Sundial"],"acts_visited":["Exordium","Gensokyo:Gensokyoer"],"potions_floor_usage":[25,25],"damage_taken":[{"damage":5,"enemies":"2 Louse","floor":1,"turns":4},{"damage":0,"enemies":"Cultist","floor":5,"turns":3},{"damage":45,"enemies":"3 Sentries","floor":6,"turns":8},{"damage":0,"enemies":"Small Slimes","floor":10,"turns":3},{"damage":15,"enemies":"Exordium Wildlife","floor":11,"turns":3},{"damage":4,"enemies":"Looter","floor":12,"turns":3},{"damage":22,"enemies":"Gremlin Gang","floor":14,"turns":5},{"damage":6,"enemies":"Fading Forest","floor":16,"turns":11},{"damage":7,"enemies":"Gensokyo:2_Gloops","floor":18,"turns":4},{"damage":7,"enemies":"Gensokyo:AngelMirror","floor":19,"turns":3},{"damage":0,"enemies":"Gensokyo:Monolith_and_Dog","floor":20,"turns":1},{"damage":22,"enemies":"Gensokyo:Slime_Group","floor":22,"turns":4},{"damage":43,"enemies":"Gensokyo:Koishi","floor":25,"turns":8},{"damage":15,"enemies":"Gensokyo:3_Gloops","floor":27,"turns":4},{"damage":7,"enemies":"Gensokyo:Mirror_and_Dog","floor":29,"turns":1}],"seed_played":"3878454354913633305","potions_obtained":[{"floor":1,"key":"SkillPotion"},{"floor":10,"key":"SpeedPotion"},{"floor":12,"key":"Elixir"},{"floor":16,"key":"Elixir"},{"floor":25,"key":"Venom Potion"}],"is_trial":false,"path_per_floor":["M","$","?","$","M","E","?","$","T","M","M","M","?","M","R","B",null,"M","M","M","COS","M","R","$","E","T","M","?","M"],"character_chosen":"Decade","items_purchased":["DragClaw","ReplayTheSpireMod:CursedCoin","DemoMod:WeirdEgg"],"campfire_rested":0,"item_purchase_floors":[2,8,8],"current_hp_per_floor":[65,65,65,65,68,36,36,36,36,36,21,17,22,15,15,9,80,73,69,69,69,57,57,57,20,20,5,5,0,0],"gold":79,"neow_bonus":"DSIX","is_daily":false,"chose_seed":false,"campfire_upgraded":1,"win_rate":0.0,"timestamp":1612644405,"path_taken":["M","$","?","?","M","E","?","$","T","M","M","?","?","M","R","BOSS","M","M","M","COS","M","R","$","E","T","?","?","M"],"items_purchased_type":["Card","Relic","Relic"],"build_version":"2020-12-22","purchased_purges":1,"victory":false,"max_hp_per_floor":[70,70,70,70,70,80,80,80,80,80,80,80,80,80,80,80,80,80,80,80,80,80,80,80,80,80,80,80,80,80],"relic_stats":{"counters":[15,65],"Sundial":[0],"War Paint":["Blade_Mach","KamenRide"],"obtain_stats":[{"Potion Belt":26,"ReplayTheSpireMod:CursedCoin":8,"DemoMod:WeirdEgg":8,"DemoMod:BigBoy":17,"hubris:SphereOfDissonance":7,"Decadriver":0,"Blue Doll":17,"DemoMod:GlassGuonStoneRelic":1,"TOEIDeficitBill":0,"War Paint":25,"Pet Ghost":16,"reliquary:FerryPass":25,"Calling Bell":17,"Frozen Eye":25,"Sundial":29,"CrazyTorch:ReiMu":3,"Replay:Bottled Flurry":17,"Replay:Bottled Eggs":6,"aspiration:DSix":0},{"Potion Belt":13,"ReplayTheSpireMod:CursedCoin":3,"DemoMod:WeirdEgg":3,"DemoMod:BigBoy":8,"hubris:SphereOfDissonance":3,"Decadriver":0,"Blue Doll":8,"DemoMod:GlassGuonStoneRelic":1,"TOEIDeficitBill":0,"War Paint":13,"Pet Ghost":8,"reliquary:FerryPass":13,"Calling Bell":8,"Frozen Eye":12,"Sundial":15,"CrazyTorch:ReiMu":1,"Replay:Bottled Flurry":8,"Replay:Bottled Eggs":3,"aspiration:DSix":0},{"Potion Belt":60,"ReplayTheSpireMod:CursedCoin":15,"DemoMod:WeirdEgg":15,"DemoMod:BigBoy":40,"hubris:SphereOfDissonance":15,"Decadriver":0,"Blue Doll":40,"DemoMod:GlassGuonStoneRelic":4,"TOEIDeficitBill":0,"War Paint":53,"Pet Ghost":31,"reliquary:FerryPass":60,"Calling Bell":40,"Frozen Eye":52,"Sundial":65,"CrazyTorch:ReiMu":4,"Replay:Bottled Flurry":40,"Replay:Bottled Eggs":15,"aspiration:DSix":0}]},"card_choices":[{"not_picked":["KamenRideDecade","FormRideDragon","DenO_Rod"],"picked":"SKIP","floor":1},{"not_picked":["FormRidePegasus","FormRideDogga"],"picked":"DenO_Sword","floor":5},{"not_picked":["Decade_Dash2","Decade_Defend2","RideBooker_Skill_1"],"picked":"SKIP","floor":6},{"not_picked":["DecadeViolentEmotion","Decade_Invisible","FormRidePegasus"],"picked":"SKIP","floor":6},{"not_picked":["KamenRideDecade","Decade_Dash1"],"picked":"RideBooker","floor":10},{"not_picked":["FormRideTitan","UnarmedAttack9"],"picked":"KamenRideKuuga","floor":11},{"not_picked":["Decade_Dash1","UnarmedAttack1"],"picked":"AutoVajin","floor":12},{"not_picked":["UnarmedAttack5","DenO_Gun"],"picked":"KamenRideRyuki","floor":18},{"not_picked":["DenO_Sword","UnarmedAttack4"],"picked":"Blade_Mach","floor":19},{"not_picked":["AutoVajin","PrometheusPower"],"picked":"Blade_Metal+1","floor":20},{"not_picked":["Hibiki_Attack3","FormRidePegasus"],"picked":"RideBooker_Skill_2","floor":20},{"not_picked":["DenO_Ax","UnarmedAttack3"],"picked":"UnarmedAttack4","floor":22},{"not_picked":["KamenRideDecade","DragShield"],"picked":"AutoVajin+1","floor":27}],"player_experience":1028209,"relics_obtained":[{"floor":6,"key":"Replay:Bottled Eggs"},{"floor":17,"key":"Blue Doll"},{"floor":17,"key":"Replay:Bottled Flurry"},{"floor":17,"key":"DemoMod:BigBoy"},{"floor":25,"key":"reliquary:FerryPass"},{"floor":26,"key":"Potion Belt"}],"event_choices":[{"damage_healed":0,"gold_gain":0,"player_choice":"Gave Potion","damage_taken":0,"relics_obtained":["CrazyTorch:ReiMu"],"max_hp_gain":0,"max_hp_loss":0,"event_name":"WeMeetAgain","floor":3,"gold_loss":0},{"damage_healed":0,"gold_gain":30,"player_choice":"Searched \u00273\u0027 times","damage_taken":0,"relics_obtained":["hubris:SphereOfDissonance"],"max_hp_gain":0,"max_hp_loss":0,"event_name":"Dead Adventurer","floor":7,"gold_loss":0},{"cards_removed":["AutoVajin"],"damage_healed":5,"gold_gain":0,"player_choice":"Offered Common","damage_taken":0,"max_hp_gain":0,"max_hp_loss":0,"event_name":"Bonfire Elementals","floor":13,"gold_loss":0},{"cards_removed":["AutoVajin"],"damage_healed":5,"gold_gain":0,"player_choice":"Offered Special","damage_taken":0,"max_hp_gain":0,"max_hp_loss":0,"event_name":"Bonfire Elementals","floor":13,"gold_loss":0},{"damage_healed":0,"gold_gain":0,"player_choice":"2","damage_taken":0,"max_hp_gain":0,"max_hp_loss":0,"event_name":"betterMatch:BetterMatch","floor":28,"gold_loss":0,"cards_obtained":["betterMatch:CommonCard"]}],"is_beta":false,"boss_relics":[{"not_picked":["ChewingGum","reliquary:RedCape"],"picked":"Calling Bell"}],"items_purged_floors":[8],"is_endless":false,"potions_floor_spawned":[1,6,10,12,16,25],"killed_by":"Gensokyo:Mirror_and_Dog","ascension_level":1,"is_humility":true}}