{"host":"0awa854l6bexpjrv","time":1612583494,"event":{"mods":["BaseMod","Block Reminder","Colored Map","Colored Powertips","Downfall","Highlight Path","Minty Spire (QoL Compilation)","Quick Restart","Rare Cards Sparkle","StSLib","SuperFastMode"],"gold_per_floor":[118,130,130,150,162,162,196,84,153,153,172,172,172,198,198,295,295,310,225,243,243,256,256,274,274,324,324,341,341,357,385,385,486,486,501,501,516,566,593,593,593,593],"floor_reached":41,"language":"ENG","playtime":2442,"items_purged":["Strike_B"],"score":488,"play_id":"4ba85c8e-71e2-4056-8dc0-95717a87c652","local_time":"20210205195134","is_ascension_mode":true,"campfire_choices":[{"data":"Genetic Algorithm","floor":6.0,"key":"SMITH"},{"floor":10.0,"key":"REST"},{"data":"Sunder","floor":13.0,"key":"SMITH"},{"floor":15.0,"key":"REST"},{"data":"Hello World","floor":23.0,"key":"SMITH"},{"floor":27.0,"key":"REST"},{"floor":29.0,"key":"REST"},{"floor":32.0,"key":"REST"},{"data":"Echo Form","floor":40.0,"key":"SMITH"}],"circlet_count":0,"master_deck":["Defend_B","Defend_B","Defend_B","Defend_B","Zap","Dualcast","CurseOfTheBell","Sweeping Beam","Genetic Algorithm+1","Coolheaded","Hello World+1","Sweeping Beam","Tempest","Sunder+1","Glacier","Electrodynamics","Cold Snap","Steam+1","Bite","Bite","Bite","Bite","Bite","Ball Lightning+1","Hologram+1","Decay","Defragment","Compile Driver","Echo Form+1","Seek","White Noise+1"],"relics":["Calling Bell","Bag of Marbles","Cables","Bird Faced Urn","WingedGreaves","The Courier","Blue Candle","Pen Nib","Black Star","Turnip","Regal Pillow","Peace Pipe","Akabeko","Runic Pyramid","Incense Burner","Bag of Preparation"],"acts_visited":["Exordium","TheCity","TheBeyond"],"potions_floor_usage":[],"damage_taken":[{"damage":0.0,"enemies":"Small Slimes","floor":1.0,"turns":3.0},{"damage":1.0,"enemies":"Cultist","floor":2.0,"turns":3.0},{"damage":4.0,"enemies":"2 Louse","floor":4.0,"turns":2.0},{"damage":10.0,"enemies":"Large Slime","floor":5.0,"turns":8.0},{"damage":16.0,"enemies":"Lagavulin","floor":7.0,"turns":6.0},{"damage":2.0,"enemies":"2 Fungi Beasts","floor":11.0,"turns":4.0},{"damage":5.0,"enemies":"3 Sentries","floor":14.0,"turns":5.0},{"damage":53.0,"enemies":"Slime Boss","floor":16.0,"turns":6.0},{"damage":18.0,"enemies":"Spheric Guardian","floor":18.0,"turns":4.0},{"damage":17.0,"enemies":"2 Thieves","floor":20.0,"turns":4.0},{"damage":8.0,"enemies":"Sentry and Sphere","floor":22.0,"turns":6.0},{"damage":26.0,"enemies":"Snake Plant","floor":24.0,"turns":6.0},{"damage":30.0,"enemies":"Snecko","floor":28.0,"turns":7.0},{"damage":20.0,"enemies":"Shelled Parasite and Fungi","floor":30.0,"turns":8.0},{"damage":12.0,"enemies":"Slavers","floor":31.0,"turns":5.0},{"damage":6.0,"enemies":"Champ","floor":33.0,"turns":16.0},{"damage":10.0,"enemies":"3 Shapes","floor":35.0,"turns":4.0},{"damage":13.0,"enemies":"3 Darklings","floor":37.0,"turns":3.0},{"damage":17.0,"enemies":"Mind Bloom Boss Battle","floor":38.0,"turns":11.0},{"damage":58,"enemies":"Jaw Worm Horde","floor":41,"turns":3}],"seed_played":"3746447369629585967","potions_obtained":[{"floor":2.0,"key":"Strength Potion"},{"floor":5.0,"key":"Ancient Potion"},{"floor":7.0,"key":"LiquidBronze"},{"floor":11.0,"key":"SkillPotion"},{"floor":28.0,"key":"FearPotion"},{"floor":30.0,"key":"Regen Potion"},{"floor":31.0,"key":"Energy Potion"},{"floor":36.0,"key":"sneckomod:MuddlingPotion"},{"floor":37.0,"key":"Dexterity Potion"}],"is_trial":false,"path_per_floor":["M","M","?","M","M","R","E","$","T","R","M","?","R","E","R","B",null,"M","?","M","?","M","R","M","?","T","R","M","R","M","E","R","B",null,"M","?","M","?","T","R","M"],"character_chosen":"DEFECT","items_purchased":["Tempest"],"campfire_rested":5,"item_purchase_floors":[8],"current_hp_per_floor":[75,74,74,70,60,60,46,46,46,68,68,63,63,58,75,22,75,57,57,42,42,46,46,30,30,30,52,28,52,40,34,52,51,52,46,46,39,42,42,42,0,0],"gold":593,"neow_bonus":"BOSS_RELIC","is_daily":false,"chose_seed":false,"campfire_upgraded":4,"win_rate":0.0,"timestamp":1612583494,"path_taken":["M","M","?","?","M","R","E","$","T","R","M","?","R","E","R","BOSS","M","?","M","?","M","R","M","?","T","R","M","R","M","E","R","BOSS","M","?","?","?","?","R","M"],"items_purchased_type":["Card"],"build_version":"2020-12-22","purchased_purges":1,"victory":false,"max_hp_per_floor":[75,75,75,75,75,75,75,75,75,75,75,75,75,75,75,75,75,75,75,75,52,52,52,52,52,52,52,52,52,52,52,52,52,52,52,52,52,52,52,52,52,52],"card_choices":[{"not_picked":["Storm","Gash"],"picked":"Sweeping Beam","floor":1.0},{"not_picked":["Gash","Recycle"],"picked":"Genetic Algorithm","floor":2.0},{"not_picked":["Rip and Tear","Recycle"],"picked":"Coolheaded","floor":4.0},{"not_picked":["Steam","Turbo"],"picked":"Hello World","floor":5.0},{"not_picked":["Scrape","Hologram"],"picked":"Sweeping Beam","floor":7.0},{"not_picked":["Sweeping Beam","Undo"],"picked":"Sunder","floor":11.0},{"not_picked":["BootSequence","Turbo"],"picked":"Glacier","floor":14.0},{"not_picked":["Creative AI","All For One"],"picked":"Electrodynamics","floor":16.0},{"not_picked":["Gash+1","Redo"],"picked":"Cold Snap","floor":18.0},{"not_picked":["Darkness","Redo+1"],"picked":"Steam+1","floor":20.0},{"not_picked":["Gash","Electrodynamics"],"picked":"Ball Lightning+1","floor":22.0},{"not_picked":["Gash+1","Ball Lightning"],"picked":"Hologram+1","floor":24.0},{"not_picked":["Lockon+1","Hologram"],"picked":"Defragment","floor":28.0},{"not_picked":["FTL","Steam"],"picked":"Compile Driver","floor":30.0},{"not_picked":["Stack","Sunder"],"picked":"Echo Form","floor":31.0},{"not_picked":["Multi-Cast","All For One"],"picked":"Seek","floor":33.0},{"not_picked":["Ball Lightning+1","Hologram","Coolheaded"],"picked":"SKIP","floor":35.0},{"not_picked":["Barrage+1","Undo+1","Steam+1"],"picked":"SKIP","floor":37.0},{"not_picked":["Rebound","Coolheaded"],"picked":"White Noise+1","floor":38.0}],"player_experience":724389,"relics_obtained":[{"floor":0.0,"key":"Bag of Marbles"},{"floor":0.0,"key":"Cables"},{"floor":0.0,"key":"Bird Faced Urn"},{"floor":7.0,"key":"WingedGreaves"},{"floor":9.0,"key":"The Courier"},{"floor":14.0,"key":"Pen Nib"},{"floor":26.0,"key":"Regal Pillow"},{"floor":31.0,"key":"Peace Pipe"},{"floor":31.0,"key":"Akabeko"},{"floor":38.0,"key":"Incense Burner"},{"floor":39.0,"key":"Bag of Preparation"}],"event_choices":[{"cards_removed":["Strike_B"],"damage_healed":0.0,"max_hp_gain":0.0,"max_hp_loss":0.0,"gold_gain":0.0,"event_name":"Purifier","player_choice":"Purged","floor":3.0,"gold_loss":0.0,"damage_taken":0.0},{"damage_healed":0.0,"max_hp_gain":0.0,"max_hp_loss":0.0,"gold_gain":0.0,"event_name":"Addict","player_choice":"Obtained Relic","floor":19.0,"gold_loss":85.0,"damage_taken":0.0,"relics_obtained":["Turnip"]},{"damage_healed":0.0,"max_hp_gain":0.0,"max_hp_loss":23.0,"gold_gain":0.0,"event_name":"Vampires","player_choice":"Became a vampire","floor":21.0,"gold_loss":0.0,"damage_taken":0.0,"cards_obtained":["Bite","Bite","Bite","Bite","Bite"]},{"damage_healed":0.0,"max_hp_gain":0.0,"max_hp_loss":0.0,"gold_gain":0.0,"event_name":"Forgotten Altar","player_choice":"Smashed Altar","floor":25.0,"gold_loss":0.0,"damage_taken":0.0,"cards_obtained":["Decay"]},{"damage_healed":0.0,"max_hp_gain":0.0,"max_hp_loss":0.0,"gold_gain":0.0,"event_name":"Lab","player_choice":"Got Potions","floor":36.0,"gold_loss":0.0,"damage_taken":0.0},{"damage_healed":0.0,"max_hp_gain":0.0,"max_hp_loss":0.0,"gold_gain":0.0,"event_name":"MindBloom","player_choice":"Fight","floor":38.0,"gold_loss":0.0,"damage_taken":0.0}],"is_beta":false,"boss_relics":[{"not_picked":["Runic Dome","Velvet Choker"],"picked":"Black Star"},{"not_picked":["Coffee Dripper","Philosopher\u0027s Stone"],"picked":"Runic Pyramid"}],"items_purged_floors":[8],"is_endless":false,"potions_floor_spawned":[2,5,7,11,28,30,31,37],"killed_by":"Jaw Worm Horde","ascension_level":2}}