{"host":"9n6i2vl93jt4o42q","time":1612653175,"event":{"mods":["BaseMod","Minty Spire (QoL Compilation)","Relic Stats"],"gold_per_floor":[16,50,108,183,183,183,183,221,221,221,221,290,314,314,314],"floor_reached":14,"language":"ENG","playtime":550,"items_purged":[],"score":196,"play_id":"a1d12679-b33b-4385-9aaa-ebf3a26c2b95","local_time":"20210207001255","is_ascension_mode":true,"campfire_choices":[{"data":"HandOfGreed","floor":6.0,"key":"SMITH"},{"floor":11.0,"key":"REST"}],"circlet_count":0,"master_deck":["AscendersBane","Strike_R","Strike_R","Strike_R","Strike_R","Strike_R","Defend_R","Defend_R","Defend_R","Defend_R","Bash","HandOfGreed+1","Anger","Disarm","Pummel","True Grit","Clash","Battle Trance","Headbutt"],"relics":["Burning Blood","Golden Idol","Calipers","Gambling Chip","Centennial Puzzle"],"acts_visited":["Exordium"],"potions_floor_usage":[14],"damage_taken":[{"damage":19.0,"enemies":"Jaw Worm","floor":1.0,"turns":4.0},{"damage":5.0,"enemies":"2 Louse","floor":2.0,"turns":3.0},{"damage":6.0,"enemies":"Small Slimes","floor":3.0,"turns":4.0},{"damage":36.0,"enemies":"Lagavulin","floor":8.0,"turns":7.0},{"damage":27.0,"enemies":"Gremlin Nob","floor":12.0,"turns":4.0},{"damage":9.0,"enemies":"Red Slaver","floor":13.0,"turns":3.0},{"damage":26,"enemies":"3 Sentries","floor":14,"turns":6}],"seed_played":"-5473576857206412630","potions_obtained":[{"floor":3.0,"key":"BlessingOfTheForge"},{"floor":12.0,"key":"Energy Potion"}],"is_trial":false,"path_per_floor":["M","M","M","?","?","R","?","E","T","?","R","E","M","E"],"character_chosen":"IRONCLAD","items_purchased":[],"campfire_rested":1,"item_purchase_floors":[],"current_hp_per_floor":[55,56,56,45,45,45,50,20,20,20,41,20,17,0,0],"gold":314,"neow_bonus":"RANDOM_COLORLESS_2","is_daily":false,"chose_seed":false,"campfire_upgraded":1,"win_rate":0.0,"timestamp":1612653175,"path_taken":["M","M","M","?","?","R","?","E","T","?","R","E","M","E"],"items_purchased_type":[],"build_version":"2020-12-22","purchased_purges":0,"victory":false,"max_hp_per_floor":[75,75,75,75,68,68,73,73,73,73,73,73,73,73,73],"relic_stats":{"Centennial Puzzle":[6],"counters":[7,31],"Golden Idol":22,"Gambling Chip":[5],"obtain_stats":[{"Centennial Puzzle":12,"Calipers":8,"Golden Idol":5,"Gambling Chip":9,"Burning Blood":0},{"Centennial Puzzle":5,"Calipers":4,"Golden Idol":3,"Gambling Chip":4,"Burning Blood":0},{"Centennial Puzzle":22,"Calipers":18,"Golden Idol":11,"Gambling Chip":18,"Burning Blood":0}],"Burning Blood":36},"card_choices":[{"not_picked":["Secret Weapon","Chrysalis"],"picked":"HandOfGreed","floor":0.0},{"not_picked":["Armaments","Reckless Charge"],"picked":"Anger","floor":1.0},{"not_picked":["Heavy Blade","Ghostly Armor"],"picked":"Disarm","floor":2.0},{"not_picked":["Rupture","Fire Breathing"],"picked":"Pummel","floor":3.0},{"not_picked":["Burning Pact","Uppercut"],"picked":"True Grit","floor":8.0},{"not_picked":["Rampage","Bloodletting"],"picked":"Battle Trance","floor":12.0},{"not_picked":["Spot Weakness","Thunderclap"],"picked":"Headbutt","floor":13.0}],"player_experience":2505902,"relics_obtained":[{"floor":8.0,"key":"Calipers"},{"floor":9.0,"key":"Gambling Chip"},{"floor":12.0,"key":"Centennial Puzzle"}],"event_choices":[{"damage_healed":0.0,"max_hp_gain":0.0,"max_hp_loss":0.0,"gold_gain":75.0,"event_name":"World of Goop","player_choice":"Gather Gold","floor":4.0,"gold_loss":0.0,"damage_taken":11.0},{"damage_healed":0.0,"max_hp_gain":0.0,"max_hp_loss":7.0,"gold_gain":0.0,"event_name":"Golden Idol","player_choice":"Lose Max HP","floor":5.0,"gold_loss":0.0,"damage_taken":0.0,"relics_obtained":["Golden Idol"]},{"damage_healed":0.0,"max_hp_gain":5.0,"max_hp_loss":0.0,"gold_gain":0.0,"event_name":"Big Fish","player_choice":"Donut","floor":7.0,"gold_loss":0.0,"damage_taken":0.0},{"damage_healed":0.0,"max_hp_gain":0.0,"max_hp_loss":0.0,"gold_gain":0.0,"event_name":"Match and Keep!","player_choice":"1 cards matched","floor":10.0,"gold_loss":0.0,"damage_taken":0.0,"cards_obtained":["Clash"]}],"is_beta":false,"boss_relics":[],"items_purged_floors":[],"is_endless":false,"potions_floor_spawned":[3,12],"killed_by":"3 Sentries","ascension_level":20}}