{"host":"gfxjwtol062e9znw","time":1612571296,"event":{"mods":["BaseMod","Colored Map","Minty Spire (QoL Compilation)","Rare Cards Sparkle"],"gold_per_floor":[361,376,376,388,62,62,78,78,78,78,103,121,121,86,86,190,190,207,223,148,161,179,179,179],"floor_reached":23,"language":"ENG","playtime":4324,"items_purged":["Defend_G"],"score":280,"play_id":"e00438c8-dba4-4ab9-b28f-7cc1d8b5a9ad","local_time":"20210206112816","is_ascension_mode":true,"campfire_choices":[{"floor":6,"key":"REST"},{"floor":10,"key":"REST"},{"floor":13,"key":"REST"},{"floor":15,"key":"REST"}],"circlet_count":0,"master_deck":["Strike_G","Strike_G","Strike_G","Strike_G","Defend_G+1","Defend_G+1","Defend_G","Defend_G","Survivor","Neutralize","Backflip","Blade Dance","Skewer","Prepared","Footwork","Sucker Punch","Backflip","All Out Attack","Bullet Time","Blade Dance+1","Finisher","PiercingWail+1"],"relics":["Ring of the Snake","MealTicket","Ice Cream","Ginger","Cursed Key"],"acts_visited":["Exordium","TheCity"],"potions_floor_usage":[11,11,16,22,23,23],"damage_taken":[{"damage":3,"enemies":"Jaw Worm","floor":1,"turns":4},{"damage":0,"enemies":"2 Louse","floor":2,"turns":4},{"damage":3,"enemies":"Cultist","floor":4,"turns":4},{"damage":7,"enemies":"Exordium Wildlife","floor":7,"turns":6},{"damage":43,"enemies":"3 Sentries","floor":11,"turns":9},{"damage":8,"enemies":"Looter","floor":12,"turns":4},{"damage":28,"enemies":"Slime Boss","floor":16,"turns":15},{"damage":1,"enemies":"3 Byrds","floor":18,"turns":6},{"damage":0,"enemies":"Chosen","floor":19,"turns":4},{"damage":20,"enemies":"Snake Plant","floor":21,"turns":5},{"damage":39,"enemies":"Sentry and Sphere","floor":22,"turns":6},{"damage":11,"enemies":"Book of Stabbing","floor":23,"turns":3}],"seed_played":"4986465169021966","potions_obtained":[{"floor":2,"key":"Swift Potion"},{"floor":7,"key":"AttackPotion"},{"floor":12,"key":"Fire Potion"},{"floor":16,"key":"DistilledChaos"},{"floor":22,"key":"Strength Potion"}],"is_trial":false,"path_per_floor":["M","M","?","M","$","R","M","?","T","R","E","M","R","?","R","B",null,"M","M","$","M","M","E"],"character_chosen":"THE_SILENT","items_purchased":["MealTicket","Prepared","Footwork","CunningPotion"],"campfire_rested":4,"item_purchase_floors":[5,5,5,20],"current_hp_per_floor":[60,60,47,44,44,62,55,48,48,63,20,12,30,45,63,35,56,55,55,63,43,4,0,0],"gold":179,"neow_bonus":"TWO_FIFTY_GOLD","is_daily":false,"chose_seed":false,"campfire_upgraded":0,"win_rate":0.0,"timestamp":1612571296,"path_taken":["M","M","?","M","$","R","M","?","T","R","E","M","R","?","R","BOSS","M","M","$","M","M","E"],"items_purchased_type":["Relic","Card","Card","Potion"],"build_version":"2020-12-22","purchased_purges":1,"victory":false,"max_hp_per_floor":[63,63,63,63,63,63,63,63,63,63,63,63,63,63,63,63,63,63,63,63,63,63,63,63],"card_choices":[{"not_picked":["Bane","Accuracy"],"picked":"Backflip","floor":1},{"not_picked":["Slice","Prepared"],"picked":"Blade Dance","floor":2},{"not_picked":["Infinite Blades","Calculated Gamble"],"picked":"Skewer","floor":4},{"not_picked":["Bouncing Flask","Noxious Fumes"],"picked":"Sucker Punch","floor":7},{"not_picked":["Sucker Punch","Tactician"],"picked":"Backflip","floor":11},{"not_picked":["Calculated Gamble","Slice"],"picked":"All Out Attack","floor":12},{"not_picked":["Venomology","Glass Knife"],"picked":"Bullet Time","floor":16},{"not_picked":["Deadly Poison+1","Underhanded Strike"],"picked":"Blade Dance+1","floor":18},{"not_picked":["Caltrops+1","Dagger Spray"],"picked":"Finisher","floor":19},{"not_picked":["Acrobatics","Deadly Poison"],"picked":"PiercingWail+1","floor":21},{"not_picked":["Caltrops","Backflip","Deadly Poison"],"picked":"SKIP","floor":22}],"player_experience":99090,"relics_obtained":[{"floor":9,"key":"Ice Cream"},{"floor":11,"key":"Ginger"}],"event_choices":[{"damage_healed":0,"gold_gain":0,"player_choice":"Entered Light","damage_taken":13,"max_hp_gain":0,"max_hp_loss":0,"event_name":"Shining Light","floor":3,"gold_loss":0,"cards_upgraded":["Defend_G","Defend_G"]},{"cards_removed":["Strike_G"],"damage_healed":0,"gold_gain":0,"player_choice":"Card Removal","damage_taken":7,"max_hp_gain":0,"max_hp_loss":0,"event_name":"Golden Wing","floor":8,"gold_loss":0},{"damage_healed":15,"gold_gain":0,"player_choice":"Healed","damage_taken":0,"max_hp_gain":0,"max_hp_loss":0,"event_name":"The Cleric","floor":14,"gold_loss":35}],"is_beta":false,"boss_relics":[{"not_picked":["Empty Cage","Calling Bell"],"picked":"Cursed Key"}],"items_purged_floors":[5],"is_endless":false,"potions_floor_spawned":[2,7,12,16,22],"killed_by":"Book of Stabbing","ascension_level":9}}