{"host":"4rvakrj1idbgia3f","time":1612614528,"event":{"mods":["BaseMod","Colored Map","Colored Powertips","DeckTracker","Highlight Path","Minty Spire (QoL Compilation)","Random Character Button","StSLib"],"gold_per_floor":[118,135,26,26,40,40,74,74,74,109,109,109,65,139,139,216,216,235,245,73,92,109,109,109,109,109],"floor_reached":25,"language":"JPN","playtime":938,"items_purged":[],"score":468,"play_id":"f453dc10-cbd1-4771-8a75-a0283e6ce3e1","local_time":"20210206212848","is_ascension_mode":true,"campfire_choices":[{"data":"Eruption","floor":6.0,"key":"SMITH"},{"data":"Prostrate","floor":8.0,"key":"SMITH"},{"data":"MentalFortress","floor":11.0,"key":"SMITH"},{"data":"Adaptation","floor":15.0,"key":"SMITH"},{"data":"MentalFortress","floor":23.0,"key":"SMITH"}],"circlet_count":0,"master_deck":["AscendersBane","Strike_P","Strike_P","Strike_P","Defend_P","Defend_P","Defend_P","Eruption+1","Vigilance","Brilliance","Pray","MentalFortress+1","Prostrate+1","EmptyFist","EmptyBody","FlurryOfBlows","ClearTheMind","Adaptation+1","Worship","Devotion","MentalFortress+1","WheelKick","Blasphemy","FearNoEvil"],"relics":["PureWater","Blue Candle","Singing Bowl","Du-Vu Doll","Anchor","VioletLotus","Happy Flower"],"acts_visited":["Exordium","TheCity"],"potions_floor_usage":[],"damage_taken":[{"damage":0.0,"enemies":"Small Slimes","floor":1.0,"turns":2.0},{"damage":4.0,"enemies":"Jaw Worm","floor":2.0,"turns":3.0},{"damage":8.0,"enemies":"2 Louse","floor":5.0,"turns":2.0},{"damage":20.0,"enemies":"Gremlin Nob","floor":7.0,"turns":4.0},{"damage":2.0,"enemies":"3 Sentries","floor":10.0,"turns":5.0},{"damage":10.0,"enemies":"The Guardian","floor":16.0,"turns":6.0},{"damage":9.0,"enemies":"Spheric Guardian","floor":18.0,"turns":5.0},{"damage":2.0,"enemies":"Chosen","floor":19.0,"turns":3.0},{"damage":9.0,"enemies":"Snake Plant","floor":21.0,"turns":3.0},{"damage":2.0,"enemies":"Centurion and Healer","floor":22.0,"turns":5.0},{"damage":37,"enemies":"Gremlin Leader","floor":25,"turns":4}],"seed_played":"-8984604913753354169","potions_obtained":[{"floor":7.0,"key":"DistilledChaos"},{"floor":21.0,"key":"LiquidBronze"}],"is_trial":false,"path_per_floor":["M","M","$","?","M","R","E","R","T","E","R","T","$","?","R","B",null,"M","M","$","M","M","R","?","E"],"character_chosen":"WATCHER","items_purchased":["EmptyFist","EmptyBody","Worship","Happy Flower"],"campfire_rested":0,"item_purchase_floors":[3,3,13,20],"current_hp_per_floor":[61,57,57,57,49,49,29,29,29,27,27,27,27,27,27,17,51,42,40,40,31,29,29,29,0,0],"gold":109,"neow_bonus":"TRANSFORM_TWO_CARDS","is_daily":false,"chose_seed":false,"campfire_upgraded":5,"win_rate":0.0,"timestamp":1612614528,"path_taken":["M","M","$","?","M","R","E","R","T","E","R","?","$","?","R","BOSS","M","M","$","M","M","R","?","E"],"items_purchased_type":["Card","Card","Card","Relic"],"build_version":"2020-12-22","purchased_purges":0,"victory":false,"max_hp_per_floor":[62,62,62,62,62,62,62,62,62,62,62,62,62,62,62,62,62,62,62,62,62,62,62,62,62,62],"card_choices":[{"not_picked":["EmptyBody","LikeWater"],"picked":"MentalFortress","floor":1.0},{"not_picked":["Evaluate","CutThroughFate"],"picked":"Prostrate","floor":2.0},{"not_picked":["Crescendo","Consecrate"],"picked":"FlurryOfBlows","floor":5.0},{"not_picked":["Alpha","Evaluate"],"picked":"ClearTheMind","floor":7.0},{"not_picked":["ClearTheMind","SashWhip"],"picked":"Adaptation","floor":10.0},{"not_picked":["Alpha","Wish"],"picked":"Devotion","floor":16.0},{"not_picked":["JustLucky","EmptyBody"],"picked":"MentalFortress","floor":18.0},{"not_picked":["Evaluate+1","Halt"],"picked":"WheelKick","floor":19.0},{"not_picked":["FlyingSleeves","WheelKick"],"picked":"Blasphemy","floor":21.0},{"not_picked":["Crescendo+1","JustLucky+1"],"picked":"FearNoEvil","floor":22.0}],"player_experience":2218891,"relics_obtained":[{"floor":7.0,"key":"Blue Candle"},{"floor":9.0,"key":"Singing Bowl"},{"floor":10.0,"key":"Du-Vu Doll"},{"floor":12.0,"key":"Anchor"}],"event_choices":[{"damage_healed":0.0,"max_hp_gain":0.0,"max_hp_loss":0.0,"gold_gain":0.0,"event_name":"Liars Game","player_choice":"Ignored","floor":4.0,"gold_loss":0.0,"damage_taken":0.0},{"damage_healed":0.0,"max_hp_gain":0.0,"max_hp_loss":0.0,"gold_gain":74.0,"event_name":"Golden Wing","player_choice":"Gained Gold","floor":14.0,"gold_loss":0.0,"damage_taken":0.0},{"damage_healed":0.0,"max_hp_gain":0.0,"max_hp_loss":0.0,"gold_gain":0.0,"event_name":"Vampires","player_choice":"Ignored","floor":24.0,"gold_loss":0.0,"damage_taken":0.0}],"is_beta":false,"boss_relics":[{"not_picked":["Velvet Choker","Snecko Eye"],"picked":"VioletLotus"}],"items_purged_floors":[],"is_endless":false,"potions_floor_spawned":[7,21],"killed_by":"Gremlin Leader","ascension_level":20}}