{"host":"o3b7ow6d1xe49css","time":1612654980,"event":{"mods":["Act Like it!","Aspiration","BaseMod","Bestiary","Better Altar","Better Match","Better Note","Better Sensory Stone","Better Skull","Better Third Choice","Colored Powertips","Conspire","Energized Spire","Force Act Four","GifTheSpireLib","Halation","Hermit","Hubris","Infinite Spire","Lobotomy","Minty Spire (QoL Compilation)","Quick Restart","Rare Cards Sparkle","Relic Filter Mod","Reliquary","Replay The Spire","Spicy Shops","Spikes Relics","Spire Arcade","StSLib","Stuff the Spire","The Blue Laboratory","Wandering Minibosses"],"gold_per_floor":[111,126,142,142,66,194,330,442,468,468,131,267,284,284,284,284,284],"floor_reached":16,"language":"ENG","playtime":1219,"items_purged":["Decay"],"score":191,"play_id":"45d4641c-c631-4915-be5b-f98ca7a54c4c","local_time":"20210206144300","daily_mods":["Heirloom","Flight"],"is_ascension_mode":true,"campfire_choices":[{"data":"Adrenaline","floor":15,"key":"SMITH"}],"circlet_count":0,"master_deck":["Strike_G+1","Strike_G","Strike_G","Strike_G","Strike_G","Defend_G","Defend_G+1","Defend_G","Defend_G","Defend_G","Survivor","Neutralize","Backflip","Glass Knife","Adrenaline+1","conspire:PoisonWeapons","UniverseFragment","Acrobatics"],"relics":["Ring of the Snake","Ring of Chaos","BicycleWheel","CogitoBucket","StuffTheSpire:TintedRock","Simple Rune","aspiration:HiddenCompartment","Singing Bowl","Sling","Replay:Bottled Flurry","Oddly Smooth Stone"],"acts_visited":["Exordium"],"potions_floor_usage":[6,7,8,13],"damage_taken":[{"damage":6,"enemies":"Jaw Worm","floor":1,"turns":5},{"damage":0,"enemies":"Cultist","floor":2,"turns":5},{"damage":0,"enemies":"2 Louse","floor":3,"turns":2},{"damage":1,"enemies":"Lagavulin","floor":6,"turns":8},{"damage":10,"enemies":"Gremlin Nob","floor":7,"turns":3},{"damage":0,"enemies":"Lagavulin","floor":8,"turns":6},{"damage":4,"enemies":"Gremlin Nob","floor":12,"turns":3},{"damage":8,"enemies":"2 Fungi Beasts","floor":13,"turns":5},{"damage":36,"enemies":"Slime Boss","floor":16,"turns":9}],"seed_played":"4924585512655698637","potions_obtained":[{"floor":1,"key":"SpeedPotion"},{"floor":2,"key":"SkillPotion"},{"floor":3,"key":"blueLaboratory:NinjaPotion"},{"floor":6,"key":"Strength Potion"},{"floor":12,"key":"blueLaboratory:FruitPunch"}],"is_trial":true,"path_per_floor":["M","M","M","?","$","E","E","E","T","$","$","E","M","?","R","B"],"character_chosen":"THE_SILENT","items_purchased":["Well Laid Plans","conspire:PoisonWeapons","Sling"],"campfire_rested":0,"item_purchase_floors":[5,11,11],"current_hp_per_floor":[64,64,64,64,64,63,53,55,55,55,55,53,47,35,35,0,0],"gold":284,"neow_bonus":"","is_daily":false,"chose_seed":false,"campfire_upgraded":1,"win_rate":0.0,"timestamp":1612654980,"path_taken":["M","M","M","?","?","E","E","E","T","$","$","E","M","?","R","BOSS"],"items_purchased_type":["Card","Card","Relic"],"build_version":"2020-12-22","purchased_purges":1,"victory":false,"max_hp_per_floor":[70,70,70,70,70,70,70,72,72,72,72,74,76,76,76,76,76],"card_choices":[{"not_picked":["Reflex","Flying Knee"],"picked":"Backflip","floor":1},{"not_picked":["Murderer","Bloodbath","PunishingBird"],"picked":"Singing Bowl","floor":1},{"not_picked":["StuffTheSpire:ClusterCrunch","Prepared"],"picked":"Glass Knife","floor":2},{"not_picked":["BeautyBeast","Bloodbath","CherryBlossoms"],"picked":"Singing Bowl","floor":2},{"not_picked":["OSAHOGD","LongBird","Woodsman"],"picked":"Singing Bowl","floor":3},{"not_picked":["StuffTheSpire:ReptileScales","StuffTheSpire:ClusterCrunch","Dagger Throw"],"picked":"SKIP","floor":3},{"not_picked":["Skewer","Tactician"],"picked":"Adrenaline","floor":6},{"not_picked":["GalaxyChild","QueenBee","FairyFestival"],"picked":"Singing Bowl","floor":7},{"not_picked":["StuffTheSpire:Injection","StuffTheSpire:BumpUp","Outmaneuver"],"picked":"SKIP","floor":7},{"not_picked":["Predator","StuffTheSpire:Fury","All Out Attack"],"picked":"Singing Bowl","floor":8},{"not_picked":["SpiderBud","Bloodbath","LittleHelper"],"picked":"Singing Bowl","floor":8},{"not_picked":["Quick Slash","Deadly Poison","Outmaneuver"],"picked":"Singing Bowl","floor":12},{"not_picked":["HappyTeddy","Yin"],"picked":"UniverseFragment","floor":12},{"not_picked":["Blur","hubris:Sniper"],"picked":"Acrobatics","floor":13}],"player_experience":1313119,"relics_obtained":[{"floor":6,"key":"Simple Rune"},{"floor":7,"key":"aspiration:HiddenCompartment"},{"floor":8,"key":"Singing Bowl"},{"floor":12,"key":"Replay:Bottled Flurry"}],"event_choices":[{"damage_healed":0,"gold_gain":0,"player_choice":"Gave Potion","damage_taken":0,"relics_obtained":["StuffTheSpire:TintedRock"],"max_hp_gain":0,"max_hp_loss":0,"event_name":"WeMeetAgain","floor":4,"gold_loss":0},{"damage_healed":0,"gold_gain":0,"player_choice":"Relic ","damage_taken":12,"max_hp_gain":0,"max_hp_loss":0,"event_name":"betterThird:BetterScrap","floor":14,"gold_loss":0,"cards_obtained":["ReplayTheSpireMod:Fabricate Wheel"]}],"is_beta":false,"boss_relics":[],"items_purged_floors":[11],"is_endless":false,"potions_floor_spawned":[1,2,3,6,12],"killed_by":"Slime Boss","ascension_level":5}}