{"host":"2l3i55whvwk76mom","time":1612572675,"event":{"mods":["BaseMod","Googly Eyes","Hermit","Hubris","Minty Spire (QoL Compilation)","Replay The Spire","StSLib","The Cursed","The Disciple","The Hierophant","The Jungle","The Necromancer"],"gold_per_floor":[116,127,139,139,151,151,180,180,180,209,136,136,136,136],"floor_reached":13,"language":"ENG","playtime":314,"items_purged":[],"score":135,"play_id":"85e3c15b-442e-46db-aeee-0396af8e6717","local_time":"20210205165115","is_ascension_mode":true,"campfire_choices":[{"data":"True Grit","floor":6,"key":"SMITH"},{"floor":8,"key":"REST"}],"circlet_count":0,"master_deck":["Strike_R","Strike_R","Strike_R","Strike_R","Strike_R","Defend_R","Defend_R","Defend_R","Defend_R","Bash","Evolve","True Grit+1","Pommel Strike","Rampage","Spot Weakness","Twin Strike","Inflame"],"relics":["Burning Blood","NeowsBlessing","hubris:Towel","Red Skull","hubris:TinFlute","hubris:OldNail"],"acts_visited":["Exordium"],"potions_floor_usage":[5,7],"damage_taken":[{"damage":0,"enemies":"Small Slimes","floor":1,"turns":1},{"damage":0,"enemies":"2 Louse","floor":2,"turns":1},{"damage":0,"enemies":"Cultist","floor":3,"turns":1},{"damage":1,"enemies":"Blue Slaver","floor":5,"turns":2},{"damage":77,"enemies":"3 Sentries","floor":7,"turns":15},{"damage":19,"enemies":"Gremlin Nob","floor":10,"turns":4},{"damage":30,"enemies":"Lagavulin","floor":13,"turns":3}],"seed_played":"4475344191935119703","potions_obtained":[{"floor":1,"key":"SneckoOil"},{"floor":2,"key":"Block Potion"},{"floor":10,"key":"Doom Potion"}],"is_trial":false,"path_per_floor":["M","M","M","?","M","R","E","R","T","E","$","?","E"],"character_chosen":"IRONCLAD","items_purchased":["Inflame"],"campfire_rested":1,"item_purchase_floors":[11],"current_hp_per_floor":[78,80,80,80,80,80,9,33,33,20,20,20,0,0],"gold":136,"neow_bonus":"THREE_ENEMY_KILL","is_daily":false,"chose_seed":false,"campfire_upgraded":1,"win_rate":0.0,"timestamp":1612572675,"path_taken":["M","M","M","?","M","R","E","R","T","E","$","?","E"],"items_purchased_type":["Card"],"build_version":"2020-12-22","purchased_purges":0,"victory":false,"max_hp_per_floor":[80,80,80,80,80,80,80,80,80,80,80,80,80,80],"card_choices":[{"not_picked":["ReplayTheSpireMod:Corrosion Curse","Dual Wield"],"picked":"Evolve","floor":1},{"not_picked":["Perfected Strike","Entrench"],"picked":"True Grit","floor":2},{"not_picked":["Massacre","Rage"],"picked":"Pommel Strike","floor":3},{"not_picked":["Cleave","Armaments"],"picked":"Rampage","floor":5},{"not_picked":["Eclipse","Whirlwind"],"picked":"Spot Weakness","floor":7},{"not_picked":["Sentinel","Ghostly Armor"],"picked":"Twin Strike","floor":10}],"player_experience":354935,"relics_obtained":[{"floor":7,"key":"Red Skull"},{"floor":9,"key":"hubris:TinFlute"},{"floor":10,"key":"hubris:OldNail"}],"event_choices":[{"damage_healed":0,"gold_gain":0,"player_choice":"Fled","damage_taken":0,"max_hp_gain":0,"max_hp_loss":0,"event_name":"Scrap Ooze","floor":12,"gold_loss":0}],"is_beta":false,"boss_relics":[],"items_purged_floors":[],"is_endless":false,"potions_floor_spawned":[1,2,10],"killed_by":"Lagavulin","ascension_level":9}}