{"host":"5njoj2zap3ickz2y","time":1612655416,"event":{"mods":["BaseMod","Colored Map","Downfall","Minty Spire (QoL Compilation)","Permanent Neow","Quick Restart","Relic Stats","StSLib","Unceasing Turn Reminder"],"gold_per_floor":[112,129,129,140,140,169,169,169,196,196,230,273,313,263,263,364,364,378,450,64,76,123,123,157,157,157,257,257,257,257,273,273,273,273],"floor_reached":33,"language":"ENG","playtime":1955,"items_purged":["Defend_P"],"score":595,"play_id":"61cb6a8b-388c-4f2a-b600-4ebd1bd4f358","local_time":"20210206155016","is_ascension_mode":true,"campfire_choices":[{"data":"Wish","floor":7,"key":"SMITH"},{"data":"Fasting2","floor":10,"key":"SMITH"},{"data":"CrushJoints","floor":15,"key":"SMITH"},{"data":"Evaluate","floor":23,"key":"SMITH"},{"data":"Omniscience","floor":25,"key":"SMITH"},{"data":"Perseverance","floor":28,"key":"SMITH"},{"data":"Vigilance","floor":32,"key":"SMITH"}],"circlet_count":0,"master_deck":["AscendersBane","Strike_P+1","Eruption","Vigilance+1","CarveReality+1","Evaluate+1","FearNoEvil","Wish+1","Fasting2+1","Evaluate","CrushJoints+1","BowlingBash","Omniscience+1","CutThroughFate","Indignation+1","FearNoEvil","SashWhip+1","Protect","Tantrum","Perseverance+1","BattleHymn","Tantrum+1"],"relics":["Coffee Dripper","Smiling Mask","Anchor","MealTicket","Empty Cage","Yang","White Beast Statue","Unceasing Top","Molten Egg 2","MutagenicStrength"],"acts_visited":["Exordium","TheCity"],"potions_floor_usage":[6,11,16,22,24,27,33],"damage_taken":[{"damage":0,"enemies":"Small Slimes","floor":1,"turns":3},{"damage":2,"enemies":"Jaw Worm","floor":2,"turns":3},{"damage":0,"enemies":"2 Louse","floor":4,"turns":3},{"damage":10,"enemies":"Lagavulin","floor":6,"turns":6},{"damage":0,"enemies":"Gremlin Nob","floor":11,"turns":3},{"damage":12,"enemies":"Blue Slaver","floor":12,"turns":7},{"damage":1,"enemies":"Large Slime","floor":13,"turns":4},{"damage":0,"enemies":"Slime Boss","floor":16,"turns":5},{"damage":8,"enemies":"Shell Parasite","floor":18,"turns":3},{"damage":2,"enemies":"3 Byrds","floor":19,"turns":4},{"damage":23,"enemies":"Snake Plant","floor":21,"turns":3},{"damage":15,"enemies":"Snecko","floor":22,"turns":4},{"damage":26,"enemies":"Slavers","floor":24,"turns":6},{"damage":11,"enemies":"Colosseum Slavers","floor":27,"turns":3},{"damage":6,"enemies":"Colosseum Nobs","floor":27,"turns":3},{"damage":1,"enemies":"Shelled Parasite and Fungi","floor":31,"turns":4},{"damage":7,"enemies":"Champ","floor":33,"turns":8}],"seed_played":"-3302822694381714275","potions_obtained":[{"floor":1,"key":"Swift Potion"},{"floor":6,"key":"Block Potion"},{"floor":12,"key":"hexamod:SoulburnPotion"},{"floor":13,"key":"Regen Potion"},{"floor":16,"key":"EntropicBrew"},{"floor":18,"key":"Energy Potion"},{"floor":19,"key":"Regen Potion"},{"floor":24,"key":"BlessingOfTheForge"},{"floor":27,"key":"FearPotion"},{"floor":31,"key":"PowerPotion"}],"is_trial":false,"path_per_floor":["M","M","?","M","?","E","R","?","T","R","E","M","M","?","R","B",null,"M","M","$","M","M","R","E","R","T","?","R","?","?","M","R","B"],"character_chosen":"WATCHER","items_purchased":["FearNoEvil","Yang"],"campfire_rested":0,"item_purchase_floors":[20,20],"current_hp_per_floor":[61,59,52,52,38,28,28,28,28,28,28,16,15,15,15,15,55,47,45,60,37,34,34,23,23,23,6,6,6,6,5,5,0,0],"gold":273,"neow_bonus":"BOSS_RELIC","is_daily":false,"chose_seed":false,"campfire_upgraded":7,"win_rate":0.0,"timestamp":1612655416,"path_taken":["M","M","?","M","?","E","R","?","T","R","E","?","M","?","R","BOSS","M","M","$","M","M","R","E","R","T","?","R","?","?","M","R","BOSS"],"items_purchased_type":["Card","Relic"],"build_version":"2020-12-22","purchased_purges":1,"victory":false,"max_hp_per_floor":[68,68,68,68,68,68,68,68,68,68,68,68,68,68,68,68,68,68,68,68,68,68,68,68,68,68,68,68,68,68,68,68,68,68],"relic_stats":{"counters":[17,72],"MealTicket":15,"Yang":[64],"Smiling Mask":25,"obtain_stats":[{"Anchor":9,"MutagenicStrength":29,"MealTicket":11,"Yang":20,"Molten Egg 2":27,"Coffee Dripper":0,"PureWater":0,"Smiling Mask":6,"Empty Cage":17,"White Beast Statue":24,"Unceasing Top":27},{"Anchor":4,"MutagenicStrength":15,"MealTicket":5,"Yang":10,"Molten Egg 2":15,"Coffee Dripper":0,"PureWater":0,"Smiling Mask":4,"Empty Cage":8,"White Beast Statue":13,"Unceasing Top":15},{"Anchor":15,"MutagenicStrength":60,"MealTicket":18,"Yang":41,"Molten Egg 2":60,"Coffee Dripper":0,"PureWater":0,"Smiling Mask":15,"Empty Cage":34,"White Beast Statue":54,"Unceasing Top":60}],"Unceasing Top":[0]},"card_choices":[{"not_picked":["EmptyFist","FlyingSleeves"],"picked":"CarveReality","floor":1},{"not_picked":["JustLucky","Swivel"],"picked":"Evaluate","floor":2},{"not_picked":["EmptyBody","FlurryOfBlows"],"picked":"FearNoEvil","floor":4},{"not_picked":["BattleHymn","CrushJoints"],"picked":"Wish","floor":6},{"not_picked":["PathToVictory","Halt"],"picked":"Evaluate","floor":11},{"not_picked":["ConjureBlade","EmptyFist"],"picked":"CrushJoints","floor":12},{"not_picked":["SandsOfTime","Evaluate"],"picked":"BowlingBash","floor":13},{"not_picked":["Judgement","ConjureBlade"],"picked":"Omniscience","floor":16},{"not_picked":["Protect","BowlingBash"],"picked":"CutThroughFate","floor":18},{"not_picked":["ClearTheMind","PathToVictory"],"picked":"Indignation+1","floor":19},{"not_picked":["ClearTheMind","FollowUp"],"picked":"SashWhip+1","floor":21},{"not_picked":["Prostrate","SandsOfTime"],"picked":"Protect","floor":22},{"not_picked":["PathToVictory","Halt"],"picked":"Tantrum","floor":24},{"not_picked":["Evaluate","WheelKick+1"],"picked":"Perseverance","floor":27},{"not_picked":["Meditate","EmptyFist+1"],"picked":"Tantrum+1","floor":31}],"player_experience":1776583,"relics_obtained":[{"floor":6,"key":"Smiling Mask"},{"floor":9,"key":"Anchor"},{"floor":11,"key":"MealTicket"},{"floor":24,"key":"White Beast Statue"},{"floor":27,"key":"Unceasing Top"},{"floor":27,"key":"Molten Egg 2"}],"event_choices":[{"cards_removed":["Defend_P"],"damage_healed":0,"gold_gain":0,"player_choice":"Card Removal","damage_taken":7,"max_hp_gain":0,"max_hp_loss":0,"event_name":"Golden Wing","floor":3,"gold_loss":0},{"damage_healed":0,"gold_gain":0,"player_choice":"Entered Light","damage_taken":14,"max_hp_gain":0,"max_hp_loss":0,"event_name":"Shining Light","floor":5,"gold_loss":0,"cards_upgraded":["Strike_P","CarveReality"]},{"damage_healed":0,"gold_gain":0,"cards_transformed":["Strike_P"],"player_choice":"Change","damage_taken":0,"max_hp_gain":0,"max_hp_loss":0,"event_name":"Living Wall","floor":8,"gold_loss":0,"cards_obtained":["Fasting2"]},{"cards_removed":["Strike_P"],"damage_healed":0,"gold_gain":0,"player_choice":"Card Removal","damage_taken":0,"max_hp_gain":0,"max_hp_loss":0,"event_name":"The Cleric","floor":14,"gold_loss":50},{"damage_healed":0,"gold_gain":0,"player_choice":"Fight","damage_taken":0,"max_hp_gain":0,"max_hp_loss":0,"event_name":"Colosseum","floor":27,"gold_loss":0},{"damage_healed":0,"gold_gain":0,"player_choice":"Fought Nobs","damage_taken":0,"max_hp_gain":0,"max_hp_loss":0,"event_name":"Colosseum","floor":27,"gold_loss":0},{"damage_healed":0,"gold_gain":0,"player_choice":"Inject Mutagens","damage_taken":0,"relics_obtained":["MutagenicStrength"],"max_hp_gain":0,"max_hp_loss":0,"event_name":"Drug Dealer","floor":29,"gold_loss":0},{"damage_healed":0,"gold_gain":0,"cards_transformed":["Defend_P"],"player_choice":"Transformed","damage_taken":0,"max_hp_gain":0,"max_hp_loss":0,"event_name":"Transmorgrifier","floor":30,"gold_loss":0,"cards_obtained":["BattleHymn"]}],"is_beta":false,"boss_relics":[{"not_picked":["Tiny House","Philosopher\u0027s Stone"],"picked":"Empty Cage"}],"items_purged_floors":[20],"is_endless":false,"potions_floor_spawned":[1,6,12,13,16,18,19,24,27,27,31],"killed_by":"Champ","ascension_level":14}}