{"host":"rolltorest","time":1612573091,"event":{"mods":["BaseMod","Minty Spire (QoL Compilation)","Relic Stats","Slay the Relics Exporter","StSLib"],"gold_per_floor":[118,135,146,146,71,105,105,138,161,188,188,188,95,128,128,203,203,217,217,217,246,257,291,291,319,319,349,365,365,365,382,382,468,468,487,467,487,514,536,536,569,569,569,610,625,666,686,706,706,706,706,706,706,137,167,167,167],"floor_reached":56,"language":"ENG","playtime":2861,"items_purged":[],"score":2272,"play_id":"496dd792-4bff-4d5f-aa6f-f78b4ed3f6a6","local_time":"20210205165811","is_ascension_mode":true,"campfire_choices":[{"data":"Doom and Gloom","floor":7,"key":"SMITH"},{"data":"Coolheaded","floor":11,"key":"SMITH"},{"data":"Skim","floor":15,"key":"SMITH"},{"data":"Blizzard","floor":24,"key":"SMITH"},{"data":"Loop","floor":29,"key":"SMITH"},{"floor":32,"key":"REST"},{"data":"Reboot","floor":40,"key":"SMITH"},{"data":"Coolheaded","floor":42,"key":"SMITH"},{"floor":49,"key":"RECALL"},{"data":"Seek","floor":53,"key":"SMITH"}],"circlet_count":0,"master_deck":["AscendersBane","Dualcast","Conserve Battery","Sweeping Beam","Doom and Gloom+1","Coolheaded+1","Glacier","Skim+1","Cold Snap","Machine Learning","Rip and Tear","Go for the Eyes","Blizzard+1","Cold Snap","Self Repair","Loop+1","BootSequence","Reboot+1","Coolheaded+1","Master of Strategy","Secret Technique","Deep Breath","Hologram","Barrage","Seek+1","Skim","Capacitor"],"relics":["Busted Crown","Sundial","Gremlin Horn","Orichalcum","Lantern","Oddly Smooth Stone","DataDisk","Pandora\u0027s Box","Red Mask","Vajra","Ornamental Fan","CeramicFish","SlaversCollar","PreservedInsect","White Beast Statue","Smiling Mask","Bag of Marbles","Toolbox","Centennial Puzzle","Boot","Bronze Scales"],"acts_visited":["Exordium","TheCity","TheBeyond","TheEnding"],"potions_floor_usage":[14,33,56,56],"damage_taken":[{"damage":1,"enemies":"Cultist","floor":1,"turns":4},{"damage":0,"enemies":"Jaw Worm","floor":2,"turns":4},{"damage":0,"enemies":"2 Louse","floor":3,"turns":2},{"damage":13,"enemies":"3 Sentries","floor":6,"turns":5},{"damage":10,"enemies":"Lagavulin","floor":8,"turns":5},{"damage":24,"enemies":"Gremlin Nob","floor":14,"turns":5},{"damage":1,"enemies":"The Guardian","floor":16,"turns":14},{"damage":0,"enemies":"Shell Parasite","floor":18,"turns":5},{"damage":0,"enemies":"Masked Bandits","floor":21,"turns":2},{"damage":7,"enemies":"3 Byrds","floor":22,"turns":4},{"damage":15,"enemies":"Book of Stabbing","floor":23,"turns":7},{"damage":28,"enemies":"Gremlin Leader","floor":25,"turns":6},{"damage":18,"enemies":"Book of Stabbing","floor":27,"turns":8},{"damage":0,"enemies":"Shelled Parasite and Fungi","floor":28,"turns":6},{"damage":0,"enemies":"Snake Plant","floor":31,"turns":6},{"damage":6,"enemies":"Champ","floor":33,"turns":11},{"damage":6,"enemies":"3 Shapes","floor":35,"turns":6},{"damage":0,"enemies":"Orb Walker","floor":37,"turns":4},{"damage":21,"enemies":"4 Shapes","floor":39,"turns":7},{"damage":0,"enemies":"Nemesis","floor":41,"turns":7},{"damage":0,"enemies":"Giant Head","floor":44,"turns":8},{"damage":0,"enemies":"3 Darklings","floor":45,"turns":4},{"damage":11,"enemies":"Nemesis","floor":46,"turns":7},{"damage":0,"enemies":"Sphere and 2 Shapes","floor":47,"turns":7},{"damage":0,"enemies":"4 Shapes","floor":48,"turns":2},{"damage":0,"enemies":"Awakened One","floor":50,"turns":17},{"damage":25,"enemies":"Donu and Deca","floor":51,"turns":10},{"damage":0,"enemies":"Shield and Spear","floor":55,"turns":9},{"damage":78,"enemies":"The Heart","floor":56,"turns":11}],"seed_played":"-8981598805204448986","potions_obtained":[{"floor":2,"key":"PowerPotion"},{"floor":6,"key":"BlessingOfTheForge"},{"floor":8,"key":"Strength Potion"},{"floor":22,"key":"GamblersBrew"},{"floor":23,"key":"DuplicationPotion"},{"floor":27,"key":"CultistPotion"},{"floor":36,"key":"SneckoOil"},{"floor":37,"key":"Ancient Potion"}],"is_trial":false,"path_per_floor":["M","M","M","T","?","E","R","E","T","T","R","?","$","E","R","B",null,"M","?","?","?","M","E","R","E","T","E","M","R","?","M","R","B",null,"M","?","M","?","M","R","E","R","T","E","M","E","M","M","R","B","B",null,"R","$","E","B"],"character_chosen":"DEFECT","items_purchased":["Skim","Cold Snap","Capacitor","Toolbox","Centennial Puzzle","Boot"],"campfire_rested":1,"item_purchase_floors":[13,13,54,54,54,54],"current_hp_per_floor":[63,63,63,63,63,50,50,40,40,40,40,45,45,21,21,20,62,62,62,62,62,62,54,54,33,33,22,29,29,29,36,58,59,72,73,73,76,66,52,52,59,59,59,66,73,69,76,76,76,76,58,72,72,72,76,0,0],"gold":167,"neow_bonus":"BOSS_RELIC","is_daily":false,"chose_seed":false,"campfire_upgraded":8,"win_rate":0.0,"timestamp":1612573091,"path_taken":["M","M","M","?","?","E","R","E","T","?","R","?","$","E","R","BOSS","M","?","?","?","M","E","R","E","T","E","M","R","?","M","R","BOSS","M","?","?","?","M","R","E","R","T","E","M","E","M","M","R","BOSS","BOSS","R","$","E","BOSS"],"items_purchased_type":["Card","Card","Card","Relic","Relic","Relic"],"build_version":"2020-12-18","purchased_purges":0,"victory":false,"max_hp_per_floor":[71,71,71,71,71,71,71,71,71,71,71,76,76,76,76,76,76,76,76,76,76,76,76,76,76,76,76,76,76,76,76,76,76,76,76,76,76,76,76,76,76,76,76,76,76,76,76,76,76,76,76,76,76,76,76,76,76],"relic_stats":{"Gremlin Horn":[21,21],"counters":[29,193],"CeramicFish":90,"PreservedInsect":270,"Orichalcum":[30],"Smiling Mask":0,"Boot":[24],"Centennial Puzzle":[3],"Busted Crown":58,"Sundial":[78],"Ornamental Fan":[268],"Bronze Scales":[165],"Pandora\u0027s Box":["Machine Learning","Rip and Tear","Go for the Eyes","Recycle","Heatsinks","Blizzard","Cold Snap"],"obtain_stats":[{"Lantern":9,"Gremlin Horn":6,"CeramicFish":27,"Oddly Smooth Stone":10,"Vajra":23,"PreservedInsect":41,"Orichalcum":8,"Smiling Mask":44,"Boot":54,"White Beast Statue":43,"SlaversCollar":34,"DataDisk":14,"Centennial Puzzle":54,"Busted Crown":0,"Sundial":4,"Ornamental Fan":25,"Bronze Scales":55,"Toolbox":54,"Pandora\u0027s Box":17,"Red Mask":21,"Bag of Marbles":46,"Cracked Core":0},{"Lantern":5,"Gremlin Horn":4,"CeramicFish":13,"Oddly Smooth Stone":5,"Vajra":11,"PreservedInsect":20,"Orichalcum":5,"Smiling Mask":21,"Boot":27,"White Beast Statue":20,"SlaversCollar":16,"DataDisk":6,"Centennial Puzzle":27,"Busted Crown":0,"Sundial":3,"Ornamental Fan":12,"Bronze Scales":28,"Toolbox":27,"Pandora\u0027s Box":7,"Red Mask":9,"Bag of Marbles":23,"Cracked Core":0},{"Lantern":20,"Gremlin Horn":15,"CeramicFish":71,"Oddly Smooth Stone":20,"Vajra":57,"PreservedInsect":118,"Orichalcum":20,"Smiling Mask":126,"Boot":173,"White Beast Statue":118,"SlaversCollar":94,"DataDisk":25,"Centennial Puzzle":173,"Busted Crown":0,"Sundial":10,"Ornamental Fan":63,"Bronze Scales":182,"Toolbox":173,"Pandora\u0027s Box":39,"Red Mask":46,"Bag of Marbles":137,"Cracked Core":0}]},"card_choices":[{"not_picked":[],"picked":"Conserve Battery","floor":1},{"not_picked":[],"picked":"Sweeping Beam","floor":2},{"not_picked":[],"picked":"Doom and Gloom","floor":3},{"not_picked":[],"picked":"Coolheaded","floor":6},{"not_picked":[],"picked":"Glacier","floor":8},{"not_picked":["Leap"],"picked":"SKIP","floor":14},{"not_picked":["Force Field"],"picked":"SKIP","floor":18},{"not_picked":["Beam Cell"],"picked":"SKIP","floor":22},{"not_picked":["Streamline"],"picked":"SKIP","floor":23},{"not_picked":["Leap"],"picked":"SKIP","floor":25},{"not_picked":["Hello World"],"picked":"SKIP","floor":27},{"not_picked":["Sunder"],"picked":"SKIP","floor":28},{"not_picked":["Scrape"],"picked":"SKIP","floor":31},{"not_picked":[],"picked":"Reboot","floor":33},{"not_picked":[],"picked":"Coolheaded","floor":35},{"not_picked":["Sweeping Beam"],"picked":"SKIP","floor":37},{"not_picked":[],"picked":"Master of Strategy","floor":38},{"not_picked":[],"picked":"Secret Technique","floor":38},{"not_picked":[],"picked":"Deep Breath","floor":38},{"not_picked":[],"picked":"Hologram","floor":39},{"not_picked":["Gash"],"picked":"SKIP","floor":41},{"not_picked":[],"picked":"Barrage","floor":44},{"not_picked":["Conserve Battery"],"picked":"SKIP","floor":45},{"not_picked":[],"picked":"Seek","floor":46},{"not_picked":["Gash"],"picked":"SKIP","floor":47},{"not_picked":[],"picked":"Skim","floor":48},{"not_picked":["Cold Snap"],"picked":"SKIP","floor":55}],"player_experience":1880883,"relics_obtained":[{"floor":4,"key":"Sundial"},{"floor":6,"key":"Gremlin Horn"},{"floor":8,"key":"Orichalcum"},{"floor":9,"key":"Lantern"},{"floor":10,"key":"Oddly Smooth Stone"},{"floor":14,"key":"DataDisk"},{"floor":21,"key":"Red Mask"},{"floor":23,"key":"Vajra"},{"floor":25,"key":"Ornamental Fan"},{"floor":27,"key":"CeramicFish"},{"floor":41,"key":"PreservedInsect"},{"floor":43,"key":"White Beast Statue"},{"floor":44,"key":"Smiling Mask"},{"floor":46,"key":"Bag of Marbles"},{"floor":55,"key":"Bronze Scales"}],"event_choices":[{"cards_removed":["Strike_B"],"damage_healed":0,"gold_gain":0,"player_choice":"Card Removal","damage_taken":0,"max_hp_gain":0,"max_hp_loss":0,"event_name":"The Cleric","floor":5,"gold_loss":75},{"damage_healed":0,"gold_gain":0,"player_choice":"Donut","damage_taken":0,"max_hp_gain":5,"max_hp_loss":0,"event_name":"Big Fish","floor":12,"gold_loss":0},{"damage_healed":0,"gold_gain":0,"player_choice":"Read","damage_taken":0,"max_hp_gain":0,"max_hp_loss":0,"event_name":"The Library","floor":19,"gold_loss":0,"cards_obtained":["Self Repair"]},{"damage_healed":0,"gold_gain":0,"cards_transformed":["Heatsinks","Zap"],"player_choice":"Became Test Subject","damage_taken":0,"max_hp_gain":0,"max_hp_loss":0,"event_name":"Drug Dealer","floor":20,"gold_loss":0,"cards_obtained":["Loop","BootSequence"]},{"damage_healed":0,"gold_gain":0,"player_choice":"Fought Bandits","damage_taken":0,"max_hp_gain":0,"max_hp_loss":0,"event_name":"Masked Bandits","floor":21,"gold_loss":0},{"cards_removed":["Recycle"],"damage_healed":0,"gold_gain":0,"player_choice":"Elegance","damage_taken":0,"max_hp_gain":0,"max_hp_loss":0,"event_name":"Back to Basics","floor":30,"gold_loss":0},{"damage_healed":0,"gold_gain":0,"player_choice":"Bought 1 Potion","damage_taken":0,"max_hp_gain":0,"max_hp_loss":0,"event_name":"The Woman in Blue","floor":36,"gold_loss":0},{"damage_healed":0,"gold_gain":0,"player_choice":"Memory 3","damage_taken":10,"max_hp_gain":0,"max_hp_loss":0,"event_name":"SensoryStone","floor":38,"gold_loss":0}],"is_beta":true,"boss_relics":[{"not_picked":["Calling Bell","Tiny House"],"picked":"Pandora\u0027s Box"},{"not_picked":["Fusion Hammer","Sozu"],"picked":"SlaversCollar"}],"items_purged_floors":[],"is_endless":false,"potions_floor_spawned":[2,6,8,22,23,27,31,37,39,44,45,46,47,48,55],"killed_by":"The Heart","ascension_level":20}}