{"host":"ocllwaoi18j60ltd","time":1612627885,"event":{"mods":["BaseMod","DeckTracker","Minty Spire (QoL Compilation)","Permanent Neow","Quick Restart","StSLib","SuperFastMode"],"gold_per_floor":[111,126,139,151,151,181,181,211,211,227,239,253,253,203,203,203,203],"floor_reached":16,"language":"KOR","playtime":267,"items_purged":["Strike_G"],"score":208,"play_id":"0334c2d2-48a6-4d82-b316-a70b941c330f","local_time":"20210207011125","is_ascension_mode":true,"campfire_choices":[{"data":"Terror","floor":7.0,"key":"SMITH"},{"floor":15.0,"key":"REST"}],"circlet_count":0,"master_deck":["AscendersBane","Strike_G","Strike_G","Strike_G+1","Defend_G","Defend_G","Defend_G","Defend_G","Defend_G","Survivor","Neutralize+1","Terror+1","Deadly Poison","Dagger Spray+1","Grand Finale"],"relics":["Ring of the Snake","Smiling Mask","Meat on the Bone"],"acts_visited":["Exordium"],"potions_floor_usage":[16,16],"damage_taken":[{"damage":0.0,"enemies":"Jaw Worm","floor":1.0,"turns":5.0},{"damage":7.0,"enemies":"2 Louse","floor":2.0,"turns":3.0},{"damage":0.0,"enemies":"Cultist","floor":3.0,"turns":4.0},{"damage":11.0,"enemies":"Large Slime","floor":4.0,"turns":5.0},{"damage":10.0,"enemies":"3 Sentries","floor":6.0,"turns":3.0},{"damage":0.0,"enemies":"Blue Slaver","floor":10.0,"turns":3.0},{"damage":17.0,"enemies":"2 Fungi Beasts","floor":11.0,"turns":3.0},{"damage":5.0,"enemies":"Lots of Slimes","floor":12.0,"turns":3.0},{"damage":50,"enemies":"Slime Boss","floor":16,"turns":7}],"seed_played":"-3213382471666272300","potions_obtained":[{"floor":1.0,"key":"PowerPotion"},{"floor":3.0,"key":"BlessingOfTheForge"},{"floor":6.0,"key":"ColorlessPotion"}],"is_trial":false,"path_per_floor":["M","M","M","M","?","E","R","?","T","M","M","M","?","$","R","B"],"character_chosen":"THE_SILENT","items_purchased":[],"campfire_rested":1,"item_purchase_floors":[],"current_hp_per_floor":[59,52,52,41,21,11,11,11,11,23,18,25,18,18,37,0,0],"gold":203,"neow_bonus":"UPGRADE_CARD","is_daily":false,"chose_seed":false,"campfire_upgraded":1,"win_rate":0.0,"timestamp":1612627885,"path_taken":["M","M","M","M","?","E","R","?","T","M","M","?","?","$","R","BOSS"],"items_purchased_type":[],"build_version":"2020-12-22","purchased_purges":1,"victory":false,"max_hp_per_floor":[66,66,66,66,66,66,66,66,66,66,66,66,66,66,66,66,66],"card_choices":[{"not_picked":["Catalyst","Calculated Gamble"],"picked":"Terror","floor":1.0},{"not_picked":["Accuracy","Backflip"],"picked":"Deadly Poison","floor":2.0},{"not_picked":["Distraction","Prepared"],"picked":"Dagger Spray","floor":3.0},{"not_picked":["Bane","Deflect"],"picked":"Grand Finale","floor":4.0},{"not_picked":["Outmaneuver","Deadly Poison","Flechettes"],"picked":"SKIP","floor":6.0},{"not_picked":["Poisoned Stab","Finisher","Terror"],"picked":"SKIP","floor":10.0},{"not_picked":["Bane","Outmaneuver","Flying Knee"],"picked":"SKIP","floor":11.0},{"not_picked":["Flechettes","Dagger Spray","Quick Slash"],"picked":"SKIP","floor":12.0}],"player_experience":846575,"relics_obtained":[{"floor":6.0,"key":"Smiling Mask"},{"floor":9.0,"key":"Meat on the Bone"}],"event_choices":[{"damage_healed":0.0,"max_hp_gain":0.0,"max_hp_loss":0.0,"gold_gain":0.0,"event_name":"Shining Light","player_choice":"Entered Light","floor":5.0,"gold_loss":0.0,"damage_taken":20.0,"cards_upgraded":["Dagger Spray","Strike_G"]},{"damage_healed":0.0,"max_hp_gain":0.0,"max_hp_loss":0.0,"gold_gain":30.0,"event_name":"Dead Adventurer","player_choice":"Searched \u00271\u0027 times","floor":8.0,"gold_loss":0.0,"damage_taken":0.0},{"cards_removed":["Strike_G"],"damage_healed":0.0,"max_hp_gain":0.0,"max_hp_loss":0.0,"gold_gain":0.0,"event_name":"Golden Wing","player_choice":"Card Removal","floor":13.0,"gold_loss":0.0,"damage_taken":7.0}],"is_beta":false,"boss_relics":[],"items_purged_floors":[14],"is_endless":false,"potions_floor_spawned":[1,3,4,6],"killed_by":"Slime Boss","ascension_level":20}}