{"host":"edan538w829056nc","time":1612654556,"event":{"mods":["AchievementEnabler","BaseMod","Custom Start","Highlight Path","Infinite Spire","Minty Spire (QoL Compilation)","Remilia??????","StSLib"],"gold_per_floor":[112,112,112,112,123,151,164,183,183,108,134,145,145,165,165,165,165],"floor_reached":16,"language":"ENG","playtime":520,"items_purged":["Strike_P"],"score":164,"play_id":"d52efcc2-25a3-4fff-b97c-be17673ab737","local_time":"20210207003556","is_ascension_mode":true,"campfire_choices":[{"floor":13,"key":"REST"},{"data":"Study","floor":15,"key":"SMITH"}],"circlet_count":0,"master_deck":["Strike_P+1","Strike_P","Defend_P","Defend_P","Defend_P+1","Defend_P","Eruption","Vigilance","Consecrate","Wallop","ClearTheMind","Pray","Study+1","JustLucky","Protect","SashWhip"],"relics":["Ring of the Snake","infinitespire:Cubic Diamond","Boot","Juzu Bracelet","AntiCross"],"acts_visited":["Exordium"],"potions_floor_usage":[6,11],"damage_taken":[{"damage":0,"enemies":"Cultist","floor":1,"turns":2},{"damage":4,"enemies":"Jaw Worm","floor":5,"turns":3},{"damage":0,"enemies":"Gremlin Nob","floor":6,"turns":3},{"damage":0,"enemies":"Small Slimes","floor":7,"turns":2},{"damage":21,"enemies":"Exordium Thugs","floor":8,"turns":5},{"damage":29,"enemies":"Lagavulin","floor":11,"turns":7},{"damage":5,"enemies":"Exordium Wildlife","floor":12,"turns":2},{"damage":11,"enemies":"Blue Slaver","floor":14,"turns":2},{"damage":19,"enemies":"The Guardian","floor":16,"turns":7}],"seed_played":"-5650256993719835178","potions_obtained":[{"floor":5,"key":"BottledMiracle"},{"floor":7,"key":"Regen Potion"}],"is_trial":false,"path_per_floor":["M","?","?","?","M","E","M","M","T","$","E","M","R","M","R","B"],"character_chosen":"WATCHER","items_purchased":[],"campfire_rested":1,"item_purchase_floors":[],"current_hp_per_floor":[72,58,51,51,47,47,47,26,26,26,12,7,28,17,17,0,0],"gold":165,"neow_bonus":"THREE_CARDS","is_daily":false,"chose_seed":false,"campfire_upgraded":1,"win_rate":0.0,"timestamp":1612654556,"path_taken":["M","?","?","?","M","E","?","M","T","?","E","M","R","M","R","BOSS"],"items_purchased_type":[],"build_version":"2020-12-22","purchased_purges":1,"victory":false,"max_hp_per_floor":[72,72,72,72,72,72,72,72,72,72,72,72,72,72,72,72,72],"card_choices":[{"not_picked":["ThirdEye","EmptyBody"],"picked":"Consecrate","floor":0},{"not_picked":["CarveReality","Worship"],"picked":"Wallop","floor":1},{"not_picked":["Crescendo","JustLucky"],"picked":"ClearTheMind","floor":5},{"not_picked":["Blasphemy","InnerPeace"],"picked":"Pray","floor":6},{"not_picked":["Consecrate","Collect"],"picked":"Study","floor":7},{"not_picked":["CrushJoints","Wireheading","JustLucky"],"picked":"SKIP","floor":8},{"not_picked":["Weave","EmptyBody"],"picked":"JustLucky","floor":11},{"not_picked":["CarveReality","SandsOfTime"],"picked":"Protect","floor":12},{"not_picked":["Omniscience","Evaluate"],"picked":"SashWhip","floor":14}],"player_experience":477545,"relics_obtained":[{"floor":6,"key":"Boot"},{"floor":9,"key":"Juzu Bracelet"},{"floor":11,"key":"AntiCross"}],"event_choices":[{"damage_healed":0,"gold_gain":0,"player_choice":"Entered Light","damage_taken":14,"max_hp_gain":0,"max_hp_loss":0,"event_name":"Shining Light","floor":2,"gold_loss":0,"cards_upgraded":["Defend_P","Strike_P"]},{"cards_removed":["Strike_P"],"damage_healed":0,"gold_gain":0,"player_choice":"Card Removal","damage_taken":7,"max_hp_gain":0,"max_hp_loss":0,"event_name":"Golden Wing","floor":3,"gold_loss":0}],"is_beta":false,"boss_relics":[],"items_purged_floors":[10],"is_endless":false,"potions_floor_spawned":[5,7],"killed_by":"The Guardian","ascension_level":4}}