{"host":"f5gffvlv6a66yqkd","time":1612591736,"event":{"mods":["2.2 Compatiblity","BaseMod","Colored Map","Custom Start","DeckTracker","Keyboard Shortcuts","Minty Spire (QoL Compilation)","Permanent Neow","Quick Restart","Relic Stats","StSLib","SuperFastMode"],"gold_per_floor":[12,12,22,22,37,37,69,69,69,69,80,80,90,140,140,140,140],"floor_reached":16,"language":"KOR","playtime":247,"items_purged":[],"score":200,"play_id":"531afef7-ff82-403b-8fe8-bd0c36d880a0","local_time":"20210206150856","is_ascension_mode":true,"campfire_choices":[{"data":"Twin Strike","floor":6,"key":"SMITH"},{"data":"Armaments","floor":8,"key":"SMITH"},{"data":"Bash","floor":12,"key":"SMITH"},{"data":"Pommel Strike","floor":15,"key":"SMITH"}],"circlet_count":0,"master_deck":["AscendersBane","Strike_R","Strike_R","Strike_R","Strike_R","Defend_R","Defend_R","Defend_R","Defend_R","Bash+1","Armaments+1","Decay","Thunderclap","Twin Strike+1","Pommel Strike+1","Anger","Infernal Blade"],"relics":["Burning Blood","Torii","InkBottle","Letter Opener"],"acts_visited":["Exordium"],"potions_floor_usage":[7,16],"damage_taken":[{"damage":1,"enemies":"2 Louse","floor":1,"turns":4},{"damage":2,"enemies":"Cultist","floor":3,"turns":4},{"damage":10,"enemies":"Jaw Worm","floor":5,"turns":5},{"damage":27,"enemies":"Gremlin Nob","floor":7,"turns":4},{"damage":13,"enemies":"Large Slime","floor":11,"turns":5},{"damage":23,"enemies":"Exordium Thugs","floor":13,"turns":4},{"damage":28,"enemies":"Hexaghost","floor":16,"turns":7}],"seed_played":"532017996160154838","potions_obtained":[{"floor":3,"key":"Ancient Potion"},{"floor":7,"key":"Dexterity Potion"},{"floor":11,"key":"LiquidBronze"}],"is_trial":false,"path_per_floor":["M","?","M","$","M","R","E","R","T","?","M","R","M","?","R","B"],"character_chosen":"IRONCLAD","items_purchased":[],"campfire_rested":0,"item_purchase_floors":[],"current_hp_per_floor":[73,73,75,75,71,71,50,50,50,50,43,43,26,26,26,0,0],"gold":140,"neow_bonus":"ONE_RARE_RELIC","is_daily":false,"chose_seed":false,"campfire_upgraded":4,"win_rate":0.0,"timestamp":1612591736,"path_taken":["M","?","M","?","M","R","E","R","T","?","M","R","M","?","R","BOSS"],"items_purchased_type":[],"build_version":"2020-12-22","purchased_purges":0,"victory":false,"max_hp_per_floor":[75,75,75,75,75,75,75,75,75,75,75,75,75,75,75,75,75],"relic_stats":{"Torii":14,"counters":[7,33],"Letter Opener":[5],"obtain_stats":[{"Torii":0,"Letter Opener":9,"Burning Blood":0,"InkBottle":7},{"Torii":0,"Letter Opener":4,"Burning Blood":0,"InkBottle":4},{"Torii":0,"Letter Opener":17,"Burning Blood":0,"InkBottle":17}],"Burning Blood":34,"InkBottle":[5]},"card_choices":[{"not_picked":["Havoc","Warcry"],"picked":"Armaments","floor":1},{"not_picked":["Clash","Intimidate"],"picked":"Thunderclap","floor":3},{"not_picked":["Bloodletting","Rage"],"picked":"Twin Strike","floor":5},{"not_picked":["Armaments","Wild Strike"],"picked":"Pommel Strike","floor":7},{"not_picked":["Dropkick","Reckless Charge"],"picked":"Infernal Blade","floor":11},{"not_picked":["Rampage","Reaper","Pommel Strike"],"picked":"SKIP","floor":13}],"player_experience":1663943,"relics_obtained":[{"floor":7,"key":"InkBottle"},{"floor":9,"key":"Letter Opener"}],"event_choices":[{"damage_healed":0,"gold_gain":0,"player_choice":"Cursed","damage_taken":0,"max_hp_gain":0,"max_hp_loss":0,"event_name":"Wheel of Change","floor":2,"gold_loss":0,"cards_obtained":["Decay"]},{"damage_healed":0,"gold_gain":0,"cards_transformed":["Strike_R"],"player_choice":"Change","damage_taken":0,"max_hp_gain":0,"max_hp_loss":0,"event_name":"Living Wall","floor":10,"gold_loss":0,"cards_obtained":["Anger"]},{"damage_healed":0,"gold_gain":50,"player_choice":"Pray","damage_taken":0,"max_hp_gain":0,"max_hp_loss":0,"event_name":"Golden Shrine","floor":14,"gold_loss":0}],"is_beta":false,"boss_relics":[],"items_purged_floors":[],"is_endless":false,"potions_floor_spawned":[3,7,11],"killed_by":"Hexaghost","ascension_level":20}}