{"host":"gaqyve1328ta0etl","time":1612575565,"event":{"mods":["BaseMod","Colored Map","Colored Powertips","Duelist Mod","Googly Eyes","Hero for Fun","Minty Spire (QoL Compilation)","Shop Mod","StSLib","SuperFastMode","The Hierophant","The Runesmith"],"gold_per_floor":[111,23,33,33,50,50,60,60,87,114,114,126,51,67,67,166,166,186,40,40,0,20,20,43,73,73,73,106,31,44,59,59,59,59],"floor_reached":33,"language":"ENG","playtime":1053,"items_purged":["Strike_B","Strike_B"],"score":428,"play_id":"fa679c79-7d2d-4962-9895-cf5f14c391a2","local_time":"20210205173925","is_ascension_mode":true,"campfire_choices":[{"data":"Zap","floor":6,"key":"SMITH"},{"data":"Dualcast","floor":8,"key":"SMITH"},{"data":"Recycle","floor":11,"key":"SMITH"},{"floor":15,"key":"REST"},{"floor":23,"key":"REST"},{"floor":32,"key":"REST"}],"circlet_count":0,"master_deck":["AscendersBane","Defend_B","Defend_B","Defend_B","Defend_B","Zap+1","Dualcast+1","Lockon","Blind","Recycle+1","Rainbow","Ball Lightning","Sweeping Beam+1","Gash+1","Stack+1","Glacier+1"],"relics":["Cracked Core","Centennial Puzzle","Juzu Bracelet","Anchor","Empty Cage","Toy Ornithopter","StrikeDummy","Ornamental Fan","Girya"],"acts_visited":["Exordium","TheCity"],"potions_floor_usage":[7,10,25,28,31,33,33],"damage_taken":[{"damage":0,"enemies":"Small Slimes","floor":1,"turns":4},{"damage":0,"enemies":"Cultist","floor":3,"turns":4},{"damage":3,"enemies":"2 Louse","floor":5,"turns":3},{"damage":4,"enemies":"Blue Slaver","floor":7,"turns":3},{"damage":10,"enemies":"Lagavulin","floor":10,"turns":5},{"damage":8,"enemies":"3 Louse","floor":12,"turns":3},{"damage":0,"enemies":"Red Slaver","floor":14,"turns":2},{"damage":38,"enemies":"The Guardian","floor":16,"turns":14},{"damage":17,"enemies":"Spheric Guardian","floor":18,"turns":5},{"damage":2,"enemies":"Chosen","floor":22,"turns":4},{"damage":19,"enemies":"theDuelist:KaibaA2","floor":25,"turns":5},{"damage":16,"enemies":"Gremlin Leader","floor":28,"turns":4},{"damage":13,"enemies":"Snake Plant","floor":30,"turns":3},{"damage":11,"enemies":"Snecko","floor":31,"turns":5},{"damage":119,"enemies":"Automaton","floor":33,"turns":16}],"seed_played":"8990063716048638427","potions_obtained":[{"floor":1,"key":"FearPotion"},{"floor":5,"key":"Energy Potion"},{"floor":7,"key":"Fruit Juice"},{"floor":16,"key":"Explosive Potion"},{"floor":22,"key":"Regen Potion"},{"floor":28,"key":"FairyPotion"},{"floor":30,"key":"SkillPotion"},{"floor":31,"key":"BlessingOfTheForge"}],"is_trial":false,"path_per_floor":["M","$","M","?","M","R","M","R","T","E","R","M","$","M","R","B",null,"M","$","$","?","M","R","T","E","T","?","E","?","M","M","R","B"],"character_chosen":"DEFECT","items_purchased":["Blind","Ball Lightning"],"campfire_rested":3,"item_purchase_floors":[2,19],"current_hp_per_floor":[68,68,68,68,65,65,66,66,66,56,56,48,48,48,72,34,69,52,52,52,52,50,74,74,68,68,68,57,57,44,38,62,0,0],"gold":59,"neow_bonus":"RANDOM_COMMON_RELIC","is_daily":false,"chose_seed":false,"campfire_upgraded":3,"win_rate":0.0,"timestamp":1612575565,"path_taken":["M","$","M","?","M","R","M","R","T","E","R","M","$","M","R","BOSS","M","?","$","?","M","R","?","E","T","?","E","?","M","M","R","BOSS"],"items_purchased_type":["Card","Card"],"build_version":"2020-12-22","purchased_purges":2,"victory":false,"max_hp_per_floor":[75,75,75,75,75,75,80,80,80,80,80,80,80,80,80,80,80,80,80,80,80,80,80,80,80,80,80,80,80,80,80,80,80,80],"card_choices":[{"not_picked":["Turbo","Compile Driver"],"picked":"Lockon","floor":1},{"not_picked":["Double Energy","Stack"],"picked":"Go for the Eyes","floor":3},{"not_picked":["Steam","Turbo"],"picked":"Sweeping Beam","floor":5},{"not_picked":["Capacitor","Streamline","Force Field"],"picked":"SKIP","floor":7},{"not_picked":["Capacitor","Leap"],"picked":"Recycle","floor":10},{"not_picked":["Cold Snap","Turbo","Steam"],"picked":"SKIP","floor":12},{"not_picked":["Auto Shields","Tempest","Cold Snap"],"picked":"SKIP","floor":14},{"not_picked":["Biased Cognition","Creative AI"],"picked":"Rainbow","floor":16},{"not_picked":["Blizzard","Chill","Turbo"],"picked":"SKIP","floor":18},{"not_picked":["Ball Lightning","Steam Power"],"picked":"Sweeping Beam+1","floor":22},{"not_picked":["Scrape","Lockon","Rip and Tear"],"picked":"SKIP","floor":25},{"not_picked":["Stack+1","Compile Driver"],"picked":"Gash+1","floor":28},{"not_picked":["Steam","Conserve Battery+1"],"picked":"Stack+1","floor":30},{"not_picked":["Meteor Strike","Rip and Tear"],"picked":"Glacier+1","floor":31}],"player_experience":2080794,"relics_obtained":[{"floor":9,"key":"Juzu Bracelet"},{"floor":10,"key":"Anchor"},{"floor":24,"key":"Toy Ornithopter"},{"floor":25,"key":"StrikeDummy"},{"floor":26,"key":"Ornamental Fan"},{"floor":28,"key":"Girya"}],"event_choices":[{"cards_removed":["Strike_B"],"damage_healed":0,"gold_gain":0,"player_choice":"Offered Basic","damage_taken":0,"max_hp_gain":0,"max_hp_loss":0,"event_name":"Bonfire Elementals","floor":4,"gold_loss":0},{"damage_healed":0,"gold_gain":0,"player_choice":"Paid Fearfully","damage_taken":0,"max_hp_gain":0,"max_hp_loss":0,"event_name":"Masked Bandits","floor":21,"gold_loss":40},{"damage_healed":0,"gold_gain":0,"player_choice":"Ignored","damage_taken":0,"max_hp_gain":0,"max_hp_loss":0,"event_name":"Ghosts","floor":27,"gold_loss":0},{"cards_removed":["Sweeping Beam"],"damage_healed":0,"gold_gain":0,"player_choice":"Gave Gold","damage_taken":0,"max_hp_gain":0,"max_hp_loss":0,"event_name":"Beggar","floor":29,"gold_loss":75}],"is_beta":false,"boss_relics":[{"not_picked":["Pandora\u0027s Box","Runic Pyramid"],"picked":"Empty Cage"}],"items_purged_floors":[13,19],"is_endless":false,"potions_floor_spawned":[1,5,7,16,22,28,30,31],"killed_by":"Automaton","ascension_level":10}}