{"host":"yam1wfjwvpwz1503","time":1612614332,"event":{"mods":["Act Like it!","Aspiration","Bard","BaseMod","Beaked The Cultist","Colored Powertips","Custom Start","Downfall","Friendly Minions","Hallownest","Hermit","Highlight Path","Hubris","Infinite Spire","Lobotomy","Minty Spire (QoL Compilation)","Quick Restart","Random Character Button","Replay The Spire","Shop Mod","StSLib","The Bug Knight","The Cursed","The Disciple","The Jungle","The Kombatant","The Runesmith"],"gold_per_floor":[116,41,41,41,53,53,53,63,63,63,89,108,122,134,134,134,134],"floor_reached":16,"language":"ENG","playtime":1092,"items_purged":[],"score":155,"play_id":"a8d516c5-1d47-42ae-b248-8bf3ba02cfb2","local_time":"20210206142532","is_ascension_mode":true,"campfire_choices":[{"data":"HollowMod:SoulEater","floor":6,"key":"SMITH"},{"data":"HollowMod:CornifersMapStart","floor":10,"key":"SMITH"},{"floor":15,"key":"REST"}],"circlet_count":0,"master_deck":["HollowMod:NailStrikeStart","HollowMod:NailStrikeStart","HollowMod:NailStrikeStart","HollowMod:NailStrikeStart","HollowMod:QuickDashStart","HollowMod:QuickDashStart","HollowMod:QuickDashStart","HollowMod:QuickDashStart","HollowMod:FocusHealStart+1","HollowMod:PogoStrike","HollowMod:SoulEater+1","Writhe","HollowMod:CornifersMapStart+1","HollowMod:ChannelNail","HollowMod:GoodIntentions"],"relics":["HollowMod:VesselMask","Hallownest:DreamNailRelic","Smiling Mask","hubris:GlazedTorus"],"acts_visited":["Exordium"],"potions_floor_usage":[11,16,16],"damage_taken":[{"damage":0,"enemies":"2_ Uuma","floor":1,"turns":6},{"damage":0,"enemies":"Hallownest:monsterHuskWarrior","floor":5,"turns":4},{"damage":3,"enemies":"Hallownest:2_MossCreeps","floor":8,"turns":6},{"damage":30,"enemies":"Hallownest:eliteMossKnight","floor":11,"turns":16},{"damage":37,"enemies":"Hallownest:Guard_and_Warrior","floor":12,"turns":8},{"damage":2,"enemies":"Hallownest:monsterMossCharger","floor":13,"turns":6},{"damage":31,"enemies":"Hallownest:1_Baldur_1_Crawlid_1_Warrior","floor":14,"turns":8},{"damage":64,"enemies":"Hallownest:BossBrokenVessel","floor":16,"turns":8}],"seed_played":"6545743233320770714","potions_obtained":[{"floor":8,"key":"Block Potion"},{"floor":12,"key":"SteroidPotion"},{"floor":14,"key":"Fire Potion"}],"is_trial":false,"path_per_floor":["M","?","?","?","M","R","?","M","T","R","E","M","M","M","R","B"],"character_chosen":"THE_BUGKNIGHT","items_purchased":[],"campfire_rested":1,"item_purchase_floors":[],"current_hp_per_floor":[74,79,89,89,90,90,90,90,90,90,66,41,51,26,53,0,0],"gold":134,"neow_bonus":"UPGRADE_CARD","is_daily":false,"chose_seed":false,"campfire_upgraded":2,"win_rate":0.0,"timestamp":1612614332,"path_taken":["M","?","?","?","?","R","?","?","T","R","E","M","M","M","R","BOSS"],"items_purchased_type":[],"build_version":"2020-12-22","purchased_purges":0,"victory":false,"max_hp_per_floor":[75,80,90,90,90,90,90,90,90,90,90,90,90,90,90,90,90],"card_choices":[{"not_picked":["HollowMod:DreamGate","HollowMod:TaintedHusks"],"picked":"HollowMod:SoulEater","floor":1},{"not_picked":["HollowMod:DoubleDash","HollowMod:TaintedHusks","HollowMod:SiblingsSouls"],"picked":"SKIP","floor":5},{"not_picked":["HollowMod:TaintedHusks","HollowMod:CloakDash"],"picked":"HollowMod:CornifersMapStart","floor":8},{"not_picked":["HollowMod:LifebloodCocoon","HollowMod:BrokenVessel","HollowMod:WraithStrike"],"picked":"SKIP","floor":11},{"not_picked":["HollowMod:SoulVessel","HollowMod:NewGlowingWomb"],"picked":"HollowMod:ChannelNail","floor":12},{"not_picked":["HollowMod:ShapeofUnn","HollowMod:NewGlowingWomb","HollowMod:DoubleDash"],"picked":"SKIP","floor":13},{"not_picked":["HollowMod:MothsMistake","HollowMod:FastStrike"],"picked":"HollowMod:GoodIntentions","floor":14}],"player_experience":1283147,"relics_obtained":[{"floor":9,"key":"Smiling Mask"},{"floor":11,"key":"hubris:GlazedTorus"}],"event_choices":[],"is_beta":false,"boss_relics":[],"items_purged_floors":[],"is_endless":false,"potions_floor_spawned":[8,12,14],"killed_by":"Hallownest:BossBrokenVessel","ascension_level":6}}