{"host":"2kfsro7skzomnm41","time":1612574046,"event":{"mods":["AchievementEnabler","BaseMod","Googly Eyes","Highlight Path","Minty Spire (QoL Compilation)","StSLib"],"gold_per_floor":[114,129,204,25,25,55,70,100,150,150,165,165,180,210,210,310,310,325,340,42,67,67,97,97,97,97,127,157,172,187,87,87,187,187,202,217,217,217,53,53,83,98,98,128,128,143,173,203,203,203],"floor_reached":51,"language":"ENG","playtime":4326,"items_purged":["Skewer","Armaments","Clothesline"],"score":1091,"play_id":"a7c50c5a-6079-4421-b15b-4a595580828a","local_time":"20210205201406","daily_mods":["Draft","Diverse","DeadlyEvents"],"is_ascension_mode":false,"campfire_choices":[{"data":"Omniscience","floor":10.0,"key":"SMITH"},{"data":"TalkToTheHand","floor":12.0,"key":"SMITH"},{"data":"Pommel Strike","floor":15,"key":"SMITH"},{"data":"Acrobatics","floor":24,"key":"SMITH"},{"data":"Perseverance","floor":32,"key":"SMITH"},{"data":"Flash of Steel","floor":40,"key":"SMITH"},{"data":"Gash","floor":49,"key":"SMITH"}],"circlet_count":0,"master_deck":["Havoc","Escape Plan","Perseverance+1","Gash+1","Cloak And Dagger","TalkToTheHand+1","Pommel Strike+1","Sweeping Beam","Intimidate","EmptyFist","Underhanded Strike","SashWhip","Go for the Eyes","Impervious","Dagger Throw","Shrug It Off","Omniscience+1","Acrobatics+1","Escape Plan","Barricade+1","ClearTheMind+1","Dark Embrace+1","Backflip+1","Night Terror+1","Flash of Steel+1","Double Energy+1"],"relics":["Ring of the Snake","Frozen Egg 2","Ancient Tea Set","Dream Catcher","Mercury Hourglass","Busted Crown","Bag of Preparation","Red Mask","Centennial Puzzle","Vajra","Pen Nib","Toxic Egg 2","Tough Bandages","WristBlade","PreservedInsect","MealTicket","White Beast Statue","Toy Ornithopter","Orichalcum","TungstenRod"],"acts_visited":["Exordium","TheCity","TheBeyond"],"potions_floor_usage":[14,16,16,28,28,33,33,33,35,36,48,50],"damage_taken":[{"damage":0.0,"enemies":"Small Slimes","floor":1.0,"turns":3.0},{"damage":0.0,"enemies":"2 Louse","floor":2.0,"turns":2.0},{"damage":0.0,"enemies":"Gremlin Nob","floor":6.0,"turns":4.0},{"damage":0.0,"enemies":"Cultist","floor":7.0,"turns":3.0},{"damage":0.0,"enemies":"Lagavulin","floor":8.0,"turns":8.0},{"damage":0.0,"enemies":"Red Slaver","floor":11.0,"turns":3.0},{"damage":0,"enemies":"Looter","floor":13,"turns":2},{"damage":1,"enemies":"Gremlin Nob","floor":14,"turns":4},{"damage":26,"enemies":"The Guardian","floor":16,"turns":9},{"damage":0,"enemies":"Spheric Guardian","floor":18,"turns":3},{"damage":0,"enemies":"Chosen","floor":19,"turns":4},{"damage":0,"enemies":"Masked Bandits","floor":21,"turns":3},{"damage":0,"enemies":"Book of Stabbing","floor":23,"turns":6},{"damage":0,"enemies":"Slavers","floor":27,"turns":4},{"damage":1,"enemies":"Gremlin Leader","floor":28,"turns":4},{"damage":0,"enemies":"Shelled Parasite and Fungi","floor":29,"turns":3},{"damage":0,"enemies":"Chosen and Byrds","floor":30,"turns":4},{"damage":0,"enemies":"Automaton","floor":33,"turns":13},{"damage":0,"enemies":"3 Darklings","floor":35,"turns":4},{"damage":0,"enemies":"Orb Walker","floor":36,"turns":2},{"damage":9,"enemies":"Reptomancer","floor":41,"turns":5},{"damage":0,"enemies":"3 Darklings","floor":42,"turns":2},{"damage":0,"enemies":"Giant Head","floor":44,"turns":3},{"damage":0,"enemies":"Spire Growth","floor":46,"turns":4},{"damage":0,"enemies":"Nemesis","floor":47,"turns":3},{"damage":0,"enemies":"Reptomancer","floor":48,"turns":2},{"damage":0,"enemies":"Awakened One","floor":50,"turns":7}],"seed_played":"5285009320175426936","potions_obtained":[{"floor":2.0,"key":"Explosive Potion"},{"floor":6.0,"key":"CunningPotion"},{"floor":8.0,"key":"ColorlessPotion"},{"floor":14,"key":"LiquidBronze"},{"floor":21,"key":"ColorlessPotion"},{"floor":28,"key":"EntropicBrew"},{"floor":30,"key":"FearPotion"},{"floor":35,"key":"SpeedPotion"},{"floor":46,"key":"EntropicBrew"},{"floor":47,"key":"SteroidPotion"},{"floor":48,"key":"ColorlessPotion"}],"is_trial":false,"path_per_floor":["M","M","?","$","?","E","M","E","T","R","M","R","M","E","R","B",null,"M","M","$","?","T","E","R","$","T","E","E","M","M","$","R","B",null,"M","M","?","?","$","R","E","M","T","E","T","M","E","E","R","B",null],"character_chosen":"THE_SILENT","items_purchased":["Impervious","Dagger Throw","Bag of Preparation","Dark Embrace+1","Double Energy+1"],"campfire_rested":0,"item_purchase_floors":[4,4,20,20,39],"current_hp_per_floor":[70,70,59,59,64,64,64,64,64,64,64,64,64,63,63,37,75,75,75,75,75,75,75,75,75,75,75,74,74,74,74,74,74,75,75,75,65,70,70,70,61,61,61,61,61,61,61,66,66,71],"gold":203,"neow_bonus":"","is_daily":true,"chose_seed":false,"campfire_upgraded":7,"win_rate":0.0,"timestamp":1612574046,"path_taken":["M","M","?","$","?","E","M","E","T","R","?","R","M","?","R","BOSS","M","M","$","?","?","E","R","?","T","E","?","?","M","$","R","BOSS","M","M","?","?","$","R","?","M","T","E","?","M","?","E","R","BOSS"],"items_purchased_type":["Card","Card","Relic","Card","Card"],"build_version":"2020-12-22","purchased_purges":3,"victory":true,"max_hp_per_floor":[70,70,70,70,75,75,75,75,75,75,75,75,75,75,75,75,75,75,75,75,75,75,75,75,75,75,75,75,75,75,75,75,75,75,75,75,75,75,75,75,75,75,75,75,75,75,75,75,75,75],"card_choices":[{"not_picked":["Rupture","Lockon"],"picked":"Havoc","floor":0.0},{"not_picked":["Clothesline","Iron Wave"],"picked":"Armaments","floor":0.0},{"not_picked":["PathToVictory","Hello World"],"picked":"Escape Plan","floor":0.0},{"not_picked":["Body Slam","Cloak And Dagger"],"picked":"Perseverance","floor":0.0},{"not_picked":["Force Field","Prepared"],"picked":"Clothesline","floor":0.0},{"not_picked":["Auto Shields","Headbutt"],"picked":"Gash","floor":0.0},{"not_picked":["Blizzard","Clash"],"picked":"Skewer","floor":0.0},{"not_picked":["Warcry","FollowUp"],"picked":"Cloak And Dagger","floor":0.0},{"not_picked":["Beam Cell","Cold Snap"],"picked":"TalkToTheHand","floor":0.0},{"not_picked":["Compile Driver","Entrench"],"picked":"Pommel Strike","floor":0.0},{"not_picked":["Deadly Poison","Clash"],"picked":"Sweeping Beam","floor":0.0},{"not_picked":["Quick Slash","Rip and Tear"],"picked":"Intimidate","floor":0.0},{"not_picked":["Deadly Poison","Rupture"],"picked":"EmptyBody","floor":0.0},{"not_picked":["Stack","WreathOfFlame"],"picked":"EmptyFist","floor":0.0},{"not_picked":["Flex","Wild Strike"],"picked":"Underhanded Strike","floor":0.0},{"not_picked":["Perfected Strike","Bane"],"picked":"SashWhip","floor":1.0},{"not_picked":["Headbutt","Havoc"],"picked":"Go for the Eyes","floor":2.0},{"not_picked":["Adaptation+1","Clash"],"picked":"Shrug It Off","floor":6.0},{"not_picked":["Ball Lightning","Crescendo","SashWhip"],"picked":"SKIP","floor":7.0},{"not_picked":["Conserve Battery","Evaluate"],"picked":"Omniscience","floor":8.0},{"not_picked":["ThirdEye","Go for the Eyes"],"picked":"Acrobatics","floor":11.0},{"not_picked":["Conserve Battery","Heavy Blade","Carnage"],"picked":"SKIP","floor":13},{"not_picked":["Underhanded Strike","Crescendo"],"picked":"Escape Plan","floor":14},{"not_picked":["MasterReality+1","Berserk+1"],"picked":"Barricade+1","floor":16},{"not_picked":[],"picked":"ClearTheMind+1","floor":18},{"not_picked":["Cloak And Dagger"],"picked":"SKIP","floor":19},{"not_picked":["Flame Barrier"],"picked":"SKIP","floor":23},{"not_picked":["CutThroughFate+1"],"picked":"SKIP","floor":27},{"not_picked":["Sunder"],"picked":"SKIP","floor":28},{"not_picked":["WreathOfFlame+1"],"picked":"SKIP","floor":29},{"not_picked":[],"picked":"Backflip+1","floor":30},{"not_picked":[],"picked":"Night Terror+1","floor":33},{"not_picked":["Dagger Throw"],"picked":"SKIP","floor":35},{"not_picked":["Clothesline"],"picked":"SKIP","floor":36},{"not_picked":[],"picked":"Flash of Steel","floor":37},{"not_picked":["Deflect+1"],"picked":"SKIP","floor":41},{"not_picked":["CutThroughFate+1"],"picked":"SKIP","floor":42},{"not_picked":["Anger+1"],"picked":"SKIP","floor":44},{"not_picked":["Poisoned Stab+1"],"picked":"SKIP","floor":46},{"not_picked":["Wireheading+1"],"picked":"SKIP","floor":47},{"not_picked":["EmptyFist"],"picked":"SKIP","floor":48}],"player_experience":287545,"relics_obtained":[{"floor":6.0,"key":"Frozen Egg 2"},{"floor":8.0,"key":"Ancient Tea Set"},{"floor":9.0,"key":"Dream Catcher"},{"floor":14,"key":"Mercury Hourglass"},{"floor":21,"key":"Red Mask"},{"floor":22,"key":"Centennial Puzzle"},{"floor":23,"key":"Vajra"},{"floor":26,"key":"Pen Nib"},{"floor":27,"key":"Toxic Egg 2"},{"floor":28,"key":"Tough Bandages"},{"floor":41,"key":"PreservedInsect"},{"floor":43,"key":"MealTicket"},{"floor":44,"key":"White Beast Statue"},{"floor":45,"key":"Toy Ornithopter"},{"floor":47,"key":"Orichalcum"},{"floor":48,"key":"TungstenRod"}],"event_choices":[{"damage_healed":0.0,"max_hp_gain":0.0,"max_hp_loss":0.0,"gold_gain":75.0,"event_name":"World of Goop","player_choice":"Gather Gold","floor":3.0,"gold_loss":0.0,"damage_taken":11.0},{"damage_healed":0.0,"max_hp_gain":5.0,"max_hp_loss":0.0,"gold_gain":0.0,"event_name":"Big Fish","player_choice":"Donut","floor":5.0,"gold_loss":0.0,"damage_taken":0.0},{"damage_healed":0,"gold_gain":0,"player_choice":"Fought Bandits","damage_taken":0,"max_hp_gain":0,"max_hp_loss":0,"event_name":"Masked Bandits","floor":21,"gold_loss":0},{"damage_healed":0,"gold_gain":0,"player_choice":"Memory 3","damage_taken":10,"max_hp_gain":0,"max_hp_loss":0,"event_name":"SensoryStone","floor":37,"gold_loss":0},{"cards_removed":["EmptyBody"],"damage_healed":5,"gold_gain":0,"player_choice":"Offered Common","damage_taken":0,"max_hp_gain":0,"max_hp_loss":0,"event_name":"Bonfire Elementals","floor":38,"gold_loss":0},{"cards_removed":["EmptyBody"],"damage_healed":5,"gold_gain":0,"player_choice":"Offered Special","damage_taken":0,"max_hp_gain":0,"max_hp_loss":0,"event_name":"Bonfire Elementals","floor":38,"gold_loss":0}],"is_beta":false,"boss_relics":[{"not_picked":["Astrolabe","Sozu"],"picked":"Busted Crown"},{"not_picked":["Fusion Hammer","Empty Cage"],"picked":"WristBlade"}],"items_purged_floors":[20,31,39],"is_endless":false,"potions_floor_spawned":[2,6,8,14,21,28,30,35,46,47,48],"ascension_level":0}}