{"host":"rk1e5mmpnpniq13w","time":1612655652,"event":{"mods":["BaseMod","Colored Powertips","Downfall","Hubris","Minty Spire (QoL Compilation)","Replay The Spire","StSLib","The Bug Knight"],"gold_per_floor":[114,132,152,171,183,183,213,227,227,227,227,227,244,244,244],"floor_reached":14,"language":"ENG","playtime":621,"items_purged":[],"score":94,"play_id":"55f5498e-1a05-44a5-8138-4a65f986eea4","local_time":"20210206185412","is_ascension_mode":false,"campfire_choices":[{"data":"HollowMod:WraithStrike","floor":6,"key":"SMITH"},{"floor":12,"key":"REST"}],"circlet_count":0,"master_deck":["HollowMod:NailStrikeStart","HollowMod:NailStrikeStart","HollowMod:NailStrikeStart","HollowMod:NailStrikeStart","HollowMod:QuickDashStart","HollowMod:QuickDashStart","HollowMod:QuickDashStart","HollowMod:QuickDashStart","HollowMod:FocusHealStart","HollowMod:PogoStrike","HollowMod:DescendingDark","HollowMod:ShadowDash","HollowMod:WraithStrike+1","HollowMod:DoubleDash","HollowMod:ShadowDash","HollowMod:ShadowDash","HollowMod:MonarchWings","Pot Of Greed","Pot Of Greed","HollowMod:SharpenedShadows"],"relics":["HollowMod:VesselMask","hubris:MedicalManual","Grinning Jar"],"acts_visited":["Exordium"],"potions_floor_usage":[14,14],"damage_taken":[{"damage":0,"enemies":"2 Louse","floor":1,"turns":2},{"damage":3,"enemies":"Small Slimes","floor":2,"turns":3},{"damage":3,"enemies":"Cultist","floor":3,"turns":4},{"damage":0,"enemies":"Lots of Slimes","floor":4,"turns":1},{"damage":9,"enemies":"Looter","floor":5,"turns":3},{"damage":34,"enemies":"3 Sentries","floor":7,"turns":9},{"damage":4,"enemies":"Red Slaver","floor":8,"turns":3},{"damage":0,"enemies":"3 Louse","floor":13,"turns":2},{"damage":64,"enemies":"Gremlin Nob","floor":14,"turns":5}],"seed_played":"8738413810278529174","potions_obtained":[{"floor":3,"key":"hexamod:SoulburnPotion"},{"floor":7,"key":"ColorlessPotion"},{"floor":8,"key":"Slimebound:ThreeZeroPotion"},{"floor":13,"key":"sneckomod:MuddlingPotion"}],"is_trial":false,"path_per_floor":["M","M","M","M","M","R","E","M","T","?","?","R","M","E"],"character_chosen":"THE_BUGKNIGHT","items_purchased":[],"campfire_rested":1,"item_purchase_floors":[],"current_hp_per_floor":[75,72,72,72,63,63,29,25,25,25,25,47,47,0,0],"gold":244,"neow_bonus":"THREE_CARDS","is_daily":false,"chose_seed":false,"campfire_upgraded":1,"win_rate":0.0,"timestamp":1612655652,"path_taken":["M","M","M","M","M","R","E","M","T","?","?","R","M","E"],"items_purchased_type":[],"build_version":"2020-12-22","purchased_purges":0,"victory":false,"max_hp_per_floor":[75,75,75,75,75,75,75,75,75,75,75,75,75,75,75],"card_choices":[{"not_picked":["HollowMod:DesolateDive","HollowMod:HowlingWraiths"],"picked":"HollowMod:DescendingDark","floor":0},{"not_picked":["HollowMod:InfectedCysts","HollowMod:DashSlash"],"picked":"HollowMod:ShadowDash","floor":1},{"not_picked":["HollowMod:NewGlowingWomb","HollowMod:DesolateDive"],"picked":"HollowMod:WraithStrike","floor":2},{"not_picked":["HollowMod:CycloneSlash","HollowMod:DungDefenderAura","HollowMod:GoodIntentions"],"picked":"SKIP","floor":3},{"not_picked":["HollowMod:MonomonsArchive","HollowMod:HeavyBlow"],"picked":"HollowMod:DoubleDash","floor":4},{"not_picked":["HollowMod:CornifersMapStart","HollowMod:NewJinnsSoul"],"picked":"HollowMod:ShadowDash","floor":5},{"not_picked":["HollowMod:NewLittleFool","HollowMod:CloakDash"],"picked":"HollowMod:ShadowDash","floor":7},{"not_picked":["HollowMod:ShapeofUnn","HollowMod:SoulStrike"],"picked":"HollowMod:MonarchWings","floor":8},{"not_picked":["HollowMod:GreatSlash","HollowMod:ChannelNail"],"picked":"HollowMod:SharpenedShadows","floor":13}],"player_experience":488661,"relics_obtained":[{"floor":7,"key":"hubris:MedicalManual"},{"floor":9,"key":"Grinning Jar"}],"event_choices":[{"damage_healed":0,"gold_gain":0,"player_choice":"Bought 0 Potions","damage_taken":0,"max_hp_gain":0,"max_hp_loss":0,"event_name":"The Woman in Blue","floor":11,"gold_loss":0}],"is_beta":false,"boss_relics":[],"items_purged_floors":[],"is_endless":false,"potions_floor_spawned":[3,7,8,13],"killed_by":"Gremlin Nob","ascension_level":0}}