{"host":"j9610sde00vfp93k","time":1612611417,"event":{"mods":["AchievementEnabler","BaseMod","Minty Spire (QoL Compilation)","StSLib","SuperFastMode"],"gold_per_floor":[114,189,189,189,208,227,265,303,353,391,410,429,429,448,448,573,573,592,611,236,236,236,236,47,62,62,92,122,137,167,167,167,167,167],"floor_reached":33,"language":"ENG","playtime":1703,"items_purged":["Writhe"],"score":325,"play_id":"002da739-f30d-4b52-9de9-798dee3bb17e","local_time":"20210206193657","daily_mods":["Draft","Diverse","DeadlyEvents"],"is_ascension_mode":false,"campfire_choices":[{"floor":13,"key":"REST"},{"floor":15,"key":"REST"},{"floor":23,"key":"REST"},{"floor":32,"key":"REST"}],"circlet_count":0,"master_deck":["Iron Wave","Hello World","Cloak And Dagger","Clothesline","Auto Shields","Clash","FollowUp","TalkToTheHand","Pommel Strike","Clash","Quick Slash","Deadly Poison","WreathOfFlame","Flex","Bane","Go for the Eyes","BowlingBash","Sweeping Beam","Sucker Punch","Iron Wave","Poisoned Stab","SandsOfTime","A Thousand Cuts","Storm of Steel+1","Shrug It Off+1","Metallicize","Flying Knee+1","Backstab","Footwork+1","White Noise","Shrug It Off+1","Prostrate+1"],"relics":["Ring of the Snake","Bloody Idol","Bottled Tornado","Ancient Tea Set","Dream Catcher","Mercury Hourglass","Astrolabe","TwistedFunnel","Lantern","MutagenicStrength","Snake Skull","Centennial Puzzle","Vajra","Toxic Egg 2","Tough Bandages","Pen Nib"],"acts_visited":["Exordium","TheCity"],"potions_floor_usage":[33,33,33,33,33,33],"damage_taken":[{"damage":0.0,"enemies":"Small Slimes","floor":1.0,"turns":2.0},{"damage":10.0,"enemies":"2 Louse","floor":5.0,"turns":3.0},{"damage":0.0,"enemies":"Cultist","floor":6.0,"turns":2.0},{"damage":10.0,"enemies":"Gremlin Nob","floor":7.0,"turns":3.0},{"damage":14,"enemies":"Lagavulin","floor":8,"turns":5},{"damage":5,"enemies":"Gremlin Nob","floor":10,"turns":3},{"damage":4,"enemies":"Red Slaver","floor":11,"turns":3},{"damage":2,"enemies":"Looter","floor":12,"turns":2},{"damage":0,"enemies":"3 Louse","floor":14,"turns":2},{"damage":25,"enemies":"The Guardian","floor":16,"turns":7},{"damage":24,"enemies":"Spheric Guardian","floor":18,"turns":4},{"damage":6,"enemies":"Chosen","floor":19,"turns":4},{"damage":3,"enemies":"Shelled Parasite and Fungi","floor":25,"turns":2},{"damage":19,"enemies":"Book of Stabbing","floor":27,"turns":5},{"damage":8,"enemies":"Slavers","floor":28,"turns":4},{"damage":12,"enemies":"Chosen and Byrds","floor":29,"turns":3},{"damage":7,"enemies":"Gremlin Leader","floor":30,"turns":5},{"damage":61,"enemies":"Automaton","floor":33,"turns":6}],"seed_played":"5285009320175426936","potions_obtained":[{"floor":5.0,"key":"Explosive Potion"},{"floor":7.0,"key":"EssenceOfSteel"},{"floor":8,"key":"Explosive Potion"},{"floor":11,"key":"ColorlessPotion"},{"floor":28,"key":"EntropicBrew"}],"is_trial":false,"path_per_floor":["M","?","?","?","M","M","E","E","T","E","M","M","R","M","R","B",null,"M","M","$","?","?","R","$","M","T","E","E","M","E","T","R","B"],"character_chosen":"THE_SILENT","items_purchased":["TwistedFunnel","Lantern","Snake Skull","Backstab"],"campfire_rested":4,"item_purchase_floors":[20,20,24,24],"current_hp_per_floor":[70,59,59,59,49,49,39,25,25,20,16,14,35,35,56,31,70,46,40,40,40,40,61,61,63,63,49,46,39,37,37,58,0,0],"gold":167,"neow_bonus":"","is_daily":true,"chose_seed":false,"campfire_upgraded":0,"win_rate":0.0,"timestamp":1612611417,"path_taken":["M","?","?","?","M","M","E","?","T","?","M","M","R","M","R","BOSS","M","M","$","?","?","R","$","?","T","E","?","M","E","?","R","BOSS"],"items_purchased_type":["Relic","Relic","Relic","Card"],"build_version":"2020-12-22","purchased_purges":1,"victory":false,"max_hp_per_floor":[70,70,70,70,70,70,70,70,70,70,70,70,70,70,70,70,70,70,70,70,70,70,70,70,70,70,70,70,70,70,70,70,70,70],"card_choices":[{"not_picked":["Havoc","Lockon"],"picked":"Rupture","floor":0.0},{"not_picked":["Armaments","Clothesline"],"picked":"Iron Wave","floor":0.0},{"not_picked":["Escape Plan","PathToVictory"],"picked":"Hello World","floor":0.0},{"not_picked":["Body Slam","Perseverance"],"picked":"Cloak And Dagger","floor":0.0},{"not_picked":["Force Field","Prepared"],"picked":"Clothesline","floor":0.0},{"not_picked":["Gash","Headbutt"],"picked":"Auto Shields","floor":0.0},{"not_picked":["Skewer","Blizzard"],"picked":"Clash","floor":0.0},{"not_picked":["Warcry","Cloak And Dagger"],"picked":"FollowUp","floor":0.0},{"not_picked":["Beam Cell","Cold Snap"],"picked":"TalkToTheHand","floor":0.0},{"not_picked":["Compile Driver","Entrench"],"picked":"Pommel Strike","floor":0.0},{"not_picked":["Sweeping Beam","Deadly Poison"],"picked":"Clash","floor":0.0},{"not_picked":["Intimidate","Rip and Tear"],"picked":"Quick Slash","floor":0.0},{"not_picked":["Rupture","EmptyBody"],"picked":"Deadly Poison","floor":0.0},{"not_picked":["Stack","EmptyFist"],"picked":"WreathOfFlame","floor":0.0},{"not_picked":["Wild Strike","Underhanded Strike"],"picked":"Flex","floor":0.0},{"not_picked":["Perfected Strike","SashWhip"],"picked":"Bane","floor":1.0},{"not_picked":["Headbutt","Havoc"],"picked":"Go for the Eyes","floor":5.0},{"not_picked":["Slice","Burst"],"picked":"BowlingBash","floor":6.0},{"not_picked":["PiercingWail","Adaptation"],"picked":"Sweeping Beam","floor":7.0},{"not_picked":["Thunderclap","Ball Lightning"],"picked":"Sucker Punch","floor":8},{"not_picked":["Chaos","Conserve Battery"],"picked":"Iron Wave","floor":10},{"not_picked":["Barrage","Cold Snap","BattleHymn"],"picked":"SKIP","floor":11},{"not_picked":["Crescendo","Gash"],"picked":"Finisher","floor":12},{"not_picked":["BowlingBash","Gash"],"picked":"Poisoned Stab","floor":14},{"not_picked":["Twin Strike","Underhanded Strike"],"picked":"SandsOfTime","floor":15},{"not_picked":["Brutality","Tools of the Trade"],"picked":"A Thousand Cuts","floor":16},{"not_picked":["ClearTheMind","Halt","Power Through"],"picked":"SKIP","floor":18},{"not_picked":["Underhanded Strike","Pommel Strike"],"picked":"Metallicize","floor":19},{"not_picked":["True Grit+1","Adaptation"],"picked":"Flying Knee+1","floor":23},{"not_picked":["Setup","Fasting2+1"],"picked":"Footwork+1","floor":25},{"not_picked":["Blizzard+1","Fission"],"picked":"White Noise","floor":27},{"not_picked":["SignatureMove","Shrug It Off+1","Fire Breathing"],"picked":"SKIP","floor":28},{"not_picked":["Prepared+1","FTL"],"picked":"Shrug It Off+1","floor":29},{"not_picked":["Infernal Blade+1","Streamline"],"picked":"Prostrate+1","floor":30}],"player_experience":203061,"relics_obtained":[{"floor":7.0,"key":"Bottled Tornado"},{"floor":8,"key":"Ancient Tea Set"},{"floor":9,"key":"Dream Catcher"},{"floor":10,"key":"Mercury Hourglass"},{"floor":26,"key":"Centennial Puzzle"},{"floor":27,"key":"Vajra"},{"floor":28,"key":"Toxic Egg 2"},{"floor":30,"key":"Tough Bandages"},{"floor":31,"key":"Pen Nib"}],"event_choices":[{"damage_healed":0.0,"max_hp_gain":0.0,"max_hp_loss":0.0,"gold_gain":75.0,"event_name":"World of Goop","player_choice":"Gather Gold","floor":2.0,"gold_loss":0.0,"damage_taken":11.0},{"damage_healed":0.0,"max_hp_gain":0.0,"max_hp_loss":0.0,"gold_gain":0.0,"event_name":"Golden Idol","player_choice":"Take Wound","floor":3.0,"gold_loss":0.0,"damage_taken":0.0,"relics_obtained":["Golden Idol"],"cards_obtained":["Injury"]},{"damage_healed":0.0,"max_hp_gain":0.0,"max_hp_loss":0.0,"gold_gain":0.0,"event_name":"The Woman in Blue","player_choice":"Bought 0 Potions","floor":4.0,"gold_loss":0.0,"damage_taken":0.0},{"damage_healed":0,"gold_gain":0,"player_choice":"Inject Mutagens","damage_taken":0,"relics_obtained":["MutagenicStrength"],"max_hp_gain":0,"max_hp_loss":0,"event_name":"Drug Dealer","floor":21,"gold_loss":0},{"damage_healed":0,"gold_gain":0,"player_choice":"Gave Idol","damage_taken":0,"relics_obtained":["Bloody Idol"],"max_hp_gain":0,"max_hp_loss":0,"event_name":"Forgotten Altar","floor":22,"relics_lost":["Golden Idol"],"gold_loss":0}],"is_beta":false,"boss_relics":[{"not_picked":["Busted Crown","Sozu"],"picked":"Astrolabe"}],"items_purged_floors":[20],"is_endless":false,"potions_floor_spawned":[5,7,8,11,16,28,30],"killed_by":"Automaton","ascension_level":0}}