{"host":"0srjqcvl8k9r4fi9","time":1612636062,"event":{"mods":["AchievementEnabler","BaseMod","Minty Spire (QoL Compilation)","Uncapped"],"gold_per_floor":[17,30,49,67,85,85,95,95,118,131,131,131,131,206,206,206,206],"floor_reached":16,"language":"ENG","playtime":610,"items_purged":[],"score":152,"play_id":"1b47ad79-381f-4769-9b08-a314c0e07afd","local_time":"20210206122742","is_ascension_mode":true,"campfire_choices":[{"data":"Armaments","floor":6,"key":"SMITH"},{"data":"Havoc","floor":8,"key":"SMITH"},{"data":"Dark Embrace","floor":11,"key":"SMITH"},{"floor":13,"key":"REST"},{"floor":15,"key":"REST"}],"circlet_count":0,"master_deck":["Strike_R","Strike_R","Strike_R","Strike_R","Strike_R","Defend_R","Defend_R","Defend_R","Defend_R","Bash","Headbutt","Dark Embrace+1","Burning Pact","Armaments+1","Havoc+1"],"relics":["Burning Blood","Pen Nib","Boot"],"acts_visited":["Exordium"],"potions_floor_usage":[4,10,16],"damage_taken":[{"damage":13,"enemies":"Jaw Worm","floor":1,"turns":4},{"damage":8,"enemies":"2 Louse","floor":2,"turns":4},{"damage":5,"enemies":"Small Slimes","floor":3,"turns":4},{"damage":37,"enemies":"Gremlin Gang","floor":4,"turns":5},{"damage":20,"enemies":"Blue Slaver","floor":5,"turns":7},{"damage":17,"enemies":"Looter","floor":7,"turns":3},{"damage":15,"enemies":"Large Slime","floor":10,"turns":7},{"damage":63,"enemies":"Hexaghost","floor":16,"turns":9}],"seed_played":"-2328229949432847572","potions_obtained":[{"floor":1,"key":"Regen Potion"},{"floor":4,"key":"PowerPotion"},{"floor":7,"key":"SpeedPotion"},{"floor":10,"key":"Explosive Potion"}],"is_trial":false,"path_per_floor":["M","M","M","M","M","R","M","R","T","M","R","?","R","?","R","B"],"character_chosen":"IRONCLAD","items_purchased":[],"campfire_rested":2,"item_purchase_floors":[],"current_hp_per_floor":[81,79,80,61,47,47,36,36,36,27,27,15,43,32,60,0,0],"gold":206,"neow_bonus":"TWENTY_PERCENT_HP_BONUS","is_daily":false,"chose_seed":false,"campfire_upgraded":3,"win_rate":0.0,"timestamp":1612636062,"path_taken":["M","M","M","M","M","R","M","R","T","M","R","?","R","?","R","BOSS"],"items_purchased_type":[],"build_version":"2020-12-22","purchased_purges":0,"victory":false,"max_hp_per_floor":[96,96,96,96,96,96,96,96,96,96,96,96,96,96,96,96,96],"card_choices":[{"not_picked":["Ghostly Armor","Wild Strike"],"picked":"Headbutt","floor":1},{"not_picked":["Dropkick","Iron Wave"],"picked":"Dark Embrace","floor":2},{"not_picked":["Wild Strike","Thunderclap","Dropkick"],"picked":"SKIP","floor":3},{"not_picked":["Pommel Strike","Impervious"],"picked":"Burning Pact","floor":4},{"not_picked":["Anger","Reckless Charge"],"picked":"Armaments","floor":5},{"not_picked":["Iron Wave","Twin Strike"],"picked":"Havoc","floor":7},{"not_picked":["Clash","Heavy Blade","Wild Strike"],"picked":"SKIP","floor":10}],"player_experience":343908,"relics_obtained":[{"floor":9,"key":"Pen Nib"}],"event_choices":[{"damage_healed":0,"gold_gain":0,"player_choice":"Success","damage_taken":12,"relics_obtained":["Boot"],"max_hp_gain":0,"max_hp_loss":0,"event_name":"Scrap Ooze","floor":12,"gold_loss":0},{"damage_healed":0,"gold_gain":75,"player_choice":"Gather Gold","damage_taken":11,"max_hp_gain":0,"max_hp_loss":0,"event_name":"World of Goop","floor":14,"gold_loss":0}],"is_beta":false,"boss_relics":[],"items_purged_floors":[],"is_endless":false,"potions_floor_spawned":[1,4,7,10],"killed_by":"Hexaghost","ascension_level":7}}