{"host":"sc0o2qwpf9j16a4i","time":1612613171,"event":{"mods":["AchievementEnabler","BaseMod","BetterRewards","Block Reminder","Colored Map","Colored Powertips","Custom Start","Highlight Path","Minty Spire (QoL Compilation)","Relic Stats"],"gold_per_floor":[118,118,118,128,186,213,10,10,10,37,37,51,81,92,92,192,192,203,203,203,217,2,29,57,83,83,110,25,25,25,25,25,127,127,137,156,174,174,189,216,231,261,286,316,316,343,125,125,125,125],"floor_reached":51,"language":"ENG","playtime":1626,"items_purged":["Strike_G","Strike_G"],"score":1057,"play_id":"0e785473-5f56-437d-92f4-e920f14aa4da","local_time":"20210206140611","daily_mods":["Allstar","Flight","Lethality"],"is_ascension_mode":false,"campfire_choices":[{"data":"Footwork","floor":15,"key":"SMITH"},{"floor":32,"key":"REST"},{"data":"Adrenaline","floor":49,"key":"SMITH"}],"circlet_count":0,"master_deck":["Strike_G+1","Strike_G","Strike_G","Defend_G","Defend_G","Defend_G","Defend_G","Defend_G","Survivor","Neutralize+1","Thinking Ahead","Thinking Ahead","Secret Weapon+1","Swift Strike","Mind Blast+1","Dash+1","Deadly Poison","Dagger Throw","Footwork+1","Discovery+1","Flechettes","After Image+1","Blade Dance","PiercingWail","Wraith Form v2+1","Blade Dance","Endless Agony+1","Finisher","Adrenaline+1","Deflect","Cloak And Dagger+1","Deflect+1","A Thousand Cuts+1","Blur","Dagger Spray+1","Acrobatics+1","Escape Plan+1","Terror+1","Envenom+1","Adrenaline","Dagger Throw+1","Wraith Form v2+1","PiercingWail+1","Footwork+1"],"relics":["Ring of the Snake","Peace Pipe","Bottled Lightning","PreservedInsect","Frozen Egg 2","Whetstone","WristBlade","Matryoshka","Gambling Chip","Letter Opener","Mummified Hand","Potion Belt","Bag of Marbles","Boot","Shuriken","Nloth\u0027s Gift","HoveringKite","Oddly Smooth Stone","Smiling Mask","Dream Catcher","Thread and Needle","Bag of Preparation","Orichalcum"],"acts_visited":["Exordium","TheCity","TheBeyond"],"potions_floor_usage":[6,10,16,21,23,24,50,50,50,50,50],"damage_taken":[{"damage":6,"enemies":"Small Slimes","floor":1,"turns":2},{"damage":0,"enemies":"2 Louse","floor":4,"turns":1},{"damage":4,"enemies":"Gremlin Nob","floor":6,"turns":3},{"damage":2,"enemies":"3 Sentries","floor":10,"turns":5},{"damage":0,"enemies":"Cultist","floor":12,"turns":2},{"damage":0,"enemies":"Gremlin Nob","floor":13,"turns":2},{"damage":0,"enemies":"Red Slaver","floor":14,"turns":2},{"damage":7,"enemies":"The Guardian","floor":16,"turns":13},{"damage":0,"enemies":"Shell Parasite","floor":18,"turns":4},{"damage":0,"enemies":"3 Byrds","floor":21,"turns":4},{"damage":2,"enemies":"Slavers","floor":23,"turns":2},{"damage":0,"enemies":"Gremlin Leader","floor":24,"turns":2},{"damage":4,"enemies":"Slavers","floor":25,"turns":2},{"damage":23,"enemies":"Gremlin Leader","floor":27,"turns":3},{"damage":20,"enemies":"Collector","floor":33,"turns":4},{"damage":0,"enemies":"Orb Walker","floor":35,"turns":1},{"damage":0,"enemies":"3 Darklings","floor":36,"turns":2},{"damage":0,"enemies":"4 Shapes","floor":37,"turns":4},{"damage":0,"enemies":"Transient","floor":39,"turns":5},{"damage":0,"enemies":"Reptomancer","floor":40,"turns":2},{"damage":0,"enemies":"3 Darklings","floor":41,"turns":2},{"damage":0,"enemies":"Nemesis","floor":42,"turns":1},{"damage":0,"enemies":"Reptomancer","floor":44,"turns":2},{"damage":0,"enemies":"Nemesis","floor":46,"turns":1},{"damage":33,"enemies":"Time Eater","floor":50,"turns":9}],"seed_played":"-5400074598607010483","potions_obtained":[{"floor":1,"key":"DuplicationPotion"},{"floor":3,"key":"DistilledChaos"},{"floor":3,"key":"SpeedPotion"},{"floor":3,"key":"SkillPotion"},{"floor":13,"key":"SteroidPotion"},{"floor":14,"key":"Fire Potion"},{"floor":21,"key":"FearPotion"},{"floor":27,"key":"Ancient Potion"},{"floor":33,"key":"SteroidPotion"},{"floor":36,"key":"Ancient Potion"},{"floor":42,"key":"SkillPotion"},{"floor":46,"key":"GhostInAJar"}],"is_trial":true,"path_per_floor":["M","?","?","M","?","E","$","?","T","E","?","M","E","M","R","B",null,"M","?","?","M","$","E","E","E","T","E","?","$","T","?","R","B",null,"M","M","M","?","M","E","M","E","T","E","?","E","$","T","R","B",null],"character_chosen":"THE_SILENT","items_purchased":["Footwork","Discovery","PowerPotion","Finisher","CunningPotion","Footwork+1","CultistPotion"],"campfire_rested":1,"item_purchase_floors":[7,7,7,22,22,47,47],"current_hp_per_floor":[64,50,50,50,50,46,46,46,46,44,44,44,44,44,44,37,70,70,70,70,70,70,68,68,64,64,41,41,41,41,41,62,42,70,70,70,70,70,70,70,70,70,70,70,70,70,70,70,70,37],"gold":125,"neow_bonus":"","is_daily":false,"chose_seed":false,"campfire_upgraded":2,"win_rate":0.0,"timestamp":1612613171,"path_taken":["M","?","?","?","?","E","$","?","T","E","?","M","E","M","R","BOSS","M","?","?","?","?","E","E","E","T","E","?","?","?","?","R","BOSS","M","M","?","?","?","E","?","E","T","E","?","E","$","?","R","BOSS"],"items_purchased_type":["Card","Card","Potion","Card","Potion","Card","Potion"],"build_version":"2020-12-22","purchased_purges":2,"victory":true,"max_hp_per_floor":[70,70,70,70,70,70,70,70,70,70,70,70,70,70,70,70,70,70,70,70,70,70,70,70,70,70,70,70,70,70,70,70,70,70,70,70,70,70,70,70,70,70,70,70,70,70,70,70,70,70],"relic_stats":{"counters":[25,80],"HoveringKite":[9],"PreservedInsect":402,"Bag of Preparation":[2],"Whetstone":["Strike_G","Dash"],"Letter Opener":[101],"Orichalcum":[0],"Boot":[0],"Smiling Mask":50,"Peace Pipe":0,"Dream Catcher":0,"Mummified Hand":[32],"Shuriken":[23],"Gambling Chip":[5],"Nloth\u0027s Gift":4,"obtain_stats":[{"Darkstone Periapt":26,"Potion Belt":27,"HoveringKite":34,"Oddly Smooth Stone":40,"Thread and Needle":44,"PreservedInsect":10,"Bag of Preparation":46,"Whetstone":13,"Letter Opener":25,"Frozen Egg 2":11,"Orichalcum":48,"Boot":30,"Smiling Mask":42,"Peace Pipe":6,"Dream Catcher":43,"Matryoshka":23,"WristBlade":17,"Mummified Hand":26,"Shuriken":30,"Gambling Chip":24,"Bag of Marbles":28,"Nloth\u0027s Gift":31,"Bottled Lightning":9,"Ring of the Snake":0},{"Darkstone Periapt":13,"Potion Belt":14,"HoveringKite":15,"Oddly Smooth Stone":20,"Thread and Needle":23,"PreservedInsect":4,"Bag of Preparation":24,"Whetstone":6,"Letter Opener":13,"Frozen Egg 2":4,"Orichalcum":24,"Boot":14,"Smiling Mask":22,"Peace Pipe":3,"Dream Catcher":22,"Matryoshka":11,"WristBlade":8,"Mummified Hand":13,"Shuriken":14,"Gambling Chip":12,"Bag of Marbles":14,"Nloth\u0027s Gift":14,"Bottled Lightning":3,"Ring of the Snake":0},{"Darkstone Periapt":44,"Potion Belt":47,"HoveringKite":51,"Oddly Smooth Stone":65,"Thread and Needle":70,"PreservedInsect":11,"Bag of Preparation":71,"Whetstone":15,"Letter Opener":44,"Frozen Egg 2":11,"Orichalcum":71,"Boot":47,"Smiling Mask":68,"Peace Pipe":6,"Dream Catcher":68,"Matryoshka":40,"WristBlade":30,"Mummified Hand":44,"Shuriken":47,"Gambling Chip":42,"Bag of Marbles":47,"Nloth\u0027s Gift":47,"Bottled Lightning":6,"Ring of the Snake":0}],"Ring of the Snake":[51]},"card_choices":[{"not_picked":["Backflip","Deflect"],"picked":"Dash","floor":1},{"not_picked":["Poisoned Stab","Terror"],"picked":"Deadly Poison","floor":4},{"not_picked":["Grand Finale","Underhanded Strike"],"picked":"Dagger Throw","floor":6},{"not_picked":["Outmaneuver","Poisoned Stab"],"picked":"Flechettes","floor":10},{"not_picked":["Flying Knee","PiercingWail"],"picked":"After Image+1","floor":12},{"not_picked":["PiercingWail","Cloak And Dagger"],"picked":"Blade Dance","floor":13},{"not_picked":["Quick Slash","Acrobatics"],"picked":"PiercingWail","floor":14},{"not_picked":["Burst","After Image+1"],"picked":"Wraith Form v2+1","floor":16},{"not_picked":["Bane+1","Expertise"],"picked":"Blade Dance","floor":18},{"not_picked":["Quick Slash","Bane"],"picked":"Endless Agony+1","floor":21},{"not_picked":["Bouncing Flask","Bullet Time"],"picked":"Adrenaline","floor":23},{"not_picked":["Dagger Throw","Sucker Punch"],"picked":"Deflect","floor":24},{"not_picked":["Backflip","Expertise"],"picked":"Cloak And Dagger+1","floor":25},{"not_picked":["Sucker Punch","Underhanded Strike"],"picked":"Deflect+1","floor":27},{"not_picked":["Bullet Time","Storm of Steel"],"picked":"A Thousand Cuts+1","floor":33},{"not_picked":["Heel Hook+1","Outmaneuver+1"],"picked":"Blur","floor":35},{"not_picked":["Dagger Throw+1","Terror+1"],"picked":"Dagger Spray+1","floor":36},{"not_picked":["Backstab+1","Quick Slash+1"],"picked":"Acrobatics+1","floor":37},{"not_picked":["Slice","PiercingWail"],"picked":"Escape Plan+1","floor":39},{"not_picked":["Grand Finale","Phantasmal Killer"],"picked":"Terror+1","floor":40},{"not_picked":["Dodge and Roll+1","Acrobatics+1"],"picked":"Envenom+1","floor":41},{"not_picked":["PiercingWail+1","Deadly Poison+1"],"picked":"Adrenaline","floor":42},{"not_picked":["Unload","Setup+1"],"picked":"Dagger Throw+1","floor":44},{"not_picked":["Die Die Die","Dagger Spray+1"],"picked":"PiercingWail+1","floor":46}],"player_experience":1218462,"relics_obtained":[{"floor":6,"key":"Peace Pipe"},{"floor":9,"key":"Bottled Lightning"},{"floor":10,"key":"PreservedInsect"},{"floor":13,"key":"Whetstone"},{"floor":23,"key":"Matryoshka"},{"floor":24,"key":"Gambling Chip"},{"floor":25,"key":"Letter Opener"},{"floor":26,"key":"Darkstone Periapt"},{"floor":26,"key":"Mummified Hand"},{"floor":27,"key":"Potion Belt"},{"floor":30,"key":"Boot"},{"floor":30,"key":"Shuriken"},{"floor":40,"key":"Oddly Smooth Stone"},{"floor":42,"key":"Smiling Mask"},{"floor":43,"key":"Dream Catcher"},{"floor":44,"key":"Thread and Needle"},{"floor":46,"key":"Bag of Preparation"},{"floor":48,"key":"Orichalcum"}],"event_choices":[{"damage_healed":0,"gold_gain":0,"player_choice":"Entered Light","damage_taken":14,"max_hp_gain":0,"max_hp_loss":0,"event_name":"Shining Light","floor":2,"gold_loss":0,"cards_upgraded":["Secret Weapon","Neutralize"]},{"damage_healed":0,"gold_gain":0,"player_choice":"Got Potions","damage_taken":0,"max_hp_gain":0,"max_hp_loss":0,"event_name":"Lab","floor":3,"gold_loss":0},{"damage_healed":0,"gold_gain":58,"player_choice":"Gained Gold","damage_taken":0,"max_hp_gain":0,"max_hp_loss":0,"event_name":"Golden Wing","floor":5,"gold_loss":0},{"damage_healed":0,"gold_gain":0,"player_choice":"Grow","damage_taken":0,"max_hp_gain":0,"max_hp_loss":0,"event_name":"Living Wall","floor":8,"gold_loss":0,"cards_upgraded":["Mind Blast"]},{"damage_healed":0,"gold_gain":0,"player_choice":"Gave Potion","damage_taken":0,"relics_obtained":["Frozen Egg 2"],"max_hp_gain":0,"max_hp_loss":0,"event_name":"WeMeetAgain","floor":11,"gold_loss":0},{"damage_healed":0,"gold_gain":0,"player_choice":"Ignored","damage_taken":0,"max_hp_gain":0,"max_hp_loss":0,"event_name":"Vampires","floor":19,"gold_loss":0},{"damage_healed":0,"gold_gain":0,"player_choice":"Upgraded","damage_taken":0,"max_hp_gain":0,"max_hp_loss":0,"event_name":"Upgrade Shrine","floor":20,"gold_loss":0,"cards_upgraded":["Discovery"]},{"damage_healed":0,"gold_gain":0,"player_choice":"Obtained Relic","damage_taken":0,"relics_obtained":["Bag of Marbles"],"max_hp_gain":0,"max_hp_loss":0,"event_name":"Addict","floor":28,"gold_loss":85},{"damage_healed":0,"gold_gain":0,"player_choice":"Traded Relic","damage_taken":0,"relics_obtained":["Nloth\u0027s Gift"],"max_hp_gain":0,"max_hp_loss":0,"event_name":"N\u0027loth","floor":31,"relics_lost":["Darkstone Periapt"],"gold_loss":0},{"damage_healed":0,"gold_gain":0,"player_choice":"Ignored","damage_taken":0,"max_hp_gain":0,"max_hp_loss":0,"event_name":"NoteForYourself","floor":38,"gold_loss":0},{"damage_healed":0,"gold_gain":0,"player_choice":"Copied","damage_taken":0,"max_hp_gain":0,"max_hp_loss":0,"event_name":"Duplicator","floor":45,"gold_loss":0,"cards_obtained":["Wraith Form v2"]}],"is_beta":false,"boss_relics":[{"not_picked":["Ectoplasm","Busted Crown"],"picked":"WristBlade"},{"not_picked":["Sozu","Cursed Key"],"picked":"HoveringKite"}],"items_purged_floors":[22,47],"is_endless":false,"potions_floor_spawned":[1,4,13,14,21,27,33,36,42,44,46],"ascension_level":0}}