{"host":"bakf0s4odzu8z5xt","time":1612588441,"event":{"mods":["2.2 Compatiblity","BaseMod","Downfall","Friendly Minions","Minty Spire (QoL Compilation)","StSLib"],"gold_per_floor":[99,109,123,123,123,139,139,167,67,52,52,202,216,74,92,191,191,91,108,125,143,75,86,86,486,486,486,486,486],"floor_reached":27,"language":"ENG","playtime":1799,"items_purged":["downfall:Icky"],"score":213,"play_id":"3b41fbbc-e496-4d22-bf4e-09eeeeb856d7","local_time":"20210205231401","is_ascension_mode":false,"campfire_choices":[{"floor":1,"key":"RECALL"},{"data":"bronze:FineTuning","floor":9,"key":"SMITH"},{"data":"bronze:Constructor","floor":18,"key":"SMITH"}],"circlet_count":0,"master_deck":["bronze:Strike","bronze:Strike","bronze:Strike","bronze:Strike","bronze:Defend","bronze:Defend","bronze:Defend","bronze:Defend","bronze:Replicate","bronze:Goto","bronze:Separator","bronze:FineTuning+1","bronze:InfiniteLoop","bronze:ForLoop","bronze:FollowUp","bronze:Constructor+1","bronze:ChosenStrike","bronze:HyperBeam","CurseOfTheBell","bronze:Fortify","bronze:Frontload+1","bronze:FunctionCard","bronze:ForceShield+1"],"relics":["bronze:BronzeCore","Slimebound:PreparedRelic","Bag of Marbles","downfall:HeartBlessingRed","Calling Bell","Art of War","Shuriken","Bird Faced Urn","downfall:HeartBlessingGreen","Lantern","Old Coin","Frozen Egg 2"],"acts_visited":["Exordium","TheCity"],"potions_floor_usage":[8,16,21,22],"damage_taken":[{"damage":1,"enemies":"Jaw Worm","floor":2,"turns":4},{"damage":0,"enemies":"Small Slimes","floor":3,"turns":2},{"damage":12,"enemies":"2 Louse","floor":6,"turns":2},{"damage":25,"enemies":"3 Sentries","floor":8,"turns":6},{"damage":0,"enemies":"downfall:FleeingMerchant","floor":10,"turns":4},{"damage":0,"enemies":"Exordium Wildlife","floor":13,"turns":3},{"damage":15,"enemies":"downfall:FleeingMerchant","floor":14,"turns":4},{"damage":6,"enemies":"2 Fungi Beasts","floor":15,"turns":4},{"damage":33,"enemies":"IC_STATUS_ARCHETYPE","floor":16,"turns":8},{"damage":0,"enemies":"3 Byrds","floor":19,"turns":3},{"damage":0,"enemies":"Spheric Guardian","floor":20,"turns":3},{"damage":21,"enemies":"Shelled Parasite and Fungi","floor":21,"turns":5},{"damage":9,"enemies":"downfall:FleeingMerchant","floor":22,"turns":4},{"damage":0,"enemies":"3 Cultists","floor":23,"turns":3},{"damage":53,"enemies":"WA_ARCHETYPE_RETAIN","floor":25,"turns":8},{"damage":5,"enemies":"downfall:FleeingMerchant","floor":27,"turns":2}],"seed_played":"2256587159459403554","potions_obtained":[{"floor":6,"key":"Slimebound:ThreeZeroPotion"},{"floor":8,"key":"FearPotion"},{"floor":13,"key":"Regen Potion"},{"floor":19,"key":"bronze:BurnAndBuffPotion"},{"floor":20,"key":"Weak Potion"}],"is_trial":false,"path_per_floor":["R","M","M","?","?","M","T","E","R","$","?","?","M","$","M","B",null,"R","M","M","M","$","M","T","?","?","$"],"character_chosen":"THE_AUTOMATON","items_purchased":["bronze:Constructor","bronze:OilSpill"],"campfire_rested":0,"item_purchase_floors":[14,22],"current_hp_per_floor":[77,76,76,76,81,69,69,44,44,44,44,44,44,29,23,5,82,82,82,82,61,52,52,52,1,1,0,0,0],"gold":486,"neow_bonus":"TEN_PERCENT_HP_BONUS","is_daily":false,"chose_seed":false,"campfire_upgraded":2,"win_rate":0.0,"timestamp":1612588441,"path_taken":["R","M","M","?","?","M","T","E","R","$","?","?","M","$","M","BOSS","R","M","M","M","$","M","T","?","?","?"],"items_purchased_type":["Card","Card"],"build_version":"2020-12-22","purchased_purges":1,"victory":false,"max_hp_per_floor":[77,77,77,77,82,82,82,82,82,82,82,82,82,82,82,82,82,82,82,82,82,82,82,82,82,82,82,82,82],"card_choices":[{"not_picked":["bronze:CloningBeam","bronze:DelayedSlice"],"picked":"bronze:Separator","floor":2},{"not_picked":["bronze:Fortify","bronze:WildBeam"],"picked":"bronze:FineTuning","floor":3},{"not_picked":["bronze:FineTuning","bronze:Turbo"],"picked":"bronze:OilSpill","floor":6},{"not_picked":["bronze:BuggyMess","bronze:NullPointer"],"picked":"bronze:InfiniteLoop","floor":8},{"not_picked":["bronze:NullPointer","bronze:DelayedGuard"],"picked":"bronze:ForLoop","floor":10},{"not_picked":["bronze:Frontload","bronze:BuggyMess","bronze:FollowUp"],"picked":"SKIP","floor":13},{"not_picked":["bronze:Frontload","bronze:BuggyMess"],"picked":"bronze:FollowUp","floor":13},{"not_picked":["bronze:Boost","bronze:BitShift"],"picked":"bronze:Hardcode","floor":14},{"not_picked":["bronze:BugBarrage","bronze:DelayedSlice"],"picked":"bronze:ChosenStrike","floor":15},{"not_picked":["bronze:FindAndReplace","bronze:RecursiveStrike"],"picked":"bronze:HyperBeam","floor":16},{"not_picked":["bronze:CutThrough","bronze:Flail"],"picked":"bronze:Fortify","floor":19},{"not_picked":["bronze:Constructor","bronze:BuggyMess","bronze:Invalidate"],"picked":"SKIP","floor":20},{"not_picked":["bronze:Allocate","bronze:Separator"],"picked":"bronze:Frontload+1","floor":21},{"not_picked":["bronze:Constructor+1","bronze:CutThrough"],"picked":"bronze:OilSpill","floor":22},{"not_picked":["bronze:Overheat","bronze:Iterate","bronze:BuggyMess"],"picked":"SKIP","floor":23},{"not_picked":["bronze:InfiniteBeams+1","bronze:FineTuning"],"picked":"bronze:ForceShield+1","floor":25}],"player_experience":2091786,"relics_obtained":[{"floor":7,"key":"Slimebound:PreparedRelic"},{"floor":8,"key":"Bag of Marbles"},{"floor":17,"key":"Art of War"},{"floor":17,"key":"Shuriken"},{"floor":17,"key":"Bird Faced Urn"},{"floor":24,"key":"Lantern"},{"floor":25,"key":"Old Coin"},{"floor":25,"key":"Frozen Egg 2"}],"event_choices":[{"damage_healed":0,"gold_gain":0,"player_choice":"Donut","damage_taken":0,"max_hp_gain":5,"max_hp_loss":0,"event_name":"Big Fish","floor":5,"gold_loss":0}],"is_beta":false,"boss_relics":[{"not_picked":["Black Star","Busted Crown"],"picked":"Calling Bell"}],"items_purged_floors":[14],"is_endless":false,"potions_floor_spawned":[6,8,13,19,20],"killed_by":"downfall:FleeingMerchant","ascension_level":0}}