{"host":"yuoancq4cku3x8wq","time":1612627740,"event":{"mods":["AchievementEnabler","BaseMod","Minty Spire (QoL Compilation)","Quick Restart","StSLib","SuperFastMode"],"gold_per_floor":[366,366,6,20,20,51,51,83,83,95,109,119,119,150,150,150,150],"floor_reached":16,"language":"ZHS","playtime":357,"items_purged":["Strike_R"],"score":132,"play_id":"5bf384fe-f978-4280-af0e-2129f982d129","local_time":"20210207000900","is_ascension_mode":true,"campfire_choices":[{"data":"Carnage","floor":7.0,"key":"SMITH"},{"data":"Second Wind","floor":15.0,"key":"SMITH"}],"circlet_count":0,"master_deck":["Strike_R","Strike_R","Strike_R","Defend_R","Defend_R","Defend_R","Defend_R","Bash","Carnage+1","Second Wind+1","Reckless Charge","Shrug It Off"],"relics":["Burning Blood","Blue Candle","Membership Card","White Beast Statue","Centennial Puzzle","Tiny Chest","Paper Frog","Strawberry"],"acts_visited":["Exordium"],"potions_floor_usage":[16],"damage_taken":[{"damage":8.0,"enemies":"2 Louse","floor":1.0,"turns":3.0},{"damage":7.0,"enemies":"Jaw Worm","floor":4.0,"turns":2.0},{"damage":25.0,"enemies":"Gremlin Nob","floor":6.0,"turns":4.0},{"damage":8.0,"enemies":"3 Sentries","floor":8.0,"turns":7.0},{"damage":0.0,"enemies":"Cultist","floor":10.0,"turns":2.0},{"damage":5.0,"enemies":"Gremlin Gang","floor":11.0,"turns":4.0},{"damage":3.0,"enemies":"Blue Slaver","floor":12.0,"turns":3.0},{"damage":8.0,"enemies":"Gremlin Nob","floor":14.0,"turns":3.0},{"damage":29,"enemies":"Hexaghost","floor":16,"turns":5}],"seed_played":"163695800384382145","potions_obtained":[{"floor":4.0,"key":"Swift Potion"},{"floor":6.0,"key":"DuplicationPotion"},{"floor":8.0,"key":"HeartOfIron"},{"floor":10.0,"key":"Explosive Potion"},{"floor":11.0,"key":"Fire Potion"},{"floor":12.0,"key":"BlessingOfTheForge"},{"floor":14.0,"key":"Fire Potion"}],"is_trial":false,"path_per_floor":["M","?","$","M","?","E","R","E","T","M","M","M","?","E","R","B"],"character_chosen":"IRONCLAD","items_purchased":["Membership Card","White Beast Statue","Carnage"],"campfire_rested":0,"item_purchase_floors":[3,3,3],"current_hp_per_floor":[54,36,36,35,35,16,16,14,14,20,21,24,24,29,29,0,0],"gold":150,"neow_bonus":"TWO_FIFTY_GOLD","is_daily":false,"chose_seed":false,"campfire_upgraded":2,"win_rate":0.0,"timestamp":1612627740,"path_taken":["M","?","$","M","?","E","R","E","T","M","?","?","?","E","R","BOSS"],"items_purchased_type":["Relic","Relic","Card"],"build_version":"2020-12-22","purchased_purges":1,"victory":false,"max_hp_per_floor":[80,80,80,80,80,80,80,80,80,80,80,80,80,87,87,87,87],"card_choices":[{"not_picked":["Clash","Cleave","Headbutt"],"picked":"SKIP","floor":1.0},{"not_picked":["Flex","Armaments","True Grit"],"picked":"SKIP","floor":4.0},{"not_picked":["Ghostly Armor","Perfected Strike","Anger"],"picked":"SKIP","floor":6.0},{"not_picked":["Brutality","Headbutt","Wild Strike"],"picked":"SKIP","floor":8.0},{"not_picked":["Clothesline","True Grit"],"picked":"Second Wind","floor":10.0},{"not_picked":["Combust","True Grit"],"picked":"Reckless Charge","floor":11.0},{"not_picked":["Iron Wave","Flex"],"picked":"Shrug It Off","floor":12.0},{"not_picked":["Flex","Clothesline","Metallicize"],"picked":"SKIP","floor":14.0}],"player_experience":242501,"relics_obtained":[{"floor":6.0,"key":"Centennial Puzzle"},{"floor":8.0,"key":"Tiny Chest"},{"floor":9.0,"key":"Paper Frog"},{"floor":14.0,"key":"Strawberry"}],"event_choices":[{"damage_healed":0.0,"max_hp_gain":0.0,"max_hp_loss":0.0,"gold_gain":0.0,"event_name":"Scrap Ooze","player_choice":"Success","floor":2.0,"gold_loss":0.0,"damage_taken":18.0,"relics_obtained":["Blue Candle"]},{"cards_removed":["Strike_R"],"damage_healed":0.0,"max_hp_gain":0.0,"max_hp_loss":0.0,"gold_gain":0.0,"event_name":"Bonfire Elementals","player_choice":"Offered Basic","floor":5.0,"gold_loss":0.0,"damage_taken":0.0},{"damage_healed":0.0,"max_hp_gain":0.0,"max_hp_loss":0.0,"gold_gain":0.0,"event_name":"Liars Game","player_choice":"Ignored","floor":13.0,"gold_loss":0.0,"damage_taken":0.0}],"is_beta":false,"boss_relics":[],"items_purged_floors":[3],"is_endless":false,"potions_floor_spawned":[4,6,8,10,11,12,14],"killed_by":"Hexaghost","ascension_level":2}}