{"host":"fff5e1uasnm04x18","time":1612569652,"event":{"mods":["BaseMod","Highlight Path","Minty Spire (QoL Compilation)","StSLib","The Cursed"],"gold_per_floor":[109,109,109,122,141,169,95,115,115,125,141,141,141,157,157,260,260,280,300,300,300,313,313,343,355,416,428,440,469,580,605,617,733,745,770,832,844,856,856],"floor_reached":38,"language":"ENG","playtime":3598,"items_purged":[],"score":421,"play_id":"a972bc43-1c1d-4ed7-8117-a821b1ca9c33","local_time":"20210205190052","is_ascension_mode":false,"campfire_choices":[{"data":"TheCursedMod:CursedSpellbook","floor":12.0,"key":"SMITH"},{"data":"TheCursedMod:Hemoplague","floor":15.0,"key":"SMITH"},{"data":"TheCursedMod:CursedRelics","floor":23.0,"key":"SMITH"},{"floor":27.0,"key":"REST"},{"data":"TheCursedMod:AbyssShockwave","floor":32.0,"key":"SMITH"}],"circlet_count":0,"master_deck":["TheCursedMod:Strike_TheCursed+1","TheCursedMod:Strike_TheCursed+1","TheCursedMod:Strike_TheCursed+1","TheCursedMod:Defend_TheCursed+1","TheCursedMod:Defend_TheCursed+1","TheCursedMod:Defend_TheCursed+1","TheCursedMod:Defend_TheCursed+1","TheCursedMod:CursedWand","TheCursedMod:CleanUpWorkshop+1","TheCursedMod:Dregs","TheCursedMod:StingEye+1","TheCursedMod:FleshFromBone+1","TheCursedMod:HellfireBreathing+1","TheCursedMod:CursedSpellbook+1","TheCursedMod:Hemoplague+1","TheCursedMod:CursedRelics+1","TheCursedMod:Torture+1","TheCursedMod:AbyssShockwave+1","TheCursedMod:CursedShiv+1","TheCursedMod:FuryStrike+1","TheCursedMod:Stigma","TheCursedMod:UltimatePain","TheCursedMod:SpitefulPray"],"relics":["TheCursedMod:BlackMagic101","Pear","Ancient Tea Set","Kunai","Sozu","MawBank","War Paint","Blood Vial","TheCursedMod:OminousMark","Dead Branch"],"acts_visited":["Exordium","TheCity","TheBeyond"],"potions_floor_usage":[],"damage_taken":[{"damage":0.0,"enemies":"2 Louse","floor":1.0,"turns":3.0},{"damage":0.0,"enemies":"Small Slimes","floor":4.0,"turns":3.0},{"damage":0.0,"enemies":"Cultist","floor":5.0,"turns":5.0},{"damage":5.0,"enemies":"Lagavulin","floor":6.0,"turns":9.0},{"damage":0.0,"enemies":"Large Slime","floor":8.0,"turns":4.0},{"damage":3.0,"enemies":"Gremlin Gang","floor":10.0,"turns":4.0},{"damage":1.0,"enemies":"3 Louse","floor":11.0,"turns":3.0},{"damage":0.0,"enemies":"2 Fungi Beasts","floor":14.0,"turns":3.0},{"damage":21.0,"enemies":"Hexaghost","floor":16.0,"turns":9.0},{"damage":1.0,"enemies":"3 Byrds","floor":18.0,"turns":4.0},{"damage":18.0,"enemies":"2 Thieves","floor":19.0,"turns":4.0},{"damage":4.0,"enemies":"Cultist and Chosen","floor":22.0,"turns":4.0},{"damage":6.0,"enemies":"Book of Stabbing","floor":24.0,"turns":4.0},{"damage":14.0,"enemies":"Snake Plant","floor":29.0,"turns":3.0},{"damage":0.0,"enemies":"Centurion and Healer","floor":31.0,"turns":5.0},{"damage":15.0,"enemies":"Champ","floor":33.0,"turns":10.0},{"damage":1.0,"enemies":"3 Shapes","floor":35.0,"turns":6.0},{"damage":74.0,"enemies":"2 Orb Walkers","floor":36.0,"turns":5.0},{"damage":24,"enemies":"3 Darklings","floor":38,"turns":2}],"seed_played":"-1342834746047937708","potions_obtained":[{"floor":1.0,"key":"LiquidMemories"},{"floor":8.0,"key":"SteroidPotion"},{"floor":16.0,"key":"BlessingOfTheForge"}],"is_trial":false,"path_per_floor":["M","?","?","M","M","E","?","M","T","M","M","R","?","M","R","B",null,"M","M","?","?","M","R","E","$","T","R","?","M","?","M","R","B",null,"M","?","?","M"],"character_chosen":"THE_CURSED","items_purchased":[],"campfire_rested":1,"item_purchase_floors":[],"current_hp_per_floor":[82,82,82,82,82,87,87,87,87,84,83,83,83,83,83,62,92,91,73,73,73,69,69,63,63,63,90,90,78,78,80,80,67,92,91,18,18,0,0],"gold":856,"neow_bonus":"TEN_PERCENT_HP_BONUS","is_daily":false,"chose_seed":false,"campfire_upgraded":4,"win_rate":0.0,"timestamp":1612569652,"path_taken":["M","?","?","M","?","E","?","?","T","M","M","R","?","M","R","BOSS","M","?","?","?","M","R","E","$","T","R","?","?","?","M","R","BOSS","M","?","?","M"],"items_purchased_type":[],"build_version":"2020-12-22","purchased_purges":0,"victory":false,"max_hp_per_floor":[82,82,82,82,82,92,92,92,92,92,92,92,92,92,92,92,92,92,92,92,92,92,92,92,92,92,92,92,92,92,92,92,92,92,92,92,92,92,92],"card_choices":[{"not_picked":["TheCursedMod:SpitefulPray","TheCursedMod:RapidMovement"],"picked":"TheCursedMod:StingEye","floor":1.0},{"not_picked":["TheCursedMod:CursedBlade","TheCursedMod:TacticalStrike"],"picked":"TheCursedMod:HellfireBreathing","floor":4.0},{"not_picked":["TheCursedMod:RapidMovement","TheCursedMod:Wield"],"picked":"TheCursedMod:CursedSpellbook","floor":5.0},{"not_picked":["TheCursedMod:WearCloak","TheCursedMod:CursedAmulet","TheCursedMod:RapidMovement"],"picked":"SKIP","floor":6.0},{"not_picked":["TheCursedMod:SmokeScreen","TheCursedMod:CursedMace","TheCursedMod:TacticalStrike"],"picked":"SKIP","floor":8.0},{"not_picked":["TheCursedMod:PrepareRite","TheCursedMod:CursedBlade","TheCursedMod:Grudge"],"picked":"SKIP","floor":10.0},{"not_picked":["TheCursedMod:SmokeScreen","TheCursedMod:CircleOfFlame","TheCursedMod:RavingStaff"],"picked":"SKIP","floor":11.0},{"not_picked":["TheCursedMod:SpitefulStrike","TheCursedMod:CursedShiv"],"picked":"TheCursedMod:Hemoplague","floor":14.0},{"not_picked":["TheCursedMod:ForbiddenAlchemy","TheCursedMod:CircleOfAbyss"],"picked":"TheCursedMod:CursedRelics","floor":16.0},{"not_picked":["TheCursedMod:SoulReap","TheCursedMod:FleshFromBone"],"picked":"TheCursedMod:Torture+1","floor":18.0},{"not_picked":["TheCursedMod:BlessingInDisguise","TheCursedMod:CursedStaff"],"picked":"TheCursedMod:AbyssShockwave","floor":19.0},{"not_picked":["TheCursedMod:CursedBlade","TheCursedMod:Obscuration"],"picked":"TheCursedMod:CursedShiv+1","floor":22.0},{"not_picked":["TheCursedMod:TroublousMinions","TheCursedMod:SpitefulPray+1"],"picked":"TheCursedMod:FuryStrike+1","floor":24.0},{"not_picked":["TheCursedMod:CursedArmor","TheCursedMod:Stretching"],"picked":"TheCursedMod:Stigma","floor":29.0},{"not_picked":["TheCursedMod:SpitefulStrike","TheCursedMod:TroublousMinions+1","TheCursedMod:CursedMace"],"picked":"SKIP","floor":31.0},{"not_picked":["TheCursedMod:StunningStrike","TheCursedMod:ParallelWorld"],"picked":"TheCursedMod:UltimatePain","floor":33.0},{"not_picked":["TheCursedMod:EmpowerCircles+1","TheCursedMod:VitalStrike+1","TheCursedMod:DoubleShield"],"picked":"SKIP","floor":35.0},{"not_picked":["TheCursedMod:SmokeScreen+1","TheCursedMod:FleshFromBone+1"],"picked":"TheCursedMod:SpitefulPray","floor":36.0}],"player_experience":502870,"relics_obtained":[{"floor":6.0,"key":"Pear"},{"floor":9.0,"key":"Kunai"},{"floor":24.0,"key":"MawBank"},{"floor":26.0,"key":"War Paint"},{"floor":36.0,"key":"Dead Branch"}],"event_choices":[{"damage_healed":0.0,"max_hp_gain":0.0,"max_hp_loss":0.0,"gold_gain":0.0,"event_name":"Living Wall","player_choice":"Grow","floor":2.0,"gold_loss":0.0,"damage_taken":0.0,"cards_upgraded":["TheCursedMod:StingEye"]},{"damage_healed":0.0,"max_hp_gain":0.0,"max_hp_loss":0.0,"gold_gain":0.0,"cards_transformed":["TheCursedMod:Strike_TheCursed"],"event_name":"Transmorgrifier","player_choice":"Transformed","floor":3.0,"gold_loss":0.0,"damage_taken":0.0,"cards_obtained":["TheCursedMod:FleshFromBone"]},{"damage_healed":0.0,"max_hp_gain":0.0,"max_hp_loss":0.0,"gold_gain":0.0,"event_name":"WeMeetAgain","player_choice":"Paid Gold","floor":7.0,"gold_loss":74.0,"damage_taken":0.0,"relics_obtained":["Ancient Tea Set"]},{"damage_healed":0.0,"max_hp_gain":0.0,"max_hp_loss":0.0,"gold_gain":0.0,"event_name":"Upgrade Shrine","player_choice":"Upgraded","floor":13.0,"gold_loss":0.0,"damage_taken":0.0,"cards_upgraded":["TheCursedMod:HellfireBreathing"]},{"damage_healed":0.0,"max_hp_gain":0.0,"max_hp_loss":0.0,"gold_gain":0.0,"event_name":"Back to Basics","player_choice":"Simplicity","floor":20.0,"gold_loss":0.0,"damage_taken":0.0,"cards_upgraded":["TheCursedMod:Strike_TheCursed","TheCursedMod:Strike_TheCursed","TheCursedMod:Strike_TheCursed","TheCursedMod:Defend_TheCursed","TheCursedMod:Defend_TheCursed","TheCursedMod:Defend_TheCursed","TheCursedMod:Defend_TheCursed"]},{"damage_healed":0.0,"max_hp_gain":0.0,"max_hp_loss":0.0,"gold_gain":0.0,"event_name":"Vampires","player_choice":"Ignored","floor":21.0,"gold_loss":0.0,"damage_taken":0.0},{"damage_healed":0.0,"max_hp_gain":0.0,"max_hp_loss":0.0,"gold_gain":0.0,"event_name":"The Mausoleum","player_choice":"Opened","floor":28.0,"gold_loss":0.0,"damage_taken":0.0,"relics_obtained":["Blood Vial"]},{"damage_healed":0.0,"max_hp_gain":0.0,"max_hp_loss":0.0,"gold_gain":99.0,"event_name":"Nest","player_choice":"Stole From Cult","floor":30.0,"gold_loss":0.0,"damage_taken":0.0},{"damage_healed":0.0,"max_hp_gain":0.0,"max_hp_loss":0.0,"gold_gain":0.0,"event_name":"Mysterious Sphere","player_choice":"Fight","floor":36.0,"gold_loss":0.0,"damage_taken":0.0},{"damage_healed":0.0,"max_hp_gain":0.0,"max_hp_loss":0.0,"gold_gain":0.0,"event_name":"Lab","player_choice":"Got Potions","floor":37.0,"gold_loss":0.0,"damage_taken":0.0}],"is_beta":false,"boss_relics":[{"not_picked":["Coffee Dripper","Snecko Eye"],"picked":"Sozu"},{"not_picked":["Busted Crown","Astrolabe"],"picked":"TheCursedMod:OminousMark"}],"items_purged_floors":[],"is_endless":false,"potions_floor_spawned":[1,8,16,24,33,36],"killed_by":"3 Darklings","ascension_level":0}}