{"host":"rolltorest","time":1612570214,"event":{"mods":["BaseMod","Minty Spire (QoL Compilation)","Relic Stats","Slay the Relics Exporter","StSLib"],"gold_per_floor":[117,117,39,39,49,83,83,83,83],"floor_reached":8,"language":"ENG","playtime":226,"items_purged":[],"score":108,"play_id":"6106efe8-b8c6-42cf-81a8-b030d231e91e","local_time":"20210205161014","is_ascension_mode":true,"campfire_choices":[{"floor":7,"key":"REST"}],"circlet_count":0,"master_deck":["AscendersBane","Strike_G","Strike_G","Strike_G","Strike_G","Strike_G","Defend_G","Defend_G","Defend_G","Defend_G","Defend_G","Survivor","Neutralize","Phantasmal Killer","Endless Agony","Backstab","Slice","Footwork"],"relics":["Ring of the Snake","CaptainsWheel","Bird Faced Urn"],"acts_visited":["Exordium"],"potions_floor_usage":[6],"damage_taken":[{"damage":0,"enemies":"2 Louse","floor":1,"turns":4},{"damage":0,"enemies":"Jaw Worm","floor":5,"turns":5},{"damage":17,"enemies":"3 Sentries","floor":6,"turns":10},{"damage":29,"enemies":"Gremlin Nob","floor":8,"turns":5}],"seed_played":"6394752152122647737","potions_obtained":[{"floor":5,"key":"GamblersBrew"}],"is_trial":false,"path_per_floor":["M","?","$","?","M","E","R","E"],"character_chosen":"THE_SILENT","items_purchased":["Backstab"],"campfire_rested":1,"item_purchase_floors":[3],"current_hp_per_floor":[59,52,52,26,26,9,28,1,1],"gold":83,"neow_bonus":"THREE_RARE_CARDS","is_daily":false,"chose_seed":false,"campfire_upgraded":0,"win_rate":0.0,"timestamp":1612570214,"path_taken":["M","?","$","?","M","E","R","E"],"items_purchased_type":["Card"],"build_version":"2020-12-18","purchased_purges":0,"victory":false,"max_hp_per_floor":[66,66,66,66,66,66,66,66,66],"relic_stats":{"counters":[4,24],"Bird Faced Urn":[2],"obtain_stats":[{"CaptainsWheel":4,"Bird Faced Urn":6,"Ring of the Snake":0},{"CaptainsWheel":1,"Bird Faced Urn":3,"Ring of the Snake":0},{"CaptainsWheel":4,"Bird Faced Urn":19,"Ring of the Snake":0}],"Ring of the Snake":[8]},"card_choices":[{"not_picked":["Bullet Time","Tools of the Trade"],"picked":"Phantasmal Killer","floor":0},{"not_picked":["Footwork","Bane"],"picked":"Endless Agony","floor":1},{"not_picked":["Backflip","Skewer"],"picked":"Slice","floor":5},{"not_picked":["Poisoned Stab","Prepared"],"picked":"Footwork","floor":6}],"player_experience":1880657,"relics_obtained":[{"floor":6,"key":"Bird Faced Urn"}],"event_choices":[{"cards_removed":["Doubt"],"damage_healed":0,"gold_gain":0,"player_choice":"Card Removal","damage_taken":7,"max_hp_gain":0,"max_hp_loss":0,"event_name":"Golden Wing","floor":2,"gold_loss":0},{"damage_healed":0,"gold_gain":0,"player_choice":"Success","damage_taken":26,"relics_obtained":["CaptainsWheel"],"max_hp_gain":0,"max_hp_loss":0,"event_name":"Scrap Ooze","floor":4,"gold_loss":0}],"is_beta":true,"boss_relics":[],"items_purged_floors":[],"is_endless":false,"potions_floor_spawned":[5],"killed_by":"Gremlin Nob","ascension_level":20}}