{"host":"5dk97cf2ubw2v967","time":1612602631,"event":{"mods":["AlwaysNeverKeys","BaseMod","Better Altar","Better Vampires","Block Reminder","Card Filter","Colored Powertips","Downfall","Googly Eyes","Highlight Path","Minty Spire (QoL Compilation)","Permanent Neow","Potion Indicator Mod","Quick Restart","Relic Filter","Relic Stats","Say the Spire","Spicy Shops","StSLib","Waifu the Spire","everything is the same but u backflip on backflip"],"gold_per_floor":[349,364,364,364,364,364,417,434,434,53,71,104,104,104,114,188,188,188,205,205,90,190,206,278,278,399,428,228,228,246,246,263,342,342,342,361,380,397,413,445,471,371,397,408,428,439,439,453,468,468,468,468,468,468],"floor_reached":52,"language":"ENG","playtime":3738,"items_purged":["Regret","Guardian:Strike_Guardian","Guardian:RefractedBeam"],"score":1436,"play_id":"2eb20cda-213b-4ce0-aa9a-9475eee9e873","local_time":"20210206091031","is_ascension_mode":true,"campfire_choices":[{"data":"Guardian:TwinSlam","floor":1.0,"key":"SMITH"},{"floor":6.0,"key":"REST"},{"data":"Guardian:ChargeCore","floor":9.0,"key":"SMITH"},{"floor":13.0,"key":"REST"},{"data":"Guardian:FuturePlans","floor":18.0,"key":"SMITH"},{"floor":25,"key":"RECALL"},{"floor":28,"key":"REST"},{"data":"Guardian:Orbwalk","floor":35,"key":"SMITH"},{"floor":42,"key":"REST"},{"floor":47,"key":"REST"}],"circlet_count":0,"master_deck":["AscendersBane","Guardian:Defend_Guardian","Guardian:Defend_Guardian","Guardian:CurlUp","Guardian:TwinSlam+1","Guardian:WalkerClaw","Guardian:ChargeCore+1","Guardian:FuturePlans+1","Guardian:ShieldCharger","Guardian:Orbwalk+1","Guardian:VentSteam","Guardian:TimeBomb","Guardian:StasisStrike","J.A.X.","Guardian:SentryBeam","Guardian:HyperBeam_Guardian","Guardian:TemporalStrike","Guardian:ConstructionForm","Guardian:Orbwalk","Guardian:StasisField","Guardian:FastForward","Guardian:BronzeOrb+1","Guardian:Harden+1","Guardian:Repulse","Guardian:DecasProtection+1","Guardian:Orbwalk+1","Guardian:BaubleBeam+1","Guardian:BronzeOrb+1","Guardian:TimeCapacitor","Parasite","Guardian:StasisStrike+1"],"relics":["Guardian:ModeShifter","Ice Cream","downfall:ShatteredFragment","Bag of Preparation","Oddly Smooth Stone","Nunchaku","Runic Pyramid","MutagenicStrength","Sundial","Molten Egg 2","downfall:HeartBlessingRed","downfall:HeartBlessingGreen","SlaversCollar","Meat on the Bone","downfall:HeartBlessingBlue","Toy Ornithopter"],"acts_visited":["Exordium","TheCity","TheBeyond","TheEnding"],"potions_floor_usage":[21,26,27,30,33,40,43,45,50],"damage_taken":[{"damage":2.0,"enemies":"Jaw Worm","floor":2.0,"turns":5.0},{"damage":0.0,"enemies":"2 Louse","floor":8.0,"turns":2.0},{"damage":14.0,"enemies":"downfall:FleeingMerchant","floor":10.0,"turns":4.0},{"damage":0.0,"enemies":"Small Slimes","floor":11.0,"turns":3.0},{"damage":26.0,"enemies":"Gremlin Nob","floor":12.0,"turns":4.0},{"damage":0.0,"enemies":"Exordium Wildlife","floor":15.0,"turns":2.0},{"damage":4.0,"enemies":"SI_SHIV_ARCHETYPE","floor":16.0,"turns":5.0},{"damage":6.0,"enemies":"3 Byrds","floor":19.0,"turns":4.0},{"damage":0,"enemies":"downfall:FleeingMerchant","floor":21,"turns":4},{"damage":9,"enemies":"downfall:Augmenter","floor":22,"turns":5},{"damage":9,"enemies":"Shell Parasite","floor":23,"turns":3},{"damage":11,"enemies":"downfall:FleeingMerchant","floor":26,"turns":3},{"damage":0,"enemies":"Gremlin Leader","floor":27,"turns":5},{"damage":7,"enemies":"Shelled Parasite and Fungi","floor":30,"turns":3},{"damage":0,"enemies":"3 Cultists","floor":32,"turns":2},{"damage":31,"enemies":"DF_ARCHETYPE_CLAW","floor":33,"turns":9},{"damage":2,"enemies":"3 Shapes","floor":36,"turns":5},{"damage":4,"enemies":"3 Darklings","floor":37,"turns":4},{"damage":4,"enemies":"Spire Growth","floor":38,"turns":4},{"damage":15,"enemies":"4 Shapes","floor":39,"turns":4},{"damage":3,"enemies":"Giant Head","floor":40,"turns":6},{"damage":0,"enemies":"Reptomancer","floor":43,"turns":5},{"damage":0,"enemies":"Transient","floor":44,"turns":5},{"damage":7,"enemies":"Spire Growth","floor":45,"turns":5},{"damage":6,"enemies":"Sphere and 2 Shapes","floor":46,"turns":4},{"damage":0,"enemies":"Writhing Mass","floor":48,"turns":6},{"damage":20,"enemies":"Maw","floor":49,"turns":7},{"damage":17,"enemies":"IC_BLOCK_ARCHETYPE","floor":50,"turns":8},{"damage":96,"enemies":"downfall:CharBossMerchant","floor":52,"turns":8}],"seed_played":"5295722027926038387","potions_obtained":[{"floor":11.0,"key":"PowerPotion"},{"floor":16.0,"key":"PowerPotion"},{"floor":19.0,"key":"Guardian:AcceleratePotion"},{"floor":23,"key":"BlessingOfTheForge"},{"floor":27,"key":"AttackPotion"},{"floor":31,"key":"Ancient Potion"},{"floor":31,"key":"Block Potion"},{"floor":39,"key":"Guardian:DefensiveModePotion"},{"floor":40,"key":"Block Potion"},{"floor":43,"key":"Strength Potion"},{"floor":46,"key":"Ancient Potion"}],"is_trial":false,"path_per_floor":["R","M","?","?","?","R","T","M","R","$","M","E","R","?","M","B",null,"R","M","?","$","?","M","T","R","$","E","R","?","M","?","M","B",null,"R","M","M","M","M","E","T","R","E","M","M","M","R","M","M","B",null,"E"],"character_chosen":"GUARDIAN","items_purchased":["Guardian:FuturePlans","Guardian:ShieldCharger","Oddly Smooth Stone","Guardian:Orbwalk"],"campfire_rested":5,"item_purchase_floors":[10,10,10,26],"current_hp_per_floor":[65,63,63,63,39,58,58,58,58,44,44,18,37,37,37,33,57,57,51,51,51,42,33,33,33,22,22,41,41,34,34,34,3,50,50,48,44,40,25,22,22,54,54,54,52,46,68,68,48,48,68,0,0,0],"gold":468,"neow_bonus":"TWO_FIFTY_GOLD","is_daily":false,"chose_seed":false,"campfire_upgraded":4,"win_rate":0.0,"timestamp":1612602631,"path_taken":["R","M","?","?","?","R","T","M","R","$","M","E","R","?","M","BOSS","R","M","?","$","?","M","T","R","$","E","R","?","?","?","M","BOSS","R","M","M","M","M","E","T","R","E","M","M","M","R","?","M","BOSS","E"],"items_purchased_type":["Card","Card","Relic","Card"],"build_version":"2020-12-22","purchased_purges":3,"victory":false,"max_hp_per_floor":[65,65,65,65,65,65,65,65,65,65,65,65,65,65,65,65,65,65,65,65,65,65,65,65,65,65,65,65,65,65,65,65,65,65,65,65,65,65,65,65,65,75,75,75,75,75,75,75,75,75,75,75,75,75],"relic_stats":{"Nunchaku":[35],"counters":[29,134],"Sundial":[6],"Bag of Preparation":[56],"obtain_stats":[{"Ice Cream":4,"downfall:ShatteredFragment":5,"downfall:HeartBlessingRed":28,"Guardian:ModeShifter":0,"Oddly Smooth Stone":10,"downfall:HeartBlessingGreen":28,"Bag of Preparation":7,"SlaversCollar":34,"Nunchaku":12,"Sundial":24,"downfall:HeartBlessingBlue":42,"MutagenicStrength":22,"Molten Egg 2":27,"Toy Ornithopter":43,"Runic Pyramid":17,"Meat on the Bone":40},{"Ice Cream":1,"downfall:ShatteredFragment":1,"downfall:HeartBlessingRed":13,"Guardian:ModeShifter":0,"Oddly Smooth Stone":3,"downfall:HeartBlessingGreen":13,"Bag of Preparation":1,"SlaversCollar":16,"Nunchaku":5,"Sundial":11,"downfall:HeartBlessingBlue":21,"MutagenicStrength":10,"Molten Egg 2":13,"Toy Ornithopter":22,"Runic Pyramid":7,"Meat on the Bone":21},{"Ice Cream":5,"downfall:ShatteredFragment":5,"downfall:HeartBlessingRed":49,"Guardian:ModeShifter":0,"Oddly Smooth Stone":11,"downfall:HeartBlessingGreen":49,"Bag of Preparation":5,"SlaversCollar":63,"Nunchaku":18,"Sundial":41,"downfall:HeartBlessingBlue":86,"MutagenicStrength":38,"Molten Egg 2":49,"Toy Ornithopter":91,"Runic Pyramid":25,"Meat on the Bone":86}],"Toy Ornithopter":10,"Meat on the Bone":12},"card_choices":[{"not_picked":["Guardian:CrystalBeam","Guardian:GuardianWhirl"],"picked":"Guardian:WalkerClaw","floor":2.0},{"not_picked":["Guardian:Gem_Green","Guardian:ShieldSpikes"],"picked":"Guardian:ChargeCore","floor":8.0},{"not_picked":["Guardian:Harden","Guardian:RollAttack"],"picked":"Guardian:Gem_Purple","floor":10.0},{"not_picked":["Guardian:Gem_Green","Guardian:ShieldCharger"],"picked":"Guardian:Gem_Fragmented","floor":11.0},{"not_picked":["Guardian:Gem_Crimson","Guardian:PrismaticBeam"],"picked":"Guardian:Orbwalk","floor":12.0},{"not_picked":["Guardian:Gem_Green","Guardian:PrimingBeam"],"picked":"Guardian:VentSteam","floor":15.0},{"not_picked":["Guardian:StasisStrike","Guardian:FierceBash"],"picked":"Guardian:Gem_Orange","floor":16.0},{"not_picked":["Guardian:PrismaticBarrier","Guardian:PiercingHide"],"picked":"Guardian:TimeBomb","floor":19.0},{"not_picked":["Guardian:RollAttack+1","Guardian:Suspension"],"picked":"Guardian:StasisStrike","floor":21},{"not_picked":[],"picked":"J.A.X.","floor":22},{"not_picked":["Guardian:RollAttack","Guardian:Gem_Lightblue"],"picked":"Guardian:SentryBeam","floor":22},{"not_picked":["Guardian:Suspension","Guardian:RollAttack"],"picked":"Guardian:TemporalStrike","floor":23},{"not_picked":["Guardian:Reroute","Guardian:Suspension"],"picked":"Guardian:ConstructionForm","floor":26},{"not_picked":["Guardian:CrystalBeam+1","Guardian:Gem_Green"],"picked":"Guardian:StasisField","floor":27},{"not_picked":["Guardian:Gem_Lightblue","Guardian:Gem_Red","Guardian:PrimingBeam+1"],"picked":"SKIP","floor":30},{"not_picked":["Guardian:WalkerClaw+1","Guardian:PrimingBeam+1"],"picked":"Guardian:Gem_Yellow","floor":32},{"not_picked":["Guardian:RevengeProtocol","Guardian:ConstructionForm"],"picked":"Guardian:FastForward","floor":33},{"not_picked":["Guardian:PiercingHide+1","Guardian:PrimingBeam+1"],"picked":"Guardian:BronzeOrb+1","floor":36},{"not_picked":["Guardian:WalkerClaw+1","Guardian:MultiBeam+1","Guardian:PrismaticBeam+1"],"picked":"SKIP","floor":37},{"not_picked":["Guardian:Planning","Guardian:Gem_Red"],"picked":"Guardian:Harden+1","floor":38},{"not_picked":["Guardian:Orbwalk","Guardian:GuardianWhirl+1"],"picked":"Guardian:Repulse","floor":39},{"not_picked":["Guardian:PrismaticBarrier","Guardian:Planning"],"picked":"Guardian:DecasProtection+1","floor":40},{"not_picked":["Guardian:SpikerProtocol","Guardian:PiercingHide"],"picked":"Guardian:Orbwalk+1","floor":43},{"not_picked":["Guardian:TemporalStrike+1","Guardian:Incinerate+1"],"picked":"Guardian:BaubleBeam+1","floor":44},{"not_picked":["Guardian:TemporalStrike+1","Guardian:ChargeCore+1"],"picked":"Guardian:BronzeOrb+1","floor":45},{"not_picked":["Guardian:Gem_Red","Guardian:Suspension"],"picked":"Guardian:TimeCapacitor","floor":46},{"not_picked":["Guardian:Gem_Crimson","Guardian:Planning"],"picked":"Guardian:StasisStrike+1","floor":48},{"not_picked":["Guardian:Gem_Lightblue","Guardian:Suspension","Guardian:RollAttack+1"],"picked":"SKIP","floor":49}],"player_experience":1291537,"relics_obtained":[{"floor":7.0,"key":"Bag of Preparation"},{"floor":12.0,"key":"Nunchaku"},{"floor":22,"key":"MutagenicStrength"},{"floor":24,"key":"Sundial"},{"floor":27,"key":"Molten Egg 2"},{"floor":40,"key":"Meat on the Bone"},{"floor":43,"key":"Toy Ornithopter"}],"event_choices":[{"damage_healed":0.0,"max_hp_gain":0.0,"max_hp_loss":0.0,"gold_gain":0.0,"event_name":"Big Fish","player_choice":"Box","floor":4.0,"gold_loss":0.0,"damage_taken":0.0,"relics_obtained":["Ice Cream"],"cards_obtained":["Regret"]},{"damage_healed":0,"gold_gain":0,"player_choice":"Got Potions","damage_taken":0,"max_hp_gain":0,"max_hp_loss":0,"event_name":"Lab","floor":31,"gold_loss":0}],"is_beta":false,"boss_relics":[{"not_picked":["Astrolabe","SacredBark"],"picked":"Runic Pyramid"},{"not_picked":["Busted Crown","Snecko Eye"],"picked":"SlaversCollar"}],"items_purged_floors":[10,21,26],"is_endless":false,"potions_floor_spawned":[11,16,19,23,27,39,40,43,46,48,49],"killed_by":"downfall:CharBossMerchant","ascension_level":16}}