{"host":"aq3xpixvif6gmjmv","time":1612580721,"event":{"mods":["BaseMod","CapriCore","Colored Map","Colored Powertips","Friendly Minions","Minty Spire (QoL Compilation)","StSLib","SuperFastMode","The Hierophant"],"gold_per_floor":[110,285,285,184,184,184,226,295,295,63,63,79,79,96,96,207,207,224,224,266,141,71,113,113,126,126,126,126,167,196,238,238,344,344,364,373,20,20,242,242,50,84,109,109,109,109,109,109,109,109],"floor_reached":51,"language":"KOR","playtime":1821,"items_purged":["Strike_G","Strike_G","Defend_G"],"score":887,"play_id":"8fb70bf9-6f7d-419f-829e-b0f1b6046fb1","local_time":"20210206120521","daily_mods":["Vintage","Heirloom","Flight"],"is_ascension_mode":false,"campfire_choices":[{"data":"Neutralize","floor":6.0,"key":"SMITH"},{"data":"Burst","floor":11.0,"key":"SMITH"},{"data":"Noxious Fumes","floor":13.0,"key":"SMITH"},{"data":"Backflip","floor":15.0,"key":"SMITH"},{"data":"Noxious Fumes","floor":27.0,"key":"SMITH"},{"data":"Adrenaline","floor":28.0,"key":"SMITH"},{"data":"Footwork","floor":32.0,"key":"SMITH"},{"data":"Adrenaline","floor":40.0,"key":"SMITH"},{"data":"Strike_G","floor":44.0,"key":"PURGE"},{"data":"Noxious Fumes","floor":46.0,"key":"SMITH"},{"data":"Strike_G+1","floor":49,"key":"PURGE"}],"circlet_count":0,"master_deck":["Strike_G+1","Defend_G+1","Defend_G+1","Defend_G+1","Defend_G+1","Survivor+1","Neutralize+1","Bane+1","Backflip+1","Burst+1","Noxious Fumes+1","Adrenaline+1","Dodge and Roll+1","Blur+1","Noxious Fumes+1","Footwork+1","Dodge and Roll+1","Adrenaline+1","Neutralize+1","Prepared+1","Noxious Fumes+1","Bouncing Flask+1","Bouncing Flask+1"],"relics":["Ring of the Snake","Torii","Darkstone Periapt","CeramicFish","White Beast Statue","InkBottle","Paper Crane","Thread and Needle","SlaversCollar","Strawberry","Red Mask","Peace Pipe","Gremlin Horn","Pear","CaptainsWheel","StrikeDummy","Lizard Tail","Runic Pyramid","Tiny Chest","Ice Cream","Orrery","Akabeko","War Paint","Pen Nib","Mark of the Bloom"],"acts_visited":["Exordium","TheCity","TheBeyond"],"potions_floor_usage":[],"damage_taken":[{"damage":1.0,"enemies":"Small Slimes","floor":1.0,"turns":6.0},{"damage":21.0,"enemies":"Gremlin Nob","floor":7.0,"turns":5.0},{"damage":2.0,"enemies":"2 Louse","floor":12.0,"turns":3.0},{"damage":1.0,"enemies":"Jaw Worm","floor":14.0,"turns":4.0},{"damage":16.0,"enemies":"Hexaghost","floor":16.0,"turns":12.0},{"damage":0.0,"enemies":"Chosen","floor":18.0,"turns":6.0},{"damage":23.0,"enemies":"Masked Bandits","floor":20.0,"turns":6.0},{"damage":0.0,"enemies":"Book of Stabbing","floor":23.0,"turns":9.0},{"damage":0.0,"enemies":"Spheric Guardian","floor":25.0,"turns":7.0},{"damage":10.0,"enemies":"Slavers","floor":29.0,"turns":5.0},{"damage":0.0,"enemies":"Book of Stabbing","floor":30.0,"turns":7.0},{"damage":6.0,"enemies":"Gremlin Leader","floor":31.0,"turns":8.0},{"damage":2.0,"enemies":"Collector","floor":33.0,"turns":11.0},{"damage":0.0,"enemies":"3 Shapes","floor":35.0,"turns":6.0},{"damage":22.0,"enemies":"Reptomancer","floor":42.0,"turns":6.0},{"damage":11,"enemies":"Time Eater","floor":50,"turns":11}],"seed_played":"-982482060052180761","potions_obtained":[{"floor":7.0,"key":"SpeedPotion"},{"floor":12.0,"key":"GamblersBrew"},{"floor":14.0,"key":"Regen Potion"},{"floor":20.0,"key":"GamblersBrew"},{"floor":30.0,"key":"Fire Potion"},{"floor":31.0,"key":"SkillPotion"}],"is_trial":true,"path_per_floor":["M","?","?","$","?","R","E","T","T","$","R","M","R","M","R","B",null,"M","?","?","$","$","E","?","M","T","R","R","E","E","E","R","B",null,"M","?","$","$","?","R","$","E","T","R","T","R","$","?","R","B",null],"character_chosen":"THE_SILENT","items_purchased":["Bane","Burst","Noxious Fumes","Blur","Ice Cream","Prepared","Noxious Fumes","Orrery"],"campfire_rested":0,"item_purchase_floors":[4,10,10,22,37,37,41,41],"current_hp_per_floor":[69,75,68,68,73,73,52,52,52,52,52,50,50,49,49,33,81,88,88,65,65,65,65,65,65,75,75,75,65,65,59,59,57,98,98,98,98,98,98,98,98,76,76,76,76,76,76,76,76,65],"gold":109,"neow_bonus":"","is_daily":false,"chose_seed":false,"campfire_upgraded":9,"win_rate":0.0,"timestamp":1612580721,"path_taken":["M","?","?","$","?","R","E","?","T","$","R","?","R","M","R","BOSS","M","?","?","$","$","E","?","?","T","R","R","E","E","E","R","BOSS","M","?","?","$","?","R","$","E","T","R","?","R","$","?","R","BOSS"],"items_purchased_type":["Card","Card","Card","Card","Relic","Card","Card","Relic"],"build_version":"2020-12-22","purchased_purges":3,"victory":true,"max_hp_per_floor":[70,76,76,76,81,81,81,81,81,81,81,81,81,81,81,81,81,88,88,88,88,88,88,88,88,98,98,98,98,98,98,98,98,98,98,98,98,98,98,98,98,98,98,98,98,98,98,98,98,98],"card_choices":[{"not_picked":["Flying Knee","Dagger Throw"],"picked":"Backflip","floor":7.0},{"not_picked":["Storm of Steel","Night Terror"],"picked":"Adrenaline","floor":16.0},{"not_picked":["Underhanded Strike","Quick Slash"],"picked":"Dodge and Roll","floor":20.0},{"not_picked":["Escape Plan","Quick Slash"],"picked":"Noxious Fumes","floor":23.0},{"not_picked":["Infinite Blades+1","Backstab"],"picked":"Footwork","floor":29.0},{"not_picked":["Dash+1","Dagger Spray","Eviscerate"],"picked":"SKIP","floor":30.0},{"not_picked":["Eviscerate","Venomology"],"picked":"Dodge and Roll","floor":31.0},{"not_picked":["Doppelganger","Phantasmal Killer"],"picked":"Adrenaline","floor":33.0},{"not_picked":["Masterful Stab","Backflip+1"],"picked":"Bouncing Flask","floor":41.0},{"not_picked":["Bane+1","Heel Hook+1"],"picked":"Bouncing Flask+1","floor":42.0}],"player_experience":413301,"relics_obtained":[{"floor":1.0,"key":"Darkstone Periapt"},{"floor":7.0,"key":"CeramicFish"},{"floor":8.0,"key":"White Beast Statue"},{"floor":9.0,"key":"InkBottle"},{"floor":12.0,"key":"Paper Crane"},{"floor":14.0,"key":"Thread and Needle"},{"floor":18.0,"key":"Strawberry"},{"floor":20.0,"key":"Red Mask"},{"floor":23.0,"key":"Peace Pipe"},{"floor":25.0,"key":"Gremlin Horn"},{"floor":26.0,"key":"Pear"},{"floor":29.0,"key":"CaptainsWheel"},{"floor":30.0,"key":"StrikeDummy"},{"floor":31.0,"key":"Lizard Tail"},{"floor":35.0,"key":"Tiny Chest"},{"floor":42.0,"key":"Akabeko"},{"floor":43.0,"key":"War Paint"},{"floor":45.0,"key":"Pen Nib"}],"event_choices":[{"damage_healed":0.0,"max_hp_gain":0.0,"max_hp_loss":0.0,"gold_gain":175.0,"event_name":"Liars Game","player_choice":"AGREE","floor":2.0,"gold_loss":0.0,"damage_taken":0.0,"cards_obtained":["Doubt"]},{"cards_removed":["Doubt"],"damage_healed":0.0,"max_hp_gain":0.0,"max_hp_loss":0.0,"gold_gain":0.0,"event_name":"Golden Wing","player_choice":"Card Removal","floor":3.0,"gold_loss":0.0,"damage_taken":7.0},{"damage_healed":0.0,"max_hp_gain":5.0,"max_hp_loss":0.0,"gold_gain":0.0,"event_name":"Big Fish","player_choice":"Donut","floor":5.0,"gold_loss":0.0,"damage_taken":0.0},{"damage_healed":0.0,"max_hp_gain":0.0,"max_hp_loss":0.0,"gold_gain":0.0,"event_name":"Vampires","player_choice":"Ignored","floor":19.0,"gold_loss":0.0,"damage_taken":0.0},{"damage_healed":0.0,"max_hp_gain":0.0,"max_hp_loss":0.0,"gold_gain":0.0,"event_name":"Masked Bandits","player_choice":"Fought Bandits","floor":20.0,"gold_loss":0.0,"damage_taken":0.0},{"damage_healed":0.0,"max_hp_gain":0.0,"max_hp_loss":0.0,"gold_gain":0.0,"event_name":"Transmorgrifier","player_choice":"Ignored","floor":24.0,"gold_loss":0.0,"damage_taken":0.0},{"damage_healed":0.0,"max_hp_gain":0.0,"max_hp_loss":0.0,"gold_gain":0.0,"event_name":"Match and Keep!","player_choice":"1 cards matched","floor":36.0,"gold_loss":0.0,"damage_taken":0.0,"cards_obtained":["Neutralize"]},{"damage_healed":0.0,"max_hp_gain":0.0,"max_hp_loss":0.0,"gold_gain":222.0,"event_name":"Tomb of Lord Red Mask","player_choice":"Wore Mask","floor":39.0,"gold_loss":0.0,"damage_taken":0.0},{"damage_healed":0,"gold_gain":0,"player_choice":"Upgrade","damage_taken":0,"relics_obtained":["Mark of the Bloom"],"max_hp_gain":0,"max_hp_loss":0,"event_name":"MindBloom","floor":48,"gold_loss":0,"cards_upgraded":["Strike_G","Strike_G","Defend_G","Defend_G","Defend_G","Survivor","Bane","Dodge and Roll","Blur","Dodge and Roll","Neutralize","Bouncing Flask"]}],"is_beta":false,"boss_relics":[{"not_picked":["Snecko Eye","Tiny House"],"picked":"SlaversCollar"},{"not_picked":["WristBlade","Astrolabe"],"picked":"Runic Pyramid"}],"items_purged_floors":[4,10,21],"is_endless":false,"potions_floor_spawned":[7,12,14,16,18,20,23,25,29,30,31,33,35,42],"ascension_level":0}}