{"host":"oigynbtg272c19pw","time":1612642405,"event":{"mods":["BaseMod","Colored Map","Minty Spire (QoL Compilation)","Relic Stats","Slay the Relics Exporter","StSLib"],"gold_per_floor":[112,112,125,125,125,157,177,246,269,289,301,301,301,48,48,125,125,161,176,19,19,62,62,62],"floor_reached":23,"playtime":783,"items_purged":[],"score":456,"play_id":"031b92a6-75fb-42df-9db1-ca815c2320e9","local_time":"20210206211325","is_ascension_mode":true,"campfire_choices":[{"floor":12,"key":"REST"},{"data":"WaveOfTheHand","floor":15,"key":"SMITH"}],"circlet_count":0,"master_deck":["AscendersBane","Strike_P","Strike_P","Strike_P","Strike_P","Defend_P","Defend_P","Defend_P","Defend_P","Eruption","Vigilance+1","EmptyFist+1","Collect+1","WaveOfTheHand+1","ClearTheMind","CutThroughFate","Meditate","Halt","Tantrum","Wish","LessonLearned","Consecrate"],"relics":["PureWater","NeowsBlessing","WarpedTongs","Nunchaku","Regal Pillow","Oddly Smooth Stone","Chemical X","Fusion Hammer"],"acts_visited":["Exordium","TheCity"],"potions_floor_usage":[8,8,21],"damage_taken":[{"damage":0,"enemies":"Jaw Worm","floor":1,"turns":1},{"damage":0,"enemies":"2 Louse","floor":3,"turns":1},{"damage":0,"enemies":"Gremlin Nob","floor":6,"turns":1},{"damage":3,"enemies":"Cultist","floor":7,"turns":2},{"damage":19,"enemies":"3 Sentries","floor":8,"turns":7},{"damage":2,"enemies":"Exordium Wildlife","floor":10,"turns":4},{"damage":16,"enemies":"Blue Slaver","floor":11,"turns":4},{"damage":8,"enemies":"Hexaghost","floor":16,"turns":7},{"damage":20,"enemies":"Spheric Guardian","floor":18,"turns":4},{"damage":6,"enemies":"Chosen","floor":19,"turns":4},{"damage":0,"enemies":"Snake Plant","floor":21,"turns":2},{"damage":17,"enemies":"Snecko","floor":22,"turns":6},{"damage":15,"enemies":"Slavers","floor":23,"turns":2}],"seed_played":"-5407122135824787685","potions_obtained":[{"floor":6,"key":"ColorlessPotion"},{"floor":7,"key":"AttackPotion"},{"floor":11,"key":"BlessingOfTheForge"},{"floor":18,"key":"SmokeBomb"},{"floor":22,"key":"Weak Potion"}],"is_trial":false,"path_per_floor":["M","?","M","?","?","E","M","E","T","M","M","R","?","$","R","B",null,"M","M","$","M","M","E"],"character_chosen":"WATCHER","items_purchased":["Tantrum","Chemical X","LessonLearned"],"campfire_rested":1,"item_purchase_floors":[14,14,20],"current_hp_per_floor":[61,66,66,44,44,44,41,22,22,20,4,40,33,33,33,25,61,41,35,35,35,18,3,3],"gold":62,"neow_bonus":"THREE_ENEMY_KILL","is_daily":false,"chose_seed":false,"campfire_upgraded":1,"win_rate":0.0,"timestamp":1612642405,"path_taken":["M","?","M","?","?","E","M","E","T","M","?","R","?","?","R","BOSS","M","M","$","M","M","E"],"items_purchased_type":["Card","Relic","Card"],"build_version":"2020-12-13","purchased_purges":0,"victory":false,"max_hp_per_floor":[68,73,73,73,73,73,73,73,73,73,73,73,73,73,73,73,73,73,73,73,73,73,73,73],"relic_stats":{"Nunchaku":[8],"Regal Pillow":15,"counters":[13,45],"Chemical X":[5],"obtain_stats":[{"Nunchaku":6,"Regal Pillow":8,"NeowsBlessing":0,"Oddly Smooth Stone":9,"Fusion Hammer":17,"Chemical X":14,"PureWater":0,"WarpedTongs":5},{"Nunchaku":3,"Regal Pillow":5,"NeowsBlessing":0,"Oddly Smooth Stone":5,"Fusion Hammer":8,"Chemical X":7,"PureWater":0,"WarpedTongs":2},{"Nunchaku":3,"Regal Pillow":12,"NeowsBlessing":0,"Oddly Smooth Stone":12,"Fusion Hammer":27,"Chemical X":20,"PureWater":0,"WarpedTongs":2}],"WarpedTongs":[43]},"card_choices":[{"not_picked":["Collect","Prostrate"],"picked":"EmptyFist","floor":1},{"not_picked":["Perseverance","PathToVictory"],"picked":"Collect","floor":3},{"not_picked":["FlyingSleeves","EmptyFist"],"picked":"WaveOfTheHand","floor":6},{"not_picked":["EmptyFist","Weave"],"picked":"ClearTheMind","floor":7},{"not_picked":["FollowUp","Swivel"],"picked":"CutThroughFate","floor":8},{"not_picked":["JustLucky","FlurryOfBlows"],"picked":"Meditate","floor":10},{"not_picked":["PathToVictory","SignatureMove"],"picked":"Halt","floor":11},{"not_picked":["Ragnarok","Omniscience"],"picked":"Wish","floor":16},{"not_picked":["CutThroughFate","Protect","SashWhip"],"picked":"SKIP","floor":18},{"not_picked":["CrushJoints+1","WindmillStrike","CutThroughFate"],"picked":"SKIP","floor":19},{"not_picked":["Prostrate","CutThroughFate"],"picked":"Consecrate","floor":22}],"player_experience":1553934,"relics_obtained":[{"floor":6,"key":"Nunchaku"},{"floor":8,"key":"Regal Pillow"},{"floor":9,"key":"Oddly Smooth Stone"}],"event_choices":[{"damage_healed":0,"gold_gain":0,"player_choice":"Donut","damage_taken":0,"max_hp_gain":5,"max_hp_loss":0,"event_name":"Big Fish","floor":2,"gold_loss":0},{"damage_healed":0,"gold_gain":0,"player_choice":"Entered Light","damage_taken":22,"max_hp_gain":0,"max_hp_loss":0,"event_name":"Shining Light","floor":4,"gold_loss":0,"cards_upgraded":["EmptyFist","Vigilance"]},{"damage_healed":0,"gold_gain":0,"player_choice":"Rummage","damage_taken":0,"relics_obtained":["WarpedTongs"],"max_hp_gain":0,"max_hp_loss":0,"event_name":"Accursed Blacksmith","floor":5,"gold_loss":0,"cards_obtained":["Pain"]},{"cards_removed":["Pain"],"damage_healed":0,"gold_gain":0,"player_choice":"Card Removal","damage_taken":7,"max_hp_gain":0,"max_hp_loss":0,"event_name":"Golden Wing","floor":13,"gold_loss":0}],"is_beta":false,"boss_relics":[{"not_picked":["Velvet Choker","Tiny House"],"picked":"Fusion Hammer"}],"items_purged_floors":[],"is_endless":false,"potions_floor_spawned":[6,7,11,18,22],"killed_by":"Slavers","ascension_level":20}}