{"host":"epc8efk9vrywpcsw","time":1612611312,"event":{"mods":["BaseMod","Minty Spire (QoL Compilation)","Relic Stats","StSLib"],"gold_per_floor":[14,26,46,64,64,90,11,43,122,148,161,161,161],"floor_reached":12,"language":"ENG","playtime":469,"items_purged":[],"score":200,"play_id":"0a89411c-ec0e-4e66-96f0-4d428d63e2b5","local_time":"20210206123512","is_ascension_mode":true,"campfire_choices":[],"circlet_count":0,"master_deck":["AscendersBane","Strike_R","Strike_R","Strike_R","Strike_R","Strike_R","Defend_R","Defend_R","Defend_R","Defend_R","Bash","Metamorphosis","Perfected Strike","Exhume","Rupture","Impervious"],"relics":["Burning Blood","Art of War","Champion Belt","Blue Candle","Smiling Mask"],"acts_visited":["Exordium"],"potions_floor_usage":[],"damage_taken":[{"damage":19.0,"enemies":"Jaw Worm","floor":1.0,"turns":4.0},{"damage":4.0,"enemies":"Small Slimes","floor":2.0,"turns":3.0},{"damage":7.0,"enemies":"Cultist","floor":3.0,"turns":4.0},{"damage":5.0,"enemies":"2 Fungi Beasts","floor":4.0,"turns":4.0},{"damage":32.0,"enemies":"Gremlin Nob","floor":6.0,"turns":4.0},{"damage":10.0,"enemies":"Lagavulin","floor":8.0,"turns":5.0},{"damage":8.0,"enemies":"Gremlin Nob","floor":10.0,"turns":3.0},{"damage":11.0,"enemies":"Blue Slaver","floor":11.0,"turns":3.0},{"damage":20,"enemies":"3 Sentries","floor":12,"turns":5}],"seed_played":"6605213241046206632","potions_obtained":[{"floor":1.0,"key":"SpeedPotion"},{"floor":3.0,"key":"Dexterity Potion"},{"floor":11.0,"key":"LiquidBronze"}],"is_trial":false,"path_per_floor":["M","M","M","M","?","E","$","E","T","E","M","E"],"character_chosen":"IRONCLAD","items_purchased":["DuplicationPotion"],"campfire_rested":0,"item_purchase_floors":[7],"current_hp_per_floor":[55,57,56,57,62,36,36,32,32,30,25,5,5],"gold":161,"neow_bonus":"RANDOM_COLORLESS_2","is_daily":false,"chose_seed":false,"campfire_upgraded":0,"win_rate":0.0,"timestamp":1612611312,"path_taken":["M","M","M","M","?","E","$","E","T","E","M","E"],"items_purchased_type":["Potion"],"build_version":"2020-12-22","purchased_purges":0,"victory":false,"max_hp_per_floor":[75,75,75,75,80,80,80,80,80,80,80,80,80],"relic_stats":{"counters":[9,35],"Blue Candle":[0],"Art of War":[4],"Champion Belt":[2],"Smiling Mask":0,"obtain_stats":[{"Blue Candle":9,"Art of War":6,"Champion Belt":8,"Smiling Mask":10,"Burning Blood":0},{"Blue Candle":6,"Art of War":5,"Champion Belt":6,"Smiling Mask":7,"Burning Blood":0},{"Blue Candle":24,"Art of War":19,"Champion Belt":24,"Smiling Mask":27,"Burning Blood":0}],"Burning Blood":48},"card_choices":[{"not_picked":["Master of Strategy","Magnetism"],"picked":"Metamorphosis","floor":0.0},{"not_picked":["Fire Breathing","Heavy Blade"],"picked":"Perfected Strike","floor":1.0},{"not_picked":["Rampage","Body Slam","Clash"],"picked":"SKIP","floor":2.0},{"not_picked":["Rampage","Body Slam","Clash"],"picked":"SKIP","floor":2.0},{"not_picked":["Anger","Rage","Thunderclap"],"picked":"SKIP","floor":3.0},{"not_picked":["Feel No Pain","Shrug It Off"],"picked":"Exhume","floor":4.0},{"not_picked":["Clothesline","Blood for Blood","True Grit"],"picked":"SKIP","floor":6.0},{"not_picked":["Headbutt","Dual Wield"],"picked":"Rupture","floor":8.0},{"not_picked":["Rage","Clothesline"],"picked":"Impervious","floor":10.0},{"not_picked":["Headbutt","Cleave","Armaments"],"picked":"SKIP","floor":11.0}],"player_experience":488346,"relics_obtained":[{"floor":6.0,"key":"Art of War"},{"floor":8.0,"key":"Champion Belt"},{"floor":9.0,"key":"Blue Candle"},{"floor":10.0,"key":"Smiling Mask"}],"event_choices":[{"damage_healed":0.0,"max_hp_gain":5.0,"max_hp_loss":0.0,"gold_gain":0.0,"event_name":"Big Fish","player_choice":"Donut","floor":5.0,"gold_loss":0.0,"damage_taken":0.0}],"is_beta":false,"boss_relics":[],"items_purged_floors":[],"is_endless":false,"potions_floor_spawned":[1,3,11],"killed_by":"3 Sentries","ascension_level":20}}