{"host":"5ufjw2f7bgq61zcq","time":1612619047,"event":{"mods":["BaseMod","Googly Eyes","Hermit","Minty Spire (QoL Compilation)","Permanent Neow","StSLib"],"gold_per_floor":[116,130,146,96,8,36,36,36,85,85,101,101,130,141,141,141,141],"floor_reached":16,"language":"ENG","playtime":1606,"items_purged":[],"score":110,"play_id":"d7d6889b-ca05-4ef6-b495-6054b473942c","local_time":"20210206074407","is_ascension_mode":false,"campfire_choices":[{"floor":7,"key":"REST"},{"data":"Eruption","floor":12,"key":"SMITH"},{"data":"Study","floor":15,"key":"SMITH"}],"circlet_count":0,"master_deck":["Strike_P","Strike_P","Strike_P","Strike_P","Defend_P","Defend_P","Defend_P","Eruption+1","Vigilance","SashWhip","Protect","Halt","BattleHymn","CutThroughFate","Conclude","Parasite","Evaluate","Study+1","WindmillStrike"],"relics":["Runic Dome","Potion Belt","Kunai","Bottled Flame"],"acts_visited":["Exordium"],"potions_floor_usage":[],"damage_taken":[{"damage":4,"enemies":"Cultist","floor":1,"turns":4},{"damage":20,"enemies":"Small Slimes","floor":2,"turns":2},{"damage":0,"enemies":"2 Louse","floor":3,"turns":2},{"damage":23,"enemies":"Lagavulin","floor":6,"turns":5},{"damage":7,"enemies":"Blue Slaver","floor":11,"turns":3},{"damage":9,"enemies":"3 Sentries","floor":13,"turns":6},{"damage":2,"enemies":"Exordium Wildlife","floor":14,"turns":3},{"damage":40,"enemies":"Slime Boss","floor":16,"turns":4}],"seed_played":"2565996311615165737","potions_obtained":[{"floor":1,"key":"Dexterity Potion"},{"floor":2,"key":"LiquidMemories"},{"floor":6,"key":"StancePotion"}],"is_trial":false,"path_per_floor":["M","M","M","?","$","E","R","?","T","?","M","R","E","M","R","B"],"character_chosen":"WATCHER","items_purchased":["BattleHymn","CutThroughFate"],"campfire_rested":1,"item_purchase_floors":[5,5],"current_hp_per_floor":[68,48,48,48,48,25,46,39,39,57,50,50,41,39,39,0,0],"gold":141,"neow_bonus":"BOSS_RELIC","is_daily":false,"chose_seed":false,"campfire_upgraded":2,"win_rate":0.0,"timestamp":1612619047,"path_taken":["M","M","M","?","$","E","R","?","T","?","M","R","E","M","R","BOSS"],"items_purchased_type":["Card","Card"],"build_version":"2020-12-22","purchased_purges":0,"victory":false,"max_hp_per_floor":[72,72,72,72,72,72,72,72,72,72,72,72,72,72,72,72,72],"card_choices":[{"not_picked":["Tantrum","FlyingSleeves"],"picked":"SashWhip","floor":1},{"not_picked":["Evaluate","BowlingBash"],"picked":"Protect","floor":2},{"not_picked":["ThirdEye","WreathOfFlame"],"picked":"Halt","floor":3},{"not_picked":["Consecrate","Pray"],"picked":"Conclude","floor":6},{"not_picked":["Protect","SashWhip"],"picked":"Evaluate","floor":11},{"not_picked":["Tantrum","Sanctity"],"picked":"Study","floor":13},{"not_picked":["Evaluate","Halt"],"picked":"WindmillStrike","floor":14}],"player_experience":75619,"relics_obtained":[{"floor":6,"key":"Potion Belt"},{"floor":13,"key":"Bottled Flame"}],"event_choices":[{"cards_removed":["Defend_P"],"damage_healed":0,"gold_gain":0,"player_choice":"Card Removal","damage_taken":0,"max_hp_gain":0,"max_hp_loss":0,"event_name":"The Cleric","floor":4,"gold_loss":50},{"damage_healed":0,"gold_gain":0,"player_choice":"Success","damage_taken":7,"relics_obtained":["Kunai"],"max_hp_gain":0,"max_hp_loss":0,"event_name":"Scrap Ooze","floor":8,"gold_loss":0},{"damage_healed":18,"gold_gain":0,"player_choice":"Healed and dodged fight","damage_taken":0,"max_hp_gain":0,"max_hp_loss":0,"event_name":"Mushrooms","floor":10,"gold_loss":0,"cards_obtained":["Parasite"]}],"is_beta":false,"boss_relics":[],"items_purged_floors":[],"is_endless":false,"potions_floor_spawned":[1,2,6],"killed_by":"Slime Boss","ascension_level":0}}