{"host":"nlh1m2716594vj2h","time":1612584202,"event":{"mods":["AchievementEnabler","BaseMod","Beaked The Cultist","BetterRewards","Downfall","Duelist Mod","Glutton Mod","Googly Eyes","Gremlin Mod","Hermit","Hubris","Infinite Spire","Jorbs\u0027s Wanderer Trilogy","Marisa????????","Minty Spire (QoL Compilation)","Replay The Spire","Shop Mod","StSLib","The Animator","The Blackbeard","The Bug Knight","The Cursed","The Gatherer","The Hierophant","The Necromancer","The Poker Player","The Runesmith","The Servant 0.9.4"],"gold_per_floor":[142,142,142,74,91,117,127,141,141,9,9,41,41,56,56,152,152,172,182,142,154,154,154,154,154],"floor_reached":24,"language":"ENG","playtime":2323,"items_purged":[],"score":306,"play_id":"79e98eb7-cdc4-4b2d-801d-d9a803266416","local_time":"20210205230322","is_ascension_mode":false,"campfire_choices":[{"floor":11,"key":"REST"},{"floor":13,"key":"REST"},{"floor":15,"key":"REST"},{"floor":23,"key":"REST"}],"circlet_count":0,"master_deck":["theDuelist:CastleWalls+1","theDuelist:CastleWalls+1","theDuelist:CastleWalls","theDuelist:DarkSparks","theDuelist:NaturiaBeast","theDuelist:NaturiaCliff","theDuelist:NaturiaRock","theDuelist:NaturiaTulip","theDuelist:Sparks","theDuelist:Sparks","theDuelist:ClosedForest","theDuelist:Pollinosis","ReplayTheSpireMod:??????????????????????+1","theDuelist:NaturiaStrawberry","theDuelist:NaturiaBambooShoot","theDuelist:MultiplicationOfAnts","theDuelist:Blockman","theDuelist:DemiseLand","theDuelist:NaturiaSunflower","theDuelist:NaturiaSunflower","theDuelist:Wildfire","theDuelist:NaturiaHydrangea","theDuelist:NaturiaMarron","theDuelist:NaturiaBarkion","theDuelist:Canyon+1","theDuelist:NaturiaSunflower+1","theDuelist:VenomShot"],"relics":["theDuelist:MillenniumPuzzle","theDuelist:CardPoolRelic","theDuelist:CardPoolBasicRelic","theDuelist:BoosterPackPoolRelic","theDuelist:CardPoolAddRelic","theDuelist:CardPoolMinusRelic","theDuelist:CardPoolSaveRelic","theDuelist:CardPoolOptionsRelic","Turnip","Charon\u0027s Ashes","theDuelist:CursedHealer","theDuelist:BoosterBetterBoostersRelic","Frozen Egg 2","theDuelist:MerchantPendant","Replay:Kaleidoscope","HoveringKite","theDuelist:MerchantNecklace"],"acts_visited":["Exordium","TheCity"],"potions_floor_usage":[5,8,19],"damage_taken":[{"damage":3,"enemies":"Small Slimes","floor":1,"turns":4},{"damage":5,"enemies":"2 Louse","floor":5,"turns":3},{"damage":23,"enemies":"Gremlin Nob","floor":6,"turns":4},{"damage":7,"enemies":"Jaw Worm","floor":7,"turns":4},{"damage":10,"enemies":"Exordium Wildlife","floor":8,"turns":10},{"damage":2,"enemies":"3 Sentries","floor":12,"turns":4},{"damage":8,"enemies":"Red Slaver","floor":14,"turns":4},{"damage":20,"enemies":"Slime Boss","floor":16,"turns":7},{"damage":5,"enemies":"2 Thieves","floor":18,"turns":4},{"damage":18,"enemies":"Shell Parasite","floor":19,"turns":7},{"damage":51,"enemies":"3 Cultists","floor":21,"turns":5},{"damage":33,"enemies":"Slavers","floor":24,"turns":2}],"seed_played":"-4442601114948917837","potions_obtained":[{"floor":1,"key":"Swift Potion"},{"floor":6,"key":"theDuelist:OrbBottle"},{"floor":14,"key":"theDuelist:CoolBottle"}],"is_trial":false,"path_per_floor":["M","?","?","$","M","E","M","M","T","$","R","E","R","M","R","B",null,"M","M","?","M","T","R","E"],"character_chosen":"THE_DUELIST","items_purchased":["Turnip","Charon\u0027s Ashes","theDuelist:ClosedForest","theDuelist:NaturiaStrawberry","theDuelist:MerchantPendant","theDuelist:NaturiaSunflower","theDuelist:Wildfire"],"campfire_rested":4,"item_purchase_floors":[0,0,0,4,10,10,10],"current_hp_per_floor":[53,78,59,59,57,34,27,17,17,17,41,42,66,58,80,60,80,75,57,57,6,6,30,0,0],"gold":154,"neow_bonus":"","is_daily":false,"chose_seed":false,"campfire_upgraded":0,"win_rate":0.0,"timestamp":1612584202,"path_taken":["M","?","?","?","M","E","M","M","T","$","R","E","R","M","R","BOSS","M","M","?","?","?","R","E"],"items_purchased_type":["Relic","Relic","Card","Card","Relic","Card","Card"],"build_version":"2020-12-22","purchased_purges":0,"victory":false,"max_hp_per_floor":[80,80,80,80,80,80,80,80,80,80,80,80,80,80,80,80,80,80,80,80,80,80,80,80,80],"card_choices":[{"not_picked":["theDuelist:NaturalDisaster","theDuelist:LairWire","theDuelist:Wiretap","theDuelist:BottomlessTrapHole"],"picked":"theDuelist:Pollinosis","floor":1},{"not_picked":["infinitespire:SevenWalls","hubris:Rewind"],"picked":"ReplayTheSpireMod:??????????????????????","floor":3},{"not_picked":["theDuelist:NaturiaCliff","theDuelist:NaturiaRock","theDuelist:NaturiaRagweed","theDuelist:FossilDig"],"picked":"theDuelist:NaturiaBambooShoot","floor":5},{"not_picked":["theDuelist:NaturiaBarkion","theDuelist:ClosedForest"],"picked":"theDuelist:MultiplicationOfAnts","floor":6},{"not_picked":["theDuelist:NaturiaGaiastrio","theDuelist:CrystalRose","theDuelist:NaturiaLandoise","theDuelist:NaturiaCliff"],"picked":"theDuelist:Blockman","floor":7},{"not_picked":["theDuelist:WildNatureRelease","theDuelist:FrozenRose","theDuelist:ExterioFang","theDuelist:ClosedForest"],"picked":"theDuelist:DemiseLand","floor":8},{"not_picked":["theDuelist:NaturiaEggplant","theDuelist:NaturiaDragonfly","theDuelist:NaturiaCliff","theDuelist:Alpacaribou"],"picked":"theDuelist:NaturiaHydrangea","floor":12},{"not_picked":["theDuelist:NaturiaHydrangea","theDuelist:NaturiaRagweed","theDuelist:NaturiaDragonfly","theDuelist:NaturiaWhiteOak"],"picked":"theDuelist:NaturiaMarron","floor":14},{"not_picked":["theDuelist:DemiseLand","theDuelist:ClosedForest","theDuelist:MultiplicationOfAnts","theDuelist:HeartUnderdog+1"],"picked":"theDuelist:NaturiaBarkion","floor":16},{"not_picked":["theDuelist:ConvulsionNature+1","theDuelist:NaturiaLeodrake+1","theDuelist:NatureReflection+1","theDuelist:NaturalDisaster+1"],"picked":"theDuelist:Canyon+1","floor":18},{"not_picked":["theDuelist:NaturiaDragonfly","theDuelist:NaturiaHydrangea","theDuelist:FossilDig","theDuelist:NaturiaCliff"],"picked":"theDuelist:NaturiaSunflower+1","floor":19},{"not_picked":["theDuelist:NaturiaMosquito","theDuelist:Alpacaribou+1"],"picked":"theDuelist:VenomShot","floor":21}],"player_experience":481488,"relics_obtained":[{"floor":6,"key":"theDuelist:BoosterBetterBoostersRelic"},{"floor":9,"key":"Frozen Egg 2"},{"floor":12,"key":"Replay:Kaleidoscope"},{"floor":22,"key":"theDuelist:MerchantNecklace"}],"event_choices":[{"damage_healed":0,"gold_gain":0,"player_choice":"Succumb - +25HP/Cursed Relic","duelist":true,"damage_taken":0,"max_hp_gain":0,"max_hp_loss":0,"event_name":"Tomb of the Nameless","floor":2,"gold_loss":0},{"damage_healed":0,"gold_gain":0,"player_choice":"Upgrade","damage_taken":0,"max_hp_gain":0,"max_hp_loss":0,"event_name":"Designer","floor":20,"gold_loss":40,"cards_upgraded":["ReplayTheSpireMod:??????????????????????"]}],"is_beta":false,"boss_relics":[{"not_picked":["Ectoplasm","Snecko Eye"],"picked":"HoveringKite"}],"items_purged_floors":[],"is_endless":false,"potions_floor_spawned":[1,6,14],"killed_by":"Slavers","ascension_level":0}}