{"host":"0t49mrxx90xkfqmj","time":1612588022,"event":{"mods":["AchievementEnabler","BaseMod","Colored Map","Colored Powertips","Minty Spire (QoL Compilation)","Relic Stats","Synergy Search"],"gold_per_floor":[99,99,99,99,99,99,99,99,99,69,69,69,69,69,69,69,69,69,69,69,69,32,32,32,32,32,32,32],"floor_reached":27,"language":"ENG","playtime":3521,"items_purged":[],"score":296,"play_id":"ecebba0f-ac39-40d8-bbef-3e0d6e5d4162","local_time":"20210206070702","is_ascension_mode":true,"campfire_choices":[{"data":"Noxious Fumes","floor":6,"key":"SMITH"},{"data":"Blade Dance","floor":15,"key":"SMITH"},{"floor":24,"key":"REST"}],"circlet_count":0,"master_deck":["Strike_G","Strike_G","Defend_G","Defend_G","Defend_G","Defend_G","Defend_G","Survivor","Neutralize","Blade Dance","Noxious Fumes+1","Storm of Steel","Finisher","Cloak And Dagger","Well Laid Plans","Acrobatics","Blade Dance+1","Tools of the Trade","Prepared","Eviscerate","Finisher","Escape Plan","Underhanded Strike","Blade Dance","After Image"],"relics":["Ectoplasm","FaceOfCleric","The Courier","Meat on the Bone","Eternal Feather","Empty Cage","Darkstone Periapt","Pantograph"],"acts_visited":["Exordium","TheCity"],"potions_floor_usage":[7,18,20,23,23],"damage_taken":[{"damage":6,"enemies":"Jaw Worm","floor":1,"turns":7},{"damage":0,"enemies":"Cultist","floor":2,"turns":4},{"damage":0,"enemies":"2 Louse","floor":3,"turns":5},{"damage":0,"enemies":"Blue Slaver","floor":4,"turns":3},{"damage":19,"enemies":"Lagavulin","floor":7,"turns":7},{"damage":11,"enemies":"3 Louse","floor":8,"turns":3},{"damage":3,"enemies":"Looter","floor":10,"turns":3},{"damage":3,"enemies":"Gremlin Nob","floor":11,"turns":3},{"damage":4,"enemies":"2 Fungi Beasts","floor":12,"turns":3},{"damage":2,"enemies":"Large Slime","floor":14,"turns":5},{"damage":33,"enemies":"Slime Boss","floor":16,"turns":11},{"damage":17,"enemies":"Chosen","floor":18,"turns":5},{"damage":20,"enemies":"Shell Parasite","floor":19,"turns":7},{"damage":31,"enemies":"Snake Plant","floor":20,"turns":5},{"damage":18,"enemies":"Centurion and Healer","floor":21,"turns":7},{"damage":18,"enemies":"Slavers","floor":23,"turns":6},{"damage":39,"enemies":"Gremlin Leader","floor":25,"turns":6},{"damage":27,"enemies":"Cultist and Chosen","floor":27,"turns":4}],"seed_played":"7996227027032491535","potions_obtained":[{"floor":2,"key":"ColorlessPotion"},{"floor":8,"key":"ColorlessPotion"},{"floor":10,"key":"GamblersBrew"},{"floor":11,"key":"Weak Potion"},{"floor":16,"key":"BlessingOfTheForge"},{"floor":20,"key":"Ancient Potion"},{"floor":21,"key":"PowerPotion"}],"is_trial":false,"path_per_floor":["M","M","M","M","?","R","E","M","T","M","E","M","?","M","R","B",null,"M","M","M","M","$","E","R","E","T","M"],"character_chosen":"THE_SILENT","items_purchased":["Underhanded Strike"],"campfire_rested":1,"item_purchase_floors":[22],"current_hp_per_floor":[64,64,64,64,64,64,46,36,36,46,44,41,34,45,54,34,77,61,42,24,19,19,14,50,24,24,0,0],"gold":32,"neow_bonus":"BOSS_RELIC","is_daily":false,"chose_seed":false,"campfire_upgraded":2,"win_rate":0.0,"timestamp":1612588022,"path_taken":["M","M","M","M","?","R","E","M","T","M","E","?","?","M","R","BOSS","M","M","M","M","$","E","R","E","T","M"],"items_purchased_type":["Card"],"build_version":"2020-12-22","purchased_purges":0,"victory":false,"max_hp_per_floor":[70,70,70,70,70,70,71,72,72,73,74,75,75,76,76,77,77,78,79,80,81,81,82,82,83,83,83,83],"relic_stats":{"Darkstone Periapt":0,"FaceOfCleric":13,"counters":[18,94],"Pantograph":0,"Eternal Feather":21,"Ectoplasm":422,"obtain_stats":[{"Darkstone Periapt":23,"FaceOfCleric":5,"Pantograph":25,"Eternal Feather":11,"Ectoplasm":0,"The Courier":7,"Empty Cage":17,"Ring of the Snake":0,"Meat on the Bone":9},{"Darkstone Periapt":16,"FaceOfCleric":4,"Pantograph":17,"Eternal Feather":8,"Ectoplasm":0,"The Courier":5,"Empty Cage":11,"Ring of the Snake":0,"Meat on the Bone":6},{"Darkstone Periapt":84,"FaceOfCleric":19,"Pantograph":90,"Eternal Feather":35,"Ectoplasm":0,"The Courier":26,"Empty Cage":54,"Ring of the Snake":0,"Meat on the Bone":29}],"Meat on the Bone":84},"card_choices":[{"not_picked":["Quick Slash","Slice","Dash"],"picked":"SKIP","floor":1},{"not_picked":["Outmaneuver","Underhanded Strike","Dagger Spray"],"picked":"SKIP","floor":2},{"not_picked":["All Out Attack","Sucker Punch"],"picked":"Blade Dance","floor":3},{"not_picked":["Poisoned Stab","Quick Slash"],"picked":"Noxious Fumes","floor":4},{"not_picked":["PiercingWail","Tactician"],"picked":"Storm of Steel","floor":7},{"not_picked":["Poisoned Stab","Quick Slash"],"picked":"Finisher","floor":8},{"not_picked":["Deadly Poison","Flying Knee"],"picked":"Cloak And Dagger","floor":10},{"not_picked":["Bullet Time","Expertise"],"picked":"Well Laid Plans","floor":11},{"not_picked":["Flying Knee","Tactician"],"picked":"Acrobatics","floor":12},{"not_picked":["Reflex","Slice"],"picked":"Blade Dance","floor":14},{"not_picked":["Wraith Form v2","Storm of Steel"],"picked":"Tools of the Trade","floor":16},{"not_picked":["Deadly Poison","Predator"],"picked":"Prepared","floor":18},{"not_picked":["Dash","Poisoned Stab+1"],"picked":"Eviscerate","floor":19},{"not_picked":["Deflect+1","Noxious Fumes"],"picked":"Finisher","floor":20},{"not_picked":["Endless Agony+1","Flechettes"],"picked":"Escape Plan","floor":21},{"not_picked":["Catalyst","Dagger Throw+1"],"picked":"Blade Dance","floor":23},{"not_picked":["Grand Finale","Acrobatics"],"picked":"After Image","floor":25}],"player_experience":197496,"relics_obtained":[{"floor":7,"key":"The Courier"},{"floor":9,"key":"Meat on the Bone"},{"floor":11,"key":"Eternal Feather"},{"floor":23,"key":"Darkstone Periapt"},{"floor":25,"key":"Pantograph"}],"event_choices":[{"damage_healed":0,"gold_gain":0,"player_choice":"Trade","damage_taken":0,"relics_obtained":["FaceOfCleric"],"max_hp_gain":0,"max_hp_loss":0,"event_name":"FaceTrader","floor":5,"gold_loss":0},{"cards_removed":["Strike_G"],"damage_healed":0,"gold_gain":0,"player_choice":"Card Removal","damage_taken":7,"max_hp_gain":0,"max_hp_loss":0,"event_name":"Golden Wing","floor":13,"gold_loss":0}],"is_beta":false,"boss_relics":[{"not_picked":["Busted Crown","Snecko Eye"],"picked":"Empty Cage"}],"items_purged_floors":[],"is_endless":false,"potions_floor_spawned":[2,8,10,11,16,20,21],"killed_by":"Cultist and Chosen","ascension_level":2}}