{"host":"3e3mwsgb9gfqiuxm","time":1612600853,"event":{"mods":["Act Like it!","BaseMod","BetterRewards","Colored Map","Colored Powertips","Downfall","Gensokyo","Hermit","Infinite Spire","Koishi","Marisa????????","Minty Spire (QoL Compilation)","Quick Restart","Reimu??????","Remilia??????","Replay The Spire","Shop Mod","StSLib","SuperFastMode","The Animator","The Bug Knight","The Cursed","The Jungle","The Servant 0.9.4","everything is the same but u backflip on backflip"],"gold_per_floor":[110,133,157,171,22,54,65,17,17,17,46,46,44,60,60,155,155,166,166,178,198,209,209,240,240,240,270,270,318,362,366,366],"floor_reached":31,"language":"ENG","playtime":854,"items_purged":[],"score":367,"play_id":"febc14b3-379b-4b2b-8e4a-5b2195097d29","local_time":"20210206034053","is_ascension_mode":true,"campfire_choices":[{"data":"SilverBlades","floor":10.0,"key":"SMITH"},{"data":"DoubleEdge","floor":12.0,"key":"SMITH"},{"data":"InstantArmor","floor":15.0,"key":"SMITH"},{"data":"KillingDoll","floor":23.0,"key":"SMITH"},{"data":"FlawlessForm","floor":28,"key":"SMITH"}],"circlet_count":0,"master_deck":["Strike_S","Strike_S","Strike_S","Defend_S","Defend_S","Defend_S","KidneyShot","Exchange","DoubleEdge+1","SilverBlades+1","Moonlight","InstantArmor+1","Starlight","Dilation","KillingDoll+1","Rearm","DoubleEdge+1","WasteNot+1","Ricochet+1","FlawlessForm+1","KillingDoll"],"relics":["Uniform","NeowsBlessing","Gremlin Food","Happy Flower","Replay:Mystery Machine","infinitespire:PuzzleCube","Nunchaku","RedLine:ReiMu","Gensokyo:MosesMiracle","Ginger","Question Card","Replay:Bandana","Mastiff:ReiMu"],"acts_visited":["Gensokyo:Gensokyo","Gensokyo:Gensokyoer"],"potions_floor_usage":[29,31,31],"damage_taken":[{"damage":0.0,"enemies":"Gensokyo:3_Fairies","floor":1.0,"turns":2.0},{"damage":0.0,"enemies":"Gensokyo:Python","floor":4.0,"turns":1.0},{"damage":0.0,"enemies":"Gensokyo:Cirno","floor":6.0,"turns":2.0},{"damage":0.0,"enemies":"Gensokyo:Gryphon","floor":7.0,"turns":2.0},{"damage":1.0,"enemies":"Gensokyo:Aya","floor":11.0,"turns":4.0},{"damage":0.0,"enemies":"Gensokyo:LivingMonolith","floor":14.0,"turns":2.0},{"damage":11.0,"enemies":"Gensokyo:Yukari","floor":16.0,"turns":8.0},{"damage":1.0,"enemies":"Gensokyo:CosmicMonolith","floor":18.0,"turns":2.0},{"damage":0.0,"enemies":"Gensokyo:Chomper","floor":20.0,"turns":2.0},{"damage":12.0,"enemies":"Gensokyo:Slime_Group","floor":21.0,"turns":2.0},{"damage":18.0,"enemies":"Gensokyo:Swordslinger","floor":22.0,"turns":2.0},{"damage":0.0,"enemies":"Gensokyo:Koishi","floor":24.0,"turns":2.0},{"damage":27.0,"enemies":"Gensokyo:Tenshi","floor":27.0,"turns":3.0},{"damage":4,"enemies":"Gensokyo:Reisen","floor":29,"turns":5},{"damage":0,"enemies":"Gensokyo:Chomper_and_Gloop","floor":30,"turns":3},{"damage":11,"enemies":"Gensokyo:Tenshi","floor":31,"turns":1}],"seed_played":"-3290466970008070507","potions_obtained":[{"floor":1.0,"key":"SpeedPotion"},{"floor":14.0,"key":"LiquidMemories"},{"floor":16.0,"key":"GrandPatriotsElixir:ReiMu"},{"floor":22.0,"key":"Milkshake"},{"floor":30,"key":"Regen Potion"}],"is_trial":false,"path_per_floor":["M","T","T","M","$","E","M","COS","T","R","E","R","?","M","R","B",null,"M","?","M","M","M","R","E","?","T","E","R","E","M","E"],"character_chosen":"THE_SERVANT","items_purchased":["Moonlight","InstantArmor"],"campfire_rested":0,"item_purchase_floors":[5,5],"current_hp_per_floor":[65,65,65,65,65,65,65,65,65,65,64,64,65,65,65,54,65,64,64,64,52,34,34,34,34,34,7,7,3,3,0,0],"gold":366,"neow_bonus":"THREE_ENEMY_KILL","is_daily":false,"chose_seed":false,"campfire_upgraded":5,"win_rate":0.0,"timestamp":1612600853,"path_taken":["M","?","?","?","?","E","M","COS","T","R","E","R","?","?","R","BOSS","M","?","M","?","M","R","E","?","T","E","R","E","M","E"],"items_purchased_type":["Card","Card"],"build_version":"2020-12-22","purchased_purges":0,"victory":false,"max_hp_per_floor":[65,65,65,65,65,65,65,65,65,65,65,65,65,65,65,65,65,65,65,65,65,65,65,65,65,65,65,65,65,65,65,65],"card_choices":[{"not_picked":["Replace","Defy"],"picked":"DoubleEdge","floor":1.0},{"not_picked":["InstantArmor","FastForward"],"picked":"SilverBlades","floor":4.0},{"not_picked":["Defy","ShatteredReality"],"picked":"Starlight","floor":6.0},{"not_picked":["Collapse","Revamp","Rewind"],"picked":"SKIP","floor":7.0},{"not_picked":["GearUp","FanOfKnives"],"picked":"Dilation","floor":11.0},{"not_picked":["Potential","ShatteredReality","ShiftingGears"],"picked":"SKIP","floor":14.0},{"not_picked":["Dilation","Solidify"],"picked":"KillingDoll","floor":16.0},{"not_picked":["Replace","Ricochet"],"picked":"Rearm","floor":18.0},{"not_picked":["Spin","Unruled"],"picked":"DoubleEdge+1","floor":20.0},{"not_picked":["FanOfKnives","Advance"],"picked":"WasteNot+1","floor":21.0},{"not_picked":["DoubleEdge","Starlight"],"picked":"Ricochet+1","floor":22.0},{"not_picked":["Potential","Hightail","Misdirection"],"picked":"SKIP","floor":24.0},{"not_picked":["DualDimension+1","ShiftingGears","Defy"],"picked":"FlawlessForm","floor":27},{"not_picked":["Revamp","Starlight+1","Read"],"picked":"KillingDoll","floor":29},{"not_picked":["InstantArmor","DoubleEdge","TimeWarp+1","Reset"],"picked":"SKIP","floor":30}],"player_experience":1361289,"relics_obtained":[{"floor":2.0,"key":"infinitespire:Lucky Rock"},{"floor":3.0,"key":"Gremlin Food"},{"floor":6.0,"key":"Happy Flower"},{"floor":9.0,"key":"Replay:Mystery Machine"},{"floor":11.0,"key":"infinitespire:PuzzleCube"},{"floor":22.0,"key":"Gensokyo:MosesMiracle"},{"floor":24.0,"key":"Ginger"},{"floor":26.0,"key":"Question Card"},{"floor":27,"key":"Replay:Bandana"},{"floor":29,"key":"Mastiff:ReiMu"}],"event_choices":[],"is_beta":false,"boss_relics":[{"not_picked":["Cursed Key","Kintsugi"],"picked":"RedLine:ReiMu"}],"items_purged_floors":[],"is_endless":false,"potions_floor_spawned":[1,14,16,21,22,30],"killed_by":"Gensokyo:Tenshi","ascension_level":1}}