{"host":"y1oqg7uy0jc6f5mb","time":1612631262,"event":{"mods":["AchievementEnabler","BaseMod","Better Altar","Better Match","Better Note","Better Sensory Stone","Better Skull","Better Third Choice","BetterRewards","Colored Map","Colored Powertips","Downfall","Highlight Path","Minty Spire (QoL Compilation)","Permanent Neow","Quick Restart","Relic Stats","Replay The Spire","Shop Mod","Smile Girya","StSLib"],"gold_per_floor":[109,123,100,100,113,145,145,204,204,223,223,223,248,263,263,361,361,379,396,311,311,57,57,72,72,72,87,115,65,65,78,78,78,78],"floor_reached":33,"language":"ENG","playtime":2070,"items_purged":["Strike_B","Strike_B"],"score":358,"play_id":"f55bd95d-8535-4a2a-a5f5-798b47e745dc","local_time":"20210207010742","is_ascension_mode":true,"campfire_choices":[{"data":"Zap","floor":7.0,"key":"SMITH"},{"floor":12.0,"key":"REST"},{"data":"DeusExMachina","floor":15.0,"key":"SMITH"},{"data":"Echo Form","floor":23.0,"key":"SMITH"},{"data":"Static Discharge","floor":30,"key":"SMITH"},{"floor":32,"key":"REST"}],"circlet_count":0,"master_deck":["Strike_B+1","Strike_B+1","Defend_B","Defend_B","Defend_B","Defend_B","Zap+1","Dualcast+1","BootSequence","Self Repair","Cold Snap","Core Surge","Conserve Battery+1","DeusExMachina+1","Conserve Battery","Streamline","Echo Form+1","Redo+1","Streamline","Static Discharge+1","Beam Cell+1","Capacitor+1","Conserve Battery+1","Reinforced Body+1"],"relics":["Cracked Core","Boot","Happy Flower","Replay:Baseball","Onion Ring","Replay:Accelerometer","Omamori","War Paint","Cursed Key","Smiling Mask","Replay:Wax Seal","Necronomicon","Blue Candle","Whetstone"],"acts_visited":["Exordium","TheCity"],"potions_floor_usage":[],"damage_taken":[{"damage":1.0,"enemies":"Cultist","floor":1.0,"turns":3.0},{"damage":2.0,"enemies":"Jaw Worm","floor":2.0,"turns":2.0},{"damage":10.0,"enemies":"Small Slimes","floor":5.0,"turns":3.0},{"damage":6.0,"enemies":"Lagavulin","floor":6.0,"turns":9.0},{"damage":25.0,"enemies":"Gremlin Nob","floor":8.0,"turns":5.0},{"damage":0.0,"enemies":"3 Louse","floor":10.0,"turns":3.0},{"damage":9.0,"enemies":"3 Sentries","floor":13.0,"turns":8.0},{"damage":2.0,"enemies":"2 Fungi Beasts","floor":14.0,"turns":3.0},{"damage":22.0,"enemies":"Fading Forest","floor":16.0,"turns":11.0},{"damage":9.0,"enemies":"Shell Parasite","floor":18.0,"turns":4.0},{"damage":2.0,"enemies":"Spheric Guardian","floor":19.0,"turns":3.0},{"damage":13.0,"enemies":"Snake Plant","floor":24.0,"turns":2.0},{"damage":2,"enemies":"Shelled Parasite and Fungi","floor":27,"turns":2},{"damage":22,"enemies":"Replay:Snechameleon","floor":28,"turns":3},{"damage":22,"enemies":"3 Cultists","floor":31,"turns":4},{"damage":58,"enemies":"Champ","floor":33,"turns":9}],"seed_played":"-5929026745511599680","potions_obtained":[{"floor":0.0,"key":"AttackPotion"},{"floor":0.0,"key":"Languid Potion"},{"floor":0.0,"key":"LiquidMemories"},{"floor":5.0,"key":"Weak Potion"},{"floor":6.0,"key":"Swift Potion"},{"floor":10.0,"key":"FearPotion"},{"floor":18.0,"key":"SteroidPotion"},{"floor":19.0,"key":"Swift Potion"},{"floor":24.0,"key":"Elixir"}],"is_trial":false,"path_per_floor":["M","M","?","T","M","E","R","?","T","M","?","R","E","M","R","B",null,"M","M","?","?","$","R","M","?","T","M","E","$","R","M","R","B"],"character_chosen":"DEFECT","items_purchased":["Replay:Wax Seal","Streamline","Static Discharge"],"campfire_rested":2,"item_purchase_floors":[22,22,22],"current_hp_per_floor":[67,65,65,65,62,63,63,45,45,52,35,57,55,60,60,45,68,66,64,64,64,64,64,58,58,58,63,41,41,41,26,48,0,0],"gold":78,"neow_bonus":"THREE_SMALL_POTIONS","is_daily":false,"chose_seed":false,"campfire_upgraded":4,"win_rate":0.0,"timestamp":1612631262,"path_taken":["M","M","?","?","M","E","R","?","T","M","?","R","E","M","R","BOSS","M","M","?","?","$","R","M","?","T","?","E","$","R","M","R","BOSS"],"items_purchased_type":["Relic","Card","Card"],"build_version":"2020-12-22","purchased_purges":2,"victory":false,"max_hp_per_floor":[75,75,75,75,75,75,75,75,75,75,75,75,75,75,75,75,75,75,75,75,75,75,75,75,75,75,75,75,75,75,75,75,75,75],"relic_stats":{"Happy Flower":[19],"counters":[16,74],"Blue Candle":[0],"Necronomicon":[8],"Whetstone":["Strike_B","Strike_B"],"War Paint":["Conserve Battery","Dualcast"],"Boot":[11],"Cursed Key":1,"Smiling Mask":75,"obtain_stats":[{"Replay:Accelerometer":11,"Happy Flower":6,"Blue Candle":26,"Omamori":11,"Whetstone":28,"War Paint":13,"Boot":4,"Cursed Key":17,"Smiling Mask":20,"Replay:Baseball":8,"Onion Ring":9,"Necronomicon":22,"Replay:Wax Seal":22,"Cracked Core":0},{"Replay:Accelerometer":6,"Happy Flower":4,"Blue Candle":12,"Omamori":6,"Whetstone":14,"War Paint":7,"Boot":2,"Cursed Key":9,"Smiling Mask":11,"Replay:Baseball":5,"Onion Ring":5,"Necronomicon":11,"Replay:Wax Seal":11,"Cracked Core":0},{"Replay:Accelerometer":25,"Happy Flower":17,"Blue Candle":56,"Omamori":25,"Whetstone":61,"War Paint":33,"Boot":5,"Cursed Key":47,"Smiling Mask":54,"Replay:Baseball":22,"Onion Ring":22,"Necronomicon":54,"Replay:Wax Seal":54,"Cracked Core":0}]},"card_choices":[{"not_picked":["BasicCrystalCard","Steam"],"picked":"BootSequence","floor":1.0},{"not_picked":["Lockon","Reprogram"],"picked":"Self Repair","floor":2.0},{"not_picked":["Tempest","Gash"],"picked":"Cold Snap","floor":5.0},{"not_picked":["Cold Snap","Hyperbeam"],"picked":"Core Surge","floor":6.0},{"not_picked":["Ball Lightning","BasicCrystalCard"],"picked":"Conserve Battery","floor":8.0},{"not_picked":["Heatsinks","Barrage","Beam Cell"],"picked":"SKIP","floor":10.0},{"not_picked":["Coolheaded","Redo"],"picked":"Conserve Battery","floor":13.0},{"not_picked":["Steam Power","Conserve Battery"],"picked":"Streamline","floor":14.0},{"not_picked":["Biased Cognition","ReplayTheSpireMod:Omega Cannon"],"picked":"Echo Form","floor":16.0},{"not_picked":["Turbo","ReplayTheSpireMod:GoodbyeWorld","BasicCrystalCard"],"picked":"SKIP","floor":18.0},{"not_picked":["Cold Snap","Stack"],"picked":"Redo+1","floor":19.0},{"not_picked":["BasicCrystalCard","Self Repair"],"picked":"Beam Cell+1","floor":24.0},{"not_picked":["Reinforced Body","Streamline+1"],"picked":"Capacitor+1","floor":27},{"not_picked":["Turbo","White Noise"],"picked":"Conserve Battery+1","floor":28},{"not_picked":["Leap","Gash"],"picked":"Reinforced Body+1","floor":31}],"player_experience":382457,"relics_obtained":[{"floor":4.0,"key":"Boot"},{"floor":6.0,"key":"Happy Flower"},{"floor":8.0,"key":"Replay:Baseball"},{"floor":9.0,"key":"Onion Ring"},{"floor":13.0,"key":"War Paint"},{"floor":26,"key":"Blue Candle"},{"floor":28,"key":"Whetstone"}],"event_choices":[{"damage_healed":0.0,"max_hp_gain":0.0,"max_hp_loss":0.0,"gold_gain":0.0,"event_name":"betterThird:BetterGoop","player_choice":"Left","floor":3.0,"gold_loss":23.0,"damage_taken":0.0},{"damage_healed":0.0,"max_hp_gain":0.0,"max_hp_loss":0.0,"gold_gain":30.0,"event_name":"Dead Adventurer","player_choice":"Searched \u00273\u0027 times","floor":8.0,"gold_loss":0.0,"damage_taken":0.0},{"damage_healed":0.0,"max_hp_gain":0.0,"max_hp_loss":0.0,"gold_gain":1.0,"event_name":"betterThird:BetterScrap","player_choice":"Card Relic Relic ","floor":11.0,"gold_loss":0.0,"damage_taken":17.0,"cards_obtained":["DeusExMachina","Replay:AllIn"]},{"damage_healed":0.0,"max_hp_gain":0.0,"max_hp_loss":0.0,"gold_gain":0.0,"event_name":"Addict","player_choice":"Obtained Relic","floor":20.0,"gold_loss":85.0,"damage_taken":0.0,"relics_obtained":["Smiling Mask"]},{"damage_healed":0.0,"max_hp_gain":0.0,"max_hp_loss":0.0,"gold_gain":0.0,"event_name":"Cursed Tome","player_choice":"Ignored","floor":21.0,"gold_loss":0.0,"damage_taken":0.0}],"is_beta":false,"boss_relics":[{"not_picked":["SlaversCollar","Coffee Dripper"],"picked":"Cursed Key"}],"items_purged_floors":[22,29],"is_endless":false,"potions_floor_spawned":[5,6,10,18,19,24],"killed_by":"Champ","ascension_level":6}}