{"host":"3498uni0c31c9bdm","time":1612636283,"event":{"mods":["BaseMod","Better Match","Better Note","Better Sensory Stone","Better Skull","Better Third Choice","Colored Map","Minty Spire (QoL Compilation)","Quick Restart","RNG Fix","Random Character Button","Replay The Spire","Shop Mod","Smile Girya","StSLib","Unceasing Turn Reminder"],"gold_per_floor":[115,95,121,139,139,170,23,23,73,105,280,96,107,127,127,227,227,237,53,53,53,63,63,77,77,77,77,77],"floor_reached":27,"language":"ENG","playtime":891,"items_purged":[],"score":366,"play_id":"f66f63ee-d366-4183-bff4-63dcd5aaa88f","local_time":"20210207053123","is_ascension_mode":true,"campfire_choices":[{"floor":8.0,"key":"REST"},{"floor":15,"key":"REST"},{"floor":23,"key":"REST"},{"floor":25,"key":"REST"}],"circlet_count":0,"master_deck":["AscendersBane","Strike_G","Strike_G","Strike_G","Strike_G","Strike_G","Defend_G","Defend_G","Defend_G","Defend_G","Defend_G","Survivor","Neutralize","Catalyst","ReplayTheSpireMod:Splinters","Bouncing Flask","Poisoned Stab","ReplayTheSpireMod:Scrap Shanks","Accuracy","Doubt","Infinite Blades","Infinite Blades","PiercingWail","Cloak And Dagger","Venomology","Prepared","Heel Hook","Noxious Fumes","Dagger Spray"],"relics":["Ring of the Snake","NeowsBlessing","Turnip","Oddly Smooth Stone","Akabeko","Juzu Bracelet","Toy Ornithopter","Bottled Flame","MerchantsRug","Ring of Chaos","TwistedFunnel","The Courier"],"acts_visited":["Exordium","TheCity"],"potions_floor_usage":[16,16,18,22,24,27,27],"damage_taken":[{"damage":0.0,"enemies":"Cultist","floor":1.0,"turns":1.0},{"damage":0.0,"enemies":"Jaw Worm","floor":4.0,"turns":1.0},{"damage":0.0,"enemies":"3 Sentries","floor":6.0,"turns":2.0},{"damage":36.0,"enemies":"Lagavulin","floor":10.0,"turns":7.0},{"damage":16,"enemies":"Small Slimes","floor":13,"turns":4},{"damage":1,"enemies":"3 Louse","floor":14,"turns":4},{"damage":26,"enemies":"Slime Boss","floor":16,"turns":9},{"damage":36,"enemies":"Spheric Guardian","floor":18,"turns":7},{"damage":7,"enemies":"3 Byrds","floor":22,"turns":8},{"damage":38,"enemies":"Centurion and Healer","floor":24,"turns":7},{"damage":45,"enemies":"Book of Stabbing","floor":27,"turns":4}],"seed_played":"5961281492765491180","potions_obtained":[{"floor":2.0,"key":"GamblersBrew"},{"floor":4.0,"key":"PowerPotion"},{"floor":13,"key":"LifebloodPotion"},{"floor":14,"key":"FearPotion"},{"floor":22,"key":"Toxic Potion"},{"floor":24,"key":"Explosive Potion"}],"is_trial":false,"path_per_floor":["M","?","?","M","?","E","$","R","T","E","?","$","M","M","R","B",null,"M","$","?","?","M","R","M","R","T","E"],"character_chosen":"THE_SILENT","items_purchased":["Juzu Bracelet","MerchantsRug","Infinite Blades","TwistedFunnel","Heel Hook"],"campfire_rested":4,"item_purchase_floors":[7,12,12,19,19],"current_hp_per_floor":[63,63,63,63,30,30,30,51,51,20,20,20,4,3,24,8,55,24,24,24,24,22,43,10,31,31,0,0],"gold":77,"neow_bonus":"THREE_ENEMY_KILL","is_daily":false,"chose_seed":false,"campfire_upgraded":0,"win_rate":0.0,"timestamp":1612636283,"path_taken":["M","?","?","M","?","E","$","R","T","E","?","?","M","M","R","BOSS","M","$","?","?","M","R","M","R","T","E"],"items_purchased_type":["Relic","Relic","Card","Relic","Card"],"build_version":"2020-12-22","purchased_purges":0,"victory":false,"max_hp_per_floor":[70,70,70,70,70,70,70,70,70,70,70,70,70,70,70,70,70,70,70,70,70,70,70,70,70,70,70,70],"card_choices":[{"not_picked":["Deflect","Fluid Movement"],"picked":"Catalyst","floor":1.0},{"not_picked":["PiercingWail","Outmaneuver"],"picked":"Bouncing Flask","floor":3.0},{"not_picked":["Masterful Stab","Underhanded Strike"],"picked":"Poisoned Stab","floor":4.0},{"not_picked":["Heel Hook","Prepared"],"picked":"ReplayTheSpireMod:Scrap Shanks","floor":6.0},{"not_picked":["Deadly Poison","Crippling Poison"],"picked":"Accuracy","floor":10},{"not_picked":["Sucker Punch","Distraction"],"picked":"PiercingWail","floor":13},{"not_picked":["Bane","ReplayTheSpireMod:Exploit Weakness"],"picked":"Cloak And Dagger","floor":14},{"not_picked":["Atom Bomb","Replay:Bag of Tricks"],"picked":"Venomology","floor":16},{"not_picked":["Dash","Deflect"],"picked":"Prepared","floor":18},{"not_picked":["Sucker Punch","Caltrops+1"],"picked":"Noxious Fumes","floor":22},{"not_picked":["Underhanded Strike+1","Flying Knee"],"picked":"Dagger Spray","floor":24}],"player_experience":839006,"relics_obtained":[{"floor":3.0,"key":"Turnip"},{"floor":6.0,"key":"Akabeko"},{"floor":9.0,"key":"Toy Ornithopter"},{"floor":10,"key":"Bottled Flame"},{"floor":26,"key":"The Courier"}],"event_choices":[{"damage_healed":0.0,"max_hp_gain":0.0,"max_hp_loss":0.0,"gold_gain":0.0,"event_name":"The Woman in Blue","player_choice":"Bought 1 Potion","floor":2.0,"gold_loss":0.0,"damage_taken":0.0},{"damage_healed":0.0,"max_hp_gain":0.0,"max_hp_loss":0.0,"gold_gain":0.0,"event_name":"betterThird:BetterScrap","player_choice":"Relic ","floor":5.0,"gold_loss":0.0,"damage_taken":33.0,"cards_obtained":["Doom and Gloom"]},{"damage_healed":0,"gold_gain":175,"player_choice":"AGREE","damage_taken":105,"max_hp_gain":0,"max_hp_loss":0,"event_name":"betterThird:BetterSerpent","floor":11,"gold_loss":0},{"damage_healed":0,"gold_gain":0,"player_choice":"Ignored","damage_taken":0,"max_hp_gain":0,"max_hp_loss":0,"event_name":"Cursed Tome","floor":20,"gold_loss":0}],"is_beta":false,"boss_relics":[{"not_picked":["Empty Cage","ReplayTheSpireMod:DimensionalGlitch"],"picked":"Ring of Chaos"}],"items_purged_floors":[],"is_endless":false,"potions_floor_spawned":[4,13,14,22,24],"killed_by":"Book of Stabbing","ascension_level":10}}