{"host":"oehe2dxjvdgux73m","time":1612616304,"event":{"mods":["AchievementEnabler","BaseMod","Colored Map","Colored Powertips","DeckTracker","Keyboard Shortcuts","Minty Spire (QoL Compilation)","Permanent Neow","Quick Restart","StSLib","SuperFastMode"],"gold_per_floor":[110,110,126,146,158,158,158,178,201,219,35,50,68,78,78,78,78],"floor_reached":16,"language":"KOR","playtime":578,"items_purged":[],"score":196,"play_id":"cdce1e8b-74a5-4015-968f-0bac958a0936","local_time":"20210206215824","is_ascension_mode":true,"campfire_choices":[{"floor":6.0,"key":"REST"},{"data":"Bullet Time","floor":15.0,"key":"SMITH"}],"circlet_count":0,"master_deck":["AscendersBane","Strike_G","Strike_G","Strike_G+1","Defend_G","Defend_G","Defend_G","Defend_G","Defend_G","Survivor","Neutralize+1","Backflip","PiercingWail","Quick Slash+1","Escape Plan","Predator","Bullet Time+1","Flash of Steel","Predator"],"relics":["Ring of the Snake","FaceOfCleric","Whetstone"],"acts_visited":["Exordium"],"potions_floor_usage":[16,16],"damage_taken":[{"damage":23.0,"enemies":"Jaw Worm","floor":1.0,"turns":10.0},{"damage":11.0,"enemies":"Cultist","floor":3.0,"turns":5.0},{"damage":3.0,"enemies":"2 Louse","floor":4.0,"turns":3.0},{"damage":5.0,"enemies":"Red Slaver","floor":5.0,"turns":7.0},{"damage":16.0,"enemies":"Large Slime","floor":8.0,"turns":9.0},{"damage":1.0,"enemies":"2 Fungi Beasts","floor":10.0,"turns":4.0},{"damage":0.0,"enemies":"Lots of Slimes","floor":12.0,"turns":5.0},{"damage":1.0,"enemies":"Red Slaver","floor":13.0,"turns":4.0},{"damage":2.0,"enemies":"Blue Slaver","floor":14.0,"turns":2.0},{"damage":21,"enemies":"Slime Boss","floor":16,"turns":8}],"seed_played":"2846687310326504579","potions_obtained":[{"floor":5.0,"key":"DuplicationPotion"},{"floor":8.0,"key":"Energy Potion"},{"floor":13.0,"key":"DuplicationPotion"}],"is_trial":false,"path_per_floor":["M","?","M","M","M","R","?","M","T","M","$","M","M","M","R","B"],"character_chosen":"THE_SILENT","items_purchased":["Bullet Time","Flash of Steel"],"campfire_rested":1,"item_purchase_floors":[11,11],"current_hp_per_floor":[36,36,25,22,17,35,35,20,20,20,20,21,21,20,20,0,0],"gold":78,"neow_bonus":"REMOVE_TWO","is_daily":false,"chose_seed":false,"campfire_upgraded":1,"win_rate":0.0,"timestamp":1612616304,"path_taken":["M","?","?","M","M","R","?","M","T","M","$","?","M","M","R","BOSS"],"items_purchased_type":["Card","Card"],"build_version":"2020-12-22","purchased_purges":0,"victory":false,"max_hp_per_floor":[60,60,60,60,60,60,60,61,61,62,62,63,64,65,65,65,65],"card_choices":[{"not_picked":["Bane","Deflect"],"picked":"Backflip","floor":1.0},{"not_picked":["Backflip","Outmaneuver"],"picked":"PiercingWail","floor":3.0},{"not_picked":["Distraction","Deadly Poison"],"picked":"Quick Slash","floor":4.0},{"not_picked":["Expertise","Prepared"],"picked":"Escape Plan","floor":5.0},{"not_picked":["Expertise","PiercingWail","Accuracy"],"picked":"SKIP","floor":8.0},{"not_picked":["Poisoned Stab","Underhanded Strike"],"picked":"Predator","floor":10.0},{"not_picked":["PiercingWail","Doppelganger","Deadly Poison"],"picked":"SKIP","floor":12.0},{"not_picked":["Reflex","Poisoned Stab"],"picked":"Predator","floor":13.0},{"not_picked":["Caltrops","Deadly Poison","Concentrate"],"picked":"SKIP","floor":14.0}],"player_experience":387864,"relics_obtained":[{"floor":9.0,"key":"Whetstone"}],"event_choices":[{"damage_healed":0.0,"max_hp_gain":0.0,"max_hp_loss":0.0,"gold_gain":0.0,"event_name":"Upgrade Shrine","player_choice":"Upgraded","floor":2.0,"gold_loss":0.0,"damage_taken":0.0,"cards_upgraded":["Neutralize"]},{"damage_healed":0.0,"max_hp_gain":0.0,"max_hp_loss":0.0,"gold_gain":0.0,"event_name":"FaceTrader","player_choice":"Trade","floor":7.0,"gold_loss":0.0,"damage_taken":0.0,"relics_obtained":["FaceOfCleric"]}],"is_beta":false,"boss_relics":[],"items_purged_floors":[],"is_endless":false,"potions_floor_spawned":[5,8,13],"killed_by":"Slime Boss","ascension_level":20}}