{"host":"1bvadgc0hovl67h4","time":1612651151,"event":{"mods":["BaseMod","Colored Map","Downfall","Hermit","Minty Spire (QoL Compilation)","StSLib","The Cursed"],"gold_per_floor":[99,99,274,274,274,549,575,575,575,28,28,28,42,42,59,156,156,56,56,56,56],"floor_reached":19,"language":"ENG","playtime":910,"items_purged":["Regret"],"score":199,"play_id":"04249302-07a5-46d3-b389-448be38c9a91","local_time":"20210206143911","is_ascension_mode":false,"campfire_choices":[{"floor":1,"key":"RECALL"},{"data":"expansioncontent:QuickStudy","floor":11,"key":"SMITH"},{"data":"hexamod:TimeOfNeed","floor":18,"key":"SMITH"}],"circlet_count":0,"master_deck":["hexamod:Strike","hexamod:Strike","hexamod:Strike","hexamod:Defend","hexamod:Defend","hexamod:Defend","hexamod:Defend","hexamod:Sear","hexamod:Float","hexamod:PowerFromBeyond","Doubt","hexamod:ThermalTransfer","hexamod:ExtraCrispy","hexamod:HeatShield","expansioncontent:QuickStudy+1","hexamod:VolcanoVisage","Parasite","hexamod:EmpoweredFlame","hexamod:TimeOfNeed+1"],"relics":["hexamod:SpiritBrand","downfall:HeartsMalice","Juzu Bracelet","CaptainsWheel","Oddly Smooth Stone","downfall:BrokenWingStatue","Philosopher\u0027s Stone","downfall:HeartBlessingRed"],"acts_visited":["Exordium","TheCity"],"potions_floor_usage":[],"damage_taken":[{"damage":0,"enemies":"Small Slimes","floor":2,"turns":1},{"damage":0,"enemies":"Cultist","floor":4,"turns":1},{"damage":0,"enemies":"2 Louse","floor":8,"turns":1},{"damage":4,"enemies":"downfall:FleeingMerchant","floor":10,"turns":4},{"damage":6,"enemies":"Large Slime","floor":13,"turns":6},{"damage":14,"enemies":"Gremlin Gang","floor":15,"turns":5},{"damage":0,"enemies":"SI_SHIV_ARCHETYPE","floor":16,"turns":13},{"damage":98,"enemies":"3 Byrds","floor":19,"turns":7}],"seed_played":"5683360468874784916","potions_obtained":[{"floor":13,"key":"GamblersBrew"},{"floor":15,"key":"FairyPotion"}],"is_trial":false,"path_per_floor":["R","M","?","M","?","?","T","M","?","$","R","?","M","?","M","B",null,"R","M"],"character_chosen":"THE_SPIRIT","items_purchased":["expansioncontent:QuickStudy","hexamod:VolcanoVisage","Oddly Smooth Stone"],"campfire_rested":0,"item_purchase_floors":[10,10,10],"current_hp_per_floor":[70,70,70,70,70,70,70,70,52,48,48,65,59,59,45,45,70,70,0,0,0],"gold":56,"neow_bonus":"THREE_ENEMY_KILL","is_daily":false,"chose_seed":false,"campfire_upgraded":2,"win_rate":0.0,"timestamp":1612651151,"path_taken":["R","M","?","M","?","?","T","M","?","$","R","?","M","?","M","BOSS","R","M"],"items_purchased_type":["Card","Card","Relic"],"build_version":"2020-12-22","purchased_purges":1,"victory":false,"max_hp_per_floor":[70,70,70,70,70,70,70,70,70,70,70,70,70,70,70,70,70,70,70,70,70],"card_choices":[{"not_picked":["hexamod:ChargedBarrage","hexamod:FlamesFromBeyond"],"picked":"hexamod:PowerFromBeyond","floor":2},{"not_picked":["hexamod:Rewind","hexamod:BurningTouch"],"picked":"hexamod:ThermalTransfer","floor":4},{"not_picked":["hexamod:Firestarter","hexamod:PhantomCloak"],"picked":"hexamod:ExtraCrispy","floor":8},{"not_picked":["hexamod:ThermalTransfer","hexamod:SwordOfDarkness"],"picked":"hexamod:HeatShield","floor":10},{"not_picked":["hexamod:GhostOfSpirePast","hexamod:ShieldOfDarkness","hexamod:FourthSeal"],"picked":"SKIP","floor":13},{"not_picked":["hexamod:PhantomCloak","hexamod:ExtraCrispy"],"picked":"hexamod:EmpoweredFlame","floor":15},{"not_picked":["hexamod:UnlimitedPower","hexamod:UnleashSpirits"],"picked":"hexamod:TimeOfNeed","floor":16}],"player_experience":246504,"relics_obtained":[{"floor":7,"key":"Juzu Bracelet"}],"event_choices":[{"damage_healed":0,"gold_gain":0,"player_choice":"Success","damage_taken":18,"relics_obtained":["CaptainsWheel"],"max_hp_gain":0,"max_hp_loss":0,"event_name":"Scrap Ooze","floor":9,"gold_loss":0},{"damage_healed":17,"gold_gain":0,"player_choice":"Healed and dodged fight","damage_taken":0,"max_hp_gain":0,"max_hp_loss":0,"event_name":"Mushrooms","floor":12,"gold_loss":0,"cards_obtained":["Parasite"]}],"is_beta":false,"boss_relics":[{"not_picked":["Busted Crown","Cursed Key"],"picked":"Philosopher\u0027s Stone"}],"items_purged_floors":[10],"is_endless":false,"potions_floor_spawned":[13,15],"killed_by":"3 Byrds","ascension_level":0}}