{"host":"mulvwr6fzlda1d2f","time":1612603911,"event":{"mods":["BaseMod","Colored Powertips","Downfall","Hermit","Marisa????????","Minty Spire (QoL Compilation)","Quick Restart","Remove Card Discount Mod","Replay The Spire","StSLib","The Bladedancer","egg"],"gold_per_floor":[113,113,129,145,159,188,188,188,188,212,232,232,268,283,283,407,407,425,350,368,136,136,136,161,161,185,185,185,190,190],"floor_reached":29,"language":"ENG","playtime":1215,"items_purged":["hermit:Defend_Hermit","hermit:Strike_Hermit","hermit:Strike_Hermit","hermit:Defend_Hermit"],"score":237,"play_id":"25232553-8de5-40ea-bfca-7d474ed58b0a","local_time":"20210206013151","is_ascension_mode":false,"campfire_choices":[{"data":"hermit:Ricochet","floor":8,"key":"SMITH"},{"data":"hermit:LoneWolf","floor":12,"key":"SMITH"},{"floor":15,"key":"RECALL"},{"data":"hermit:Quickdraw","floor":25,"key":"SMITH"},{"data":"hermit:Magnum","floor":27,"key":"SMITH"}],"circlet_count":0,"master_deck":["hermit:Strike_Hermit","hermit:Defend_Hermit","hermit:Defend_Hermit","hermit:Snapshot","hermit:Covet","hermit:Ricochet+1","hermit:GhostlyPresence","hermit:Glare","hermit:TrackingShot","hermit:Headshot","hermit:LoneWolf+1","hermit:Ricochet","hermit:Scavenge","hermit:Quickdraw+1","hermit:GhostlyPresence","hermit:Determination","hermit:Dive+1","hermit:Magnum+1"],"relics":["hermit:Momento","Garlic","Golden Idol","Replay:Accelerometer","Gremlin Horn","Replay:Bronze Core","ClockworkSouvenir"],"acts_visited":["Exordium","TheCity"],"potions_floor_usage":[13,16,29,29],"damage_taken":[{"damage":0,"enemies":"Small Slimes","floor":1,"turns":3},{"damage":6,"enemies":"Cultist","floor":3,"turns":3},{"damage":6,"enemies":"Jaw Worm","floor":4,"turns":2},{"damage":1,"enemies":"3 Louse","floor":5,"turns":4},{"damage":17,"enemies":"3 Sentries","floor":6,"turns":10},{"damage":1,"enemies":"Looter","floor":10,"turns":3},{"damage":2,"enemies":"Exordium Wildlife","floor":11,"turns":3},{"damage":6,"enemies":"Gremlin Nob","floor":13,"turns":3},{"damage":0,"enemies":"Large Slime","floor":14,"turns":4},{"damage":55,"enemies":"Fading Forest","floor":16,"turns":12},{"damage":21,"enemies":"Chosen","floor":18,"turns":6},{"damage":12,"enemies":"Spheric Guardian","floor":20,"turns":4},{"damage":0,"enemies":"Chosen and Byrds","floor":24,"turns":5},{"damage":0,"enemies":"Snake Plant","floor":26,"turns":4},{"damage":6,"enemies":"Colosseum Slavers","floor":29,"turns":3},{"damage":30,"enemies":"Colosseum Nobs","floor":29,"turns":5}],"seed_played":"-576042925989623624","potions_obtained":[{"floor":1,"key":"hexamod:SoulburnPotion"},{"floor":10,"key":"Energy Potion"},{"floor":11,"key":"GamblersBrew"},{"floor":13,"key":"Adrenaline Potion"},{"floor":16,"key":"hexamod:SoulburnPotion"}],"is_trial":false,"path_per_floor":["M","?","M","M","M","E","?","R","T","M","M","R","E","M","R","B",null,"M","?","M","$","PTL","PTL","M","R","M","R","T","?"],"character_chosen":"HERMIT","items_purchased":["hermit:Determination","ClockworkSouvenir"],"campfire_rested":0,"item_purchase_floors":[21,21],"current_hp_per_floor":[82,82,76,70,69,52,52,52,52,51,49,49,43,43,43,14,76,55,55,43,43,43,43,43,43,43,43,43,7,7],"gold":190,"neow_bonus":"TEN_PERCENT_HP_BONUS","is_daily":false,"chose_seed":false,"campfire_upgraded":4,"win_rate":0.0,"timestamp":1612603911,"path_taken":["M","?","M","?","M","E","?","R","T","M","M","R","E","M","R","BOSS","M","?","M","$","PTL","PTL","M","R","M","R","T","?"],"items_purchased_type":["Card","Relic"],"build_version":"2020-12-22","purchased_purges":4,"victory":false,"max_hp_per_floor":[82,82,82,82,82,82,76,76,76,76,76,76,76,76,76,76,76,76,76,76,76,76,76,76,76,76,76,76,76,76],"card_choices":[{"not_picked":["hermit:Spite","hermit:Manifest"],"picked":"hermit:Ricochet","floor":1},{"not_picked":["hermit:HighCaliber","hermit:CalledShot","hermit:FlashPowder"],"picked":"SKIP","floor":3},{"not_picked":["hermit:NoHoldsBarred","hermit:LuckOfTheDraw"],"picked":"hermit:GhostlyPresence","floor":4},{"not_picked":["hermit:LowProfile","hermit:Manifest"],"picked":"hermit:Glare","floor":5},{"not_picked":["hermit:GoldenBullet","hermit:BodyArmor"],"picked":"hermit:TrackingShot","floor":6},{"not_picked":["hermit:BodyArmor","hermit:ItchyTrigger"],"picked":"hermit:Headshot","floor":10},{"not_picked":["hermit:OverwhelmingPower","hermit:ItchyTrigger"],"picked":"hermit:LoneWolf","floor":11},{"not_picked":["hermit:FullyLoaded","hermit:LuckOfTheDraw"],"picked":"hermit:Ricochet","floor":13},{"not_picked":["hermit:Headshot","hermit:WideOpen"],"picked":"hermit:Scavenge","floor":14},{"not_picked":["hermit:TakeCover","hermit:Midnight"],"picked":"hermit:Quickdraw","floor":18},{"not_picked":["hermit:SprayPray","hermit:Coalescence"],"picked":"hermit:GhostlyPresence","floor":20},{"not_picked":["hermit:CalledShot","hermit:Roulette"],"picked":"hermit:Dive+1","floor":24},{"not_picked":["hermit:Feint+1","hermit:CalledShot"],"picked":"hermit:Magnum","floor":26}],"player_experience":262390,"relics_obtained":[{"floor":6,"key":"Garlic"},{"floor":9,"key":"Replay:Accelerometer"},{"floor":13,"key":"Gremlin Horn"}],"event_choices":[{"damage_healed":0,"gold_gain":0,"player_choice":"Ignored","damage_taken":0,"max_hp_gain":0,"max_hp_loss":0,"event_name":"NoteForYourself","floor":2,"gold_loss":0},{"damage_healed":0,"gold_gain":0,"player_choice":"Lose Max HP","damage_taken":0,"relics_obtained":["Golden Idol"],"max_hp_gain":0,"max_hp_loss":6,"event_name":"Golden Idol","floor":7,"gold_loss":0},{"cards_removed":["hermit:Strike_Hermit"],"damage_healed":0,"gold_gain":0,"player_choice":"Gave Gold","damage_taken":0,"max_hp_gain":0,"max_hp_loss":0,"event_name":"Beggar","floor":19,"gold_loss":75},{"damage_healed":0,"gold_gain":0,"player_choice":"Fight","damage_taken":0,"max_hp_gain":0,"max_hp_loss":0,"event_name":"Colosseum","floor":29,"gold_loss":0},{"damage_healed":0,"gold_gain":0,"player_choice":"Fought Nobs","damage_taken":0,"max_hp_gain":0,"max_hp_loss":0,"event_name":"Colosseum","floor":29,"gold_loss":0}],"is_beta":false,"boss_relics":[{"not_picked":["Replay:Grab Bag","ChewingGum"],"picked":"Replay:Bronze Core"}],"items_purged_floors":[21,21,21,21],"is_endless":false,"potions_floor_spawned":[1,10,11,13,16,26,29],"killed_by":"Colosseum Nobs","ascension_level":0}}