{"host":"njo8qgvy2a57fcny","time":1612599894,"event":{"mods":["Aspiration","BaseMod","BetterRewards","CCEM2","Colored Map","Colored Powertips","Conspire","Custom Start","Downfall","Energized Spire","GifTheSpireLib","Halation","Hermit","Hubris","Infinite Spire","Jedi Mod","Jorbs\u0027s Wanderer Trilogy","Mimic Mod","Minty Spire (QoL Compilation)","Quick Restart","Random Character Button","Random Character Mod","Rare Cards Sparkle","Relic Sorter","Reliquary","Replay The Spire","Shop Mod","StSLib","Stuff the Spire","The Animator","The Jungle","The Runesmith","The Servant 0.9.4","Unceasing Turn Reminder","thorton"],"gold_per_floor":[99,99,200,200,225,253,291,324,224,356,366,380,512,132,148,249,249,249,266,280,280,400,600,600,740,754,854,854,854,854],"floor_reached":28,"language":"ENG","playtime":1445,"items_purged":[],"score":448,"play_id":"dd0c673e-41bb-445a-826a-56e9ed8ba09c","local_time":"20210206192454","is_ascension_mode":true,"campfire_choices":[{"data":"bronze:Replicate","floor":1,"key":"SMITH"},{"data":"bronze:Overheat","floor":9,"key":"SMITH"},{"data":"bronze:Virus","floor":18,"key":"SMITH"}],"circlet_count":0,"master_deck":["bronze:Strike","bronze:Defend","bronze:Defend","bronze:Defend","bronze:Defend","bronze:Replicate+1","bronze:Goto+1","bronze:Overheat+1","ReplayTheSpireMod:Splinters","bronze:Philosophize","bronze:ChosenStrike","bronze:Backtrace","bronze:Repulsor","bronze:BronzeArmor","bronze:Philosophize","bronze:Deprecate","bronze:ChosenStrike","bronze:ForceShield","bronze:ChildClass","bronze:Return","bronze:FineTuning","bronze:Iterate","bronze:Iterate","bronze:Backtrace","bronze:Flail","bronze:Virus+1","bronze:Assembly+1","bronze:SpaghettiCode+1","bronze:BurnOut+1","bronze:Boost+1","bronze:Iterate+1","bronze:Backtrace","bronze:ForceShield","bronze:SpaghettiCode","bronze:ClassDefault","bronze:DelayedSlice"],"relics":["bronze:BronzeCore","hubris:Icosahedron","downfall:HeartsMalice","StuffTheSpire:Gunfinga","Bag of Marbles","StuffTheSpire:TintedRock","downfall:HeartBlessingBlue","jedi:heavyjacket","Replay:Mystery Machine","HandDrill","Astrolabe","StuffTheSpire:ForceGauntlet","CCEMRelics:HeliumBalloon","reliquary:Firecrackers","Mirror"],"acts_visited":["Exordium","TheCity"],"potions_floor_usage":[8,11,14,16,16,22,25,25],"damage_taken":[{"damage":0,"enemies":"2 Louse","floor":2,"turns":1},{"damage":0,"enemies":"3 Sentries","floor":6,"turns":1},{"damage":0,"enemies":"Jaw Worm","floor":7,"turns":1},{"damage":35,"enemies":"Lagavulin","floor":8,"turns":5},{"damage":24,"enemies":"3 Sentries","floor":10,"turns":6},{"damage":0,"enemies":"Jaw Worm","floor":11,"turns":1},{"damage":0,"enemies":"Small Slimes","floor":12,"turns":1},{"damage":3,"enemies":"Gremlin Nob","floor":13,"turns":3},{"damage":2,"enemies":"downfall:FleeingMerchant","floor":14,"turns":4},{"damage":0,"enemies":"Large Slime","floor":15,"turns":1},{"damage":0,"enemies":"SI_SHIV_ARCHETYPE","floor":16,"turns":1},{"damage":0,"enemies":"Spheric Guardian","floor":19,"turns":2},{"damage":0,"enemies":"Chosen","floor":20,"turns":3},{"damage":8,"enemies":"Shelled Parasite and Fungi","floor":22,"turns":2},{"damage":29,"enemies":"Slavers","floor":23,"turns":5},{"damage":21,"enemies":"Gremlin Leader","floor":25,"turns":3},{"damage":0,"enemies":"Snake Plant","floor":26,"turns":2},{"damage":14,"enemies":"Slavers","floor":27,"turns":3}],"seed_played":"-5427414812444962421","potions_obtained":[{"floor":6,"key":"Strength Potion"},{"floor":10,"key":"LifebloodPotion"},{"floor":13,"key":"champ:CounterPotion"},{"floor":15,"key":"DistilledChaos"},{"floor":16,"key":"Weak Potion"},{"floor":19,"key":"Ancient Potion"},{"floor":22,"key":"EssenceOfSteel"},{"floor":27,"key":"SpeedPotion"}],"is_trial":false,"path_per_floor":["R","M","?","?","T","E","MIM","E","R","E","M","M","E","$","M","B",null,"R","M","M","?","M","E","T","E","M","E","?"],"character_chosen":"THE_AUTOMATON","items_purchased":["bronze:FineTuning","bronze:Iterate","HandDrill","bronze:Backtrace","Strength Potion"],"campfire_rested":0,"item_purchase_floors":[14,14,14,14,14],"current_hp_per_floor":[70,70,70,70,70,70,70,35,45,21,21,21,18,16,16,16,80,80,80,80,80,72,43,43,22,22,8,0,0,0],"gold":854,"neow_bonus":"THREE_ENEMY_KILL","is_daily":false,"chose_seed":false,"campfire_upgraded":3,"win_rate":0.0,"timestamp":1612599894,"path_taken":["R","M","?","?","?","E","MIM","E","R","E","M","M","E","$","M","BOSS","R","M","M","?","M","E","T","E","M","E","?"],"items_purchased_type":["Card","Card","Relic","Card","Potion"],"build_version":"2020-12-22","purchased_purges":0,"victory":false,"max_hp_per_floor":[70,70,70,70,70,70,70,70,80,80,80,80,80,80,80,80,80,80,80,80,80,80,80,80,80,80,80,80,80,80],"card_choices":[{"not_picked":["bronze:Branch","bronze:CutThrough"],"picked":"bronze:Overheat","floor":2},{"not_picked":["bronze:Overload","bronze:Allocate"],"picked":"bronze:Philosophize","floor":3},{"not_picked":["bronze:ItsAFeature","bronze:ClassDefault"],"picked":"bronze:ChosenStrike","floor":3},{"not_picked":["bronze:Shield","bronze:CutThrough"],"picked":"bronze:Backtrace","floor":3},{"not_picked":["bronze:Overload","bronze:Overheat"],"picked":"bronze:Repulsor","floor":6},{"not_picked":["bronze:Backtrace","bronze:Overload"],"picked":"bronze:BronzeArmor","floor":7},{"not_picked":["bronze:Virus","bronze:BugBarrage"],"picked":"bronze:Philosophize","floor":8},{"not_picked":["bronze:ForceShield","bronze:Frontload"],"picked":"bronze:Deprecate","floor":10},{"not_picked":["bronze:Allocate","bronze:Shield"],"picked":"bronze:ChosenStrike","floor":11},{"not_picked":["bronze:Turbo","bronze:Iterate"],"picked":"bronze:ForceShield","floor":12},{"not_picked":["bronze:Branch","bronze:WhirlingStrike"],"picked":"bronze:ChildClass","floor":13},{"not_picked":["bronze:DelayedSlice","bronze:Iterate"],"picked":"bronze:Return","floor":14},{"not_picked":["bronze:Repulsor","bronze:Fortify"],"picked":"bronze:Flail","floor":15},{"not_picked":["bronze:Break","bronze:FindAndReplace"],"picked":"bronze:Virus","floor":16},{"not_picked":["bronze:DigitalCarnage","bronze:DelayedSlice+1"],"picked":"bronze:Boost+1","floor":19},{"not_picked":["bronze:WildBeam+1","bronze:WhirlingStrike"],"picked":"bronze:Iterate+1","floor":20},{"not_picked":["bronze:Optimize","bronze:WhirlingStrike"],"picked":"bronze:Backtrace","floor":22},{"not_picked":["bronze:DelayedSlice","bronze:WhirlingStrike"],"picked":"bronze:ForceShield","floor":23},{"not_picked":["bronze:DelayedSlice","bronze:WildBeam"],"picked":"bronze:SpaghettiCode","floor":25},{"not_picked":["bronze:OilSpill+1","bronze:ChildClass"],"picked":"bronze:ClassDefault","floor":26},{"not_picked":["bronze:Shield","bronze:Turbo"],"picked":"bronze:DelayedSlice","floor":27}],"player_experience":787114,"relics_obtained":[{"floor":5,"key":"StuffTheSpire:Gunfinga"},{"floor":6,"key":"Bag of Marbles"},{"floor":8,"key":"StuffTheSpire:TintedRock"},{"floor":10,"key":"jedi:heavyjacket"},{"floor":13,"key":"Replay:Mystery Machine"},{"floor":23,"key":"StuffTheSpire:ForceGauntlet"},{"floor":24,"key":"CCEMRelics:HeliumBalloon"},{"floor":25,"key":"reliquary:Firecrackers"},{"floor":27,"key":"Mirror"}],"event_choices":[],"is_beta":false,"boss_relics":[{"not_picked":["Replay:Fungal Core","Philosopher\u0027s Stone"],"picked":"Astrolabe"}],"items_purged_floors":[],"is_endless":false,"potions_floor_spawned":[6,10,13,15,16,19,22,27],"ascension_level":1}}