{"host":"yx8wv8d7ru77s2k1","time":1612621184,"event":{"mods":["BaseMod","Colored Map","Downfall","Hermit","Infinite Spire","Jorbs\u0027s Wanderer Trilogy","Marisa????????","Minty Spire (QoL Compilation)","Relic Sorter","Reliquary","Spikes Relics","StSLib","The Bug Knight","The Disciple","The Hierophant","The Necromancer","The Servant 0.9.4"],"gold_per_floor":[118,134,59,74,86,86,119,119,119,130,130,130,81,93,93,195,195,211,54,74,74,139,171,171,171],"floor_reached":24,"language":"ENG","playtime":624,"items_purged":["Defend_R"],"score":218,"play_id":"4ef88f12-1e1d-462b-b687-9a44dcb7462a","local_time":"20210206151944","is_ascension_mode":false,"campfire_choices":[{"data":"Perfected Strike","floor":6,"key":"SMITH"},{"floor":8,"key":"REST"},{"data":"Bash","floor":11,"key":"SMITH"},{"data":"Thunderclap","floor":15,"key":"SMITH"}],"circlet_count":0,"master_deck":["Strike_R","Strike_R","Strike_R","Strike_R","Strike_R","Defend_R","Defend_R","Defend_R","Bash+1","Perfected Strike+1","Thunderclap+1","Feed","Sentinel+1","infinitespire:Starlight"],"relics":["Burning Blood","Matryoshka","Orichalcum","Sundial","Ginger","Philosopher\u0027s Stone","Vajra","SsserpentHead","Regal Pillow"],"acts_visited":["Exordium","TheCity"],"potions_floor_usage":[7,22],"damage_taken":[{"damage":1,"enemies":"Cultist","floor":1,"turns":4},{"damage":10,"enemies":"Jaw Worm","floor":2,"turns":4},{"damage":11,"enemies":"2 Louse","floor":4,"turns":3},{"damage":26,"enemies":"Lots of Slimes","floor":5,"turns":5},{"damage":28,"enemies":"Gremlin Nob","floor":7,"turns":4},{"damage":6,"enemies":"3 Louse","floor":10,"turns":4},{"damage":5,"enemies":"2 Fungi Beasts","floor":14,"turns":4},{"damage":34,"enemies":"Hexaghost","floor":16,"turns":9},{"damage":6,"enemies":"Chosen","floor":18,"turns":3},{"damage":18,"enemies":"Shell Parasite","floor":20,"turns":4},{"damage":15,"enemies":"Snake Plant","floor":22,"turns":3},{"damage":46,"enemies":"Nightmare","floor":23,"turns":6},{"damage":0,"enemies":"Chosen and Byrds","floor":24,"turns":1}],"seed_played":"-3303442866093102268","potions_obtained":[{"floor":4,"key":"Ancient Potion"},{"floor":20,"key":"ColorlessPotion"}],"is_trial":true,"path_per_floor":["M","M","$","M","M","R","E","R","T","M","R","?","$","M","R","B",null,"M","$","M","?","M","NM","M"],"character_chosen":"IRONCLAD","items_purchased":["Thunderclap","Vajra"],"campfire_rested":1,"item_purchase_floors":[13,19],"current_hp_per_floor":[80,76,76,71,51,51,29,53,53,53,53,53,53,54,54,26,80,80,80,71,71,62,22,22,22],"gold":171,"neow_bonus":"","is_daily":false,"chose_seed":false,"campfire_upgraded":3,"win_rate":0.0,"timestamp":1612621184,"path_taken":["M","?","$","M","M","R","E","R","T","M","R","?","$","M","R","BOSS","M","$","M","?","?","NM","M"],"items_purchased_type":["Card","Relic"],"build_version":"2020-12-22","purchased_purges":1,"victory":false,"max_hp_per_floor":[80,80,80,80,80,80,80,80,80,80,80,80,80,80,80,80,80,80,80,83,83,83,83,83,83],"card_choices":[{"not_picked":["Thunderclap","Iron Wave","Whirlwind"],"picked":"SKIP","floor":1},{"not_picked":["Feel No Pain","Clash","Flex"],"picked":"SKIP","floor":2},{"not_picked":["Sword Boomerang","Fire Breathing","True Grit"],"picked":"SKIP","floor":4},{"not_picked":["Iron Wave","Wild Strike"],"picked":"Perfected Strike","floor":5},{"not_picked":["Twin Strike","Entrench","Combust"],"picked":"SKIP","floor":7},{"not_picked":["Warcry","Thunderclap","Shrug It Off"],"picked":"SKIP","floor":10},{"not_picked":["Disarm","Flex","Fire Breathing"],"picked":"SKIP","floor":14},{"not_picked":["Limit Break","Bludgeon"],"picked":"Feed","floor":16},{"not_picked":["Headbutt+1","Infernal Blade","Clothesline+1"],"picked":"SKIP","floor":18},{"not_picked":["Dual Wield+1","Anger"],"picked":"Sentinel+1","floor":20},{"not_picked":["Armaments","Anger+1","Iron Wave"],"picked":"SKIP","floor":22},{"not_picked":["infinitespire:FutureSight","infinitespire:Oblivion"],"picked":"infinitespire:Starlight","floor":23},{"not_picked":["Absolvement","Pommel Strike","Sentinel"],"picked":"SKIP","floor":23}],"player_experience":174875,"relics_obtained":[{"floor":7,"key":"Matryoshka"},{"floor":9,"key":"Orichalcum"},{"floor":9,"key":"Sundial"},{"floor":12,"key":"Ginger"},{"floor":23,"key":"Regal Pillow"}],"event_choices":[{"damage_healed":0,"gold_gain":0,"player_choice":"Trade","damage_taken":0,"relics_obtained":["SsserpentHead"],"max_hp_gain":0,"max_hp_loss":0,"event_name":"FaceTrader","floor":21,"gold_loss":0}],"is_beta":false,"boss_relics":[{"not_picked":["Cursed Key","reliquary:RedPaperclip"],"picked":"Philosopher\u0027s Stone"}],"items_purged_floors":[3],"is_endless":false,"potions_floor_spawned":[4,7,20],"killed_by":"Chosen and Byrds","ascension_level":0}}