{"host":"lly094a91h6n5nv5","time":1612611230,"event":{"mods":["AchievementEnabler","BaseMod","Block Reminder","Colored Map","Minty Spire (QoL Compilation)"],"gold_per_floor":[109,59,73,90,90,90,121,121,121,121,131,151,151,178,178,283,283,293,313,4,20,34,60,60,60,60,60,89,109,121,221,221,326,326,337,351,363,136,152,152,170,188,188,219,235,269,269,295,295,295],"floor_reached":51,"language":"ENG","playtime":5798,"items_purged":["Strike_P"],"score":1058,"play_id":"5c068608-53ea-4da0-80ce-d2dc0027948a","local_time":"20210206053350","is_ascension_mode":true,"campfire_choices":[{"data":"WaveOfTheHand","floor":6.0,"key":"SMITH"},{"data":"CrushJoints","floor":8.0,"key":"SMITH"},{"data":"Eruption","floor":10.0,"key":"SMITH"},{"data":"Wallop","floor":15.0,"key":"SMITH"},{"data":"Omniscience","floor":25.0,"key":"SMITH"},{"data":"Halt","floor":27.0,"key":"SMITH"},{"data":"Indignation","floor":32.0,"key":"SMITH"},{"data":"Vault","floor":40.0,"key":"SMITH"},{"floor":47,"key":"REST"},{"floor":49,"key":"REST"}],"circlet_count":0,"master_deck":["Strike_P","Strike_P","Defend_P","Defend_P","Defend_P","Defend_P","Eruption+1","Vigilance","WaveOfTheHand+1","CrushJoints+1","InnerPeace","CutThroughFate","Tantrum","Wallop+1","WheelKick","Omniscience+1","EmptyFist+1","EmptyBody+1","Halt+1","Wallop+1","Indignation+1","Conclude+1","Vault+1","EmptyBody+1"],"relics":["Cursed Key","Nunchaku","Odd Mushroom","Sundial","Runic Pyramid","CloakClasp","Kunai","GoldenEye","Pocketwatch","White Beast Statue","SlaversCollar","Pen Nib","Art of War","Ancient Tea Set","Pear"],"acts_visited":["Exordium","TheCity","TheBeyond"],"potions_floor_usage":[50,50,50,50],"damage_taken":[{"damage":2.0,"enemies":"Small Slimes","floor":1.0,"turns":2.0},{"damage":1.0,"enemies":"Jaw Worm","floor":3.0,"turns":3.0},{"damage":0.0,"enemies":"2 Louse","floor":4.0,"turns":3.0},{"damage":22.0,"enemies":"Lagavulin","floor":7.0,"turns":5.0},{"damage":0.0,"enemies":"Looter","floor":11.0,"turns":3.0},{"damage":16.0,"enemies":"The Mushroom Lair","floor":12.0,"turns":5.0},{"damage":9.0,"enemies":"3 Sentries","floor":14.0,"turns":6.0},{"damage":4.0,"enemies":"Hexaghost","floor":16.0,"turns":8.0},{"damage":9.0,"enemies":"2 Thieves","floor":18.0,"turns":2.0},{"damage":0.0,"enemies":"Spheric Guardian","floor":19.0,"turns":1.0},{"damage":3.0,"enemies":"Snake Plant","floor":21.0,"turns":3.0},{"damage":0.0,"enemies":"Cultist and Chosen","floor":22.0,"turns":4.0},{"damage":0.0,"enemies":"Gremlin Leader","floor":23.0,"turns":5.0},{"damage":5.0,"enemies":"Slavers","floor":28.0,"turns":5.0},{"damage":0.0,"enemies":"Centurion and Healer","floor":29.0,"turns":3.0},{"damage":2.0,"enemies":"3 Cultists","floor":30.0,"turns":5.0},{"damage":0.0,"enemies":"Colosseum Slavers","floor":31.0,"turns":4.0},{"damage":0.0,"enemies":"Colosseum Nobs","floor":31.0,"turns":3.0},{"damage":5.0,"enemies":"Champ","floor":33.0,"turns":8.0},{"damage":0.0,"enemies":"Orb Walker","floor":35.0,"turns":2.0},{"damage":0.0,"enemies":"3 Shapes","floor":36.0,"turns":3.0},{"damage":0.0,"enemies":"Jaw Worm Horde","floor":37.0,"turns":2.0},{"damage":0.0,"enemies":"3 Darklings","floor":39.0,"turns":3.0},{"damage":0.0,"enemies":"Maw","floor":41.0,"turns":6.0},{"damage":7.0,"enemies":"Writhing Mass","floor":42.0,"turns":5.0},{"damage":0.0,"enemies":"Giant Head","floor":44.0,"turns":6.0},{"damage":0,"enemies":"Transient","floor":45,"turns":5},{"damage":12,"enemies":"Reptomancer","floor":46,"turns":5},{"damage":30,"enemies":"Nemesis","floor":48,"turns":4},{"damage":3,"enemies":"Time Eater","floor":50,"turns":5}],"seed_played":"2575287578168700543","potions_obtained":[{"floor":1.0,"key":"Fire Potion"},{"floor":4.0,"key":"SteroidPotion"},{"floor":12.0,"key":"SpeedPotion"},{"floor":14.0,"key":"EntropicBrew"},{"floor":16.0,"key":"Dexterity Potion"},{"floor":18.0,"key":"EssenceOfSteel"},{"floor":28.0,"key":"Dexterity Potion"},{"floor":30.0,"key":"LiquidMemories"},{"floor":31.0,"key":"LiquidMemories"},{"floor":33.0,"key":"FairyPotion"},{"floor":37.0,"key":"BottledMiracle"},{"floor":46,"key":"PowerPotion"}],"is_trial":false,"path_per_floor":["M","?","M","M","?","R","E","R","T","R","M","?","T","E","R","B",null,"M","M","$","M","M","E","?","R","T","R","E","M","M","?","R","B",null,"M","M","M","$","M","R","M","M","T","E","M","E","R","E","R","B",null],"character_chosen":"WATCHER","items_purchased":["CloakClasp","Pen Nib"],"campfire_rested":2,"item_purchase_floors":[20,38],"current_hp_per_floor":[63,63,62,62,62,62,40,40,40,40,40,24,24,15,15,11,57,48,48,48,45,45,45,45,45,45,45,40,40,38,38,38,33,62,62,62,62,62,62,62,62,55,55,55,55,43,64,44,68,65],"gold":295,"neow_bonus":"BOSS_RELIC","is_daily":false,"chose_seed":false,"campfire_upgraded":8,"win_rate":0.0,"timestamp":1612611230,"path_taken":["M","?","M","M","?","R","E","R","T","R","M","?","?","E","R","BOSS","M","M","$","?","M","E","?","R","T","R","E","M","?","?","R","BOSS","M","M","M","$","M","R","M","M","T","E","M","E","R","E","R","BOSS"],"items_purchased_type":["Relic","Relic"],"build_version":"2020-12-22","purchased_purges":1,"victory":true,"max_hp_per_floor":[72,72,72,72,72,72,72,72,72,72,72,72,72,72,72,72,72,72,72,72,72,72,72,72,72,72,72,72,72,72,72,72,72,72,72,72,72,72,72,72,72,72,72,72,72,72,72,82,82,82],"card_choices":[{"not_picked":["SignatureMove","MentalFortress"],"picked":"WaveOfTheHand","floor":1.0},{"not_picked":["FlyingSleeves","BowlingBash"],"picked":"CrushJoints","floor":3.0},{"not_picked":["CrushJoints","WindmillStrike"],"picked":"InnerPeace","floor":4.0},{"not_picked":["DeceiveReality","Collect"],"picked":"CutThroughFate","floor":7.0},{"not_picked":["ForeignInfluence","CarveReality"],"picked":"Tantrum","floor":11.0},{"not_picked":["Halt","Sanctity"],"picked":"Wallop","floor":12.0},{"not_picked":["Tantrum","SashWhip"],"picked":"WheelKick","floor":14.0},{"not_picked":["DevaForm","Devotion"],"picked":"Omniscience","floor":16.0},{"not_picked":["Consecrate","BowlingBash"],"picked":"EmptyFist+1","floor":18.0},{"not_picked":["Prostrate","ForeignInfluence","Fasting2+1"],"picked":"SKIP","floor":19.0},{"not_picked":["Worship","SashWhip"],"picked":"EmptyBody+1","floor":21.0},{"not_picked":["Crescendo","PathToVictory"],"picked":"Halt","floor":22.0},{"not_picked":["Prostrate","EmptyMind","FollowUp"],"picked":"SKIP","floor":23.0},{"not_picked":["DeceiveReality","Halt"],"picked":"Indignation","floor":28.0},{"not_picked":["Study+1","FlyingSleeves","CrushJoints"],"picked":"SKIP","floor":29.0},{"not_picked":["Alpha","BattleHymn","CutThroughFate"],"picked":"SKIP","floor":30.0},{"not_picked":["Evaluate","BowlingBash+1"],"picked":"Conclude+1","floor":31.0},{"not_picked":["Alpha","Establishment"],"picked":"Vault","floor":33.0},{"not_picked":["Consecrate+1","JustLucky+1","FollowUp+1"],"picked":"SKIP","floor":35.0},{"not_picked":["PathToVictory","EmptyBody","Nirvana"],"picked":"SKIP","floor":36.0},{"not_picked":["FollowUp","BowlingBash+1"],"picked":"EmptyBody+1","floor":37.0},{"not_picked":["SashWhip","FlyingSleeves+1","Blasphemy"],"picked":"SKIP","floor":39.0},{"not_picked":["EmptyMind+1","CutThroughFate","ThirdEye"],"picked":"SKIP","floor":41.0},{"not_picked":["Prostrate","Indignation+1","CarveReality"],"picked":"SKIP","floor":42.0},{"not_picked":["Vengeance+1","BowlingBash+1","SashWhip"],"picked":"SKIP","floor":44.0},{"not_picked":["Consecrate+1","Fasting2","EmptyBody+1"],"picked":"SKIP","floor":45},{"not_picked":["Weave+1","Vengeance","WindmillStrike"],"picked":"SKIP","floor":46},{"not_picked":["Protect+1","FearNoEvil","EmptyBody"],"picked":"SKIP","floor":48}],"player_experience":158898,"relics_obtained":[{"floor":7.0,"key":"Nunchaku"},{"floor":12.0,"key":"Odd Mushroom"},{"floor":14.0,"key":"Sundial"},{"floor":23.0,"key":"Kunai"},{"floor":28.0,"key":"GoldenEye"},{"floor":31.0,"key":"Pocketwatch"},{"floor":31.0,"key":"White Beast Statue"},{"floor":44.0,"key":"Art of War"},{"floor":46,"key":"Ancient Tea Set"},{"floor":48,"key":"Pear"}],"event_choices":[{"cards_removed":["Strike_P"],"damage_healed":0.0,"max_hp_gain":0.0,"max_hp_loss":0.0,"gold_gain":0.0,"event_name":"The Cleric","player_choice":"Card Removal","floor":2.0,"gold_loss":50.0,"damage_taken":0.0},{"damage_healed":0.0,"max_hp_gain":0.0,"max_hp_loss":0.0,"gold_gain":0.0,"event_name":"Liars Game","player_choice":"Ignored","floor":5.0,"gold_loss":0.0,"damage_taken":0.0},{"damage_healed":0.0,"max_hp_gain":0.0,"max_hp_loss":0.0,"gold_gain":0.0,"event_name":"Mushrooms","player_choice":"Fought Mushrooms","floor":12.0,"gold_loss":0.0,"damage_taken":0.0},{"damage_healed":0.0,"max_hp_gain":0.0,"max_hp_loss":0.0,"gold_gain":0.0,"event_name":"Duplicator","player_choice":"Copied","floor":24.0,"gold_loss":0.0,"damage_taken":0.0,"cards_obtained":["Wallop"]},{"damage_healed":0.0,"max_hp_gain":0.0,"max_hp_loss":0.0,"gold_gain":0.0,"event_name":"Colosseum","player_choice":"Fight","floor":31.0,"gold_loss":0.0,"damage_taken":0.0},{"damage_healed":0.0,"max_hp_gain":0.0,"max_hp_loss":0.0,"gold_gain":0.0,"event_name":"Colosseum","player_choice":"Fought Nobs","floor":31.0,"gold_loss":0.0,"damage_taken":0.0}],"is_beta":false,"boss_relics":[{"not_picked":["Tiny House","Snecko Eye"],"picked":"Runic Pyramid"},{"not_picked":["Busted Crown","Coffee Dripper"],"picked":"SlaversCollar"}],"items_purged_floors":[38],"is_endless":false,"potions_floor_spawned":[1,4,12,14,16,18,19,28,30,31,31,33,35,36,37,39,41,42,44,45,46,48],"ascension_level":6}}