{"host":"t4s40kl3r64vu0u6","time":1612634266,"event":{"mods":["BaseMod","Colored Map","Googly Eyes","Highlight Path","Minty Spire (QoL Compilation)","READ ME - Snecko Mod","StSLib","slay the spire mod where everything is the same but ironclad has a cowboy hat"],"gold_per_floor":[11,30,41,53,73,73,73],"floor_reached":6,"language":"ENG","playtime":552,"items_purged":[],"score":46,"play_id":"1a306962-226c-40ff-9737-321efdd9101d","local_time":"20210206125746","is_ascension_mode":true,"campfire_choices":[],"circlet_count":0,"master_deck":["Strike_R","Strike_R","Strike_R","Strike_R","Strike_R","Defend_R","Defend_R","Defend_R","Defend_R","Bash","Fiend Fire","Second Wind","Havoc","True Grit","Impervious","Sentinel"],"relics":["Burning Blood"],"acts_visited":["Exordium"],"potions_floor_usage":[4,6],"damage_taken":[{"damage":1,"enemies":"Cultist","floor":1,"turns":3},{"damage":2,"enemies":"Jaw Worm","floor":2,"turns":2},{"damage":3,"enemies":"2 Louse","floor":3,"turns":3},{"damage":34,"enemies":"Exordium Thugs","floor":4,"turns":7},{"damage":0,"enemies":"Large Slime","floor":5,"turns":7},{"damage":58,"enemies":"Gremlin Nob","floor":6,"turns":6}],"seed_played":"-4167387553843440963","potions_obtained":[{"floor":2,"key":"Weak Potion"},{"floor":3,"key":"Swift Potion"},{"floor":5,"key":"PowerPotion"}],"is_trial":false,"path_per_floor":["M","M","M","M","M","E"],"character_chosen":"IRONCLAD","items_purchased":[],"campfire_rested":0,"item_purchase_floors":[],"current_hp_per_floor":[80,80,80,52,58,0,0],"gold":73,"neow_bonus":"THREE_RARE_CARDS","is_daily":false,"chose_seed":false,"campfire_upgraded":0,"win_rate":0.0,"timestamp":1612634266,"path_taken":["M","M","M","?","M","E"],"items_purchased_type":[],"build_version":"2020-12-22","purchased_purges":0,"victory":false,"max_hp_per_floor":[80,80,80,80,80,80,80],"card_choices":[{"not_picked":["Immolate","Demon Form"],"picked":"Fiend Fire","floor":0},{"not_picked":["Iron Wave","Shrug It Off"],"picked":"Second Wind","floor":1},{"not_picked":["Twin Strike","Rupture"],"picked":"Havoc","floor":2},{"not_picked":["Iron Wave","Entrench"],"picked":"True Grit","floor":3},{"not_picked":["Heavy Blade","Clothesline"],"picked":"Impervious","floor":4},{"not_picked":["Ghostly Armor","Iron Wave"],"picked":"Sentinel","floor":5}],"player_experience":244816,"relics_obtained":[],"event_choices":[],"is_beta":false,"boss_relics":[],"items_purged_floors":[],"is_endless":false,"potions_floor_spawned":[2,3,5],"killed_by":"Gremlin Nob","ascension_level":3}}