{"host":"syozzdlzcqop4jia","time":1612643919,"event":{"mods":["BaseMod","Colored Map","Colored Powertips","Minty Spire (QoL Compilation)","Quick Restart"],"gold_per_floor":[111,111,130,147,166,166,197,177,177,205,225,28,46,57,57,155,155,170,23,56,56,68,68,68,87,141,141,152,152,152,169,169,169,169],"floor_reached":33,"language":"ENG","playtime":2366,"items_purged":["Strike_R"],"score":324,"play_id":"56dc092a-0cee-41a9-b76b-5f0508bc56a1","local_time":"20210206213839","is_ascension_mode":true,"campfire_choices":[{"data":"Perfected Strike","floor":6,"key":"SMITH"},{"floor":15,"key":"REST"},{"floor":23,"key":"REST"},{"floor":27,"key":"REST"},{"floor":29,"key":"REST"},{"data":"Inflame","floor":32,"key":"SMITH"}],"circlet_count":0,"master_deck":["Strike_R","Strike_R","Defend_R","Defend_R+1","Bash","Wild Strike","Sword Boomerang","Perfected Strike+1","Anger","Carnage","Seeing Red+1","Twin Strike","Reaper","Flex","Shrug It Off","Impervious","Searing Blow+1","Warcry+1","Anger+1","Inflame+1","Pummel+1","Ghostly Armor+1","Sword Boomerang","Flame Barrier","Inflame+1","Headbutt"],"relics":["Burning Blood","Toy Ornithopter","InkBottle","Ancient Tea Set","Blood Vial","Astrolabe","Red Mask","War Paint"],"acts_visited":["Exordium","TheCity"],"potions_floor_usage":[10,16,16,33,33],"damage_taken":[{"damage":3,"enemies":"Jaw Worm","floor":1,"turns":5},{"damage":1,"enemies":"2 Louse","floor":3,"turns":3},{"damage":1,"enemies":"Cultist","floor":4,"turns":3},{"damage":25,"enemies":"Exordium Wildlife","floor":5,"turns":3},{"damage":16,"enemies":"Gremlin Nob","floor":7,"turns":3},{"damage":25,"enemies":"3 Sentries","floor":10,"turns":5},{"damage":36,"enemies":"Exordium Thugs","floor":11,"turns":4},{"damage":0,"enemies":"3 Louse","floor":13,"turns":3},{"damage":15,"enemies":"Gremlin Gang","floor":14,"turns":4},{"damage":51,"enemies":"The Guardian","floor":16,"turns":8},{"damage":23,"enemies":"3 Byrds","floor":18,"turns":4},{"damage":55,"enemies":"Masked Bandits","floor":20,"turns":5},{"damage":29,"enemies":"2 Thieves","floor":22,"turns":4},{"damage":10,"enemies":"Snecko","floor":25,"turns":4},{"damage":48,"enemies":"Centurion and Healer","floor":28,"turns":7},{"damage":10,"enemies":"Cultist and Chosen","floor":31,"turns":4},{"damage":107,"enemies":"Champ","floor":33,"turns":8}],"seed_played":"2804145503711754964","potions_obtained":[{"floor":3,"key":"Explosive Potion"},{"floor":4,"key":"AttackPotion"},{"floor":8,"key":"Swift Potion"},{"floor":11,"key":"Fire Potion"},{"floor":16,"key":"ElixirPotion"},{"floor":20,"key":"Weak Potion"}],"is_trial":false,"path_per_floor":["M","?","M","M","M","R","E","?","T","E","M","$","M","M","R","B",null,"M","$","?","?","M","R","?","M","T","R","M","R","?","M","R","B"],"character_chosen":"IRONCLAD","items_purchased":["Reaper","Flex","Pummel"],"campfire_rested":4,"item_purchase_floors":[12,12,19],"current_hp_per_floor":[88,81,86,88,69,69,59,59,59,45,17,17,25,18,44,15,70,64,64,35,35,28,54,54,58,58,84,52,78,78,84,84,0,0],"gold":169,"neow_bonus":"TEN_PERCENT_HP_BONUS","is_daily":false,"chose_seed":false,"campfire_upgraded":2,"win_rate":0.0,"timestamp":1612643919,"path_taken":["M","?","M","M","M","R","E","?","T","E","M","$","M","M","R","BOSS","M","$","?","?","?","R","?","?","T","R","M","R","?","?","R","BOSS"],"items_purchased_type":["Card","Card","Card"],"build_version":"2020-12-22","purchased_purges":1,"victory":false,"max_hp_per_floor":[88,88,88,88,88,88,88,88,88,88,88,88,88,88,88,88,88,88,88,88,88,88,88,88,88,88,88,88,88,88,88,88,88,88],"card_choices":[{"not_picked":["Entrench","Hemokinesis"],"picked":"Wild Strike","floor":1},{"not_picked":["Feel No Pain","Wild Strike"],"picked":"Sword Boomerang","floor":3},{"not_picked":["Twin Strike","Clash"],"picked":"Perfected Strike","floor":4},{"not_picked":["Twin Strike","Clothesline"],"picked":"Anger","floor":5},{"not_picked":["Dropkick","Hemokinesis"],"picked":"Carnage","floor":7},{"not_picked":["Searing Blow","Shockwave"],"picked":"Seeing Red","floor":10},{"not_picked":["Barricade","Havoc"],"picked":"Twin Strike","floor":11},{"not_picked":["Bloodletting","Fire Breathing","Power Through"],"picked":"SKIP","floor":13},{"not_picked":["Dual Wield","Cleave"],"picked":"Shrug It Off","floor":14},{"not_picked":["Corruption","Exhume"],"picked":"Impervious","floor":16},{"not_picked":["Rupture","Searing Blow"],"picked":"Inflame+1","floor":18},{"not_picked":["Whirlwind","Clothesline"],"picked":"Ghostly Armor","floor":20},{"not_picked":["Rampage+1","Body Slam"],"picked":"Sword Boomerang","floor":22},{"not_picked":["Anger","Perfected Strike"],"picked":"Flame Barrier","floor":25},{"not_picked":["Clash+1","Pommel Strike+1"],"picked":"Inflame","floor":28},{"not_picked":["Hemokinesis","Body Slam"],"picked":"Headbutt","floor":31}],"player_experience":568299,"relics_obtained":[{"floor":7,"key":"InkBottle"},{"floor":9,"key":"Ancient Tea Set"},{"floor":10,"key":"Blood Vial"},{"floor":20,"key":"Red Mask"},{"floor":26,"key":"War Paint"}],"event_choices":[{"damage_healed":0,"gold_gain":0,"player_choice":"Success","damage_taken":7,"relics_obtained":["Toy Ornithopter"],"max_hp_gain":0,"max_hp_loss":0,"event_name":"Scrap Ooze","floor":2,"gold_loss":0},{"damage_healed":0,"gold_gain":0,"player_choice":"Bought 1 Potion","damage_taken":0,"max_hp_gain":0,"max_hp_loss":0,"event_name":"The Woman in Blue","floor":8,"gold_loss":0},{"damage_healed":0,"gold_gain":0,"player_choice":"Fought Bandits","damage_taken":0,"max_hp_gain":0,"max_hp_loss":0,"event_name":"Masked Bandits","floor":20,"gold_loss":0},{"damage_healed":0,"gold_gain":0,"player_choice":"Forge","damage_taken":0,"max_hp_gain":0,"max_hp_loss":0,"event_name":"Accursed Blacksmith","floor":21,"gold_loss":0,"cards_upgraded":["Seeing Red"]},{"damage_healed":0,"gold_gain":0,"player_choice":"Upgraded","damage_taken":0,"max_hp_gain":0,"max_hp_loss":0,"event_name":"Upgrade Shrine","floor":24,"gold_loss":0,"cards_upgraded":["Pummel"]},{"cards_removed":["Strike_R"],"damage_healed":0,"gold_gain":0,"player_choice":"Purged","damage_taken":0,"max_hp_gain":0,"max_hp_loss":0,"event_name":"Purifier","floor":30,"gold_loss":0}],"is_beta":false,"boss_relics":[{"not_picked":["Runic Dome","Empty Cage"],"picked":"Astrolabe"}],"items_purged_floors":[19],"is_endless":false,"potions_floor_spawned":[3,4,11,16,20,28],"killed_by":"Champ","ascension_level":5}}