{"host":"k7udt7atmcuzf6l0","time":1612587418,"event":{"mods":["AchievementEnabler","BaseMod","BetterRewards","Colored Map","Colored Powertips","Highlight Path","Minty Spire (QoL Compilation)","Quick Restart","Rare Cards Sparkle","Relic Stats","StSLib","UnlockEverythingMod"],"gold_per_floor":[17,17,31,31,31,31,31,65,65,95,111,111,126,145,145,245,245,262,275,275,275,293,328,427,454,454,479,479,489,489,524,536,644,656,686,698,710,733,763,775,817,829,841,853,883,895,128,147,147,147],"floor_reached":51,"language":"ZHS","playtime":1731,"items_purged":["Defend_R"],"score":863,"play_id":"2ec57d25-7ad1-46b9-96d4-f371f3ca00dd","local_time":"20210206125658","is_ascension_mode":false,"campfire_choices":[{"data":"Immolate","floor":6.0,"key":"SMITH"},{"data":"Bash","floor":12.0,"key":"SMITH"},{"data":"Dual Wield","floor":15.0,"key":"SMITH"},{"data":"Exhume","floor":28.0,"key":"SMITH"},{"data":"Clash","floor":32.0,"key":"SMITH"},{"data":"Thunderclap","floor":40,"key":"SMITH"},{"data":"Headbutt","floor":42,"key":"SMITH"},{"data":"Feed","floor":46,"key":"SMITH"},{"floor":49,"key":"RECALL"}],"circlet_count":0,"master_deck":["Strike_R","Strike_R","Strike_R","Strike_R","Strike_R","Defend_R","Defend_R","Defend_R","Bash+1","Immolate+1","Flex+1","Headbutt+1","Dual Wield+1","Exhume+1","Twin Strike+1","Feed+1","Thunderclap+1","Clash+1","Limit Break+1","Armaments+1","Warcry+1","Clash+1","Battle Trance+1","True Grit+1","Flex+1","Infernal Blade+1","Chrysalis+1","Good Instincts+1","Armaments+1","Dual Wield+1"],"relics":["Burning Blood","StrikeDummy","Incense Burner","Orichalcum","StoneCalendar","Black Star","CaptainsWheel","Red Skull","Meat on the Bone","Anchor","Toxic Egg 2","Oddly Smooth Stone","Toy Ornithopter","MutagenicStrength","MawBank","Thread and Needle","SlaversCollar","Dream Catcher","Mummified Hand","Sundial","Centennial Puzzle","TheAbacus"],"acts_visited":["Exordium","TheCity","TheBeyond"],"potions_floor_usage":[50,50,50],"damage_taken":[{"damage":6.0,"enemies":"Jaw Worm","floor":1.0,"turns":2.0},{"damage":0.0,"enemies":"2 Louse","floor":3.0,"turns":1.0},{"damage":36.0,"enemies":"Lagavulin","floor":8.0,"turns":5.0},{"damage":25.0,"enemies":"Gremlin Nob","floor":10.0,"turns":4.0},{"damage":0.0,"enemies":"Small Slimes","floor":11.0,"turns":2.0},{"damage":6.0,"enemies":"Blue Slaver","floor":13.0,"turns":2.0},{"damage":1.0,"enemies":"3 Louse","floor":14.0,"turns":2.0},{"damage":0.0,"enemies":"Slime Boss","floor":16.0,"turns":5.0},{"damage":14.0,"enemies":"2 Thieves","floor":18.0,"turns":2.0},{"damage":4.0,"enemies":"Spheric Guardian","floor":19.0,"turns":3.0},{"damage":7.0,"enemies":"Centurion and Healer","floor":22.0,"turns":4.0},{"damage":0.0,"enemies":"Gremlin Leader","floor":23.0,"turns":5.0},{"damage":2.0,"enemies":"Slavers","floor":25.0,"turns":5.0},{"damage":34.0,"enemies":"Gremlin Leader","floor":27.0,"turns":7.0},{"damage":0.0,"enemies":"Chosen and Byrds","floor":29.0,"turns":4.0},{"damage":14.0,"enemies":"Book of Stabbing","floor":31.0,"turns":3.0},{"damage":43.0,"enemies":"Automaton","floor":33.0,"turns":9.0},{"damage":3.0,"enemies":"3 Shapes","floor":35.0,"turns":3.0},{"damage":0,"enemies":"Orb Walker","floor":38,"turns":3},{"damage":7,"enemies":"Transient","floor":39,"turns":5},{"damage":20,"enemies":"Giant Head","floor":41,"turns":6},{"damage":4,"enemies":"4 Shapes","floor":45,"turns":4},{"damage":0,"enemies":"3 Darklings","floor":48,"turns":2},{"damage":84,"enemies":"Awakened One","floor":50,"turns":9}],"seed_played":"3895178930017846619","potions_obtained":[{"floor":3.0,"key":"Explosive Potion"},{"floor":10.0,"key":"CultistPotion"},{"floor":11.0,"key":"Weak Potion"},{"floor":14.0,"key":"Fruit Juice"},{"floor":19.0,"key":"Weak Potion"},{"floor":23.0,"key":"BloodPotion"},{"floor":27.0,"key":"Dexterity Potion"},{"floor":31.0,"key":"Regen Potion"},{"floor":41,"key":"Energy Potion"},{"floor":44,"key":"BloodPotion"},{"floor":44,"key":"Strength Potion"},{"floor":44,"key":"Strength Potion"}],"is_trial":false,"path_per_floor":["M","$","M","?","?","R","$","E","T","E","M","R","M","M","R","B",null,"M","M","?","?","M","E","?","E","T","E","R","M","?","E","R","B",null,"M","?","?","M","M","R","E","R","T","?","M","R","$","M","R","B",null],"character_chosen":"IRONCLAD","items_purchased":["Infernal Blade+1","Centennial Puzzle","Chrysalis+1","TheAbacus","Good Instincts+1","Armaments+1"],"campfire_rested":0,"item_purchase_floors":[47,47,47,47,47,47],"current_hp_per_floor":[80,80,80,80,77,77,77,47,47,28,34,34,34,39,39,50,85,77,79,79,63,62,68,68,72,72,62,62,71,71,63,63,63,93,96,96,96,96,95,95,81,81,81,81,83,83,83,89,89,54],"gold":147,"neow_bonus":"THREE_RARE_CARDS","is_daily":false,"chose_seed":false,"campfire_upgraded":8,"win_rate":0.0,"timestamp":1612587418,"path_taken":["M","$","M","?","?","R","$","E","T","E","M","R","M","M","R","BOSS","M","M","?","?","M","E","?","E","T","E","R","M","?","E","R","BOSS","M","?","?","M","?","R","E","R","T","?","M","R","?","M","R","BOSS"],"items_purchased_type":["Card","Relic","Card","Relic","Card","Card"],"build_version":"2020-12-22","purchased_purges":1,"victory":true,"max_hp_per_floor":[80,80,80,80,80,80,80,80,80,80,80,80,80,80,80,85,85,85,85,85,90,90,90,90,90,90,90,90,93,93,93,93,93,93,96,96,96,96,96,96,96,96,96,96,96,96,96,96,96,96],"relic_stats":{"counters":[24,97],"StoneCalendar":[104],"Orichalcum":[210],"MawBank":192,"Burning Blood":129,"Dream Catcher":0,"Centennial Puzzle":[3],"TheAbacus":[6],"Mummified Hand":[0],"Sundial":[0],"Black Star":5,"obtain_stats":[{"Oddly Smooth Stone":27,"StoneCalendar":10,"Thread and Needle":31,"Incense Burner":8,"Orichalcum":9,"MawBank":31,"Burning Blood":0,"SlaversCollar":34,"CaptainsWheel":23,"Anchor":25,"Dream Catcher":41,"Centennial Puzzle":47,"TheAbacus":47,"Mummified Hand":41,"Sundial":43,"MutagenicStrength":30,"Black Star":17,"Toxic Egg 2":26,"StrikeDummy":5,"Red Skull":23,"Toy Ornithopter":27,"Meat on the Bone":25},{"Oddly Smooth Stone":14,"StoneCalendar":4,"Thread and Needle":16,"Incense Burner":3,"Orichalcum":3,"MawBank":16,"Burning Blood":0,"SlaversCollar":17,"CaptainsWheel":12,"Anchor":13,"Dream Catcher":21,"Centennial Puzzle":22,"TheAbacus":22,"Mummified Hand":21,"Sundial":21,"MutagenicStrength":15,"Black Star":8,"Toxic Egg 2":13,"StrikeDummy":2,"Red Skull":12,"Toy Ornithopter":14,"Meat on the Bone":13},{"Oddly Smooth Stone":49,"StoneCalendar":12,"Thread and Needle":56,"Incense Burner":8,"Orichalcum":8,"MawBank":56,"Burning Blood":0,"SlaversCollar":65,"CaptainsWheel":37,"Anchor":42,"Dream Catcher":82,"Centennial Puzzle":86,"TheAbacus":86,"Mummified Hand":82,"Sundial":82,"MutagenicStrength":53,"Black Star":23,"Toxic Egg 2":42,"StrikeDummy":3,"Red Skull":37,"Toy Ornithopter":49,"Meat on the Bone":42}],"Toy Ornithopter":22,"Meat on the Bone":24},"card_choices":[{"not_picked":["Corruption","Exhume"],"picked":"Immolate","floor":0.0},{"not_picked":["Pommel Strike","True Grit"],"picked":"Flex","floor":1.0},{"not_picked":["Searing Blow","Clothesline","Blood for Blood"],"picked":"SKIP","floor":3.0},{"not_picked":["Armaments","Hemokinesis"],"picked":"Headbutt","floor":8.0},{"not_picked":["Headbutt","Perfected Strike","Reckless Charge"],"picked":"SKIP","floor":10.0},{"not_picked":["True Grit","Cleave","Iron Wave"],"picked":"SKIP","floor":11.0},{"not_picked":["Iron Wave","Brutality"],"picked":"Dual Wield","floor":13.0},{"not_picked":["True Grit","Anger","Cleave"],"picked":"SKIP","floor":14.0},{"not_picked":["Juggernaut","Corruption"],"picked":"Exhume","floor":16.0},{"not_picked":["Heavy Blade","Searing Blow","Pommel Strike"],"picked":"SKIP","floor":18.0},{"not_picked":["Clothesline","Feel No Pain","Entrench"],"picked":"SKIP","floor":19.0},{"not_picked":["Combust","Armaments+1"],"picked":"Twin Strike+1","floor":22.0},{"not_picked":["Sever Soul","Reckless Charge"],"picked":"Dark Embrace+1","floor":23.0},{"not_picked":["Barricade","Heavy Blade"],"picked":"Feed","floor":25.0},{"not_picked":["Body Slam","Uppercut"],"picked":"Thunderclap","floor":27.0},{"not_picked":["Power Through+1","Flame Barrier+1","Carnage"],"picked":"SKIP","floor":29.0},{"not_picked":["Thunderclap","Iron Wave"],"picked":"Clash","floor":31.0},{"not_picked":["Corruption","Exhume+1"],"picked":"Limit Break+1","floor":33.0},{"not_picked":["Thunderclap+1","Wild Strike"],"picked":"Armaments+1","floor":35.0},{"not_picked":["True Grit+1","Headbutt+1"],"picked":"Clash+1","floor":38},{"not_picked":["Burning Pact+1","Infernal Blade+1"],"picked":"Battle Trance+1","floor":39},{"not_picked":["Iron Wave","Evolve"],"picked":"True Grit+1","floor":41},{"not_picked":["Wild Strike+1","Headbutt+1"],"picked":"Flex+1","floor":45},{"not_picked":["Thunderclap","Clothesline+1"],"picked":"Dual Wield+1","floor":48}],"player_experience":53938,"relics_obtained":[{"floor":8.0,"key":"Incense Burner"},{"floor":9.0,"key":"Orichalcum"},{"floor":10.0,"key":"StoneCalendar"},{"floor":23.0,"key":"CaptainsWheel"},{"floor":23.0,"key":"Red Skull"},{"floor":25.0,"key":"Meat on the Bone"},{"floor":25.0,"key":"Anchor"},{"floor":26.0,"key":"Toxic Egg 2"},{"floor":27.0,"key":"Oddly Smooth Stone"},{"floor":27.0,"key":"Toy Ornithopter"},{"floor":31.0,"key":"MawBank"},{"floor":31.0,"key":"Thread and Needle"},{"floor":41,"key":"Dream Catcher"},{"floor":41,"key":"Mummified Hand"},{"floor":43,"key":"Sundial"}],"event_choices":[{"damage_healed":0.0,"max_hp_gain":0.0,"max_hp_loss":0.0,"gold_gain":0.0,"event_name":"Living Wall","player_choice":"Grow","floor":4.0,"gold_loss":0.0,"damage_taken":0.0,"cards_upgraded":["Flex"]},{"damage_healed":0.0,"max_hp_gain":0.0,"max_hp_loss":0.0,"gold_gain":0.0,"event_name":"Scrap Ooze","player_choice":"Success","floor":5.0,"gold_loss":0.0,"damage_taken":3.0,"relics_obtained":["StrikeDummy"]},{"damage_healed":0.0,"max_hp_gain":0.0,"max_hp_loss":0.0,"gold_gain":0.0,"event_name":"Ghosts","player_choice":"Ignored","floor":20.0,"gold_loss":0.0,"damage_taken":0.0},{"damage_healed":0.0,"max_hp_gain":5.0,"max_hp_loss":0.0,"gold_gain":0.0,"event_name":"Forgotten Altar","player_choice":"Shed Blood","floor":21.0,"gold_loss":0.0,"damage_taken":21.0},{"damage_healed":0.0,"max_hp_gain":0.0,"max_hp_loss":0.0,"gold_gain":99.0,"event_name":"Nest","player_choice":"Stole From Cult","floor":24.0,"gold_loss":0.0,"damage_taken":0.0},{"damage_healed":0.0,"max_hp_gain":0.0,"max_hp_loss":0.0,"gold_gain":0.0,"event_name":"Drug Dealer","player_choice":"Inject Mutagens","floor":30.0,"gold_loss":0.0,"damage_taken":0.0,"relics_obtained":["MutagenicStrength"]},{"cards_removed":["Dark Embrace"],"damage_healed":0.0,"max_hp_gain":0.0,"max_hp_loss":0.0,"gold_gain":0.0,"event_name":"Falling","player_choice":"Removed Power","floor":36.0,"gold_loss":0.0,"damage_taken":0.0},{"damage_healed":0,"gold_gain":0,"player_choice":"1 cards matched","damage_taken":0,"max_hp_gain":0,"max_hp_loss":0,"event_name":"Match and Keep!","floor":37,"gold_loss":0,"cards_obtained":["Warcry"]},{"damage_healed":0,"gold_gain":0,"player_choice":"Got Potions","damage_taken":0,"max_hp_gain":0,"max_hp_loss":0,"event_name":"Lab","floor":44,"gold_loss":0}],"is_beta":false,"boss_relics":[{"not_picked":["Velvet Choker","Mark of Pain"],"picked":"Black Star"},{"not_picked":["Runic Cube","Busted Crown"],"picked":"SlaversCollar"}],"items_purged_floors":[47],"is_endless":false,"potions_floor_spawned":[3,10,11,14,19,23,27,31,41],"ascension_level":0}}