{"host":"7tvb1em0d2fx72q7","time":1612635168,"event":{"mods":["BaseMod","Challenge The Spire","Minty Spire (QoL Compilation)","StSLib","everything is the same but u backflip on backflip"],"gold_per_floor":[114,114,37,54,67,67,94,94,94,113,113,113],"floor_reached":11,"language":"ENG","playtime":508,"items_purged":[],"score":146,"play_id":"adb67b9a-eaf7-43b0-870b-20e2c3a2a661","local_time":"20210206131248","is_ascension_mode":true,"campfire_choices":[{"data":"Sunder","floor":6,"key":"SMITH"},{"floor":8,"key":"REST"}],"circlet_count":0,"master_deck":["AscendersBane","Strike_B","Defend_B","Defend_B","Defend_B","Defend_B","Zap","Dualcast","All For One","Redo","Sunder+1","Defragment","Gash","Leap","BootSequence","Coolheaded"],"relics":["Cracked Core","TungstenRod","Letter Opener"],"acts_visited":["Exordium"],"potions_floor_usage":[5],"damage_taken":[{"damage":10,"enemies":"Small Slimes","floor":1,"turns":5},{"damage":1,"enemies":"Cultist","floor":4,"turns":3},{"damage":4,"enemies":"Jaw Worm","floor":5,"turns":3},{"damage":20,"enemies":"Lagavulin","floor":7,"turns":7},{"damage":0,"enemies":"Exordium Wildlife","floor":10,"turns":3},{"damage":46,"enemies":"Gremlin Nob","floor":11,"turns":4}],"seed_played":"-477960221331385677","potions_obtained":[{"floor":1,"key":"PotionOfCapacity"},{"floor":4,"key":"Weak Potion"},{"floor":7,"key":"Strength Potion"}],"is_trial":false,"path_per_floor":["M","?","$","M","M","R","E","R","T","M","E"],"character_chosen":"DEFECT","items_purchased":["Defragment"],"campfire_rested":1,"item_purchase_floors":[3],"current_hp_per_floor":[36,36,36,35,31,31,11,32,32,32,0,0],"gold":113,"neow_bonus":"TRANSFORM_TWO_CARDS","is_daily":false,"chose_seed":false,"campfire_upgraded":1,"win_rate":0.0,"timestamp":1612635168,"path_taken":["M","?","$","M","M","R","E","R","T","?","E"],"items_purchased_type":["Card"],"build_version":"2020-12-22","purchased_purges":0,"victory":false,"max_hp_per_floor":[71,71,71,71,71,71,71,71,71,71,71,71],"card_choices":[{"not_picked":["Sweeping Beam","Steam"],"picked":"Sunder","floor":1},{"not_picked":["Sunder","Heatsinks"],"picked":"Gash","floor":4},{"not_picked":["Reprogram","Steam Power"],"picked":"Leap","floor":5},{"not_picked":["Steam Power","Conserve Battery"],"picked":"BootSequence","floor":7},{"not_picked":["Fusion","Force Field"],"picked":"Coolheaded","floor":10}],"player_experience":2025094,"relics_obtained":[{"floor":7,"key":"TungstenRod"},{"floor":9,"key":"Letter Opener"}],"event_choices":[{"cards_removed":["Strike_B"],"damage_healed":0,"gold_gain":0,"player_choice":"Purged","damage_taken":0,"max_hp_gain":0,"max_hp_loss":0,"event_name":"Purifier","floor":2,"gold_loss":0}],"is_beta":false,"boss_relics":[],"items_purged_floors":[],"is_endless":false,"potions_floor_spawned":[1,4,7],"killed_by":"Gremlin Nob","ascension_level":20}}