{"host":"c44ey07ufggfw2m8","time":1612593013,"event":{"mods":["2.2 Compatiblity","BaseMod","Colored Map","DeckTracker","Highlight Path","Keyboard Shortcuts","Minty Spire (QoL Compilation)","Permanent Neow","Quick Restart","StSLib","SuperFastMode","UnlockEverythingMod"],"gold_per_floor":[112,112,124,138,138,138,163,163,163,163,338,350,59,75,75,170,170,183,183,193,205,223,223,223],"floor_reached":23,"language":"KOR","playtime":762,"items_purged":["Doubt"],"score":299,"play_id":"dda43f23-32ee-4d1c-8a99-f676fc3c4a7d","local_time":"20210206153013","is_ascension_mode":true,"campfire_choices":[{"data":"Blade Dance","floor":6.0,"key":"SMITH"},{"data":"Cloak And Dagger","floor":8.0,"key":"SMITH"},{"data":"Underhanded Strike","floor":10.0,"key":"SMITH"},{"data":"Bullet Time","floor":15.0,"key":"SMITH"}],"circlet_count":0,"master_deck":["AscendersBane","Strike_G","Strike_G","Strike_G","Strike_G","Defend_G","Defend_G","Defend_G","Defend_G","Defend_G","Survivor","Neutralize+1","Blade Dance+1","Cloak And Dagger+1","Underhanded Strike","Underhanded Strike+1","Escape Plan","PiercingWail","Footwork","Bullet Time+1","Venomology+1","Terror","Acrobatics","Tactician+1"],"relics":["Ring of the Snake","Ninja Scroll","Eternal Feather","HandDrill","SacredBark"],"acts_visited":["Exordium","TheCity"],"potions_floor_usage":[18,20,22,23],"damage_taken":[{"damage":0.0,"enemies":"2 Louse","floor":1.0,"turns":4.0},{"damage":1.0,"enemies":"Cultist","floor":3.0,"turns":4.0},{"damage":0.0,"enemies":"Small Slimes","floor":4.0,"turns":3.0},{"damage":24.0,"enemies":"3 Sentries","floor":7.0,"turns":11.0},{"damage":4.0,"enemies":"Exordium Wildlife","floor":12.0,"turns":2.0},{"damage":1.0,"enemies":"3 Louse","floor":14.0,"turns":4.0},{"damage":35.0,"enemies":"Hexaghost","floor":16.0,"turns":15.0},{"damage":0,"enemies":"2 Thieves","floor":18,"turns":4},{"damage":0,"enemies":"3 Byrds","floor":20,"turns":2},{"damage":4,"enemies":"Centurion and Healer","floor":21,"turns":8},{"damage":8,"enemies":"Snake Plant","floor":22,"turns":6},{"damage":42,"enemies":"Slavers","floor":23,"turns":6}],"seed_played":"3167016058797433219","potions_obtained":[{"floor":3.0,"key":"GhostInAJar"},{"floor":7.0,"key":"EssenceOfSteel"},{"floor":14.0,"key":"Swift Potion"},{"floor":16.0,"key":"AttackPotion"},{"floor":20,"key":"DuplicationPotion"}],"is_trial":false,"path_per_floor":["M","?","M","M","?","R","E","R","T","R","?","M","$","M","R","B",null,"M","?","M","M","M","E"],"character_chosen":"THE_SILENT","items_purchased":["Footwork","HandDrill"],"campfire_rested":0,"item_purchase_floors":[13,13],"current_hp_per_floor":[63,63,62,62,62,62,38,38,38,47,47,43,43,42,54,19,57,57,57,57,53,45,3,3],"gold":223,"neow_bonus":"UPGRADE_CARD","is_daily":false,"chose_seed":false,"campfire_upgraded":4,"win_rate":0.0,"timestamp":1612593013,"path_taken":["M","?","?","M","?","R","E","R","T","R","?","M","?","M","R","BOSS","M","?","M","M","?","E"],"items_purchased_type":["Card","Relic"],"build_version":"2020-12-22","purchased_purges":1,"victory":false,"max_hp_per_floor":[70,70,70,70,70,70,70,70,70,70,70,70,70,70,70,70,70,70,70,70,70,70,70,70],"card_choices":[{"not_picked":["Dagger Throw","Poisoned Stab"],"picked":"Blade Dance","floor":1.0},{"not_picked":["Sucker Punch","Outmaneuver"],"picked":"Cloak And Dagger","floor":3.0},{"not_picked":["Poisoned Stab","Reflex"],"picked":"Underhanded Strike","floor":4.0},{"not_picked":["Endless Agony","Acrobatics"],"picked":"Escape Plan","floor":7.0},{"not_picked":["Deadly Poison","Expertise"],"picked":"PiercingWail","floor":12.0},{"not_picked":["Backflip","Dodge and Roll"],"picked":"Bullet Time","floor":14.0},{"not_picked":["Glass Knife","Wraith Form v2"],"picked":"Venomology","floor":16.0},{"not_picked":["All Out Attack","Dagger Spray+1","Riddle With Holes"],"picked":"SKIP","floor":18},{"not_picked":["Leg Sweep+1","Cloak And Dagger"],"picked":"Terror","floor":20},{"not_picked":["PiercingWail+1","Grand Finale"],"picked":"Acrobatics","floor":21},{"not_picked":["Deadly Poison","Deflect"],"picked":"Tactician+1","floor":22}],"player_experience":109633,"relics_obtained":[{"floor":7.0,"key":"Ninja Scroll"},{"floor":9.0,"key":"Eternal Feather"}],"event_choices":[{"damage_healed":0.0,"max_hp_gain":0.0,"max_hp_loss":0.0,"gold_gain":0.0,"event_name":"The Woman in Blue","player_choice":"Bought 0 Potions","floor":2.0,"gold_loss":0.0,"damage_taken":0.0},{"damage_healed":0.0,"max_hp_gain":0.0,"max_hp_loss":0.0,"gold_gain":0.0,"cards_transformed":["Strike_G"],"event_name":"Living Wall","player_choice":"Change","floor":5.0,"gold_loss":0.0,"damage_taken":0.0,"cards_obtained":["Underhanded Strike"]},{"damage_healed":0.0,"max_hp_gain":0.0,"max_hp_loss":0.0,"gold_gain":175.0,"event_name":"Liars Game","player_choice":"AGREE","floor":11.0,"gold_loss":0.0,"damage_taken":0.0,"cards_obtained":["Doubt"]},{"damage_healed":0,"gold_gain":0,"player_choice":"Forge","damage_taken":0,"max_hp_gain":0,"max_hp_loss":0,"event_name":"Accursed Blacksmith","floor":19,"gold_loss":0,"cards_upgraded":["Venomology"]}],"is_beta":false,"boss_relics":[{"not_picked":["Empty Cage","Calling Bell"],"picked":"SacredBark"}],"items_purged_floors":[13],"is_endless":false,"potions_floor_spawned":[3,7,14,16,20,21],"killed_by":"Slavers","ascension_level":11}}