{"host":"vyjryxuuuxkt43k4","time":1612617585,"event":{"mods":["AchievementEnabler","BaseMod","Colored Map","DeckTracker","Highlight Path","Keyboard Shortcuts","Minty Spire (QoL Compilation)","Permanent Neow","Quick Restart","StSLib","SuperFastMode","everything is the same but u backflip on backflip"],"gold_per_floor":[118,132,132,20,20,20,20,33,33,33,50,69,69,96,96,96,96],"floor_reached":16,"language":"KOR","playtime":386,"items_purged":["Strike_R"],"score":100,"play_id":"e9587bc7-b8d2-4628-991b-fb8e8f82ad65","local_time":"20210206221945","is_ascension_mode":false,"campfire_choices":[{"data":"Dark Embrace","floor":7,"key":"SMITH"},{"data":"Spot Weakness","floor":10,"key":"SMITH"},{"data":"Evolve","floor":13,"key":"SMITH"},{"floor":15,"key":"REST"}],"circlet_count":0,"master_deck":["Strike_R","Strike_R","Strike_R+1","Strike_R","Defend_R","Defend_R","Defend_R+1","Defend_R","Bash+1","Spot Weakness+1","Dark Embrace+1","Flame Barrier","Exhume","Evolve+1","Whirlwind"],"relics":["Burning Blood","Nunchaku","Bottled Tornado","WingedGreaves"],"acts_visited":["Exordium"],"potions_floor_usage":[14],"damage_taken":[{"damage":0,"enemies":"Small Slimes","floor":1,"turns":4},{"damage":6,"enemies":"Jaw Worm","floor":2,"turns":3},{"damage":7,"enemies":"2 Louse","floor":8,"turns":3},{"damage":0,"enemies":"Exordium Wildlife","floor":11,"turns":3},{"damage":7,"enemies":"Red Slaver","floor":12,"turns":4},{"damage":34,"enemies":"Gremlin Nob","floor":14,"turns":5},{"damage":39,"enemies":"Hexaghost","floor":16,"turns":9}],"seed_played":"-7056258082247200981","potions_obtained":[{"floor":12,"key":"LiquidMemories"}],"is_trial":false,"path_per_floor":["M","M","?","$","?","$","R","M","T","R","M","M","R","E","R","B"],"character_chosen":"IRONCLAD","items_purchased":["Dark Embrace"],"campfire_rested":1,"item_purchase_floors":[4],"current_hp_per_floor":[80,80,55,55,39,39,39,38,38,38,44,43,43,15,39,0,0],"gold":96,"neow_bonus":"UPGRADE_CARD","is_daily":false,"chose_seed":false,"campfire_upgraded":3,"win_rate":0.0,"timestamp":1612617585,"path_taken":["M","M","?","$","?","?","R","?","T","R","M","M","R","E","R","BOSS"],"items_purchased_type":["Card"],"build_version":"2020-12-22","purchased_purges":1,"victory":false,"max_hp_per_floor":[80,80,80,80,80,80,80,80,80,80,80,80,80,80,80,80,80],"card_choices":[{"not_picked":["Heavy Blade","True Grit","Flex"],"picked":"SKIP","floor":1},{"not_picked":["Combust","Clothesline"],"picked":"Spot Weakness","floor":2},{"not_picked":["Seeing Red","Thunderclap"],"picked":"Flame Barrier","floor":8},{"not_picked":["Blood for Blood","Combust"],"picked":"Exhume","floor":11},{"not_picked":["Spot Weakness","Armaments"],"picked":"Evolve","floor":12},{"not_picked":["Armaments","Havoc"],"picked":"Whirlwind","floor":14}],"player_experience":800166,"relics_obtained":[{"floor":9,"key":"Bottled Tornado"},{"floor":14,"key":"WingedGreaves"}],"event_choices":[{"damage_healed":0,"gold_gain":0,"player_choice":"Success","damage_taken":25,"relics_obtained":["Nunchaku"],"max_hp_gain":0,"max_hp_loss":0,"event_name":"Scrap Ooze","floor":3,"gold_loss":0},{"damage_healed":0,"gold_gain":0,"player_choice":"Entered Light","damage_taken":16,"max_hp_gain":0,"max_hp_loss":0,"event_name":"Shining Light","floor":5,"gold_loss":0,"cards_upgraded":["Defend_R","Strike_R"]}],"is_beta":false,"boss_relics":[],"items_purged_floors":[4],"is_endless":false,"potions_floor_spawned":[12],"killed_by":"Hexaghost","ascension_level":0}}