{"host":"7k2a2omxz3voj5ax","time":1612620342,"event":{"mods":["BaseMod","Marisa£¨ìFÓê¡¡Ä§ÀíÉ³£©","Minty Spire (QoL Compilation)","Quick Restart","Spicy Shops","StSLib","Starting Relic: Pandora\u0027s Box","Yakumo Yukari mod","¡¾ÒÅÎï¿¨ÅÆ¡¿REMEMod","óô»ðÖ¸ÄÏ"],"gold_per_floor":[112,187,187,201,225,225,421,456,456,529,565,589,49,49,49,145,208,232,247,266,14,14,45,45,86,111,135,135,135,151,151,176,176,194,194,287,287,306,371,450,474,474,474,474,517,277,310,333,354,374,387,139,173,241,259,259,259,259,259,159,46,82,82],"floor_reached":64,"language":"ZHS","playtime":2537,"items_purged":["Outmaneuver","Bane","Sucker Punch","Slice","Tactician","Neutralize","REME_ShadowStrike"],"score":3829,"play_id":"d076fc77-65b6-49b0-a1ef-baf8b4711593","local_time":"20210206230542","is_ascension_mode":true,"campfire_choices":[{"data":"BlazeAway","floor":6.0,"key":"SMITH"},{"floor":15.0,"key":"REST"},{"data":"Calculated Gamble","floor":24.0,"key":"SMITH"},{"data":"Prepared","floor":29.0,"key":"SMITH"},{"data":"Blade Dance","floor":35.0,"key":"SMITH"},{"data":"Reflex","floor":44,"key":"SMITH"},{"floor":56,"key":"RECALL"}],"circlet_count":2,"master_deck":["AscendersBane","Survivor+1","Prepared+1","Underhanded Strike","Backflip+1","Blade Dance+1","BlazeAway+1","Accuracy+1","Reflex+1","Calculated Gamble+1","Tactician+1","REME_GreenPollution","Adrenaline+1","Acrobatics+1"],"relics":["Pandora\u0027s Box","REME_ComplimentaryCards","NeowsBlessing","Golden Idol","Odd Mushroom","Odd Mushroom","Circlet","Odd Mushroom","Ninja Scroll","Gremlin Horn","StoneCalendar","Membership Card","Shuriken","Tiny House","Toxic Egg 2","CultistMask","Tiny Chest","Girya","Toy Ornithopter","Kunai","Lantern","Singing Bowl","Calling Bell","PreservedInsect","Sundial","Gambling Chip","CatCart","REME_PoisonedDagger","REME_LimitBreaker","Medical Kit","War Paint","Nunchaku","Pen Nib","Tough Bandages","Happy Flower","Mercury Hourglass","Bronze Scales"],"acts_visited":["Exordium","TheCity","TheBeyond","TheEnding"],"potions_floor_usage":[63],"damage_taken":[{"damage":0.0,"enemies":"Jaw Worm","floor":1.0,"turns":1.0},{"damage":0.0,"enemies":"2 Louse","floor":4.0,"turns":1.0},{"damage":0.0,"enemies":"Small Slimes","floor":5.0,"turns":1.0},{"damage":5.0,"enemies":"The Mushroom Lair","floor":7.0,"turns":3.0},{"damage":17.0,"enemies":"Lagavulin","floor":8.0,"turns":6.0},{"damage":6.0,"enemies":"Lagavulin Event","floor":10.0,"turns":3.0},{"damage":11.0,"enemies":"3 Sentries","floor":11.0,"turns":4.0},{"damage":4.0,"enemies":"3 Louse","floor":12.0,"turns":2.0},{"damage":0.0,"enemies":"The Guardian","floor":16.0,"turns":5.0},{"damage":0.0,"enemies":"Spheric Guardian","floor":18.0,"turns":1.0},{"damage":7.0,"enemies":"Shell Parasite","floor":19.0,"turns":2.0},{"damage":0.0,"enemies":"Centurion and Healer","floor":20.0,"turns":2.0},{"damage":0.0,"enemies":"Gremlin Leader","floor":23.0,"turns":4.0},{"damage":0.0,"enemies":"REME_1_Revenger","floor":25.0,"turns":2.0},{"damage":0.0,"enemies":"Chosen and Byrds","floor":26.0,"turns":3.0},{"damage":10.0,"enemies":"Snecko","floor":30.0,"turns":3.0},{"damage":0.0,"enemies":"Centurion and Healer","floor":34.0,"turns":2.0},{"damage":4.0,"enemies":"Collector","floor":36.0,"turns":3.0},{"damage":1.0,"enemies":"3 Shapes","floor":38.0,"turns":2.0},{"damage":0.0,"enemies":"Orin","floor":39.0,"turns":2.0},{"damage":0,"enemies":"3 Darklings","floor":41,"turns":1},{"damage":0,"enemies":"Nemesis","floor":45,"turns":1},{"damage":0,"enemies":"Giant Head","floor":47,"turns":1},{"damage":0,"enemies":"Maw","floor":49,"turns":1},{"damage":0,"enemies":"Writhing Mass","floor":50,"turns":2},{"damage":0,"enemies":"4 Shapes","floor":51,"turns":1},{"damage":0,"enemies":"Nemesis","floor":53,"turns":1},{"damage":0,"enemies":"3 Darklings","floor":55,"turns":1},{"damage":0,"enemies":"Donu and Deca","floor":57,"turns":1},{"damage":0,"enemies":"Awakened One","floor":58,"turns":2},{"damage":0,"enemies":"Shield and Spear","floor":62,"turns":1},{"damage":14,"enemies":"The Heart","floor":63,"turns":4}],"seed_played":"8274254269278940753","potions_obtained":[{"floor":8.0,"key":"CultistPotion"},{"floor":10.0,"key":"REME_GoldPotion"},{"floor":16.0,"key":"DuplicationPotion"},{"floor":17.0,"key":"SteroidPotion"},{"floor":23.0,"key":"Fire Potion"},{"floor":26.0,"key":"LiquidBronze"},{"floor":50,"key":"FairyPotion"}],"is_trial":false,"path_per_floor":["M","?","?","M","M","R","?","E","T","?","E","M","$","?","R","B",null,"M","M","M","$","?","E","R","E","M","T","T","R","M","?","T","T","M","R","B",null,"M","?","T","M","?","?","R","E","R","E","T","M","M","M","R","E","T","M","R","B","B",null,"R","$","E","B",null],"character_chosen":"THE_SILENT","items_purchased":["Membership Card","Reflex","Shuriken","Calculated Gamble","Toxic Egg 2","REME_GreenPollution","Medical Kit","War Paint","Tough Bandages"],"campfire_rested":1,"item_purchase_floors":[13,13,13,13,21,21,46,46,52],"current_hp_per_floor":[59,48,48,48,48,48,43,26,26,20,9,5,5,5,23,23,56,56,49,49,49,49,49,49,49,49,49,49,49,39,39,39,39,41,41,37,60,61,67,67,67,63,63,63,65,65,67,67,69,71,73,73,75,75,77,77,77,77,91,91,91,93,83],"gold":82,"neow_bonus":"THREE_ENEMY_KILL","is_daily":false,"chose_seed":false,"campfire_upgraded":5,"win_rate":0.0,"timestamp":1612620342,"path_taken":["M","?","?","M","?","R","?","E","T","?","E","M","$","?","R","BOSS","M","M","M","$","?","E","R","E","M","T","T","R","?","?","?","?","M","R","BOSS","M","?","?","M","?","?","R","E","R","E","T","M","?","M","R","E","?","M","R","BOSS","BOSS","R","$","E","BOSS"],"items_purchased_type":["Relic","Card","Relic","Card","Relic","Card","Relic","Relic","Relic"],"build_version":"2020-12-22","purchased_purges":7,"victory":true,"max_hp_per_floor":[66,66,60,60,60,60,60,60,60,60,60,60,60,60,60,60,65,65,65,65,65,65,65,65,65,65,65,65,65,65,65,65,65,67,67,67,67,69,75,75,75,81,81,81,83,83,85,85,87,89,91,91,93,93,95,95,95,95,95,95,95,97,97],"card_choices":[{"not_picked":["Sucker Punch","Bane","Eviscerate"],"picked":"SKIP","floor":1.0},{"not_picked":["Sucker Punch","Deadly Poison","REME_ShadowStrike"],"picked":"SKIP","floor":4.0},{"not_picked":["Underhanded Strike","Expertise","Poisoned Stab"],"picked":"SKIP","floor":5.0},{"not_picked":["Bane","Backflip"],"picked":"Accuracy","floor":8.0},{"not_picked":["Quick Slash","Well Laid Plans","Deflect"],"picked":"SKIP","floor":11.0},{"not_picked":["Finisher","Catalyst","Dodge and Roll"],"picked":"SKIP","floor":12.0},{"not_picked":["Heel Hook","Deflect","Masterful Stab"],"picked":"SKIP","floor":18.0},{"not_picked":["Skewer","Predator"],"picked":"Tactician","floor":19.0},{"not_picked":["Poisoned Stab","Flying Knee"],"picked":"Tactician+1","floor":20.0},{"not_picked":["Riddle With Holes","Predator","Envenom"],"picked":"SKIP","floor":23.0},{"not_picked":["Cloak And Dagger+1","Dodge and Roll+1","Outmaneuver+1"],"picked":"SKIP","floor":25.0},{"not_picked":["Reflex+1","Slice","Eviscerate"],"picked":"SKIP","floor":26.0},{"not_picked":["Outmaneuver+1","Skewer","Bouncing Flask+1"],"picked":"SKIP","floor":30.0},{"not_picked":["Well Laid Plans","Predator","Leg Sweep+1"],"picked":"Singing Bowl","floor":34.0},{"not_picked":["Night Terror+1","Venomology+1"],"picked":"Adrenaline+1","floor":36.0},{"not_picked":["Riddle With Holes","Masterful Stab+1","Accuracy"],"picked":"Singing Bowl","floor":38.0},{"not_picked":["Quick Slash","Blur+1","Leg Sweep+1"],"picked":"Singing Bowl","floor":39.0},{"not_picked":["PiercingWail+1","Underhanded Strike","Outmaneuver+1"],"picked":"Singing Bowl","floor":39},{"not_picked":["Bane","Escape Plan+1","Backstab"],"picked":"Singing Bowl","floor":39},{"not_picked":["Prepared+1","PiercingWail+1"],"picked":"Acrobatics+1","floor":41},{"not_picked":["Dramatic Entrance","REME_ShortnessOfBreath+1","Sadistic Nature"],"picked":"Singing Bowl","floor":42},{"not_picked":["Impatience+1","Enlightenment+1","Dramatic Entrance"],"picked":"Singing Bowl","floor":42},{"not_picked":["REME_AllRoundStrike","Metamorphosis+1","Panacea+1"],"picked":"Singing Bowl","floor":42},{"not_picked":["Endless Agony","Noxious Fumes","All Out Attack"],"picked":"Singing Bowl","floor":45},{"not_picked":["Bane","Leg Sweep+1","REME_SpectralBlade"],"picked":"Singing Bowl","floor":47},{"not_picked":["Deflect+1","Backflip+1","All Out Attack"],"picked":"Singing Bowl","floor":49},{"not_picked":["Slice","Heel Hook","Distraction+1"],"picked":"Singing Bowl","floor":50},{"not_picked":["Cloak And Dagger+1","Blade Dance+1","Accuracy"],"picked":"Singing Bowl","floor":51},{"not_picked":["Concentrate+1","Outmaneuver+1","Infinite Blades"],"picked":"Singing Bowl","floor":53},{"not_picked":["Choke","Slice","Quick Slash"],"picked":"Singing Bowl","floor":55},{"not_picked":["REME_GreenPollution","Deadly Poison+1","Cloak And Dagger+1"],"picked":"Singing Bowl","floor":62}],"player_experience":288288,"relics_obtained":[{"floor":7.0,"key":"Odd Mushroom"},{"floor":7.0,"key":"Odd Mushroom"},{"floor":7.0,"key":"Circlet"},{"floor":7.0,"key":"Odd Mushroom"},{"floor":7.0,"key":"Circlet"},{"floor":8.0,"key":"Ninja Scroll"},{"floor":10.0,"key":"Gremlin Horn"},{"floor":11.0,"key":"StoneCalendar"},{"floor":23.0,"key":"Tiny Chest"},{"floor":25.0,"key":"Girya"},{"floor":27.0,"key":"Toy Ornithopter"},{"floor":28.0,"key":"Kunai"},{"floor":32.0,"key":"Lantern"},{"floor":33.0,"key":"Singing Bowl"},{"floor":37.0,"key":"PreservedInsect"},{"floor":37.0,"key":"Sundial"},{"floor":37.0,"key":"Gambling Chip"},{"floor":39.0,"key":"CatCart"},{"floor":40,"key":"REME_PoisonedDagger"},{"floor":45,"key":"REME_LimitBreaker"},{"floor":47,"key":"Nunchaku"},{"floor":48,"key":"Pen Nib"},{"floor":53,"key":"Happy Flower"},{"floor":54,"key":"Mercury Hourglass"},{"floor":62,"key":"Bronze Scales"}],"event_choices":[{"damage_healed":0.0,"max_hp_gain":0.0,"max_hp_loss":0.0,"gold_gain":75.0,"event_name":"World of Goop","player_choice":"Gather Gold","floor":2.0,"gold_loss":0.0,"damage_taken":11.0},{"damage_healed":0.0,"max_hp_gain":0.0,"max_hp_loss":6.0,"gold_gain":0.0,"event_name":"Golden Idol","player_choice":"Lose Max HP","floor":3.0,"gold_loss":0.0,"damage_taken":0.0,"relics_obtained":["Golden Idol"]},{"damage_healed":0.0,"max_hp_gain":0.0,"max_hp_loss":0.0,"gold_gain":0.0,"event_name":"Mushrooms","player_choice":"Fought Mushrooms","floor":7.0,"gold_loss":0.0,"damage_taken":0.0},{"damage_healed":0.0,"max_hp_gain":0.0,"max_hp_loss":0.0,"gold_gain":0.0,"event_name":"Mushrooms","player_choice":"Fought Mushrooms","floor":7.0,"gold_loss":0.0,"damage_taken":0.0},{"damage_healed":0.0,"max_hp_gain":0.0,"max_hp_loss":0.0,"gold_gain":0.0,"event_name":"Mushrooms","player_choice":"Fought Mushrooms","floor":7.0,"gold_loss":0.0,"damage_taken":0.0},{"damage_healed":0.0,"max_hp_gain":0.0,"max_hp_loss":0.0,"gold_gain":30.0,"event_name":"Dead Adventurer","player_choice":"Searched \u00272\u0027 times","floor":10.0,"gold_loss":0.0,"damage_taken":0.0},{"cards_removed":["Dodge and Roll"],"damage_healed":0.0,"max_hp_gain":0.0,"max_hp_loss":0.0,"gold_gain":0.0,"event_name":"Living Wall","player_choice":"Forget","floor":14.0,"gold_loss":0.0,"damage_taken":0.0},{"damage_healed":0.0,"max_hp_gain":0.0,"max_hp_loss":0.0,"gold_gain":0.0,"event_name":"FaceTrader","player_choice":"Trade","floor":22.0,"gold_loss":0.0,"damage_taken":0.0,"relics_obtained":["CultistMask"]},{"damage_healed":0.0,"max_hp_gain":0.0,"max_hp_loss":0.0,"gold_gain":0.0,"event_name":"The Mausoleum","player_choice":"Ignored","floor":31.0,"gold_loss":0.0,"damage_taken":0.0},{"damage_healed":0.0,"max_hp_gain":0.0,"max_hp_loss":0.0,"gold_gain":0.0,"event_name":"OrinTheCat","player_choice":"Fight","floor":39.0,"gold_loss":0.0,"damage_taken":0.0},{"damage_healed":0.0,"max_hp_gain":0.0,"max_hp_loss":0.0,"gold_gain":0.0,"event_name":"OrinTheCat","player_choice":"Fight","floor":39.0,"gold_loss":0.0,"damage_taken":0.0},{"damage_healed":0,"gold_gain":0,"player_choice":"Fight","damage_taken":0,"max_hp_gain":0,"max_hp_loss":0,"event_name":"OrinTheCat","floor":39,"gold_loss":0},{"damage_healed":0,"gold_gain":0,"player_choice":"Memory 3","damage_taken":10,"max_hp_gain":0,"max_hp_loss":0,"event_name":"SensoryStone","floor":42,"gold_loss":0},{"damage_healed":0,"gold_gain":0,"player_choice":"0 cards matched","damage_taken":0,"max_hp_gain":0,"max_hp_loss":0,"event_name":"Match and Keep!","floor":43,"gold_loss":0,"cards_obtained":[]}],"is_beta":false,"boss_relics":[{"not_picked":["REME_ChargedStone","SacredBark"],"picked":"Tiny House"},{"not_picked":["REME_DuelDisc","Runic Pyramid"],"picked":"Calling Bell"}],"items_purged_floors":[13,13,21,46,52,60,61],"is_endless":false,"potions_floor_spawned":[7,8,10,12,16,19,23,25,26,39,39,41,49,50,53],"ascension_level":20}}