{"host":"fwes8e3a36usabj9","time":1612582742,"event":{"mods":["BaseMod","Colored Map","Colored Powertips","Minty Spire (QoL Compilation)"],"gold_per_floor":[362,327,42,42,96,114,129,129,154,173,173,191,224,242,242,242,242],"floor_reached":16,"language":"ENG","playtime":1105,"items_purged":[],"score":133,"play_id":"9c9c6112-9ce0-415d-920b-6765a57f0bd0","local_time":"20210205193902","is_ascension_mode":true,"campfire_choices":[{"data":"Intimidate","floor":11,"key":"SMITH"},{"data":"True Grit","floor":15,"key":"SMITH"}],"circlet_count":0,"master_deck":["Strike_R","Strike_R+1","Strike_R+1","Strike_R","Strike_R","Defend_R","Defend_R","Defend_R+1","Defend_R","Bash","Clash","Cleave","Intimidate+1","Pommel Strike","Headbutt+1","True Grit+1","Infernal Blade","Whirlwind"],"relics":["Burning Blood","Matryoshka","Golden Idol","Regal Pillow","Red Skull","Whetstone"],"acts_visited":["Exordium"],"potions_floor_usage":[8],"damage_taken":[{"damage":5,"enemies":"Small Slimes","floor":1,"turns":4},{"damage":0,"enemies":"2 Louse","floor":6,"turns":2},{"damage":1,"enemies":"Cultist","floor":7,"turns":3},{"damage":7,"enemies":"Lots of Slimes","floor":10,"turns":3},{"damage":16,"enemies":"Exordium Thugs","floor":12,"turns":3},{"damage":22,"enemies":"Lagavulin","floor":13,"turns":7},{"damage":2,"enemies":"3 Louse","floor":14,"turns":3},{"damage":52,"enemies":"Hexaghost","floor":16,"turns":9}],"seed_played":"-8096039042625321415","potions_obtained":[{"floor":7,"key":"Fruit Juice"},{"floor":13,"key":"SmokeBomb"},{"floor":14,"key":"SpeedPotion"}],"is_trial":false,"path_per_floor":["M","?","$","?","?","M","M","?","T","M","R","M","E","M","R","B"],"character_chosen":"IRONCLAD","items_purchased":["Matryoshka","Cleave"],"campfire_rested":0,"item_purchase_floors":[3,3],"current_hp_per_floor":[52,72,72,56,56,62,67,72,72,71,71,61,45,49,49,0,0],"gold":242,"neow_bonus":"TWO_FIFTY_GOLD","is_daily":false,"chose_seed":false,"campfire_upgraded":2,"win_rate":0.0,"timestamp":1612582742,"path_taken":["M","?","$","?","?","M","M","?","T","M","R","M","E","M","R","BOSS"],"items_purchased_type":["Relic","Card"],"build_version":"2020-12-22","purchased_purges":0,"victory":false,"max_hp_per_floor":[80,80,80,80,80,80,80,79,79,79,79,79,79,79,79,79,79],"card_choices":[{"not_picked":["Sword Boomerang","Perfected Strike"],"picked":"Clash","floor":1},{"not_picked":["Shrug It Off","Burning Pact"],"picked":"Intimidate","floor":6},{"not_picked":["Rupture","Twin Strike"],"picked":"Pommel Strike","floor":7},{"not_picked":["Havoc","Limit Break"],"picked":"Headbutt","floor":10},{"not_picked":["Intimidate","Pommel Strike"],"picked":"True Grit","floor":12},{"not_picked":["True Grit","Flex"],"picked":"Infernal Blade","floor":13},{"not_picked":["Armaments","Seeing Red"],"picked":"Whirlwind","floor":14}],"player_experience":735527,"relics_obtained":[{"floor":9,"key":"Regal Pillow"},{"floor":9,"key":"Red Skull"},{"floor":13,"key":"Whetstone"}],"event_choices":[{"damage_healed":20,"gold_gain":0,"player_choice":"Healed","damage_taken":0,"max_hp_gain":0,"max_hp_loss":0,"event_name":"The Cleric","floor":2,"gold_loss":35},{"damage_healed":0,"gold_gain":0,"player_choice":"Entered Light","damage_taken":16,"max_hp_gain":0,"max_hp_loss":0,"event_name":"Shining Light","floor":4,"gold_loss":0,"cards_upgraded":["Defend_R","Strike_R"]},{"damage_healed":0,"gold_gain":54,"player_choice":"Gained Gold","damage_taken":0,"max_hp_gain":0,"max_hp_loss":0,"event_name":"Golden Wing","floor":5,"gold_loss":0},{"damage_healed":0,"gold_gain":0,"player_choice":"Lose Max HP","damage_taken":0,"relics_obtained":["Golden Idol"],"max_hp_gain":0,"max_hp_loss":6,"event_name":"Golden Idol","floor":8,"gold_loss":0}],"is_beta":false,"boss_relics":[],"items_purged_floors":[],"is_endless":false,"potions_floor_spawned":[7,13,14],"killed_by":"Hexaghost","ascension_level":6}}