{"host":"2xnjhc1nuqzfyzm4","time":1612580433,"event":{"mods":["100% Spire Juice","Act Like it!","Arknights","BaseMod","Beaked The Cultist","Bestiary","Better Match","Better Note","Better Sensory Stone","Better Third Choice","Block Reminder","CapriCore","CatGirl Mod","ChefMod","Colored Powertips","Displayed Cursed Tome","Dota2Spire","Downfall","Ekko","Elementarium","GungeonMod","Hallownest","Hermit","Hubris","Infinite Spire","Jedi Mod","Jorbs\u0027s Wanderer Trilogy","Luminous","Mad Scientist","Marisa????????","Menagerie","Minty Spire (QoL Compilation)","Potionbrewer","Prisma Mod","QueenMod","Relic Stats","Reliquary","Replay The Spire","Robot Space Explorer","SIMod","Shade Mod","Spikes Relics","StSLib","The Alterego","The Animator","The Blackbeard","The Bug Knight","The Cursed","The Death Knight","The Disciple","The Dragon Tamer","The Dragonkin","The Druid","The Elementalist","The Exalted","The Fake Hero","The Florist","The Gatherer","The Hayseed","The Hierophant","The Immortal","The Jungle","The Mystic","The Necromancer","The Poker Player","The Runesmith","The Sage","The Senshi","The Servant 0.9.4","The Showman","The Valiant","The Wild Card","TheBandit","TheSwordswoman","TheVacant","TheVelvet","TheWitcher","Trackpad","Waifu the Spire","WarShipGirlsR/????R mod","Yakumo Yukari mod"],"gold_per_floor":[112,85,104,104,104,132,146,164,164,180,212,212,246,263,263,358,358,374,374,222,241,241,269,269,286,286,344,360,360,390,431,431,536,536,582,624,640,689,699,699,754,754,779,779,235,311,325,368,368,368,368,368,74,139,169],"floor_reached":56,"language":"ENG","playtime":2670,"items_purged":[],"score":1647,"play_id":"6e78c711-a9a2-4a30-be22-ec8c16bc9db6","local_time":"20210205190033","is_ascension_mode":true,"campfire_choices":[{"floor":24,"key":"RECALL"},{"data":"hubris:InfiniteBlow+14","floor":29,"key":"SMITH"},{"data":"hubris:InfiniteBlow+15","floor":32,"key":"SMITH"},{"data":"Heavy Blade","floor":40,"key":"SMITH"},{"data":"hubris:InfiniteBlow+16","floor":44,"key":"SMITH"},{"data":"hubris:InfiniteBlow+17","floor":49,"key":"SMITH"},{"data":"hubris:InfiniteBlow+18","floor":52,"key":"SMITH"}],"circlet_count":0,"master_deck":["Strike_R","Strike_R","Strike_R","Strike_R+1","Strike_R","Defend_R","Defend_R","Defend_R","Defend_R","Bash","Searing Blow+1","Run Through+1","hubris:InfiniteBlow+19","theWildCard:Michael","Evolve","Replay:Undeath\u0027s Touch","Armaments","Cleave","Heavy Blade+1","jedi:unlimitedpower","Brutality","Iron Wave","Headbutt","hubris:InfiniteBlow+14","Clash","Pummel","Twin Strike","Inflame","ReplayTheSpireMod:Muscle Training","Spot Weakness","Clash+1","Thunderclap+1","jedi:collectorstrike+1","Flex+1","hubris:InfiniteBlow+14"],"relics":["Burning Blood","betterThird:SlimedRelic","reliquary:BoilingFlask","Dota2Spire:ShadowBlade","hubris:Towel","Durian","trackpad:DemonHeart","Brimstone","Bromod:ArcaneGrace","hubris:ToyBattleship","trackpad:RapidFire","Dota2Spire:HandOfMidas","SnailShell","SpikesRelics:ToyHorsey","beaked:SacredDeck","reliquary:PorcupineQuills","reliquary:Knoch","Whetstone","Pondfish Scales","Bottled Flame","CatCart","Replay:Baseball","Toolbox","Pet Ghost"],"acts_visited":["Exordium","TheCity","TheBeyond","TheEnding"],"potions_floor_usage":[6,10,16,16,48,55,55,55],"damage_taken":[{"damage":13,"enemies":"Jaw Worm","floor":1,"turns":3},{"damage":10,"enemies":"Small Slimes","floor":3,"turns":5},{"damage":0,"enemies":"HollowMod:MossKnight","floor":6,"turns":1},{"damage":0,"enemies":"2 Louse","floor":7,"turns":2},{"damage":10,"enemies":"2 Fungi Beasts","floor":8,"turns":2},{"damage":0,"enemies":"3 Louse","floor":10,"turns":3},{"damage":0,"enemies":"Replay:BlueRogue","floor":11,"turns":3},{"damage":0,"enemies":"Lagavulin","floor":13,"turns":1},{"damage":3,"enemies":"Gremlin Gang","floor":14,"turns":4},{"damage":84,"enemies":"Hexaghost","floor":16,"turns":1},{"damage":1,"enemies":"Shell Parasite","floor":18,"turns":2},{"damage":11,"enemies":"Chosen","floor":21,"turns":3},{"damage":0,"enemies":"Gremlin Leader","floor":23,"turns":1},{"damage":0,"enemies":"Snecko","floor":25,"turns":2},{"damage":40,"enemies":"Slavers","floor":27,"turns":1},{"damage":0,"enemies":"Centurion and Healer","floor":28,"turns":2},{"damage":5,"enemies":"HollowMod:Nosk","floor":30,"turns":2},{"damage":3,"enemies":"Cultist and Chosen","floor":31,"turns":3},{"damage":33,"enemies":"Automaton","floor":33,"turns":2},{"damage":8,"enemies":"3 Shapes","floor":35,"turns":4},{"damage":17,"enemies":"Orb Walker","floor":36,"turns":3},{"damage":9,"enemies":"Maw","floor":37,"turns":4},{"damage":17,"enemies":"Jaw Worm Horde","floor":38,"turns":3},{"damage":1,"enemies":"Sphere and 2 Shapes","floor":39,"turns":2},{"damage":4,"enemies":"Reptomancer","floor":41,"turns":2},{"damage":20,"enemies":"Orin","floor":46,"turns":5},{"damage":10,"enemies":"Writhing Mass","floor":47,"turns":2},{"damage":1,"enemies":"Transient","floor":48,"turns":5},{"damage":35,"enemies":"Time Eater","floor":50,"turns":4},{"damage":22,"enemies":"Shield and Spear","floor":54,"turns":4},{"damage":61,"enemies":"The Heart","floor":55,"turns":4}],"seed_played":"-6424089910330948913","potions_obtained":[{"floor":3,"key":"ColorlessPotion"},{"floor":6,"key":"Fruit Juice"},{"floor":8,"key":"potionbrewer:ToxicPotion"},{"floor":11,"key":"potionbrewer:FreezingPotion"},{"floor":13,"key":"SpeedPotion"},{"floor":14,"key":"Elixir"},{"floor":19,"key":"BloodPotion"},{"floor":19,"key":"Ancient Potion"},{"floor":31,"key":"Guardian:BlockOnCardUsePotion"},{"floor":47,"key":"jedi:StrikingPotion"},{"floor":48,"key":"Milkshake"}],"is_trial":false,"path_per_floor":["M","?","M","?","?","E","M","M","T","M","E","?","E","M","R","B",null,"M","?","$","M","AVR","E","R","M","T","E","M","R","E","M","R","B",null,"M","M","M","M","M","R","E","AVR","T","R","$","?","M","M","R","B",null,"R","$","E","B",null],"character_chosen":"IRONCLAD","items_purchased":["Brimstone","Pondfish Scales","Bottled Flame","Replay:Baseball","Toolbox"],"campfire_rested":0,"item_purchase_floors":[20,45,45,53,53],"current_hp_per_floor":[81,70,66,44,44,55,61,57,57,63,69,69,80,83,98,20,98,98,98,98,93,93,98,98,98,98,64,79,79,89,98,98,88,98,97,86,93,89,98,98,98,98,98,98,98,88,93,98,98,73,98,98,98,82,28],"gold":169,"neow_bonus":"TEN_PERCENT_HP_BONUS","is_daily":false,"chose_seed":false,"campfire_upgraded":6,"win_rate":0.0,"timestamp":1612580433,"path_taken":["M","?","M","?","?","E","M","M","T","M","E","?","E","M","R","BOSS","M","?","$","M","AVR","E","R","M","T","E","M","R","E","M","R","BOSS","M","M","M","M","?","R","E","AVR","T","R","$","?","M","M","R","BOSS","R","$","E","BOSS"],"items_purchased_type":["Relic","Relic","Relic","Relic","Relic"],"build_version":"2020-12-22","purchased_purges":0,"victory":true,"max_hp_per_floor":[88,88,88,88,88,93,93,93,93,93,93,93,98,98,98,98,98,98,98,98,98,98,98,98,98,98,98,98,98,98,98,98,98,98,98,98,98,98,98,98,98,98,98,98,98,98,98,98,98,98,98,98,98,98,98],"relic_stats":{"counters":[31,85],"Whetstone":["Searing Blow","Strike_R"],"obtain_stats":[{"SnailShell":27,"reliquary:BoilingFlask":6,"DemoMod:GlassGuonStoneRelic":6,"Dota2Spire:ShadowBlade":11,"Whetstone":43,"Burning Blood":0,"Pet Ghost":54,"SpikesRelics:ToyHorsey":30,"trackpad:DemonHeart":17,"trackpad:RapidFire":23,"beaked:SacredDeck":34,"Toolbox":53,"Dota2Spire:HandOfMidas":26,"Bromod:ArcaneGrace":22,"hubris:Towel":12,"Pondfish Scales":45,"Bottled Flame":45,"Replay:Baseball":53,"reliquary:PorcupineQuills":41,"Brimstone":20,"betterThird:SlimedRelic":2,"Durian":13,"hubris:ToyBattleship":22,"reliquary:Knoch":42,"CatCart":46},{"SnailShell":15,"reliquary:BoilingFlask":3,"DemoMod:GlassGuonStoneRelic":3,"Dota2Spire:ShadowBlade":7,"Whetstone":25,"Burning Blood":0,"Pet Ghost":30,"SpikesRelics:ToyHorsey":17,"trackpad:DemonHeart":10,"trackpad:RapidFire":13,"beaked:SacredDeck":19,"Toolbox":29,"Dota2Spire:HandOfMidas":14,"Bromod:ArcaneGrace":12,"hubris:Towel":7,"Pondfish Scales":25,"Bottled Flame":25,"Replay:Baseball":29,"reliquary:PorcupineQuills":25,"Brimstone":11,"betterThird:SlimedRelic":1,"Durian":8,"hubris:ToyBattleship":12,"reliquary:Knoch":25,"CatCart":26},{"SnailShell":34,"reliquary:BoilingFlask":9,"DemoMod:GlassGuonStoneRelic":9,"Dota2Spire:ShadowBlade":19,"Whetstone":61,"Burning Blood":0,"Pet Ghost":81,"SpikesRelics:ToyHorsey":38,"trackpad:DemonHeart":25,"trackpad:RapidFire":31,"beaked:SacredDeck":43,"Toolbox":77,"Dota2Spire:HandOfMidas":33,"Bromod:ArcaneGrace":30,"hubris:Towel":19,"Pondfish Scales":61,"Bottled Flame":61,"Replay:Baseball":77,"reliquary:PorcupineQuills":61,"Brimstone":27,"betterThird:SlimedRelic":3,"Durian":20,"hubris:ToyBattleship":30,"reliquary:Knoch":61,"CatCart":66}],"Burning Blood":156},"card_choices":[{"not_picked":["Sever Soul","Body Slam"],"picked":"Searing Blow","floor":1},{"not_picked":["Uppercut","Iron Wave"],"picked":"Run Through","floor":3},{"not_picked":["ReplayTheSpireMod:Black Plague","infinitespire:Collect"],"picked":"hubris:InfiniteBlow+14","floor":4},{"not_picked":["Pommel Strike","Headbutt"],"picked":"Evolve","floor":6},{"not_picked":["Armaments","Hemogenesis"],"picked":"Replay:Undeath\u0027s Touch","floor":7},{"not_picked":["Flex","Perfected Strike"],"picked":"Armaments","floor":8},{"not_picked":["Searing Blow","jedi:hate"],"picked":"Cleave","floor":10},{"not_picked":["Seeing Red","Thunderclap"],"picked":"Heavy Blade","floor":11},{"not_picked":["Headbutt","Flex"],"picked":"jedi:unlimitedpower","floor":13},{"not_picked":["Wild Strike","Body Slam","Pommel Strike"],"picked":"SKIP","floor":14},{"not_picked":["Juggernaut","jedi:unlimitedpower"],"picked":"Brutality","floor":16},{"not_picked":["ReplayTheSpireMod:Strike From Hell+1","Dropkick"],"picked":"Iron Wave","floor":18},{"not_picked":["Flame Barrier","jedi:MakeshiftSword"],"picked":"Headbutt","floor":21},{"not_picked":["Cleave+1","Metallicize+1"],"picked":"Clash","floor":23},{"not_picked":["Reckless Charge+1","Abandon","Pummel"],"picked":"SKIP","floor":25},{"not_picked":["Reckless Charge+1","Abandon"],"picked":"Pummel","floor":25},{"not_picked":["Impervious","DemoMod:BlackBlade+1"],"picked":"Twin Strike","floor":27},{"not_picked":["Headbutt","Clothesline","Armaments"],"picked":"SKIP","floor":28},{"not_picked":["Thunderclap+1","Iron Wave"],"picked":"Inflame","floor":30},{"not_picked":["Metallicize","Feel No Pain+1"],"picked":"ReplayTheSpireMod:Muscle Training","floor":31},{"not_picked":["Metallicize+1","True Grit"],"picked":"Clash+1","floor":35},{"not_picked":["Entrench","Body Slam+1"],"picked":"Thunderclap+1","floor":36},{"not_picked":["Iron Wave+1","jedi:fear+1"],"picked":"jedi:collectorstrike+1","floor":37},{"not_picked":["Juggernaut","Pommel Strike+1"],"picked":"Flex+1","floor":38},{"not_picked":["Power Through","Run Through"],"picked":"jedi:collectorstrike+1","floor":39},{"not_picked":["Offering","Iron Wave"],"picked":"jedi:collectorstrike+1","floor":41},{"not_picked":["Pommel Strike","Body Slam+1"],"picked":"jedi:collectorstrike+1","floor":46},{"not_picked":["Flame Barrier+1","Flex+1"],"picked":"jedi:collectorstrike+1","floor":47},{"not_picked":["Battle Trance+1","Replay:Undeath\u0027s Touch+1"],"picked":"jedi:collectorstrike+1","floor":48},{"not_picked":["Perfected Strike+1","Massacre+1"],"picked":"jedi:collectorstrike+1","floor":54}],"player_experience":195225,"relics_obtained":[{"floor":6,"key":"reliquary:BoilingFlask"},{"floor":11,"key":"Dota2Spire:ShadowBlade"},{"floor":13,"key":"Durian"},{"floor":23,"key":"trackpad:RapidFire"},{"floor":26,"key":"Dota2Spire:HandOfMidas"},{"floor":27,"key":"SnailShell"},{"floor":30,"key":"SpikesRelics:ToyHorsey"},{"floor":41,"key":"reliquary:PorcupineQuills"},{"floor":43,"key":"Whetstone"},{"floor":46,"key":"CatCart"},{"floor":54,"key":"Pet Ghost"}],"event_choices":[{"damage_healed":0,"gold_gain":0,"player_choice":"Slimed","damage_taken":11,"max_hp_gain":0,"max_hp_loss":0,"event_name":"betterThird:BetterGoop","floor":2,"gold_loss":27},{"damage_healed":0,"gold_gain":0,"player_choice":"Got Potions","damage_taken":0,"max_hp_gain":0,"max_hp_loss":0,"event_name":"Lab","floor":19,"gold_loss":0},{"damage_healed":0,"gold_gain":0,"player_choice":"Fight","damage_taken":0,"max_hp_gain":0,"max_hp_loss":0,"event_name":"OrinTheCat","floor":46,"gold_loss":0}],"is_beta":false,"boss_relics":[{"not_picked":["hubris:HollowSoul","beaked:MawFillet"],"picked":"trackpad:DemonHeart"},{"not_picked":["Runic Dome","hubris:BlackHole"],"picked":"beaked:SacredDeck"}],"items_purged_floors":[],"is_endless":false,"potions_floor_spawned":[3,6,8,11,13,14,23,28,31,33,37,39,41,46,47,48],"ascension_level":1}}