{"host":"i2ntsfwoh5q5m216","time":1612581936,"event":{"mods":["BaseMod","Colored Map","Downfall","Minty Spire (QoL Compilation)","StSLib"],"gold_per_floor":[149,162,180,480,480,495,495,529,529,546,36,36,70,15,26,127,127,127,138,150,150,168,168,168,68,81,97,109,119,219,219,231,329,329,229,242,262,311,361,381,405,420,437,437,454,464,464,494,513,513],"floor_reached":51,"language":"ENG","playtime":2350,"items_purged":["downfall:Icky"],"score":872,"play_id":"53846b81-e5a1-4295-bff2-f1c3f794cb12","local_time":"20210205212536","is_ascension_mode":false,"campfire_choices":[{"data":"bronze:Constructor","floor":1,"key":"SMITH"},{"floor":18,"key":"RECALL"},{"floor":25,"key":"REST"},{"floor":35,"key":"REST"},{"data":"1","floor":44,"key":"LIFT"},{"floor":47,"key":"REST"}],"circlet_count":0,"master_deck":["bronze:Strike","bronze:Strike","bronze:Strike","bronze:Strike","bronze:Defend","bronze:Defend","bronze:Defend","bronze:Defend","bronze:Replicate+1","bronze:Goto","bronze:Constructor+1","bronze:Iterate","bronze:Repair","bronze:FineTuning","bronze:Boost","bronze:OilSpill","bronze:BugBarrage","bronze:Constructor+1","bronze:MaxOutput+1","bronze:WildBeam","Flash of Steel","bronze:RecursiveStrike","bronze:ItsAFeature","bronze:Format","bronze:GetLatest","bronze:OilSpill","bronze:BronzeOrb+1","bronze:Separator+1","bronze:Mutator","bronze:BugBarrage","bronze:Verify","bronze:ClassDefault+1","bronze:ItsAFeature+1","bronze:Frontload+1","bronze:Separator","bronze:Repulsor+1","Parasite","bronze:Shell","bronze:Frontload+1","bronze:Shield+1"],"relics":["Tiny House","downfall:ShatteredFragment","HornCleat","Centennial Puzzle","Fusion Hammer","MutagenicStrength","Gremlin Horn","downfall:HeartBlessingRed","Sozu","downfall:HeartBlessingBlue","Girya","TungstenRod","Bronze Scales","Nunchaku"],"acts_visited":["Exordium","TheCity","TheBeyond"],"potions_floor_usage":[11,13,16,33,39],"damage_taken":[{"damage":8,"enemies":"Jaw Worm","floor":2,"turns":5},{"damage":7,"enemies":"2 Louse","floor":3,"turns":2},{"damage":0,"enemies":"Small Slimes","floor":6,"turns":3},{"damage":34,"enemies":"Gremlin Nob","floor":8,"turns":5},{"damage":0,"enemies":"Blue Slaver","floor":10,"turns":3},{"damage":0,"enemies":"downfall:FleeingMerchant","floor":11,"turns":4},{"damage":0,"enemies":"3 Sentries","floor":13,"turns":6},{"damage":0,"enemies":"downfall:FleeingMerchant","floor":14,"turns":4},{"damage":0,"enemies":"3 Louse","floor":15,"turns":4},{"damage":8,"enemies":"IC_STATUS_ARCHETYPE","floor":16,"turns":6},{"damage":5,"enemies":"Chosen","floor":19,"turns":4},{"damage":35,"enemies":"Snake Plant","floor":20,"turns":5},{"damage":0,"enemies":"Snecko","floor":22,"turns":4},{"damage":0,"enemies":"3 Cultists","floor":26,"turns":3},{"damage":0,"enemies":"Snake Plant","floor":27,"turns":3},{"damage":0,"enemies":"Chosen and Byrds","floor":28,"turns":3},{"damage":0,"enemies":"Cultist and Chosen","floor":29,"turns":4},{"damage":0,"enemies":"Snecko","floor":32,"turns":4},{"damage":15,"enemies":"WA_ARCHETYPE_CALM","floor":33,"turns":7},{"damage":0,"enemies":"3 Darklings","floor":36,"turns":3},{"damage":0,"enemies":"3 Shapes","floor":37,"turns":2},{"damage":11,"enemies":"2 Orb Walkers","floor":38,"turns":4},{"damage":0,"enemies":"2 Orb Walkers","floor":39,"turns":5},{"damage":10,"enemies":"Maw","floor":40,"turns":5},{"damage":10,"enemies":"Spire Growth","floor":42,"turns":4},{"damage":13,"enemies":"Writhing Mass","floor":43,"turns":6},{"damage":8,"enemies":"Sphere and 2 Shapes","floor":45,"turns":4},{"damage":30,"enemies":"Spire Growth","floor":46,"turns":4},{"damage":11,"enemies":"Reptomancer","floor":48,"turns":6},{"damage":9,"enemies":"4 Shapes","floor":49,"turns":3},{"damage":5,"enemies":"SI_POISON_ARCHETYPE","floor":50,"turns":13}],"seed_played":"-3334086742289547252","potions_obtained":[{"floor":0,"key":"AttackPotion"},{"floor":2,"key":"SneckoOil"},{"floor":6,"key":"SpeedPotion"},{"floor":15,"key":"FairyPotion"},{"floor":19,"key":"sneckomod:MuddlingPotion"},{"floor":26,"key":"DuplicationPotion"},{"floor":32,"key":"CultistPotion"}],"is_trial":false,"path_per_floor":["R","M","M","?","?","M","T","E","?","M","$","?","E","$","M","B",null,"R","M","M","?","M","?","T","R","M","M","M","M","?","?","M","B",null,"R","M","M","?","?","M","T","M","M","R","M","M","R","E","M","B",null],"character_chosen":"THE_AUTOMATON","items_purchased":["bronze:Constructor","bronze:MaxOutput","bronze:WildBeam","Flash of Steel","Fruit Juice","Dexterity Potion","bronze:ItsAFeature"],"campfire_rested":3,"item_purchase_floors":[11,11,11,11,11,11,14],"current_hp_per_floor":[75,67,60,60,39,46,46,19,19,26,38,38,45,52,59,58,80,80,75,47,47,54,46,46,70,70,70,77,77,77,77,77,65,80,90,90,90,79,86,76,76,66,60,60,59,29,56,45,43,45],"gold":513,"neow_bonus":"BOSS_RELIC","is_daily":false,"chose_seed":false,"campfire_upgraded":1,"win_rate":0.0,"timestamp":1612581936,"path_taken":["R","M","M","?","?","M","T","E","?","M","?","?","E","$","M","BOSS","R","M","M","?","M","?","T","R","M","?","M","M","?","?","M","BOSS","R","M","M","?","?","?","T","M","?","R","M","?","R","E","M","BOSS"],"items_purchased_type":["Card","Card","Card","Card","Potion","Potion","Card"],"build_version":"2020-12-22","purchased_purges":1,"victory":true,"max_hp_per_floor":[75,75,75,75,75,75,75,75,75,75,80,80,80,80,80,80,80,80,80,80,80,80,80,80,80,80,80,80,80,80,80,80,80,80,90,90,90,90,90,90,90,90,90,90,90,90,90,90,90,90],"card_choices":[{"not_picked":["bronze:NullPointer","bronze:Frontload"],"picked":"bronze:Constructor","floor":0},{"not_picked":["bronze:FineTuning","bronze:Branch"],"picked":"bronze:Iterate","floor":2},{"not_picked":["bronze:BronzeArmor","bronze:BronzeOrb"],"picked":"bronze:Repair","floor":3},{"not_picked":["bronze:DelayedGuard","bronze:NullPointer"],"picked":"bronze:FineTuning","floor":6},{"not_picked":["bronze:MaxOutput","bronze:DelayedGuard"],"picked":"bronze:Boost","floor":8},{"not_picked":["bronze:ChildClass","bronze:ShipIt"],"picked":"bronze:OilSpill","floor":10},{"not_picked":["bronze:NullPointer","bronze:Repair"],"picked":"bronze:BugBarrage","floor":11},{"not_picked":["bronze:FollowUp","bronze:ForLoop"],"picked":"bronze:RecursiveStrike","floor":13},{"not_picked":["bronze:DelayedSlice","bronze:CutThrough","bronze:FineTuning"],"picked":"SKIP","floor":14},{"not_picked":["bronze:FollowUp","bronze:Turbo","bronze:Repair"],"picked":"SKIP","floor":15},{"not_picked":["bronze:Break","bronze:ShipIt"],"picked":"bronze:Format","floor":16},{"not_picked":["bronze:FineTuning+1","bronze:Return+1","bronze:Philosophize"],"picked":"SKIP","floor":19},{"not_picked":["bronze:Return","bronze:ForceShield"],"picked":"bronze:GetLatest","floor":20},{"not_picked":["bronze:BuggyMess","bronze:Invalidate+1"],"picked":"bronze:OilSpill","floor":22},{"not_picked":["bronze:ItsAFeature","bronze:Constructor"],"picked":"bronze:BronzeOrb+1","floor":26},{"not_picked":["bronze:DelayedSlice+1","bronze:WildBeam"],"picked":"bronze:Separator+1","floor":27},{"not_picked":["bronze:Invalidate+1","bronze:BuggyMess+1","bronze:NullPointer"],"picked":"SKIP","floor":28},{"not_picked":["bronze:Constructor","bronze:OilSpill"],"picked":"bronze:Mutator","floor":29},{"not_picked":["bronze:Deprecate","bronze:Iterate"],"picked":"bronze:BugBarrage","floor":32},{"not_picked":["bronze:CleanCode","bronze:HardenedForm"],"picked":"bronze:Verify","floor":33},{"not_picked":["bronze:Backtrace","bronze:Overheat+1","bronze:BuggyMess+1"],"picked":"SKIP","floor":36},{"not_picked":["bronze:Overheat+1","bronze:OilSpill"],"picked":"bronze:ClassDefault+1","floor":37},{"not_picked":["bronze:FineTuning","bronze:Safeguard+1"],"picked":"bronze:ItsAFeature+1","floor":38},{"not_picked":["bronze:Philosophize+1","bronze:FineTuning+1"],"picked":"bronze:Frontload+1","floor":39},{"not_picked":["bronze:Deprecate","bronze:ClassDefault"],"picked":"bronze:Separator","floor":40},{"not_picked":["bronze:BitShift+1","bronze:BugBarrage"],"picked":"bronze:Repulsor+1","floor":42},{"not_picked":["bronze:CutThrough+1","bronze:Frontload","bronze:Overheat+1"],"picked":"SKIP","floor":43},{"not_picked":["bronze:NullPointer","bronze:BitShift"],"picked":"bronze:Shell","floor":45},{"not_picked":["bronze:WhirlingStrike+1","bronze:BuggyMess","bronze:Boost"],"picked":"SKIP","floor":46},{"not_picked":["bronze:ItsAFeature+1","bronze:Philosophize"],"picked":"bronze:Frontload+1","floor":48},{"not_picked":["bronze:Repair","bronze:RecursiveStrike"],"picked":"bronze:Shield+1","floor":49}],"player_experience":20349,"relics_obtained":[{"floor":8,"key":"HornCleat"},{"floor":13,"key":"Centennial Puzzle"},{"floor":24,"key":"Gremlin Horn"},{"floor":38,"key":"Girya"},{"floor":39,"key":"TungstenRod"},{"floor":41,"key":"Bronze Scales"},{"floor":48,"key":"Nunchaku"}],"event_choices":[{"damage_healed":0,"gold_gain":0,"player_choice":"Grow","damage_taken":0,"max_hp_gain":0,"max_hp_loss":0,"event_name":"Living Wall","floor":12,"gold_loss":0,"cards_upgraded":["bronze:Constructor"]},{"damage_healed":0,"gold_gain":0,"player_choice":"Inject Mutagens","damage_taken":0,"relics_obtained":["MutagenicStrength"],"max_hp_gain":0,"max_hp_loss":0,"event_name":"Drug Dealer","floor":21,"gold_loss":0},{"damage_healed":0,"gold_gain":0,"player_choice":"Fight","damage_taken":0,"max_hp_gain":0,"max_hp_loss":0,"event_name":"Mysterious Sphere","floor":38,"gold_loss":0}],"is_beta":false,"boss_relics":[{"not_picked":["Runic Pyramid","Runic Dome"],"picked":"Fusion Hammer"},{"not_picked":["Snecko Eye","Astrolabe"],"picked":"Sozu"}],"items_purged_floors":[11],"is_endless":false,"potions_floor_spawned":[2,6,15,19,26,29,32,37,38,39,42,46,49],"ascension_level":0}}