{"host":"2haferq23ht5nrlk","time":1612618486,"event":{"mods":["ATMod(°¢èªMod)","Arknights","BaseMod","BetterRewards","Colored Powertips","Conspire","Dota2Spire","KomeijiMod","Lobotomy","Minty Spire (QoL Compilation)","Quick Restart","Relic Filter Mod","Relic Stats","Reliquary","Replay The Spire","Spicy Shops","StSLib","UnlockEverythingMod","¡¾ÒÅÎï¿¨ÅÆ¡¿REMEMod"],"gold_per_floor":[115,36,120,132,148,148,173,184,209,227,227,206,235,251,251,349,349,362,401,106,106,106],"floor_reached":21,"language":"ZHS","playtime":1834,"items_purged":[],"score":214,"play_id":"9bf77e22-d50e-4a58-a095-56b0d2edab89","local_time":"20210206213446","is_ascension_mode":false,"campfire_choices":[{"data":"AT_KingSlayer","floor":6,"key":"SMITH"},{"data":"ats:Sword Rain","floor":11,"key":"SMITH"}],"circlet_count":0,"master_deck":["ats:Strike C","ats:Strike G","ats:Strike S+1","ats:Strike V","ats:Armor Crushing Shot","ats:Defend","ats:Defend","ats:Defend","ats:Defend+1","ats:Emotion Absorption","AT_KingSlayer+1","Feed+1","BigBird","ats:Sword Rain+1","ats:Sashimi Platter","ats:Powerful Strike","ats:Leaping Hammer","MeatLantern","ats:Rat Pack","SpiderBud","ats:Cat Scratch","VoidDream","ats:Closed Bolt Burst Fire","Bloodbath","ats:Calcification","DreamingCurrent","ats:Consecutive Shot Auto","ShyLook","ats:Shell Defense","CherryBlossoms","ats:Explosion Area Strengthen","PunishingBird","ats:Disruption Kick","OSAHOGD","ats:Chain Hook","Murderer","ats:Mental Burst","ats:Durian"],"relics":["ats:Sanity","AT_ATBox","REME_ComplimentaryCards","CogitoBucket","PreservedInsect","ats:Originium","ReplayFunnel","ats:Berate","ChangeAnything","ReplayTheSpireMod:Lightbulb","Sozu","Simple Rune","AT_SunfireAegis"],"acts_visited":["Exordium","TheCity"],"potions_floor_usage":[16,16,16],"damage_taken":[{"damage":7,"enemies":"Small Slimes","floor":1,"turns":3},{"damage":8,"enemies":"Jaw Worm","floor":4,"turns":3},{"damage":52,"enemies":"2 Louse","floor":5,"turns":3},{"damage":7,"enemies":"3 Sentries","floor":7,"turns":5},{"damage":2,"enemies":"Blue Slaver","floor":8,"turns":2},{"damage":7,"enemies":"3 Louse","floor":10,"turns":4},{"damage":17,"enemies":"Gremlin Nob","floor":13,"turns":3},{"damage":42,"enemies":"Gremlin Gang","floor":14,"turns":5},{"damage":75,"enemies":"The Guardian","floor":16,"turns":12},{"damage":45,"enemies":"3 Byrds","floor":18,"turns":7},{"damage":67,"enemies":"conspire:MimicChest","floor":19,"turns":8},{"damage":95,"enemies":"Shell Parasite","floor":21,"turns":2}],"seed_played":"5480243553114169242","potions_obtained":[{"floor":1,"key":"Strength Potion"},{"floor":5,"key":"SteroidPotion"},{"floor":13,"key":"BlessingOfTheForge"},{"floor":14,"key":"Energy Potion"}],"is_trial":false,"path_per_floor":["M","$","?","M","M","R","E","M","T","M","R","?","E","M","R","B",null,"M","?","$","M"],"character_chosen":"DOCTOR_CLASS","items_purchased":["ats:Sashimi Platter","AT_SunfireAegis","ats:Durian"],"campfire_rested":0,"item_purchase_floors":[2,20,20],"current_hp_per_floor":[68,68,68,66,23,23,22,26,26,27,27,27,26,12,36,49,81,46,26,26,0,0],"gold":106,"neow_bonus":"","is_daily":false,"chose_seed":false,"campfire_upgraded":2,"win_rate":0.0,"timestamp":1612618486,"path_taken":["M","$","?","M","M","R","E","M","T","M","R","?","E","M","R","BOSS","M","?","$","M"],"items_purchased_type":["Card","Relic","Card"],"build_version":"2020-12-22","purchased_purges":0,"victory":false,"max_hp_per_floor":[75,75,75,75,78,78,78,78,78,78,78,78,78,81,81,81,81,81,81,81,81,81],"relic_stats":{"Sozu":0,"counters":[14,59],"PreservedInsect":52,"obtain_stats":[{"ReplayFunnel":7,"AT_ATBox":0,"PreservedInsect":3,"Sozu":17,"CogitoBucket":0,"ats:Originium":7,"ats:Berate":9,"Simple Rune":19,"ats:Sanity":0,"ChangeAnything":10,"AT_SunfireAegis":20,"ReplayTheSpireMod:Lightbulb":13,"REME_ComplimentaryCards":0},{"ReplayFunnel":4,"AT_ATBox":0,"PreservedInsect":1,"Sozu":10,"CogitoBucket":0,"ats:Originium":4,"ats:Berate":5,"Simple Rune":12,"ats:Sanity":0,"ChangeAnything":7,"AT_SunfireAegis":12,"ReplayTheSpireMod:Lightbulb":8,"REME_ComplimentaryCards":0},{"ReplayFunnel":14,"AT_ATBox":0,"PreservedInsect":3,"Sozu":41,"CogitoBucket":0,"ats:Originium":14,"ats:Berate":16,"Simple Rune":56,"ats:Sanity":0,"ChangeAnything":21,"AT_SunfireAegis":56,"ReplayTheSpireMod:Lightbulb":24,"REME_ComplimentaryCards":0}]},"card_choices":[{"not_picked":["ShyLook","Scarecrow"],"picked":"BigBird","floor":1},{"not_picked":["ats:Rapid Magazine","ats:Defend Order"],"picked":"ats:Sword Rain","floor":1},{"not_picked":["ats:Magnetic Hammer","ats:Curse Doll"],"picked":"ats:Powerful Strike","floor":3},{"not_picked":["ats:Guardian Obelisk","ats:Rapid Magazine"],"picked":"ats:Leaping Hammer","floor":3},{"not_picked":["OldLady","BlackSwan"],"picked":"MeatLantern","floor":4},{"not_picked":["ats:Explosion Area Strengthen","ats:Charging Defense"],"picked":"ats:Rat Pack","floor":4},{"not_picked":["SnowQueen","Wellcheers"],"picked":"SpiderBud","floor":5},{"not_picked":["ats:Thermite Blade","ats:Absolute Focus"],"picked":"ats:Cat Scratch","floor":5},{"not_picked":["Mercenary","Murderer"],"picked":"VoidDream","floor":7},{"not_picked":["ats:Flexible Camouflage","ats:Explosion Area Strengthen"],"picked":"ats:Closed Bolt Burst Fire","floor":7},{"not_picked":["UniverseFragment","BlackSwan"],"picked":"Bloodbath","floor":8},{"not_picked":["ats:Poison Spread","ats:Powerful Strike"],"picked":"ats:Calcification","floor":8},{"not_picked":["PunishingBird","WallGazer"],"picked":"DreamingCurrent","floor":10},{"not_picked":["ats:Cat Scratch","ats:Revitalization"],"picked":"ats:Consecutive Shot Auto","floor":10},{"not_picked":["OldLady","Scorched"],"picked":"ShyLook","floor":13},{"not_picked":["ats:Hammer On","ats:Part Time Job"],"picked":"ats:Shell Defense","floor":13},{"not_picked":["GreedKing","BigBadWolf"],"picked":"CherryBlossoms","floor":14},{"not_picked":["ats:Soul Absorption","ats:Consecutive Shot Auto"],"picked":"ats:Explosion Area Strengthen","floor":14},{"not_picked":["FieryBird","Wellcheers"],"picked":"PunishingBird","floor":16},{"not_picked":["ats:Ambush","ats:Rat Pack"],"picked":"ats:Disruption Kick","floor":16},{"not_picked":["LittleHelper","Wellcheers"],"picked":"OSAHOGD","floor":18},{"not_picked":["ats:Cat Scratch","ats:Thorns"],"picked":"ats:Chain Hook","floor":18},{"not_picked":["GreedKing","WallGazer"],"picked":"Murderer","floor":19},{"not_picked":["ats:Collapsing Strike+1","ats:Spore Proliferation"],"picked":"ats:Mental Burst","floor":19}],"player_experience":23115,"relics_obtained":[{"floor":3,"key":"PreservedInsect"},{"floor":7,"key":"ats:Originium"},{"floor":7,"key":"ReplayFunnel"},{"floor":9,"key":"ats:Berate"},{"floor":13,"key":"ats:Originium"},{"floor":13,"key":"ReplayTheSpireMod:Lightbulb"},{"floor":19,"key":"Simple Rune"}],"event_choices":[{"damage_healed":0,"gold_gain":0,"player_choice":"Left Gold","damage_taken":0,"max_hp_gain":0,"max_hp_loss":0,"event_name":"World of Goop","floor":12,"gold_loss":21}],"is_beta":false,"boss_relics":[{"not_picked":["ChewingGum","reliquary:WritOfMandamus"],"picked":"Sozu"}],"items_purged_floors":[],"is_endless":false,"potions_floor_spawned":[1,5,13,14],"killed_by":"Shell Parasite","ascension_level":0}}