{"host":"gaqyve1328ta0etl","time":1612577199,"event":{"mods":["BaseMod","Colored Map","Colored Powertips","Duelist Mod","Googly Eyes","Hero for Fun","Minty Spire (QoL Compilation)","Shop Mod","StSLib","SuperFastMode","The Hierophant","The Runesmith"],"gold_per_floor":[13,23,23,43,55,55,73,73,99,114,21,21,34,49,49,148,148,167,185,110,110,110],"floor_reached":21,"language":"ENG","playtime":582,"items_purged":["Strike_R"],"score":280,"play_id":"b2ca308f-dba1-49a9-a8f7-855192ac99ab","local_time":"20210205180639","is_ascension_mode":true,"campfire_choices":[{"data":"Armaments","floor":6,"key":"SMITH"},{"data":"Searing Blow","floor":8,"key":"SMITH"},{"data":"Searing Blow+1","floor":15,"key":"SMITH"}],"circlet_count":0,"master_deck":["AscendersBane","Strike_R","Strike_R","Defend_R","Defend_R","Defend_R","Defend_R","Armaments+1","Headbutt","Searing Blow+2","Shrug It Off","Trip","Berserk","Second Wind","Barricade","Armaments"],"relics":["Burning Blood","Runesmith:AutoHammer","Sozu"],"acts_visited":["Exordium","TheCity"],"potions_floor_usage":[7,10,16,16,21],"damage_taken":[{"damage":6,"enemies":"Cultist","floor":1,"turns":4},{"damage":7,"enemies":"Jaw Worm","floor":2,"turns":4},{"damage":4,"enemies":"Small Slimes","floor":4,"turns":5},{"damage":5,"enemies":"Exordium Wildlife","floor":5,"turns":5},{"damage":7,"enemies":"Large Slime","floor":7,"turns":6},{"damage":1,"enemies":"2 Fungi Beasts","floor":10,"turns":3},{"damage":0,"enemies":"Gremlin Gang","floor":13,"turns":5},{"damage":0,"enemies":"Looter","floor":14,"turns":3},{"damage":44,"enemies":"The Guardian","floor":16,"turns":9},{"damage":18,"enemies":"Chosen","floor":18,"turns":5},{"damage":23,"enemies":"Spheric Guardian","floor":19,"turns":6},{"damage":55,"enemies":"3 Cultists","floor":21,"turns":4}],"seed_played":"262997757285098778","potions_obtained":[{"floor":2,"key":"Regen Potion"},{"floor":4,"key":"SkillPotion"},{"floor":7,"key":"Block Potion"},{"floor":14,"key":"LiquidBronze"},{"floor":16,"key":"EssenceOfSteel"}],"is_trial":false,"path_per_floor":["M","M","$","M","M","R","M","R","T","M","$","?","M","M","R","B",null,"M","M","$","M"],"character_chosen":"IRONCLAD","items_purchased":["Trip"],"campfire_rested":0,"item_purchase_floors":[11],"current_hp_per_floor":[72,71,71,73,74,74,73,73,73,78,78,78,80,80,80,57,74,62,45,45,0,0],"gold":110,"neow_bonus":"REMOVE_TWO","is_daily":false,"chose_seed":false,"campfire_upgraded":3,"win_rate":0.0,"timestamp":1612577199,"path_taken":["M","M","?","M","M","R","M","R","T","M","$","?","M","?","R","BOSS","M","M","$","M"],"items_purchased_type":["Card"],"build_version":"2020-12-22","purchased_purges":1,"victory":false,"max_hp_per_floor":[80,80,80,80,80,80,80,80,80,80,80,80,80,80,80,80,80,80,80,80,80,80],"card_choices":[{"not_picked":["Heavy Blade","Infernal Blade"],"picked":"Armaments","floor":1},{"not_picked":["Dual Wield","Armaments"],"picked":"Headbutt","floor":2},{"not_picked":["Shrug It Off","Second Wind"],"picked":"Searing Blow","floor":4},{"not_picked":["Thunderclap","Sword Boomerang","Rage"],"picked":"SKIP","floor":5},{"not_picked":["Thunderclap","Cleave"],"picked":"Shrug It Off","floor":7},{"not_picked":["Sword Boomerang","Havoc","Searing Blow"],"picked":"SKIP","floor":10},{"not_picked":["Twin Strike","Anger"],"picked":"Second Wind","floor":13},{"not_picked":["Cleave","Clash","Twin Strike"],"picked":"SKIP","floor":14},{"not_picked":["Bludgeon","Corruption"],"picked":"Barricade","floor":16},{"not_picked":["Twin Strike","Rage","Flame Barrier"],"picked":"SKIP","floor":18},{"not_picked":["Whirlwind","Bloodletting"],"picked":"Armaments","floor":19}],"player_experience":2082870,"relics_obtained":[{"floor":9,"key":"Runesmith:AutoHammer"}],"event_choices":[{"damage_healed":0,"gold_gain":0,"cards_transformed":["Strike_R"],"player_choice":"Transformed","damage_taken":0,"max_hp_gain":0,"max_hp_loss":0,"event_name":"Transmorgrifier","floor":12,"gold_loss":0,"cards_obtained":["Berserk"]}],"is_beta":false,"boss_relics":[{"not_picked":["Philosopher\u0027s Stone","Coffee Dripper"],"picked":"Sozu"}],"items_purged_floors":[20],"is_endless":false,"potions_floor_spawned":[2,4,7,14,16],"killed_by":"3 Cultists","ascension_level":12}}