{"host":"3498uni0c31c9bdm","time":1612636766,"event":{"mods":["BaseMod","Better Match","Better Note","Better Sensory Stone","Better Skull","Better Third Choice","Colored Map","Minty Spire (QoL Compilation)","Quick Restart","RNG Fix","Random Character Button","Replay The Spire","Shop Mod","Smile Girya","StSLib","Unceasing Turn Reminder"],"gold_per_floor":[111,89,109,129,143,169,179,179,179],"floor_reached":8,"language":"ENG","playtime":290,"items_purged":[],"score":90,"play_id":"6d50286f-90e0-431a-abbc-ed1cde38e103","local_time":"20210207053926","is_ascension_mode":true,"campfire_choices":[],"circlet_count":0,"master_deck":["AscendersBane","Strike_G","Strike_G","Strike_G","Strike_G","Strike_G","Defend_G","Defend_G","Defend_G","Defend_G","Defend_G","Survivor","Neutralize","Blade Dance","Dagger Spray","Crippling Poison","Slice","Flying Knee","Bouncing Flask"],"relics":["Ring of the Snake","NeowsBlessing","betterThird:SlimedRelic","Bag of Preparation"],"acts_visited":["Exordium"],"potions_floor_usage":[6],"damage_taken":[{"damage":0,"enemies":"Small Slimes","floor":1,"turns":1},{"damage":0,"enemies":"Jaw Worm","floor":3,"turns":1},{"damage":0,"enemies":"2 Louse","floor":4,"turns":1},{"damage":24,"enemies":"Exordium Thugs","floor":5,"turns":6},{"damage":20,"enemies":"3 Sentries","floor":6,"turns":8},{"damage":4,"enemies":"3 Louse","floor":7,"turns":3},{"damage":22,"enemies":"Gremlin Nob","floor":8,"turns":3}],"seed_played":"-819951672012027174","potions_obtained":[{"floor":4,"key":"CunningPotion"}],"is_trial":false,"path_per_floor":["M","?","M","M","M","E","M","E"],"character_chosen":"THE_SILENT","items_purchased":[],"campfire_rested":0,"item_purchase_floors":[],"current_hp_per_floor":[63,52,52,52,28,8,4,0,0],"gold":179,"neow_bonus":"THREE_ENEMY_KILL","is_daily":false,"chose_seed":false,"campfire_upgraded":0,"win_rate":0.0,"timestamp":1612636766,"path_taken":["M","?","M","M","M","E","M","E"],"items_purchased_type":[],"build_version":"2020-12-22","purchased_purges":0,"victory":false,"max_hp_per_floor":[70,70,70,70,70,70,70,70,70],"card_choices":[{"not_picked":["Deflect","Poisoned Stab"],"picked":"Blade Dance","floor":1},{"not_picked":["Quick Slash","Hidden Blade"],"picked":"Dagger Spray","floor":3},{"not_picked":["Outmaneuver","Eviscerate"],"picked":"Crippling Poison","floor":4},{"not_picked":["ReplayTheSpireMod:Tripwire","Underhanded Strike"],"picked":"Slice","floor":5},{"not_picked":["Hidden Blade","Night Terror"],"picked":"Flying Knee","floor":6},{"not_picked":["Sucker Punch","Calculated Gamble"],"picked":"Bouncing Flask","floor":7}],"player_experience":839006,"relics_obtained":[{"floor":6,"key":"Bag of Preparation"}],"event_choices":[{"damage_healed":0,"gold_gain":0,"player_choice":"Slimed","damage_taken":11,"max_hp_gain":0,"max_hp_loss":0,"event_name":"betterThird:BetterGoop","floor":2,"gold_loss":22}],"is_beta":false,"boss_relics":[],"items_purged_floors":[],"is_endless":false,"potions_floor_spawned":[4],"killed_by":"Gremlin Nob","ascension_level":10}}