{"host":"cxvb37eaaiijvrl4","time":1612646234,"event":{"mods":["ATMod(阿瑾Mod)","BaseMod","Better Third Choice","Minty Spire (QoL Compilation)","MostiFishMod","Quick Restart","Rare Cards Sparkle","Shop Mod","Spicy Shops","StSLib","TestMod","Uncapped","残留之物"],"gold_per_floor":[118,131,131,166,566,667,667,724,749,280,180,298,8,68,68,171,171,256,7,49,87,87,187,12,63,63,63,172,5,49,100,100,200,200,240,377,177,177,177,227,320,471,471,513,564,564,588,676,676,801,851,851,851,185,261,286],"floor_reached":57,"language":"ZHS","playtime":2229,"items_purged":["Dualcast","Strike_B","Strike_B","Strike_B","Strike_B","Defend_B","Coolheaded+1"],"score":3722,"play_id":"166a5768-b941-4542-92d4-00d63dd354ea","local_time":"20210206131714","is_ascension_mode":true,"campfire_choices":[{"data":"Self Repair","floor":7.0,"key":"SMITH"},{"data":"MostiFishMod:LinkProtocol","floor":15.0,"key":"SMITH"},{"data":"Recycle","floor":32.0,"key":"SMITH"},{"floor":49.0,"key":"RECALL"},{"data":"Defragment","floor":53.0,"key":"SMITH"}],"circlet_count":0,"master_deck":["AscendersBane","Defend_B+1","Defend_B+1","Ball Lightning+1","Turbo+1","Self Repair+1","Recycle+1","MostiFishMod:LinkProtocol+1","AT_StudyProgram+1","MostiFishMod:InterfaceCompatibility+1","MostiFishMod:LinkProtocol+1","testmod-BackupPower+1","Defragment+1","White Noise+1","AT_StudyProgram+1","Defragment+1"],"relics":["AT_ATBox","ArrowTower","testmod-FatalChain","JellyFishMachine","SynthV:TestCard","AT_MibuBalloonWealth","MostiFishMod:Haymaker","Gambling Chip","testmod-Nyarlathotep","OrangePellets","Art of War","testmod-Recursion","AT_SpeedBoots","Ancient Tea Set","Pear","Akabeko","Medical Kit","testmod-CasingShield","Empty Cage","Mark of the Bloom","DaveBox","DianDianMeat","Shuriken","PlaceholderMod:DeVermisMysteriis","testmod-ArcanaOfDestiny","AT_RedTearstoneRing","AT_EbonyIvory","Happy Flower","MerchantsRug","Turnip"],"acts_visited":["Exordium","TheCity","TheBeyond","TheEnding"],"potions_floor_usage":[56,56,56],"damage_taken":[{"damage":0.0,"enemies":"Cultist","floor":1.0,"turns":3.0},{"damage":4.0,"enemies":"2 Louse","floor":2.0,"turns":2.0},{"damage":7.0,"enemies":"Jaw Worm","floor":4.0,"turns":2.0},{"damage":20.0,"enemies":"3 Sentries","floor":6.0,"turns":4.0},{"damage":11.0,"enemies":"Gremlin Nob","floor":8.0,"turns":3.0},{"damage":10.0,"enemies":"Gremlin Gang","floor":12.0,"turns":3.0},{"damage":20.0,"enemies":"Lagavulin","floor":14.0,"turns":6.0},{"damage":12.0,"enemies":"Hexaghost","floor":16.0,"turns":8.0},{"damage":0.0,"enemies":"3 Byrds","floor":18.0,"turns":3.0},{"damage":0.0,"enemies":"Chosen","floor":20.0,"turns":2.0},{"damage":0.0,"enemies":"Snecko","floor":21.0,"turns":3.0},{"damage":0.0,"enemies":"Slavers","floor":23.0,"turns":3.0},{"damage":0.0,"enemies":"Book of Stabbing","floor":25.0,"turns":3.0},{"damage":34.0,"enemies":"Slavers","floor":28.0,"turns":4.0},{"damage":0.0,"enemies":"Snake Plant","floor":30.0,"turns":3.0},{"damage":14.0,"enemies":"Book of Stabbing","floor":31.0,"turns":3.0},{"damage":0.0,"enemies":"Champ","floor":33.0,"turns":3.0},{"damage":0.0,"enemies":"Orb Walker","floor":35.0,"turns":1.0},{"damage":0.0,"enemies":"3 Darklings","floor":36.0,"turns":2.0},{"damage":0.0,"enemies":"Nemesis","floor":40.0,"turns":1.0},{"damage":0.0,"enemies":"Sphere and 2 Shapes","floor":41.0,"turns":1.0},{"damage":0.0,"enemies":"Reptomancer","floor":42.0,"turns":2.0},{"damage":0.0,"enemies":"Writhing Mass","floor":44.0,"turns":1.0},{"damage":0.0,"enemies":"Giant Head","floor":45.0,"turns":2.0},{"damage":0.0,"enemies":"Jaw Worm Horde","floor":48.0,"turns":1.0},{"damage":0.0,"enemies":"Awakened One","floor":50.0,"turns":2.0},{"damage":0.0,"enemies":"Donu and Deca","floor":51.0,"turns":1.0},{"damage":0,"enemies":"Shield and Spear","floor":55,"turns":2},{"damage":0,"enemies":"The Heart","floor":56,"turns":3}],"seed_played":"9081059687058907358","potions_obtained":[{"floor":1.0,"key":"ColorlessPotion"},{"floor":4.0,"key":"testmod-TestPotion"},{"floor":6.0,"key":"FearPotion"},{"floor":14.0,"key":"testmod-SpacePotion"},{"floor":20.0,"key":"testmod-SpacePotion"},{"floor":25.0,"key":"FocusPotion"},{"floor":30.0,"key":"SkillPotion"},{"floor":31.0,"key":"EssenceOfDarkness"},{"floor":40.0,"key":"Swift Potion"}],"is_trial":false,"path_per_floor":["M","M","T","M","?","E","R","E","T","$","$","M","$","E","R","B",null,"M","$","M","M","?","E","$","E","T","?","E","$","M","E","R","B",null,"M","M","$","?","?","E","M","E","T","M","E","?","T","M","R","B","B",null,"R","$","E","B",null],"character_chosen":"DEFECT","items_purchased":["testmod-Nyarlathotep","MostiFishMod:LinkProtocol","OrangePellets","testmod-BackupPower","Medical Kit","Happy Flower","Swift Potion","MerchantsRug","FocusPotion"],"campfire_rested":0,"item_purchase_floors":[10,10,13,19,29,54,54,54,54],"current_hp_per_floor":[64,60,60,53,53,33,33,32,32,32,32,32,32,22,22,20,58,68,68,71,71,71,71,71,71,81,81,57,57,67,63,63,73,79,81,81,81,81,81,81,81,81,81,81,81,78,78,78,78,78,78,78,78,78,78,78],"gold":286,"neow_bonus":"BOSS_RELIC","is_daily":false,"chose_seed":false,"campfire_upgraded":4,"win_rate":0.0,"timestamp":1612646234,"path_taken":["M","M","?","M","?","E","R","E","T","?","$","M","$","E","R","BOSS","M","$","?","M","?","E","$","E","T","?","E","?","M","E","R","BOSS","M","M","$","?","?","E","M","E","T","M","E","?","?","M","R","BOSS","BOSS","R","$","E","BOSS"],"items_purchased_type":["Relic","Card","Relic","Card","Relic","Relic","Potion","Relic","Potion"],"build_version":"2020-12-22","purchased_purges":7,"victory":true,"max_hp_per_floor":[71,71,71,71,71,71,71,71,71,71,71,71,71,71,71,71,71,71,71,71,71,71,71,71,71,81,81,81,81,81,81,81,81,81,81,81,81,81,81,82,82,82,82,82,82,78,78,78,78,78,78,78,78,78,78,78],"card_choices":[{"not_picked":["Steam","MostiFishMod:ReprogramOld"],"picked":"Ball Lightning","floor":1.0},{"not_picked":["Lockon","Go for the Eyes","Steam Power","Barrage","Redo"],"picked":"SKIP","floor":2.0},{"not_picked":["Compile Driver","Barrage","MostiFishMod:Impulse","Chaos"],"picked":"Turbo","floor":4.0},{"not_picked":["Streamline","Leap","MostiFishMod:StrandedSiren","Amplify"],"picked":"Self Repair","floor":6.0},{"not_picked":["AT_HeatAcrobatics","Cold Snap","Streamline","Ball Lightning"],"picked":"Recycle","floor":8.0},{"not_picked":["Compile Driver","Reprogram","Reinforced Body","Rip and Tear","Ball Lightning"],"picked":"SKIP","floor":12.0},{"not_picked":["Beam Cell","Cold Snap","Static Discharge","Redo"],"picked":"AT_StudyProgram","floor":14.0},{"not_picked":["MostiFishMod:Prepare","MostiFishMod:SeaWaves","Amplify","AT_RightCognition"],"picked":"MostiFishMod:InterfaceCompatibility","floor":16.0},{"not_picked":["Stack","Skim","Compile Driver","BootSequence"],"picked":"MostiFishMod:LinkProtocol","floor":18.0},{"not_picked":["Barrage","Chaos","Beam Cell","Compile Driver"],"picked":"Coolheaded","floor":20.0},{"not_picked":["Conserve Battery","Undo","Darkness+1","AT_ThreeBodyProblem","MostiFishMod:Impulse"],"picked":"SKIP","floor":21.0},{"not_picked":["BootSequence","Chaos","MostiFishMod:PushDownKick","Gash","Force Field"],"picked":"SKIP","floor":23.0},{"not_picked":["BootSequence","Chaos","MostiFishMod:PushDownKick","Gash","Force Field"],"picked":"SKIP","floor":23.0},{"not_picked":["Static Discharge","Gash","Chill","MostiFishMod:Prepare"],"picked":"Defragment","floor":25.0},{"not_picked":["Aggregate+1","Cold Snap","Doom and Gloom","Gash"],"picked":"White Noise","floor":28.0},{"not_picked":["Leap","MostiFishMod:PushDownKick","Stack","Ball Lightning+1"],"picked":"AT_StudyProgram","floor":30.0},{"not_picked":["Static Discharge","Stack","Machine Learning","Doom and Gloom","Coolheaded"],"picked":"SKIP","floor":31.0},{"not_picked":["MostiFishMod:PushDownKick","Gash","Barrage","AT_HeatAcrobatics","Rebound"],"picked":"SKIP","floor":35.0},{"not_picked":["Beam Cell","MostiFishMod:Nova","Steam Power","Gash","AT_HeatAcrobatics+1"],"picked":"SKIP","floor":36.0},{"not_picked":["Compile Driver+1","MostiFishMod:InterfaceCompatibility","Redo","Steam+1"],"picked":"Defragment","floor":40.0},{"not_picked":["Leap","Conserve Battery+1","Reprogram","Skim+1","Force Field"],"picked":"SKIP","floor":41.0},{"not_picked":["Beam Cell","Hologram","Sweeping Beam+1","Aggregate","Electrodynamics"],"picked":"SKIP","floor":42.0},{"not_picked":["Sweeping Beam","Auto Shields","Steam Power","Conserve Battery","Chaos"],"picked":"SKIP","floor":44.0},{"not_picked":["AT_HeatAcrobatics+1","Conserve Battery","Reinforced Body","AT_StudyProgram","White Noise"],"picked":"SKIP","floor":45.0},{"not_picked":["Beam Cell","Coolheaded+1","AT_StudyProgram","Rip and Tear","Go for the Eyes"],"picked":"SKIP","floor":48.0},{"not_picked":["MostiFishMod:PushDownKick","AT_StudyProgram","Hello World","Doom and Gloom+1","Redo+1"],"picked":"SKIP","floor":55}],"player_experience":748169,"relics_obtained":[{"floor":1.0,"key":"SynthV:TestCard"},{"floor":3.0,"key":"AT_MibuBalloonWealth"},{"floor":6.0,"key":"MostiFishMod:Haymaker"},{"floor":8.0,"key":"Gambling Chip"},{"floor":14.0,"key":"Art of War"},{"floor":23.0,"key":"AT_SpeedBoots"},{"floor":25.0,"key":"Ancient Tea Set"},{"floor":26.0,"key":"Pear"},{"floor":28.0,"key":"Akabeko"},{"floor":31.0,"key":"testmod-CasingShield"},{"floor":40.0,"key":"Shuriken"},{"floor":42.0,"key":"PlaceholderMod:DeVermisMysteriis"},{"floor":43.0,"key":"testmod-ArcanaOfDestiny"},{"floor":45.0,"key":"AT_RedTearstoneRing"},{"floor":47.0,"key":"AT_EbonyIvory"},{"floor":55,"key":"Turnip"}],"event_choices":[{"damage_healed":0.0,"max_hp_gain":0.0,"max_hp_loss":0.0,"gold_gain":400.0,"event_name":"恩洛斯的盘子","player_choice":"Sell","floor":5.0,"relics_lost":["testmod-TestBox"],"gold_loss":0.0,"damage_taken":0.0},{"damage_healed":0.0,"max_hp_gain":0.0,"max_hp_loss":0.0,"gold_gain":0.0,"event_name":"Vampires","player_choice":"Ignored","floor":22.0,"gold_loss":0.0,"damage_taken":0.0},{"damage_healed":0.0,"max_hp_gain":0.0,"max_hp_loss":0.0,"gold_gain":0.0,"event_name":"Ghosts","player_choice":"Ignored","floor":27.0,"gold_loss":0.0,"damage_taken":0.0},{"damage_healed":0.0,"max_hp_gain":0.0,"max_hp_loss":0.0,"gold_gain":0.0,"event_name":"MindBloom","player_choice":"Upgrade","floor":38.0,"gold_loss":0.0,"damage_taken":0.0,"cards_upgraded":["Defend_B","Defend_B","Ball Lightning","Turbo","AT_StudyProgram","MostiFishMod:InterfaceCompatibility","MostiFishMod:LinkProtocol","testmod-BackupPower","Coolheaded","Defragment","White Noise","AT_StudyProgram"],"relics_obtained":["Mark of the Bloom"]},{"damage_healed":0.0,"max_hp_gain":0.0,"max_hp_loss":0.0,"gold_gain":0.0,"event_name":"给自己的盒子","player_choice":"Swap Relic","floor":39.0,"relics_lost":["DaveBox"],"gold_loss":0.0,"damage_taken":0.0,"relics_obtained":["DaveBox"]},{"damage_healed":0.0,"max_hp_gain":0.0,"max_hp_loss":4.0,"gold_gain":0.0,"event_name":"Winding Halls","player_choice":"Max HP","floor":46.0,"gold_loss":0.0,"damage_taken":0.0}],"is_beta":false,"boss_relics":[{"not_picked":["Calling Bell","PatriotShield"],"picked":"testmod-Recursion"},{"not_picked":["testmod-EnergyCheck","Snecko Eye"],"picked":"Empty Cage"}],"items_purged_floors":[10,11,13,19,24,37,54],"is_endless":false,"potions_floor_spawned":[1,4,6,14,20,25,30,31,35,40,45],"ascension_level":20}}