{"host":"vt6dr1xq3iy14a3e","time":1612630441,"event":{"mods":["AchievementEnabler","BaseMod","Colored Map","DeckTracker","Minty Spire (QoL Compilation)","StSLib","SuperFastMode"],"gold_per_floor":[19,37,47,47,65,65,76,76,76],"floor_reached":8,"language":"KOR","playtime":786,"items_purged":[],"score":73,"play_id":"e6b1e1c6-c6bb-4b00-8f8e-496f560775f5","local_time":"20210207015401","is_ascension_mode":true,"campfire_choices":[{"data":"Eruption","floor":6,"key":"SMITH"}],"circlet_count":0,"master_deck":["Strike_P","Strike_P","Strike_P","Defend_P","Defend_P","Defend_P","Eruption+1","Vigilance","Wallop","CutThroughFate","JustLucky","Bandage Up","Weave"],"relics":["PureWater"],"acts_visited":["Exordium"],"potions_floor_usage":[2,2,7,8],"damage_taken":[{"damage":4,"enemies":"Small Slimes","floor":1,"turns":5},{"damage":0,"enemies":"Cultist","floor":2,"turns":2},{"damage":0,"enemies":"Jaw Worm","floor":3,"turns":3},{"damage":13,"enemies":"3 Louse","floor":5,"turns":3},{"damage":11,"enemies":"Exordium Thugs","floor":7,"turns":3},{"damage":57,"enemies":"3 Sentries","floor":8,"turns":6}],"seed_played":"8149138125551715134","potions_obtained":[{"floor":1,"key":"EntropicBrew"},{"floor":2,"key":"PowerPotion"},{"floor":5,"key":"DistilledChaos"}],"is_trial":false,"path_per_floor":["M","M","M","?","M","R","M","E"],"character_chosen":"WATCHER","items_purchased":[],"campfire_rested":0,"item_purchase_floors":[],"current_hp_per_floor":[61,61,61,61,52,52,45,0,0],"gold":76,"neow_bonus":"REMOVE_TWO","is_daily":false,"chose_seed":false,"campfire_upgraded":1,"win_rate":0.0,"timestamp":1612630441,"path_taken":["M","M","M","?","M","R","?","E"],"items_purchased_type":[],"build_version":"2020-12-22","purchased_purges":0,"victory":false,"max_hp_per_floor":[72,72,72,72,72,72,72,72,72],"card_choices":[{"not_picked":["Prostrate","ForeignInfluence"],"picked":"Wallop","floor":1},{"not_picked":["ThirdEye","Indignation"],"picked":"CutThroughFate","floor":2},{"not_picked":["Wallop","CrushJoints"],"picked":"JustLucky","floor":3},{"not_picked":["FlurryOfBlows","WreathOfFlame"],"picked":"Weave","floor":5},{"not_picked":["WreathOfFlame","Prostrate","EmptyFist"],"picked":"SKIP","floor":7}],"player_experience":1048598,"relics_obtained":[],"event_choices":[{"damage_healed":0,"gold_gain":0,"player_choice":"1 cards matched","damage_taken":0,"max_hp_gain":0,"max_hp_loss":0,"event_name":"Match and Keep!","floor":4,"gold_loss":0,"cards_obtained":["Bandage Up"]}],"is_beta":false,"boss_relics":[],"items_purged_floors":[],"is_endless":false,"potions_floor_spawned":[1,2,5],"killed_by":"3 Sentries","ascension_level":9}}