{"host":"he07elbwfbprxmdo","time":1612619177,"event":{"mods":["BaseMod","Better Skull","Better Third Choice","Better Vampires","Block Reminder","Clockwork Mod","Colored Map","Downfall","Energized Spire","Fox Events","Halation","Hermit","Highlight Path","Marisa????????","Minty Spire (QoL Compilation)","Relic Stats","StSLib","The Animator","The Servant 0.9.4","Unceasing Turn Reminder"],"gold_per_floor":[99,114,129,144,129,159,159,222,255,84,84,84,94,124,134,134,134,134],"floor_reached":16,"language":"ENG","playtime":2235,"items_purged":[],"score":120,"play_id":"7289f468-d937-4f5a-9ef7-b86c3d5ccf04","local_time":"20210206154617","is_ascension_mode":false,"campfire_choices":[{"floor":1.0,"key":"RECALL"},{"data":"hexamod:Float","floor":12.0,"key":"SMITH"}],"circlet_count":0,"master_deck":["hexamod:Strike","hexamod:Strike","hexamod:Strike","hexamod:Strike","hexamod:Defend","hexamod:Defend","hexamod:Defend","hexamod:Defend","hexamod:Sear","hexamod:Float+1","hexamod:SpectersWail","hexamod:SoulSteal","hexamod:WildfireWeapon","hexamod:FastForward","hexamod:SecondSeal","hexamod:BurningTouch","hexamod:ExtraCrispy","hexamod:ThirdSeal","expansioncontent:AwakenDeath","hexamod:FourthSeal","hexamod:RadiantFlame","hexamod:HeatMetal"],"relics":["hexamod:SpiritBrand","CaptainsWheel","Turnip","Eternal Feather","Ancient Tea Set","downfall:BrokenWingStatue","Bottled Tornado"],"acts_visited":["Exordium"],"potions_floor_usage":[],"damage_taken":[{"damage":0.0,"enemies":"Cultist","floor":2.0,"turns":3.0},{"damage":0.0,"enemies":"2 Louse","floor":3.0,"turns":3.0},{"damage":0.0,"enemies":"Small Slimes","floor":4.0,"turns":3.0},{"damage":0.0,"enemies":"downfall:FleeingMerchant","floor":5.0,"turns":4.0},{"damage":13.0,"enemies":"3 Sentries","floor":6.0,"turns":5.0},{"damage":15.0,"enemies":"Lagavulin Event","floor":8.0,"turns":6.0},{"damage":16.0,"enemies":"Lagavulin","floor":9.0,"turns":7.0},{"damage":0.0,"enemies":"downfall:FleeingMerchant","floor":10.0,"turns":4.0},{"damage":4.0,"enemies":"2 Fungi Beasts","floor":13.0,"turns":3.0},{"damage":4.0,"enemies":"3 Sentries","floor":14.0,"turns":3.0},{"damage":16,"enemies":"3 Louse","floor":15,"turns":3},{"damage":42,"enemies":"DF_ARCHETYPE_STREAMLINE","floor":16,"turns":9}],"seed_played":"-3052454301377238515","potions_obtained":[{"floor":3.0,"key":"LiquidMemories"},{"floor":6.0,"key":"hexamod:SoulburnPotion"},{"floor":9.0,"key":"SmokeBomb"},{"floor":13.0,"key":"SkillPotion"},{"floor":14.0,"key":"Regen Potion"},{"floor":15,"key":"FearPotion"}],"is_trial":false,"path_per_floor":["R","M","M","M","$","E","T","?","E","$","?","R","M","E","M","B"],"character_chosen":"THE_SPIRIT","items_purchased":["hexamod:ThirdSeal","expansioncontent:AwakenDeath"],"campfire_rested":0,"item_purchase_floors":[10,10],"current_hp_per_floor":[77,77,77,77,77,64,64,49,33,33,33,42,38,34,18,0,0,0],"gold":134,"neow_bonus":"TEN_PERCENT_HP_BONUS","is_daily":false,"chose_seed":false,"campfire_upgraded":1,"win_rate":0.0,"timestamp":1612619177,"path_taken":["R","M","M","M","?","E","T","?","E","$","?","R","M","E","M","BOSS"],"items_purchased_type":["Card","Card"],"build_version":"2020-12-22","purchased_purges":0,"victory":false,"max_hp_per_floor":[77,77,77,77,77,77,77,77,77,77,77,77,77,77,77,77,77,77],"relic_stats":{"counters":[12,53],"Eternal Feather":9,"Turnip":[0],"obtain_stats":[{"CaptainsWheel":6,"downfall:BrokenWingStatue":11,"Eternal Feather":8,"Turnip":7,"Bottled Tornado":14,"Ancient Tea Set":9,"hexamod:SpiritBrand":0},{"CaptainsWheel":5,"downfall:BrokenWingStatue":8,"Eternal Feather":6,"Turnip":5,"Bottled Tornado":10,"Ancient Tea Set":7,"hexamod:SpiritBrand":0},{"CaptainsWheel":18,"downfall:BrokenWingStatue":35,"Eternal Feather":24,"Turnip":18,"Bottled Tornado":41,"Ancient Tea Set":31,"hexamod:SpiritBrand":0}]},"card_choices":[{"not_picked":["hexamod:BacktrackSmack","hexamod:SwordOfDarkness"],"picked":"hexamod:SpectersWail","floor":2.0},{"not_picked":["hexamod:SkipABeat","hexamod:NightmareStrike"],"picked":"hexamod:SoulSteal","floor":3.0},{"not_picked":["hexamod:GhostflameBarrier","hexamod:RecurringNightmare"],"picked":"hexamod:WildfireWeapon","floor":4.0},{"not_picked":["hexamod:GhostShield","hexamod:SwordOfDarkness"],"picked":"hexamod:FastForward","floor":5.0},{"not_picked":["hexamod:BurningTouch","hexamod:SwordOfDarkness"],"picked":"hexamod:SecondSeal","floor":6.0},{"not_picked":["hexamod:RadiantFlame","hexamod:AdvancingGuard"],"picked":"hexamod:BurningTouch","floor":8.0},{"not_picked":["hexamod:Haunt","hexamod:Hexaguard","hexamod:DynamicBlow"],"picked":"SKIP","floor":9.0},{"not_picked":["hexamod:NightmareGuise","hexamod:ParanormalForm"],"picked":"hexamod:ExtraCrispy","floor":10.0},{"not_picked":["hexamod:GhostShield","hexamod:SoulSteal"],"picked":"hexamod:FourthSeal","floor":13.0},{"not_picked":["hexamod:GhostShield","hexamod:FastForward"],"picked":"hexamod:RadiantFlame","floor":13.0},{"not_picked":["hexamod:NightmareGuise","hexamod:ShieldOfDarkness","hexamod:ChargedBarrage"],"picked":"SKIP","floor":14.0},{"not_picked":["hexamod:ThermalTransfer","hexamod:NightmareStrike","hexamod:SkipABeat"],"picked":"SKIP","floor":14.0},{"not_picked":["hexamod:HauntingEcho","hexamod:SecondSeal"],"picked":"hexamod:HeatMetal","floor":15},{"not_picked":["hexamod:NightmareGuise","hexamod:FourthSeal","hexamod:Again"],"picked":"SKIP","floor":15}],"player_experience":170367,"relics_obtained":[{"floor":6.0,"key":"CaptainsWheel"},{"floor":7.0,"key":"Turnip"},{"floor":8.0,"key":"Eternal Feather"},{"floor":9.0,"key":"Ancient Tea Set"},{"floor":14.0,"key":"Bottled Tornado"}],"event_choices":[],"is_beta":false,"boss_relics":[],"items_purged_floors":[],"is_endless":false,"potions_floor_spawned":[3,6,9,13,14],"killed_by":"DF_ARCHETYPE_STREAMLINE","ascension_level":0}}