{"host":"p7cjtxxrilhp4dw7","time":1612601427,"event":{"mods":["BaseMod","Block Reminder","Colored Map","Curses Come First","Highlight Path","Minty Spire (QoL Compilation)","Replay The Spire","StSLib","The Hierophant"],"gold_per_floor":[213,213,176,176,176,176,194,227,227,227,227,241,241,267,26,39,39,39,39],"floor_reached":18,"language":"ENG","playtime":1033,"items_purged":[],"score":183,"play_id":"6a70b4a2-304d-4e29-bb72-3b506129705a","local_time":"20210206015027","is_ascension_mode":true,"campfire_choices":[{"floor":9,"key":"REST"},{"floor":13,"key":"REST"},{"floor":17,"key":"DIG"}],"circlet_count":0,"master_deck":["AscendersBane","Strike_R","Strike_R","Strike_R","Strike_R","Strike_R","Defend_R+1","Defend_R+1","Defend_R","Defend_R","Bash","Sword Boomerang","Self Repair+1","Cleave","Reaper"],"relics":["Iron Core","Simple Rune","Calipers","Nunchaku","Sundial","Ginger","Golden Egg","Eternal Feather"],"acts_visited":["Exordium"],"potions_floor_usage":[8,14,18],"damage_taken":[{"damage":16,"enemies":"Small Slimes","floor":1,"turns":5},{"damage":2,"enemies":"2 Louse","floor":7,"turns":4},{"damage":36,"enemies":"Gremlin Nob","floor":8,"turns":5},{"damage":11,"enemies":"Cultist","floor":12,"turns":4},{"damage":32,"enemies":"3 Sentries","floor":14,"turns":8},{"damage":13,"enemies":"Lots of Slimes","floor":16,"turns":4},{"damage":94,"enemies":"Fading Forest","floor":18,"turns":9}],"seed_played":"-4738310944272692983","potions_obtained":[{"floor":1,"key":"SpeedPotion"},{"floor":7,"key":"SkillPotion"},{"floor":16,"key":"Fire Potion"}],"is_trial":false,"path_per_floor":["M","?","?","PTL","PTL","?","M","E","R","T","T","M","R","E","$","M","R_BF","B"],"character_chosen":"IRONCLAD","items_purchased":["Golden Egg"],"campfire_rested":2,"item_purchase_floors":[15],"current_hp_per_floor":[62,62,62,62,62,44,52,26,50,50,50,53,77,67,67,72,72,0,0],"gold":39,"neow_bonus":"HUNDRED_GOLD","is_daily":false,"chose_seed":false,"campfire_upgraded":0,"win_rate":0.0,"timestamp":1612601427,"path_taken":["M","?","?","PTL","PTL","?","M","E","R","?","T","M","R","E","$","M","R_BF","BOSS"],"items_purchased_type":["Relic"],"build_version":"2020-12-22","purchased_purges":0,"victory":false,"max_hp_per_floor":[80,80,80,80,80,80,80,80,80,80,80,80,80,80,80,80,80,80,80],"card_choices":[{"not_picked":["Abandon","Havoc"],"picked":"Sword Boomerang","floor":1},{"not_picked":["Perfected Strike","Thunderclap"],"picked":"Cleave","floor":7},{"not_picked":["Shrug It Off","Flame Barrier"],"picked":"Reaper","floor":8},{"not_picked":["Fire Breathing","Gash","Shrug It Off"],"picked":"SKIP","floor":12},{"not_picked":["Flame Barrier","Rebound","WeaponsOverheat"],"picked":"SKIP","floor":14},{"not_picked":["Body Slam","Whirlwind","Sword Boomerang"],"picked":"SKIP","floor":16}],"player_experience":653583,"relics_obtained":[{"floor":8,"key":"Calipers"},{"floor":10,"key":"Nunchaku"},{"floor":11,"key":"Sundial"},{"floor":14,"key":"Ginger"},{"floor":17,"key":"Eternal Feather"}],"event_choices":[{"damage_healed":0,"gold_gain":0,"player_choice":"Left Gold","damage_taken":0,"max_hp_gain":0,"max_hp_loss":0,"event_name":"World of Goop","floor":3,"gold_loss":37},{"damage_healed":0,"gold_gain":0,"player_choice":"Success","damage_taken":18,"relics_obtained":["Simple Rune"],"max_hp_gain":0,"max_hp_loss":0,"event_name":"Scrap Ooze","floor":6,"gold_loss":0}],"is_beta":false,"boss_relics":[],"items_purged_floors":[],"is_endless":false,"potions_floor_spawned":[1,7,16],"killed_by":"Fading Forest","ascension_level":11}}