{"host":"1v3mnj67s3trvm6y","time":1612592034,"event":{"mods":["BaseMod","Challenge The Spire","Downfall","Minty Spire (QoL Compilation)","StSLib"],"gold_per_floor":[0,16,34,34,46,46,118,118,118,118,135,169,184,198,208,305,305,205,222,236,236,256,256,332,361,371,271,286,122,134,144,154,154,154,154],"floor_reached":33,"language":"ENG","playtime":2546,"items_purged":["bronze:Defend"],"score":275,"play_id":"1122187b-860c-45fc-9ea3-bb8aeb07483b","local_time":"20210206151354","is_ascension_mode":false,"campfire_choices":[{"data":"bronze:RecursiveStrike","floor":1,"key":"SMITH"},{"data":"bronze:Turbo","floor":6,"key":"SMITH"},{"data":"bronze:DazingPulse","floor":10,"key":"SMITH"},{"data":"bronze:TinkerersToolbox","floor":18,"key":"SMITH"},{"data":"bronze:Library","floor":23,"key":"SMITH"},{"floor":27,"key":"REST"}],"circlet_count":0,"master_deck":["bronze:Defend","bronze:Defend","bronze:Defend","bronze:Replicate","bronze:Goto","bronze:DarkDash","bronze:RecursiveStrike+1","bronze:Turbo+1","bronze:Fortify","bronze:Boost","bronze:Spike","bronze:DazingPulse+1","bronze:Philosophize","bronze:BronzeArmor","bronze:Overheat","bronze:Shell","bronze:Frontload","bronze:TinkerersToolbox+1","bronze:Turbo","bronze:Library+1","bronze:Iterate","bronze:Terminator","bronze:Repulsor+1","bronze:Mutator","bronze:ForceShield","bronze:BitShift+1","bronze:ForLoop","bronze:Separator+1"],"relics":["bronze:PlatinumCore","Boot","downfall:HeartBlessingBlue","Shuriken","Dead Branch","downfall:HeartBlessingGreen"],"acts_visited":["Exordium","TheCity"],"potions_floor_usage":[13,16,25,30,31,33],"damage_taken":[{"damage":0,"enemies":"Small Slimes","floor":2,"turns":3},{"damage":0,"enemies":"2 Louse","floor":3,"turns":4},{"damage":6,"enemies":"Jaw Worm","floor":5,"turns":2},{"damage":0,"enemies":"Jaw Worm","floor":8,"turns":6},{"damage":8,"enemies":"Gremlin Gang","floor":11,"turns":2},{"damage":17,"enemies":"Gremlin Nob","floor":12,"turns":4},{"damage":0,"enemies":"Exordium Wildlife","floor":13,"turns":2},{"damage":8,"enemies":"Large Slime","floor":14,"turns":5},{"damage":8,"enemies":"3 Louse","floor":15,"turns":3},{"damage":5,"enemies":"WA_ARCHETYPE_RETAIN","floor":16,"turns":7},{"damage":0,"enemies":"Chosen","floor":19,"turns":5},{"damage":14,"enemies":"Centurion and Healer","floor":20,"turns":7},{"damage":0,"enemies":"Shelled Parasite and Fungi","floor":22,"turns":5},{"damage":22,"enemies":"Gremlin Leader","floor":25,"turns":6},{"damage":0,"enemies":"3 Cultists","floor":26,"turns":4},{"damage":3,"enemies":"Snecko","floor":28,"turns":4},{"damage":0,"enemies":"downfall:FleeingMerchant","floor":29,"turns":4},{"damage":9,"enemies":"Snake Plant","floor":30,"turns":4},{"damage":7,"enemies":"Centurion and Healer","floor":31,"turns":4},{"damage":0,"enemies":"Snecko","floor":32,"turns":4},{"damage":55,"enemies":"IC_MUSHROOM_ARCHETYPE","floor":33,"turns":4}],"seed_played":"-5314848497602474562","potions_obtained":[{"floor":3,"key":"Fire Potion"},{"floor":12,"key":"champ:CounterPotion"},{"floor":14,"key":"Block Potion"},{"floor":16,"key":"SteroidPotion"},{"floor":20,"key":"bronze:FreeFunctionsPotion"},{"floor":25,"key":"SkillPotion"},{"floor":30,"key":"Slimebound:ThreeZeroPotion"},{"floor":32,"key":"SneckoOil"}],"is_trial":false,"path_per_floor":["R","M","M","?","M","R","T","?","?","R","M","E","M","M","M","B",null,"R","M","M","?","M","R","T","E","M","R","M","$","M","M","M","B"],"character_chosen":"THE_AUTOMATON","items_purchased":["bronze:ForceShield"],"campfire_rested":1,"item_purchase_floors":[29],"current_hp_per_floor":[70,70,70,70,64,64,64,64,64,64,56,39,39,31,23,18,70,80,80,66,66,66,66,66,44,44,68,65,65,56,49,49,0,0,0],"gold":154,"neow_bonus":"TRANSFORM_TWO_CARDS","is_daily":false,"chose_seed":false,"campfire_upgraded":5,"win_rate":0.0,"timestamp":1612592034,"path_taken":["R","M","M","?","M","R","T","?","?","R","?","E","M","M","M","BOSS","R","M","?","?","M","R","T","E","M","R","M","$","M","M","M","BOSS"],"items_purchased_type":["Card"],"build_version":"2020-12-22","purchased_purges":1,"victory":false,"max_hp_per_floor":[70,70,70,70,70,70,70,70,70,70,70,70,70,70,70,70,70,80,80,80,80,80,80,80,80,80,80,80,80,80,80,80,80,80,80],"card_choices":[{"not_picked":["bronze:BugBarrage","bronze:Constructor"],"picked":"bronze:Turbo","floor":2},{"not_picked":["bronze:Branch","bronze:Deprecate"],"picked":"bronze:Fortify","floor":3},{"not_picked":["bronze:Branch","bronze:WildBeam"],"picked":"bronze:Boost","floor":5},{"not_picked":[],"picked":"bronze:Spike","floor":8},{"not_picked":[],"picked":"bronze:DazingPulse","floor":8},{"not_picked":["bronze:WhirlingStrike","bronze:CutThrough"],"picked":"bronze:Philosophize","floor":8},{"not_picked":["bronze:Invalidate","bronze:BurnOut","bronze:WildBeam"],"picked":"SKIP","floor":11},{"not_picked":["bronze:ClassDefault","bronze:GetLatest"],"picked":"bronze:BronzeArmor","floor":12},{"not_picked":["bronze:Branch","bronze:Refactor"],"picked":"bronze:Overheat","floor":13},{"not_picked":["bronze:Invalidate","bronze:Branch"],"picked":"bronze:Shell","floor":14},{"not_picked":["bronze:Allocate","bronze:Branch"],"picked":"bronze:Frontload","floor":15},{"not_picked":["bronze:ShipIt","bronze:HardenedForm"],"picked":"bronze:TinkerersToolbox","floor":16},{"not_picked":["bronze:Repulsor","bronze:Shield+1"],"picked":"bronze:Turbo","floor":19},{"not_picked":["bronze:DelayedSlice+1","bronze:CutThrough"],"picked":"bronze:Library","floor":20},{"not_picked":["bronze:Invalidate","bronze:BurnOut"],"picked":"bronze:Iterate","floor":22},{"not_picked":["bronze:Deprecate","bronze:BuggyMess"],"picked":"bronze:Terminator","floor":25},{"not_picked":["bronze:Branch","bronze:OilSpill+1","bronze:Invalidate"],"picked":"SKIP","floor":26},{"not_picked":["bronze:Shield","bronze:DelayedSlice+1"],"picked":"bronze:Repulsor+1","floor":28},{"not_picked":["bronze:DelayedGuard","bronze:Iterate"],"picked":"bronze:Mutator","floor":29},{"not_picked":["bronze:DelayedSlice+1","bronze:Philosophize"],"picked":"bronze:BitShift+1","floor":30},{"not_picked":["bronze:Overheat","bronze:Overload"],"picked":"bronze:ForLoop","floor":31},{"not_picked":["bronze:Branch","bronze:Frontload+1"],"picked":"bronze:Separator+1","floor":32}],"player_experience":1674192,"relics_obtained":[{"floor":12,"key":"Boot"},{"floor":24,"key":"Shuriken"},{"floor":25,"key":"Dead Branch"}],"event_choices":[{"cards_removed":["bronze:Strike"],"damage_healed":0,"gold_gain":0,"player_choice":"Card Removal","damage_taken":0,"max_hp_gain":0,"max_hp_loss":0,"event_name":"The Cleric","floor":4,"gold_loss":0}],"is_beta":false,"boss_relics":[{"not_picked":["Philosopher\u0027s Stone","Tiny House"],"picked":"bronze:PlatinumCore"}],"items_purged_floors":[29],"is_endless":false,"potions_floor_spawned":[3,8,12,14,16,20,25,26,30,32],"killed_by":"IC_MUSHROOM_ARCHETYPE","ascension_level":0}}