{"host":"x039aayur7qovk2d","time":1612606907,"event":{"mods":["AchievementEnabler","BaseMod","Block Reminder","Colored Map","Colored Powertips","DeckTracker","Googly Eyes","Highlight Path","Minty Spire (QoL Compilation)","Permanent Neow","Quick Restart","Rare Cards Sparkle","Relic Sorter","Relic Stats"],"gold_per_floor":[113,123,123,143,162,193,193,212,212,223,237,252,272,272,272,377,377,395,412,426,386,399,399,413,431,482,117,117,152,67,17,17,114,114,124,135,150,170,189,223,223,242,242,242,242,242],"floor_reached":45,"language":"ENG","playtime":2774,"items_purged":["Defend_R"],"score":502,"play_id":"3047110c-f2da-4c80-b0bc-245b65b58172","local_time":"20210206022147","is_ascension_mode":false,"campfire_choices":[{"data":"Rampage","floor":7,"key":"SMITH"},{"floor":15,"key":"REST"},{"data":"Fiend Fire","floor":23,"key":"SMITH"},{"floor":28,"key":"REST"},{"floor":32,"key":"REST"},{"floor":41,"key":"REST"},{"floor":44,"key":"REST"}],"circlet_count":0,"master_deck":["Strike_R","Strike_R","Strike_R","Strike_R","Strike_R","Defend_R","Defend_R","Defend_R","Bash","Rampage+1","Iron Wave","Twin Strike","Anger","Fiend Fire+1","Inflame","Perfected Strike","Metallicize","Infernal Blade","Demon Form","Sword Boomerang","Whirlwind+1","Sword Boomerang+1","Searing Blow+1","Double Tap","Armaments","Dual Wield","Armaments+1","Combust+1","Inflame+1","Inflame+1","Carnage+1","Fiend Fire","Flame Barrier","Iron Wave+1","Thunderclap+1","Twin Strike+1","Perfected Strike","Flex","Flame Barrier+1"],"relics":["Runic Pyramid","Potion Belt","Gremlin Horn","Mark of Pain","Centennial Puzzle","Happy Flower","Orrery","Charon\u0027s Ashes","Frozen Egg 2","SacredBark","Oddly Smooth Stone","Gambling Chip"],"acts_visited":["Exordium","TheCity","TheBeyond"],"potions_floor_usage":[5,6,6,6,6,6,16,16,16,16,22,25,29,33,33,33,33,33,33,35,38,39,40],"damage_taken":[{"damage":6,"enemies":"Jaw Worm","floor":1,"turns":5},{"damage":1,"enemies":"Cultist","floor":2,"turns":3},{"damage":0,"enemies":"Small Slimes","floor":4,"turns":3},{"damage":0,"enemies":"Gremlin Gang","floor":5,"turns":2},{"damage":21,"enemies":"Lagavulin","floor":6,"turns":4},{"damage":16,"enemies":"Blue Slaver","floor":8,"turns":4},{"damage":11,"enemies":"Red Slaver","floor":10,"turns":3},{"damage":1,"enemies":"2 Fungi Beasts","floor":11,"turns":3},{"damage":11,"enemies":"Exordium Thugs","floor":12,"turns":4},{"damage":9,"enemies":"3 Louse","floor":13,"turns":3},{"damage":2,"enemies":"Hexaghost","floor":16,"turns":7},{"damage":11,"enemies":"Shell Parasite","floor":18,"turns":4},{"damage":0,"enemies":"Chosen","floor":19,"turns":3},{"damage":3,"enemies":"Snecko","floor":20,"turns":3},{"damage":4,"enemies":"Centurion and Healer","floor":22,"turns":3},{"damage":18,"enemies":"Snake Plant","floor":24,"turns":3},{"damage":15,"enemies":"Shelled Parasite and Fungi","floor":25,"turns":2},{"damage":13,"enemies":"Gremlin Leader","floor":29,"turns":2},{"damage":41,"enemies":"Automaton","floor":33,"turns":5},{"damage":3,"enemies":"3 Darklings","floor":35,"turns":2},{"damage":13,"enemies":"Orb Walker","floor":36,"turns":3},{"damage":4,"enemies":"Writhing Mass","floor":37,"turns":4},{"damage":27,"enemies":"Maw","floor":38,"turns":5},{"damage":3,"enemies":"Sphere and 2 Shapes","floor":39,"turns":1},{"damage":16,"enemies":"Reptomancer","floor":40,"turns":2},{"damage":17,"enemies":"3 Darklings","floor":42,"turns":3},{"damage":51,"enemies":"Writhing Mass","floor":45,"turns":3}],"seed_played":"1668384280498967764","potions_obtained":[{"floor":3,"key":"Explosive Potion"},{"floor":3,"key":"EntropicBrew"},{"floor":3,"key":"Ancient Potion"},{"floor":10,"key":"ElixirPotion"},{"floor":11,"key":"ElixirPotion"},{"floor":13,"key":"Fire Potion"},{"floor":16,"key":"GamblersBrew"},{"floor":18,"key":"Explosive Potion"},{"floor":20,"key":"Swift Potion"},{"floor":21,"key":"DistilledChaos"},{"floor":21,"key":"EntropicBrew"},{"floor":21,"key":"Fire Potion"},{"floor":24,"key":"GamblersBrew"},{"floor":38,"key":"Fire Potion"},{"floor":42,"key":"AttackPotion"}],"is_trial":false,"path_per_floor":["M","M","?","M","M","E","R","M","T","M","M","M","M","?","R","B",null,"M","M","M","?","M","R","M","M","T","$","R","E","?","$","R","B",null,"M","M","M","M","M","E","R","M","T","R","M"],"character_chosen":"IRONCLAD","items_purchased":["Happy Flower","Orrery","Explosive Potion"],"campfire_rested":5,"item_purchase_floors":[27,27,31],"current_hp_per_floor":[74,73,73,73,73,52,52,36,36,25,24,13,4,4,28,26,80,69,69,66,66,62,62,44,29,29,29,53,40,40,40,64,23,80,77,64,60,33,30,14,38,21,21,45,0,0],"gold":242,"neow_bonus":"BOSS_RELIC","is_daily":false,"chose_seed":false,"campfire_upgraded":2,"win_rate":0.0,"timestamp":1612606907,"path_taken":["M","M","?","?","M","E","R","M","T","M","M","M","M","?","R","BOSS","M","M","?","?","M","R","?","M","T","$","R","E","?","?","R","BOSS","M","M","M","M","M","E","R","M","T","R","M"],"items_purchased_type":["Relic","Relic","Potion"],"build_version":"2020-12-22","purchased_purges":1,"victory":false,"max_hp_per_floor":[80,80,80,80,80,80,80,80,80,80,80,80,80,80,80,80,80,80,80,80,80,80,80,80,80,80,80,80,80,80,80,80,80,80,80,80,80,80,80,80,80,80,80,80,80,80],"relic_stats":{"Centennial Puzzle":[29],"Gremlin Horn":[17,18],"Happy Flower":[10],"counters":[27,89],"Gambling Chip":[3],"Charon\u0027s Ashes":[204],"obtain_stats":[{"Potion Belt":6,"Gremlin Horn":9,"Happy Flower":27,"SacredBark":34,"Oddly Smooth Stone":40,"Charon\u0027s Ashes":29,"Frozen Egg 2":30,"Burning Blood":0,"Centennial Puzzle":26,"Gambling Chip":43,"Orrery":27,"Mark of Pain":17,"Runic Pyramid":0},{"Potion Belt":5,"Gremlin Horn":6,"Happy Flower":17,"SacredBark":19,"Oddly Smooth Stone":25,"Charon\u0027s Ashes":18,"Frozen Egg 2":18,"Burning Blood":0,"Centennial Puzzle":17,"Gambling Chip":26,"Orrery":17,"Mark of Pain":11,"Runic Pyramid":0},{"Potion Belt":17,"Gremlin Horn":21,"Happy Flower":59,"SacredBark":66,"Oddly Smooth Stone":83,"Charon\u0027s Ashes":61,"Frozen Egg 2":61,"Burning Blood":0,"Centennial Puzzle":59,"Gambling Chip":86,"Orrery":59,"Mark of Pain":41,"Runic Pyramid":0}]},"card_choices":[{"not_picked":["Warcry","Wild Strike"],"picked":"Rampage","floor":1},{"not_picked":["Flex","Warcry"],"picked":"Iron Wave","floor":2},{"not_picked":["Anger","Thunderclap"],"picked":"Twin Strike","floor":4},{"not_picked":["Havoc","Clash"],"picked":"Anger","floor":5},{"not_picked":["Sword Boomerang","Body Slam"],"picked":"Fiend Fire","floor":6},{"not_picked":["Wild Strike","Battle Trance"],"picked":"Inflame","floor":8},{"not_picked":["Cleave","Wild Strike"],"picked":"Perfected Strike","floor":10},{"not_picked":["Wild Strike","Pommel Strike"],"picked":"Metallicize","floor":11},{"not_picked":["Corruption","Feel No Pain","True Grit"],"picked":"SKIP","floor":12},{"not_picked":["Sword Boomerang","Shockwave"],"picked":"Infernal Blade","floor":13},{"not_picked":["Offering","Berserk"],"picked":"Demon Form","floor":16},{"not_picked":["Thunderclap","Wild Strike"],"picked":"Sword Boomerang","floor":18},{"not_picked":["Headbutt","Power Through"],"picked":"Whirlwind+1","floor":19},{"not_picked":["Clothesline","Reckless Charge"],"picked":"Sword Boomerang+1","floor":20},{"not_picked":["Hemokinesis+1","Body Slam"],"picked":"Searing Blow+1","floor":22},{"not_picked":["Sever Soul","Thunderclap"],"picked":"Double Tap","floor":24},{"not_picked":["True Grit","Iron Wave"],"picked":"Armaments","floor":25},{"not_picked":["Ghostly Armor","Havoc"],"picked":"Dual Wield","floor":27},{"not_picked":["Battle Trance","Metallicize"],"picked":"Armaments+1","floor":27},{"not_picked":["Reaper","Intimidate"],"picked":"Combust+1","floor":27},{"not_picked":["Pommel Strike","Uppercut"],"picked":"Inflame+1","floor":27},{"not_picked":["Armaments","Wild Strike"],"picked":"Inflame+1","floor":27},{"not_picked":["Twin Strike+1","Blood for Blood"],"picked":"Carnage+1","floor":29},{"not_picked":["Reaper","Offering"],"picked":"Fiend Fire","floor":33},{"not_picked":["Shrug It Off+1","Twin Strike+1"],"picked":"Flame Barrier","floor":35},{"not_picked":["Intimidate+1","Entrench+1"],"picked":"Iron Wave+1","floor":36},{"not_picked":["Power Through+1","Clash+1"],"picked":"Thunderclap+1","floor":37},{"not_picked":["Perfected Strike","Wild Strike+1"],"picked":"Twin Strike+1","floor":38},{"not_picked":["Rampage","Entrench"],"picked":"Perfected Strike","floor":39},{"not_picked":["Rampage+1","Disarm"],"picked":"Flex","floor":40},{"not_picked":["Clothesline","Rupture+1"],"picked":"Flame Barrier+1","floor":42}],"player_experience":108202,"relics_obtained":[{"floor":6,"key":"Potion Belt"},{"floor":9,"key":"Gremlin Horn"},{"floor":26,"key":"Centennial Puzzle"},{"floor":29,"key":"Charon\u0027s Ashes"},{"floor":40,"key":"Oddly Smooth Stone"},{"floor":43,"key":"Gambling Chip"}],"event_choices":[{"damage_healed":0,"gold_gain":0,"player_choice":"Got Potions","damage_taken":0,"max_hp_gain":0,"max_hp_loss":0,"event_name":"Lab","floor":3,"gold_loss":0},{"damage_healed":0,"gold_gain":0,"player_choice":"Ignored","damage_taken":0,"max_hp_gain":0,"max_hp_loss":0,"event_name":"NoteForYourself","floor":14,"gold_loss":0},{"damage_healed":0,"gold_gain":0,"player_choice":"Bought 3 Potions","damage_taken":0,"max_hp_gain":0,"max_hp_loss":0,"event_name":"The Woman in Blue","floor":21,"gold_loss":0},{"damage_healed":0,"gold_gain":0,"player_choice":"Obtained Relic","damage_taken":0,"relics_obtained":["Frozen Egg 2"],"max_hp_gain":0,"max_hp_loss":0,"event_name":"Addict","floor":30,"gold_loss":85}],"is_beta":false,"boss_relics":[{"not_picked":["Sozu","Calling Bell"],"picked":"Mark of Pain"},{"not_picked":["Astrolabe","Black Star"],"picked":"SacredBark"}],"items_purged_floors":[27],"is_endless":false,"potions_floor_spawned":[4,10,11,13,16,18,20,24,38,42],"killed_by":"Writhing Mass","ascension_level":0}}