{"host":"v4uyxn0vi5l8udd0","time":1612633568,"event":{"mods":["AchievementEnabler","BaseMod","Downfall","Minty Spire (QoL Compilation)","StSLib","The Cursed","The Servant 0.9.4"],"gold_per_floor":[99,116,129,147,147,178,205,205,205,105,115,115,133,43,60,155,155,155,168,168,185,185,202,226,226,111,121,156,156,185,185,185,185],"floor_reached":31,"language":"ENG","playtime":1601,"items_purged":["hexamod:Strike","hexamod:Strike+1"],"score":300,"play_id":"0d375923-048f-40b1-a202-c11538438549","local_time":"20210206184608","is_ascension_mode":false,"campfire_choices":[{"data":"hexamod:Sear","floor":1,"key":"SMITH"},{"data":"hexamod:Firestarter","floor":10,"key":"SMITH"},{"data":"hexamod:ThermalTransfer","floor":12,"key":"SMITH"},{"floor":18,"key":"RECALL"},{"floor":29,"key":"REST"}],"circlet_count":0,"master_deck":["hexamod:Strike+1","hexamod:Defend","hexamod:Defend+1","hexamod:Defend+1","hexamod:Defend","hexamod:Sear+1","hexamod:Float+1","hexamod:HeatMetal+1","hexamod:Firestarter+1","hexamod:AdvancingGuard+1","hexamod:SixthSeal","hexamod:ThermalTransfer+1","hexamod:BurningTouch+1","hexamod:StepThrough","hexamod:GhostOfSpirePresent+1","hexamod:ChargedBarrage+1","hexamod:ShieldOfDarkness+1","hexamod:FirstSeal","hexamod:SoulSteal+1","hexamod:RadiantFlame","hexamod:HauntingEcho+1"],"relics":["hexamod:SpiritBrand","Vajra","downfall:HeartBlessingBlue","Fusion Hammer","Omamori","Toxic Egg 2","PreservedInsect"],"acts_visited":["Exordium","TheCity"],"potions_floor_usage":[6,16,27,30],"damage_taken":[{"damage":0,"enemies":"2 Louse","floor":2,"turns":4},{"damage":0,"enemies":"Small Slimes","floor":3,"turns":3},{"damage":1,"enemies":"Jaw Worm","floor":4,"turns":3},{"damage":12,"enemies":"3 Sentries","floor":6,"turns":9},{"damage":7,"enemies":"Red Slaver","floor":11,"turns":4},{"damage":0,"enemies":"Blue Slaver","floor":13,"turns":3},{"damage":0,"enemies":"downfall:FleeingMerchant","floor":14,"turns":4},{"damage":5,"enemies":"3 Louse","floor":15,"turns":4},{"damage":22,"enemies":"WA_ARCHETYPE_RETAIN","floor":16,"turns":6},{"damage":10,"enemies":"3 Byrds","floor":19,"turns":7},{"damage":11,"enemies":"Shell Parasite","floor":21,"turns":7},{"damage":0,"enemies":"Snecko","floor":23,"turns":5},{"damage":2,"enemies":"downfall:FleeingMerchant","floor":26,"turns":4},{"damage":8,"enemies":"3 Cultists","floor":27,"turns":3},{"damage":54,"enemies":"Slavers","floor":28,"turns":7},{"damage":27,"enemies":"Gremlin Leader","floor":30,"turns":5},{"damage":25,"enemies":"Shelled Parasite and Fungi","floor":31,"turns":3}],"seed_played":"734747602484609392","potions_obtained":[{"floor":4,"key":"hexamod:DoubleChargePotion"},{"floor":6,"key":"LiquidMemories"},{"floor":23,"key":"Swift Potion"},{"floor":27,"key":"bronze:BurnAndBuffPotion"},{"floor":28,"key":"hexamod:SoulburnPotion"},{"floor":30,"key":"hexamod:EctoCoolerPotion"}],"is_trial":false,"path_per_floor":["R","M","M","M","?","E","T","?","?","R","M","R","M","$","M","B",null,"R","M","?","M","?","M","T","?","$","M","E","R","E","M"],"character_chosen":"THE_SPIRIT","items_purchased":[],"campfire_rested":1,"item_purchase_floors":[],"current_hp_per_floor":[70,70,70,69,74,62,62,62,62,72,65,65,65,65,60,38,85,85,75,75,64,57,57,57,57,62,61,14,39,19,0,0,0],"gold":185,"neow_bonus":"UPGRADE_CARD","is_daily":false,"chose_seed":false,"campfire_upgraded":3,"win_rate":0.0,"timestamp":1612633568,"path_taken":["R","M","M","M","?","E","T","?","?","R","?","R","M","$","M","BOSS","R","M","?","M","?","M","T","?","$","M","E","R","E","M"],"items_purchased_type":[],"build_version":"2020-12-22","purchased_purges":2,"victory":false,"max_hp_per_floor":[70,70,70,70,75,75,75,75,75,85,85,85,85,85,85,85,85,85,85,85,85,85,85,85,85,85,85,85,85,85,85,85,85],"card_choices":[{"not_picked":["hexamod:GhostLash","hexamod:SwordOfDarkness"],"picked":"hexamod:HeatMetal","floor":2},{"not_picked":["hexamod:SpectersWail","hexamod:HeatCrush"],"picked":"hexamod:Firestarter","floor":3},{"not_picked":["hexamod:GhostShield","hexamod:UnlimitedPower"],"picked":"hexamod:AdvancingGuard","floor":4},{"not_picked":["hexamod:RecurringNightmare","hexamod:SoulSteal"],"picked":"hexamod:SixthSeal","floor":6},{"not_picked":["hexamod:AdvancingGuard","hexamod:GhostOfSpirePast"],"picked":"hexamod:ThermalTransfer","floor":11},{"not_picked":["hexamod:SwordOfDarkness","hexamod:GhostflameBarrier"],"picked":"hexamod:BurningTouch","floor":13},{"not_picked":["hexamod:FastForward","hexamod:BacktrackSmack"],"picked":"hexamod:StepThrough","floor":14},{"not_picked":["hexamod:Firestarter","hexamod:SpectersWail","hexamod:HeatMetal"],"picked":"SKIP","floor":15},{"not_picked":["hexamod:TimeWarp","hexamod:UnlimitedPower"],"picked":"hexamod:GhostOfSpirePresent","floor":16},{"not_picked":["hexamod:HeatMetal","hexamod:EtherealExpedition"],"picked":"hexamod:ChargedBarrage+1","floor":19},{"not_picked":["hexamod:RecurringNightmare","hexamod:FourthSeal","hexamod:SpectralAdrenaline+1"],"picked":"SKIP","floor":21},{"not_picked":["hexamod:SwordOfDarkness","hexamod:InspiringFlames","hexamod:NightmareStrike"],"picked":"SKIP","floor":23},{"not_picked":["hexamod:TurnItUp","hexamod:Rewind+1"],"picked":"hexamod:SoulSteal+1","floor":26},{"not_picked":["hexamod:GhostLash","hexamod:SwordOfDarkness","hexamod:ThermalTransfer+1"],"picked":"SKIP","floor":27},{"not_picked":["hexamod:FastForward+1","hexamod:ThirdSeal"],"picked":"hexamod:RadiantFlame","floor":28},{"not_picked":["hexamod:FastForward+1","hexamod:GhostOfSpireFuture+1"],"picked":"hexamod:HauntingEcho+1","floor":30}],"player_experience":687258,"relics_obtained":[{"floor":6,"key":"Vajra"},{"floor":24,"key":"Omamori"},{"floor":28,"key":"Toxic Egg 2"},{"floor":30,"key":"PreservedInsect"}],"event_choices":[{"damage_healed":0,"gold_gain":0,"player_choice":"Donut","damage_taken":0,"max_hp_gain":5,"max_hp_loss":0,"event_name":"Big Fish","floor":5,"gold_loss":0},{"damage_healed":0,"gold_gain":0,"player_choice":"Grow","damage_taken":0,"max_hp_gain":0,"max_hp_loss":0,"event_name":"Living Wall","floor":8,"gold_loss":0,"cards_upgraded":["hexamod:HeatMetal"]},{"damage_healed":0,"gold_gain":0,"player_choice":"Ignored","damage_taken":0,"max_hp_gain":0,"max_hp_loss":0,"event_name":"NoteForYourself","floor":9,"gold_loss":0},{"damage_healed":0,"gold_gain":0,"player_choice":"Read","damage_taken":0,"max_hp_gain":0,"max_hp_loss":0,"event_name":"The Library","floor":20,"gold_loss":0,"cards_obtained":["hexamod:ShieldOfDarkness"]}],"is_beta":false,"boss_relics":[{"not_picked":["Coffee Dripper","Black Star"],"picked":"Fusion Hammer"}],"items_purged_floors":[14,26],"is_endless":false,"potions_floor_spawned":[4,6,23,27,28,30],"killed_by":"Shelled Parasite and Fungi","ascension_level":0}}