{"host":"j0e3xzyxe6w4yncp","time":1612642251,"event":{"mods":["2.2 Compatiblity","BaseMod","Colored Map","Colored Powertips","Downfall","Minty Spire (QoL Compilation)","Quick Restart","Shop Mod","StSLib"],"gold_per_floor":[99,99,99,99,156,156,156,183,195,95,112,13,13,24,43,143,143,43,57,71,10,25,45,91,103,136,136,136,136,36,55,67,163,163,163,11,30,30,41,41,41,41,41,41,52,82,82,108,127,127,127,127],"floor_reached":50,"language":"ENG","playtime":3693,"items_purged":[],"score":585,"play_id":"7e768fc9-dc24-4525-a6bb-36fed67f129b","local_time":"20210206151051","is_ascension_mode":false,"campfire_choices":[{"floor":1.0,"key":"RECALL"},{"data":"champ:RapidStrikes","floor":10.0,"key":"SMITH"},{"data":"champ:EndlessRage","floor":13.0,"key":"SMITH"},{"floor":18.0,"key":"DIG"},{"floor":30.0,"key":"REST"},{"data":"champ:TripleStrike","floor":35.0,"key":"SMITH"},{"data":"champ:TripleStrike","floor":40.0,"key":"SMITH"},{"floor":42.0,"key":"DIG"},{"data":"champ:BerserkerStyle","floor":44.0,"key":"SMITH"},{"floor":47.0,"key":"DIG"}],"circlet_count":0,"master_deck":["champ:Strike","champ:Strike","champ:Strike","champ:Strike+1","champ:Defend","champ:Defend+1","champ:Defend","champ:Defend","champ:Execute","champ:Taunt+1","champ:ShieldSigil","champ:AdrenalArmor","champ:PerfectedStrike","champ:RapidStrikes+1","champ:AdrenalArmor","champ:FaceSlap","champ:EndlessRage+1","champ:BladeFlurry","champ:TripleStrike+1","champ:TripleStrike+1","champ:FanOfKnives","champ:AdrenalArmor","champ:AdrenalArmor+1","champ:PerfectedStrike+1","champ:RecklessLeap","champ:Taunt+1","champ:EnGarde+1","champ:EnGarde","champ:PerfectedStrike+1","champ:BerserkerStyle+1","champ:ShieldSlam","champ:Duel","Parasite","champ:Lariat+1","champ:EnGarde+1","champ:ShieldWall+1"],"relics":["champ:ChampionCrown","downfall:HeartsMalice","StrikeDummy","Shovel","Odd Mushroom","downfall:HeartBlessingRed","Empty Cage","downfall:HeartBlessingBlue","Bag of Preparation","Juzu Bracelet","Strawberry","downfall:HeartBlessingGreen","Philosopher\u0027s Stone","Kunai","Orichalcum","HornCleat","Lizard Tail","Frozen Egg 2","Ancient Tea Set","White Beast Statue"],"acts_visited":["Exordium","TheCity","TheBeyond"],"potions_floor_usage":[48,48,50],"damage_taken":[{"damage":0.0,"enemies":"Small Slimes","floor":2.0,"turns":1.0},{"damage":0.0,"enemies":"Lagavulin Event","floor":5.0,"turns":1.0},{"damage":0.0,"enemies":"Jaw Worm","floor":6.0,"turns":1.0},{"damage":45.0,"enemies":"The Mushroom Lair","floor":8.0,"turns":5.0},{"damage":0.0,"enemies":"2 Louse","floor":9.0,"turns":1.0},{"damage":4.0,"enemies":"2 Fungi Beasts","floor":11.0,"turns":3.0},{"damage":20.0,"enemies":"downfall:FleeingMerchant","floor":12.0,"turns":4.0},{"damage":0.0,"enemies":"Large Slime","floor":14.0,"turns":2.0},{"damage":45.0,"enemies":"Gremlin Gang","floor":15.0,"turns":4.0},{"damage":91.0,"enemies":"SI_SHIV_ARCHETYPE","floor":16.0,"turns":6.0},{"damage":10.0,"enemies":"Shell Parasite","floor":19.0,"turns":2.0},{"damage":63.0,"enemies":"Shelled Parasite and Fungi","floor":20.0,"turns":4.0},{"damage":45.0,"enemies":"downfall:FleeingMerchant","floor":21.0,"turns":4.0},{"damage":47.0,"enemies":"Centurion and Healer","floor":22.0,"turns":5.0},{"damage":40.0,"enemies":"Cultist and Chosen","floor":23.0,"turns":4.0},{"damage":49.0,"enemies":"Shelled Parasite and Fungi","floor":25.0,"turns":4.0},{"damage":58.0,"enemies":"Slavers","floor":26.0,"turns":6.0},{"damage":26.0,"enemies":"Sentry and Sphere","floor":31.0,"turns":4.0},{"damage":40.0,"enemies":"Snake Plant","floor":32.0,"turns":4.0},{"damage":70.0,"enemies":"WA_ARCHETYPE_CALM","floor":33.0,"turns":8.0},{"damage":35.0,"enemies":"downfall:FleeingMerchant","floor":36.0,"turns":2.0},{"damage":22.0,"enemies":"Orb Walker","floor":37.0,"turns":2.0},{"damage":44.0,"enemies":"3 Shapes","floor":39.0,"turns":3.0},{"damage":99.0,"enemies":"Writhing Mass","floor":45.0,"turns":4.0},{"damage":146.0,"enemies":"Reptomancer","floor":46.0,"turns":5.0},{"damage":140,"enemies":"Giant Head","floor":48,"turns":9},{"damage":63,"enemies":"4 Shapes","floor":49,"turns":4},{"damage":134,"enemies":"IC_BLOCK_ARCHETYPE","floor":50,"turns":6}],"seed_played":"-1403588527948186130","potions_obtained":[{"floor":9.0,"key":"SmokeBomb"},{"floor":11.0,"key":"EntropicBrew"},{"floor":14.0,"key":"champ:CounterPotion"},{"floor":16.0,"key":"GamblersBrew"},{"floor":20.0,"key":"ColorlessPotion"},{"floor":25.0,"key":"Dexterity Potion"},{"floor":26.0,"key":"Regen Potion"},{"floor":32.0,"key":"FearPotion"},{"floor":39.0,"key":"AttackPotion"},{"floor":45.0,"key":"PowerPotion"},{"floor":46.0,"key":"Slimebound:ThreeZeroPotion"},{"floor":49,"key":"EssenceOfSteel"}],"is_trial":false,"path_per_floor":["R","M","?","T","?","M","T","?","M","R","M","$","R","M","M","B",null,"R","M","M","$","M","M","T","M","E","?","?","?","R","M","M","B",null,"R","?","M","?","M","R","T","R","?","R","M","E","R","E","M","B"],"character_chosen":"THE_CHAMP","items_purchased":["champ:EndlessRage","champ:BladeFlurry","champ:AdrenalArmor","champ:BerserkerStyle","Kunai","Orichalcum"],"campfire_rested":1,"item_purchase_floors":[12,12,21,36,36,36],"current_hp_per_floor":[90,90,90,90,90,90,90,75,75,75,71,66,66,66,56,40,90,100,100,77,72,50,50,50,39,33,33,33,33,65,61,31,16,107,107,107,105,105,96,96,96,96,107,107,107,81,81,59,45,0,0,0],"gold":127,"neow_bonus":"THREE_ENEMY_KILL","is_daily":false,"chose_seed":false,"campfire_upgraded":5,"win_rate":0.0,"timestamp":1612642251,"path_taken":["R","M","?","?","?","M","T","?","M","R","M","$","R","M","M","BOSS","R","M","M","$","M","M","T","M","E","?","?","?","R","M","M","BOSS","R","?","M","?","M","R","T","R","?","R","M","E","R","E","M","BOSS"],"items_purchased_type":["Card","Card","Card","Card","Relic","Relic"],"build_version":"2020-12-22","purchased_purges":0,"victory":false,"max_hp_per_floor":[90,90,90,90,90,90,90,90,90,90,90,90,90,90,90,90,90,100,100,100,100,100,100,100,100,107,107,107,107,107,107,107,107,107,107,107,107,107,107,107,107,107,107,107,107,107,107,107,107,107,107,107],"card_choices":[{"not_picked":["champ:DefensiveShout","champ:BladeFlurry"],"picked":"champ:ShieldSigil","floor":2.0},{"not_picked":["champ:TornadoPunch","champ:PreemptiveStrike"],"picked":"champ:AdrenalArmor","floor":5.0},{"not_picked":["champ:DefensiveShout","champ:BerserkersShout"],"picked":"champ:EnragedBash","floor":6.0},{"not_picked":["champ:DefensiveShout","champ:SetATrap"],"picked":"champ:PerfectedStrike","floor":8.0},{"not_picked":["champ:SkillfulDodge","champ:FlashCut"],"picked":"champ:RapidStrikes","floor":9.0},{"not_picked":["champ:EnragedBash","champ:BerserkerStyle"],"picked":"champ:AdrenalArmor","floor":11.0},{"not_picked":["champ:Circumvent","champ:FancyFootwork"],"picked":"champ:FaceSlap","floor":12.0},{"not_picked":["champ:FancyFootwork","champ:PreciseThrust"],"picked":"champ:TripleStrike","floor":14.0},{"not_picked":["champ:Shatter","champ:Haymaker","champ:EnragedBash"],"picked":"SKIP","floor":15.0},{"not_picked":["champ:LastStand","champ:HoldFirm"],"picked":"champ:TripleStrike","floor":16.0},{"not_picked":["champ:IronFortress","champ:CrownThrow","champ:Haymaker"],"picked":"SKIP","floor":19.0},{"not_picked":["champ:HeartStrike+1","champ:Backstep+1"],"picked":"champ:CrookedStrike","floor":20.0},{"not_picked":["champ:FlashCut","champ:EnragedBash"],"picked":"champ:FanOfKnives","floor":21.0},{"not_picked":["champ:HeartStrike","champ:BladeFlurry"],"picked":"champ:AdrenalArmor+1","floor":22.0},{"not_picked":["champ:Shatter","champ:SkillfulDodge+1","champ:PreciseThrust"],"picked":"SKIP","floor":23.0},{"not_picked":["champ:SetATrap+1","champ:ShieldThrow"],"picked":"champ:PerfectedStrike+1","floor":25.0},{"not_picked":["champ:Backstep+1","champ:DefensiveShout+1"],"picked":"champ:RecklessLeap","floor":26.0},{"not_picked":["champ:SetATrap","champ:StanceDance"],"picked":"champ:EnGarde+1","floor":31.0},{"not_picked":["champ:DefensiveShout+1","champ:DeathBlow+1"],"picked":"champ:EnGarde","floor":32.0},{"not_picked":["champ:HoldFirm","champ:DancingMaster"],"picked":"champ:VampiricStrike","floor":33.0},{"not_picked":["champ:SkillfulDodge+1","champ:EndlessRage"],"picked":"champ:PerfectedStrike+1","floor":36.0},{"not_picked":["champ:GutPunch+1","champ:StanceDance+1"],"picked":"champ:ShieldSlam","floor":37.0},{"not_picked":["champ:StanceDance","champ:FalseCounter"],"picked":"champ:Duel","floor":39.0},{"not_picked":["champ:Duel+1","champ:SwordSigil"],"picked":"champ:Lariat+1","floor":45.0},{"not_picked":["champ:GutPunch","champ:Circumvent"],"picked":"champ:EnGarde+1","floor":46.0},{"not_picked":["champ:GutPunch+1","champ:BerserkersShout+1"],"picked":"champ:ShieldWall+1","floor":48},{"not_picked":["champ:FalseCounter","champ:BladeFlurry","champ:ShieldSigil+1"],"picked":"SKIP","floor":49}],"player_experience":683218,"relics_obtained":[{"floor":4.0,"key":"StrikeDummy"},{"floor":5.0,"key":"Shovel"},{"floor":8.0,"key":"Odd Mushroom"},{"floor":18.0,"key":"Bag of Preparation"},{"floor":24.0,"key":"Juzu Bracelet"},{"floor":26.0,"key":"Strawberry"},{"floor":41.0,"key":"HornCleat"},{"floor":42.0,"key":"Lizard Tail"},{"floor":46.0,"key":"Frozen Egg 2"},{"floor":47.0,"key":"Ancient Tea Set"},{"floor":48,"key":"White Beast Statue"}],"event_choices":[{"damage_healed":0.0,"max_hp_gain":0.0,"max_hp_loss":0.0,"gold_gain":0.0,"event_name":"Mushrooms","player_choice":"Fought Mushrooms","floor":8.0,"gold_loss":0.0,"damage_taken":0.0},{"cards_removed":["champ:VampiricStrike"],"damage_healed":0.0,"max_hp_gain":0.0,"max_hp_loss":0.0,"gold_gain":0.0,"event_name":"Falling","player_choice":"Removed Attack","floor":38.0,"gold_loss":0.0,"damage_taken":0.0},{"cards_removed":["champ:CrookedStrike"],"damage_healed":11.0,"max_hp_gain":0.0,"max_hp_loss":0.0,"gold_gain":0.0,"event_name":"Bonfire Elementals","player_choice":"Offered Uncommon","floor":43.0,"gold_loss":0.0,"damage_taken":0.0}],"is_beta":false,"boss_relics":[{"not_picked":["Pandora\u0027s Box","Runic Pyramid"],"picked":"Empty Cage"},{"not_picked":["SlaversCollar","Sozu"],"picked":"Philosopher\u0027s Stone"}],"items_purged_floors":[],"is_endless":false,"potions_floor_spawned":[9,11,14,16,20,25,26,32,39,45,46,49],"killed_by":"IC_BLOCK_ARCHETYPE","ascension_level":0}}