{"host":"vyjryxuuuxkt43k4","time":1612624245,"event":{"mods":["AchievementEnabler","BaseMod","Colored Map","DeckTracker","Highlight Path","Keyboard Shortcuts","Minty Spire (QoL Compilation)","Permanent Neow","Quick Restart","StSLib","SuperFastMode","everything is the same but u backflip on backflip"],"gold_per_floor":[114,114,130,130,130,130,157,157,203,233,233,260,276,276,276,376,376,388,92,92,44,77,77,112,112,112,122,99,99,99,125,125,221,221,238,9,9,20,20,20,242,242,266,297,309,369,112,122,122,122],"floor_reached":51,"language":"KOR","playtime":1100,"items_purged":[],"score":804,"play_id":"3f216a1a-80d5-4389-aff6-4ff6439c5407","local_time":"20210207001045","is_ascension_mode":true,"campfire_choices":[{"data":"Perfected Strike","floor":6.0,"key":"SMITH"},{"data":"Offering","floor":8.0,"key":"SMITH"},{"data":"Shockwave","floor":11.0,"key":"SMITH"},{"data":"Bash","floor":15.0,"key":"SMITH"},{"data":"Pommel Strike","floor":23.0,"key":"SMITH"},{"data":"Shrug It Off","floor":25.0,"key":"SMITH"},{"data":"Immolate","floor":32.0,"key":"SMITH"},{"data":"Shrug It Off","floor":40,"key":"SMITH"},{"data":"Secret Weapon","floor":45,"key":"SMITH"},{"floor":49,"key":"REST"}],"circlet_count":0,"master_deck":["Strike_R","Strike_R","Strike_R+1","Strike_R+1","Strike_R","Defend_R","Defend_R","Bash+1","Perfected Strike+1","Headbutt","Offering+1","Shockwave+1","Twin Strike","Immolate+1","Shrug It Off+1","Pommel Strike+1","Shrug It Off+1","Spot Weakness+1","Offering+1","Rupture+1","Secret Weapon+1","Panacea","Blind","Shrug It Off+1","Perfected Strike+1"],"relics":["Black Blood","Juzu Bracelet","Bronze Scales","Blood Vial","Pen Nib","Snecko Eye","Paper Frog","Red Mask","Mummified Hand","Gambling Chip","MutagenicStrength","Pantograph","Lantern","MawBank","Champion Belt","DollysMirror"],"acts_visited":["Exordium","TheCity","TheBeyond"],"potions_floor_usage":[48,50,50,50],"damage_taken":[{"damage":6.0,"enemies":"2 Louse","floor":1.0,"turns":3.0},{"damage":6.0,"enemies":"Jaw Worm","floor":3.0,"turns":3.0},{"damage":14.0,"enemies":"Gremlin Nob","floor":7.0,"turns":3.0},{"damage":19.0,"enemies":"3 Sentries","floor":10.0,"turns":3.0},{"damage":20.0,"enemies":"Gremlin Nob","floor":12.0,"turns":2.0},{"damage":11.0,"enemies":"Small Slimes","floor":13.0,"turns":1.0},{"damage":25.0,"enemies":"Hexaghost","floor":16.0,"turns":6.0},{"damage":10.0,"enemies":"Spheric Guardian","floor":18.0,"turns":3.0},{"damage":6.0,"enemies":"Masked Bandits","floor":22.0,"turns":2.0},{"damage":6.0,"enemies":"Book of Stabbing","floor":24.0,"turns":2.0},{"damage":0.0,"enemies":"2 Thieves","floor":27.0,"turns":1.0},{"damage":0.0,"enemies":"Gremlin Leader","floor":31.0,"turns":2.0},{"damage":48.0,"enemies":"Automaton","floor":33.0,"turns":6.0},{"damage":6.0,"enemies":"Orb Walker","floor":35.0,"turns":1.0},{"damage":0,"enemies":"3 Darklings","floor":38,"turns":1},{"damage":8,"enemies":"Jaw Worm Horde","floor":44,"turns":2},{"damage":30,"enemies":"2 Orb Walkers","floor":46,"turns":3},{"damage":23,"enemies":"Spire Growth","floor":48,"turns":5},{"damage":66,"enemies":"Time Eater","floor":50,"turns":7}],"seed_played":"-87101357543616622","potions_obtained":[{"floor":1.0,"key":"ColorlessPotion"},{"floor":7.0,"key":"Explosive Potion"},{"floor":12.0,"key":"DistilledChaos"},{"floor":18.0,"key":"SmokeBomb"},{"floor":22.0,"key":"Dexterity Potion"},{"floor":31.0,"key":"SkillPotion"},{"floor":48,"key":"Dexterity Potion"}],"is_trial":false,"path_per_floor":["M","?","M","?","?","R","E","R","T","E","R","E","M","?","R","B",null,"M","$","?","$","?","R","E","R","T","M","$","?","?","E","R","B",null,"M","$","?","M","?","R","?","?","T","M","R","?","$","M","R","B",null],"character_chosen":"IRONCLAD","items_purchased":["Paper Frog","BloodPotion","Shrug It Off","Shrug It Off","Regen Potion","Lantern","DollysMirror","DistilledChaos","PowerPotion"],"campfire_rested":1,"item_purchase_floors":[19,19,21,28,36,36,47,47,47],"current_hp_per_floor":[80,80,80,64,69,69,61,61,61,48,48,36,33,33,33,16,85,81,81,81,81,83,83,85,85,85,85,85,85,85,85,85,43,85,85,85,85,85,81,81,81,71,71,77,77,61,61,52,76,36],"gold":122,"neow_bonus":"THREE_CARDS","is_daily":false,"chose_seed":false,"campfire_upgraded":9,"win_rate":0.0,"timestamp":1612624245,"path_taken":["M","?","M","?","?","R","E","R","T","E","R","E","M","?","R","BOSS","M","$","?","?","?","R","E","R","T","M","$","?","?","E","R","BOSS","M","$","?","M","?","R","?","?","T","M","R","?","$","M","R","BOSS"],"items_purchased_type":["Relic","Potion","Card","Card","Potion","Relic","Relic","Potion","Potion"],"build_version":"2020-12-22","purchased_purges":0,"victory":true,"max_hp_per_floor":[80,80,80,80,85,85,85,85,85,85,85,85,85,85,85,85,85,85,85,85,85,85,85,85,85,85,85,85,85,85,85,85,85,85,85,85,85,85,81,81,81,81,81,81,81,81,81,81,81,81],"card_choices":[{"not_picked":["Battle Trance","Rampage"],"picked":"Perfected Strike","floor":0.0},{"not_picked":["Infernal Blade","Carnage"],"picked":"Headbutt","floor":1.0},{"not_picked":["True Grit","Thunderclap","Seeing Red"],"picked":"SKIP","floor":3.0},{"not_picked":["Shrug It Off","Double Tap"],"picked":"Offering","floor":7.0},{"not_picked":["Intimidate","Corruption"],"picked":"Shockwave","floor":10.0},{"not_picked":["Limit Break","Dual Wield","Cleave"],"picked":"SKIP","floor":12.0},{"not_picked":["Iron Wave","Reckless Charge"],"picked":"Twin Strike","floor":13.0},{"not_picked":["Limit Break","Reaper"],"picked":"Immolate","floor":16.0},{"not_picked":["Dark Embrace","Clash+1","Thunderclap+1"],"picked":"SKIP","floor":18.0},{"not_picked":["Spot Weakness","Clothesline+1"],"picked":"Pommel Strike","floor":22.0},{"not_picked":["Juggernaut","Fire Breathing","True Grit"],"picked":"SKIP","floor":24.0},{"not_picked":["Sword Boomerang","Havoc+1","Shockwave"],"picked":"SKIP","floor":27.0},{"not_picked":["Thunderclap+1","Fiend Fire"],"picked":"Spot Weakness+1","floor":31.0},{"not_picked":["Feed","Brutality"],"picked":"Offering","floor":33.0},{"not_picked":["Rupture+1","Thunderclap","Searing Blow"],"picked":"SKIP","floor":35.0},{"not_picked":["Thunderclap","Searing Blow"],"picked":"Rupture+1","floor":35.0},{"not_picked":["Havoc+1","Iron Wave","Hemokinesis"],"picked":"SKIP","floor":38},{"not_picked":["Dramatic Entrance","PanicButton"],"picked":"Secret Weapon","floor":42},{"not_picked":["Dark Shackles","Forethought"],"picked":"Panacea","floor":42},{"not_picked":["Panacea","Mayhem"],"picked":"Blind","floor":42},{"not_picked":["Flex","Heavy Blade+1"],"picked":"Shrug It Off+1","floor":44},{"not_picked":["Thunderclap","Headbutt","Body Slam"],"picked":"SKIP","floor":48}],"player_experience":805750,"relics_obtained":[{"floor":7.0,"key":"Juzu Bracelet"},{"floor":9.0,"key":"Bronze Scales"},{"floor":10.0,"key":"Blood Vial"},{"floor":12.0,"key":"Pen Nib"},{"floor":22.0,"key":"Red Mask"},{"floor":24.0,"key":"Mummified Hand"},{"floor":26.0,"key":"Gambling Chip"},{"floor":31.0,"key":"Pantograph"},{"floor":43,"key":"MawBank"},{"floor":46,"key":"Champion Belt"}],"event_choices":[{"damage_healed":0.0,"max_hp_gain":0.0,"max_hp_loss":0.0,"gold_gain":0.0,"event_name":"Liars Game","player_choice":"Ignored","floor":2.0,"gold_loss":0.0,"damage_taken":0.0},{"damage_healed":0.0,"max_hp_gain":0.0,"max_hp_loss":0.0,"gold_gain":0.0,"event_name":"Shining Light","player_choice":"Entered Light","floor":4.0,"gold_loss":0.0,"damage_taken":16.0,"cards_upgraded":["Strike_R","Strike_R"]},{"damage_healed":0.0,"max_hp_gain":5.0,"max_hp_loss":0.0,"gold_gain":0.0,"event_name":"Big Fish","player_choice":"Donut","floor":5.0,"gold_loss":0.0,"damage_taken":0.0},{"cards_removed":["Defend_R"],"damage_healed":0.0,"max_hp_gain":0.0,"max_hp_loss":0.0,"gold_gain":0.0,"event_name":"Purifier","player_choice":"Purged","floor":14.0,"gold_loss":0.0,"damage_taken":0.0},{"cards_removed":["Defend_R"],"damage_healed":0.0,"max_hp_gain":0.0,"max_hp_loss":0.0,"gold_gain":0.0,"event_name":"Bonfire Elementals","player_choice":"Offered Basic","floor":20.0,"gold_loss":0.0,"damage_taken":0.0},{"damage_healed":0.0,"max_hp_gain":0.0,"max_hp_loss":0.0,"gold_gain":0.0,"event_name":"Masked Bandits","player_choice":"Fought Bandits","floor":22.0,"gold_loss":0.0,"damage_taken":0.0},{"damage_healed":0.0,"max_hp_gain":0.0,"max_hp_loss":0.0,"gold_gain":0.0,"event_name":"Drug Dealer","player_choice":"Inject Mutagens","floor":29.0,"gold_loss":0.0,"damage_taken":0.0,"relics_obtained":["MutagenicStrength"]},{"damage_healed":0.0,"max_hp_gain":0.0,"max_hp_loss":0.0,"gold_gain":0.0,"event_name":"Vampires","player_choice":"Ignored","floor":30.0,"gold_loss":0.0,"damage_taken":0.0},{"damage_healed":0,"gold_gain":0,"player_choice":"Forge","damage_taken":0,"max_hp_gain":0,"max_hp_loss":0,"event_name":"Accursed Blacksmith","floor":37,"gold_loss":0,"cards_upgraded":["Offering"]},{"damage_healed":0,"gold_gain":0,"player_choice":"Max HP","damage_taken":0,"max_hp_gain":0,"max_hp_loss":4,"event_name":"Winding Halls","floor":39,"gold_loss":0},{"damage_healed":0,"gold_gain":222,"player_choice":"Wore Mask","damage_taken":0,"max_hp_gain":0,"max_hp_loss":0,"event_name":"Tomb of Lord Red Mask","floor":41,"gold_loss":0},{"damage_healed":0,"gold_gain":0,"player_choice":"Memory 3","damage_taken":10,"max_hp_gain":0,"max_hp_loss":0,"event_name":"SensoryStone","floor":42,"gold_loss":0},{"damage_healed":0,"gold_gain":0,"player_choice":"Fight","damage_taken":0,"max_hp_gain":0,"max_hp_loss":0,"event_name":"Mysterious Sphere","floor":46,"gold_loss":0}],"is_beta":false,"boss_relics":[{"not_picked":["Runic Cube","Busted Crown"],"picked":"Snecko Eye"},{"not_picked":["Tiny House","Pandora\u0027s Box"],"picked":"Black Blood"}],"items_purged_floors":[],"is_endless":false,"potions_floor_spawned":[1,7,12,18,22,31,48],"ascension_level":1}}