{"host":"sian7qp8a9pc9xwd","time":1612569718,"event":{"mods":["BaseMod","Minty Spire (QoL Compilation)","StSLib","SuperFastMode"],"gold_per_floor":[109,109,109,43,57,57,67,217,217,249,262,282,293,293,293,293,293],"floor_reached":16,"language":"ENG","playtime":442,"items_purged":[],"score":184,"play_id":"3ab7d6dd-71bb-49d4-91a2-0ce061643ac1","local_time":"20210205190158","is_ascension_mode":true,"campfire_choices":[{"data":"Dualcast","floor":6,"key":"SMITH"},{"floor":15,"key":"REST"}],"circlet_count":0,"master_deck":["AscendersBane","Strike_B","Strike_B","Strike_B","Strike_B","Defend_B","Defend_B","Defend_B","Defend_B","Zap+1","Dualcast+1","Beam Cell","Gash","Go for the Eyes","Hologram","Gash"],"relics":["Cracked Core","WingedGreaves","Boot","Orichalcum","Matryoshka","Nunchaku"],"acts_visited":["Exordium"],"potions_floor_usage":[11,11,12,16],"damage_taken":[{"damage":4,"enemies":"Jaw Worm","floor":1,"turns":4},{"damage":1,"enemies":"2 Louse","floor":5,"turns":2},{"damage":1,"enemies":"Cultist","floor":7,"turns":3},{"damage":19,"enemies":"Gremlin Nob","floor":10,"turns":4},{"damage":9,"enemies":"3 Louse","floor":11,"turns":2},{"damage":2,"enemies":"2 Fungi Beasts","floor":12,"turns":3},{"damage":0,"enemies":"Blue Slaver","floor":13,"turns":2},{"damage":19,"enemies":"The Guardian","floor":16,"turns":4}],"seed_played":"2981250485228225486","potions_obtained":[{"floor":10,"key":"EntropicBrew"},{"floor":12,"key":"Block Potion"}],"is_trial":false,"path_per_floor":["M","?","?","?","M","R","M","?","T","E","M","M","M","?","R","B"],"character_chosen":"DEFECT","items_purchased":[],"campfire_rested":1,"item_purchase_floors":[],"current_hp_per_floor":[60,60,42,42,41,41,40,40,40,21,12,10,10,3,22,3,3],"gold":293,"neow_bonus":"ONE_RARE_RELIC","is_daily":false,"chose_seed":false,"campfire_upgraded":1,"win_rate":0.0,"timestamp":1612569718,"path_taken":["M","?","?","?","?","R","M","?","T","E","M","M","M","?","R","BOSS"],"items_purchased_type":[],"build_version":"2020-12-22","purchased_purges":0,"victory":false,"max_hp_per_floor":[64,64,64,64,64,64,64,64,64,64,64,64,64,64,64,64,64],"card_choices":[{"not_picked":["Streamline","Hologram"],"picked":"Beam Cell","floor":1},{"not_picked":["Go for the Eyes","Undo"],"picked":"Gash","floor":5},{"not_picked":["Coolheaded","Conserve Battery"],"picked":"Go for the Eyes","floor":7},{"not_picked":["Stack","White Noise"],"picked":"Hologram","floor":10},{"not_picked":["Glacier","Self Repair","Consume"],"picked":"SKIP","floor":11},{"not_picked":["Barrage","Lockon"],"picked":"Gash","floor":12},{"not_picked":["Blizzard","Compile Driver","Force Field"],"picked":"SKIP","floor":13}],"player_experience":926109,"relics_obtained":[{"floor":9,"key":"Matryoshka"},{"floor":10,"key":"Nunchaku"}],"event_choices":[{"damage_healed":0,"gold_gain":0,"player_choice":"Grow","damage_taken":0,"max_hp_gain":0,"max_hp_loss":0,"event_name":"Living Wall","floor":2,"gold_loss":0,"cards_upgraded":["Zap"]},{"damage_healed":0,"gold_gain":0,"player_choice":"Success","damage_taken":18,"relics_obtained":["Boot"],"max_hp_gain":0,"max_hp_loss":0,"event_name":"Scrap Ooze","floor":3,"gold_loss":0},{"damage_healed":0,"gold_gain":0,"player_choice":"Paid Gold","damage_taken":0,"relics_obtained":["Orichalcum"],"max_hp_gain":0,"max_hp_loss":0,"event_name":"WeMeetAgain","floor":4,"gold_loss":66},{"damage_healed":0,"gold_gain":150,"player_choice":"AGREE","damage_taken":0,"max_hp_gain":0,"max_hp_loss":0,"event_name":"Liars Game","floor":8,"gold_loss":0,"cards_obtained":["Doubt"]},{"cards_removed":["Doubt"],"damage_healed":0,"gold_gain":0,"player_choice":"Card Removal","damage_taken":7,"max_hp_gain":0,"max_hp_loss":0,"event_name":"Golden Wing","floor":14,"gold_loss":0}],"is_beta":false,"boss_relics":[],"items_purged_floors":[],"is_endless":false,"potions_floor_spawned":[10,12],"killed_by":"The Guardian","ascension_level":16}}