{"host":"1mv6gj0zv8k9e9tz","time":1612612887,"event":{"mods":["AchievementEnabler","BaseMod","Better Third Choice","Colored Map","DeckTracker","Highlight Path","KOR Keyword Fix","Keyboard Shortcuts","Minty Spire (QoL Compilation)","Permanent Neow","Quick Restart","Rare Cards Sparkle","StSLib","SuperFastMode","everything is the same but u backflip on backflip"],"gold_per_floor":[112,112,70,89,49,49,14,58,58,98,123,123,136,136,136,234,234],"floor_reached":16,"language":"KOR","playtime":757,"items_purged":[],"score":339,"play_id":"04bc1022-f6e2-4cc5-ad1d-f7dd7c747004","local_time":"20210206210127","is_ascension_mode":true,"campfire_choices":[{"data":"Darkness","floor":6.0,"key":"SMITH"},{"data":"Dualcast","floor":12.0,"key":"SMITH"},{"data":"Fusion","floor":15.0,"key":"SMITH"}],"circlet_count":0,"master_deck":["AscendersBane","Strike_B","Strike_B","Strike_B","Strike_B","Defend_B","Defend_B","Defend_B","Defend_B","Zap","Dualcast+1","Sweeping Beam","Darkness+1","Self Repair","Fusion+1","Rebound"],"relics":["Cracked Core","NeowsBlessing","Golden Idol","Cables","Lizard Tail"],"acts_visited":["Exordium"],"potions_floor_usage":[],"damage_taken":[{"damage":0.0,"enemies":"Jaw Worm","floor":1.0,"turns":1.0},{"damage":0.0,"enemies":"Small Slimes","floor":4.0,"turns":1.0},{"damage":0.0,"enemies":"Lagavulin","floor":8.0,"turns":3.0},{"damage":18.0,"enemies":"Gremlin Nob","floor":10.0,"turns":3.0},{"damage":4.0,"enemies":"2 Louse","floor":11.0,"turns":3.0},{"damage":17.0,"enemies":"Looter","floor":13.0,"turns":3.0},{"damage":33,"enemies":"Slime Boss","floor":16,"turns":8}],"seed_played":"-6966953339908325735","potions_obtained":[{"floor":4.0,"key":"Block Potion"},{"floor":8.0,"key":"ColorlessPotion"},{"floor":10.0,"key":"DistilledChaos"}],"is_trial":false,"path_per_floor":["M","?","$","M","$","R","?","E","T","E","M","R","M","?","R","B"],"character_chosen":"DEFECT","items_purchased":["Darkness","Fusion"],"campfire_rested":0,"item_purchase_floors":[3,5],"current_hp_per_floor":[64,40,40,40,40,40,57,64,64,53,56,56,46,46,46,20,20],"gold":234,"neow_bonus":"THREE_ENEMY_KILL","is_daily":false,"chose_seed":false,"campfire_upgraded":3,"win_rate":0.0,"timestamp":1612612887,"path_taken":["M","?","$","M","$","R","?","E","T","E","M","R","M","?","R","BOSS"],"items_purchased_type":["Card","Card"],"build_version":"2020-12-22","purchased_purges":0,"victory":false,"max_hp_per_floor":[71,71,71,71,71,71,71,71,71,71,71,71,71,71,71,71,71],"card_choices":[{"not_picked":["Conserve Battery","Reinforced Body"],"picked":"Sweeping Beam","floor":1.0},{"not_picked":["White Noise","Reinforced Body"],"picked":"Self Repair","floor":4.0},{"not_picked":["Stack","Self Repair"],"picked":"Rebound","floor":8.0},{"not_picked":["Fusion","Ball Lightning","Gash"],"picked":"SKIP","floor":10.0},{"not_picked":["Compile Driver","Electrodynamics","Beam Cell"],"picked":"SKIP","floor":11.0},{"not_picked":["Compile Driver","Heatsinks","Recycle"],"picked":"SKIP","floor":13.0}],"player_experience":629048,"relics_obtained":[{"floor":8.0,"key":"Cables"},{"floor":10.0,"key":"Lizard Tail"}],"event_choices":[{"damage_healed":0.0,"max_hp_gain":0.0,"max_hp_loss":0.0,"gold_gain":0.0,"event_name":"Golden Idol","player_choice":"Take Damage","floor":2.0,"gold_loss":0.0,"damage_taken":24.0,"relics_obtained":["Golden Idol"]},{"damage_healed":17.0,"max_hp_gain":0.0,"max_hp_loss":0.0,"gold_gain":0.0,"event_name":"The Cleric","player_choice":"Healed","floor":7.0,"gold_loss":35.0,"damage_taken":0.0},{"damage_healed":0.0,"max_hp_gain":0.0,"max_hp_loss":0.0,"gold_gain":0.0,"event_name":"betterThird:BetterSerpent","player_choice":"Ignored","floor":14.0,"gold_loss":0.0,"damage_taken":136.0}],"is_beta":false,"boss_relics":[],"items_purged_floors":[],"is_endless":false,"potions_floor_spawned":[4,8,10,13],"killed_by":"Slime Boss","ascension_level":17}}