{"host":"yam1wfjwvpwz1503","time":1612618430,"event":{"mods":["Act Like it!","Aspiration","Bard","BaseMod","Beaked The Cultist","Colored Powertips","Custom Start","Downfall","Friendly Minions","Hallownest","Hermit","Highlight Path","Hubris","Infinite Spire","Lobotomy","Minty Spire (QoL Compilation)","Quick Restart","Random Character Button","Replay The Spire","Shop Mod","StSLib","The Bug Knight","The Cursed","The Disciple","The Jungle","The Kombatant","The Runesmith"],"gold_per_floor":[111,111,111,111,131,131,166,166,189,189,189,222,235,255,255,351,351,362,362,380,219,230,230,255,272,272,272,227,227,253,3,3,3,3],"floor_reached":33,"language":"ENG","playtime":2074,"items_purged":[],"score":458,"play_id":"fe4c332f-74ff-4ea0-89a6-ebbeddf5e0d7","local_time":"20210206153350","is_ascension_mode":true,"campfire_choices":[{"data":"HollowMod:MantisMark","floor":6,"key":"SMITH"},{"data":"HollowMod:HerrahsAnger","floor":11,"key":"SMITH"},{"data":"1","floor":15,"key":"LIFT"},{"data":"HollowMod:MidwifesHunger","floor":23,"key":"SMITH"},{"data":"2","floor":27,"key":"LIFT"},{"data":"3","floor":32,"key":"LIFT"}],"circlet_count":0,"master_deck":["HollowMod:NailStrikeStart+1","HollowMod:NailStrikeStart","HollowMod:NailStrikeStart+1","HollowMod:QuickDashStart","HollowMod:QuickDashStart","HollowMod:QuickDashStart","HollowMod:QuickDashStart","HollowMod:FocusHealStart","HollowMod:PogoStrike","HollowMod:MantisMark+1","HollowMod:CornifersMapStart","HollowMod:HerrahsAnger+1","Hallownest:curseDreamersLament","HollowMod:ElderbugsWisdom","HollowMod:GoodIntentions","HollowMod:MidwifesHunger+1","AbeCurse","HollowMod:BaldurShell"],"relics":["HollowMod:VesselMask","hubris:BottledRain","hubris:Icosahedron","hubris:PeanutButter","HornCleat","HollowMod:IsmasTear","Hallownest:TeacherSealRelic","Girya","Abe\u0027s Treasure","MerchantsRug","ReplayTheSpireMod:Lightbulb","Whetstone","Ginger","Hallownest:UnbreakableCardRelic"],"acts_visited":["Exordium","Hallownest:Greenpath"],"potions_floor_usage":[20,30,33],"damage_taken":[{"damage":3,"enemies":"Hallownest:monsterHuskGuard","floor":1,"turns":7},{"damage":0,"enemies":"Hallownest:monsterHuskWarrior","floor":5,"turns":3},{"damage":1,"enemies":"Hallownest:eliteMossKnight","floor":7,"turns":5},{"damage":0,"enemies":"Hallownest:eliteCrystalGuardian","floor":12,"turns":5},{"damage":0,"enemies":"2_ Uuma","floor":13,"turns":2},{"damage":0,"enemies":"Hallownest:monsterMossCharger","floor":14,"turns":2},{"damage":22,"enemies":"Hallownest:BossFalseKnight","floor":16,"turns":8},{"damage":0,"enemies":"Hallownest:3_Youths","floor":18,"turns":5},{"damage":0,"enemies":"Hallownest:Guard_and_Sentry","floor":20,"turns":3},{"damage":1,"enemies":"Hallownest:monsterShrumalOgre","floor":22,"turns":4},{"damage":0,"enemies":"Hallownest:Nosk","floor":24,"turns":5},{"damage":0,"enemies":"Hallownest:2_Husk_Sentries","floor":25,"turns":5},{"damage":0,"enemies":"Hallownest:eliteSoulWarrior","floor":30,"turns":4},{"damage":85,"enemies":"Hallownest:BossGrimm","floor":33,"turns":6}],"seed_played":"-8196195445069250303","potions_obtained":[{"floor":7,"key":"LiquidBronze"},{"floor":14,"key":"Weak Potion"},{"floor":18,"key":"BlessingOfTheForge"},{"floor":20,"key":"Regen Potion"},{"floor":25,"key":"sneckomod:MuddlingPotion"}],"is_trial":false,"path_per_floor":["M","T","?","?","M","R","E","?","T","?","R","E","M","M","R","B",null,"M","?","M","$","M","R","E","M","T","R","?","?","E","?","R","B"],"character_chosen":"THE_BUGKNIGHT","items_purchased":["MerchantsRug","HollowMod:BaldurShell"],"campfire_rested":0,"item_purchase_floors":[21,21],"current_hp_per_floor":[75,75,75,75,75,75,74,46,46,46,46,56,56,62,62,52,69,75,75,75,75,75,75,75,75,75,75,75,75,75,75,75,0,0],"gold":3,"neow_bonus":"REMOVE_CARD","is_daily":false,"chose_seed":false,"campfire_upgraded":3,"win_rate":0.0,"timestamp":1612618430,"path_taken":["M","?","?","?","?","R","E","?","T","?","R","E","M","M","R","BOSS","M","?","?","$","M","R","E","M","T","R","?","?","E","?","R","BOSS"],"items_purchased_type":["Relic","Card"],"build_version":"2020-12-22","purchased_purges":0,"victory":false,"max_hp_per_floor":[75,75,75,75,75,75,75,75,75,75,75,75,75,75,75,75,75,75,75,75,75,75,75,75,75,75,75,75,75,75,75,75,75,75],"card_choices":[{"not_picked":["HollowMod:BlackTendrils","HollowMod:SiblingsShadow"],"picked":"HollowMod:MantisMark","floor":1},{"not_picked":["HollowMod:DescendingDark","HollowMod:SharpenedNail"],"picked":"HollowMod:CornifersMapStart","floor":5},{"not_picked":["HollowMod:VengefulVoid","HollowMod:CoiledNail"],"picked":"HollowMod:HerrahsAnger","floor":7},{"not_picked":["HollowMod:SoulSplash","HollowMod:ChannelNail"],"picked":"HollowMod:ElderbugsWisdom","floor":12},{"not_picked":["HollowMod:DashSlash","HollowMod:SiblingsSouls","HollowMod:WraithStrike"],"picked":"SKIP","floor":13},{"not_picked":["HollowMod:SharpenedNail","HollowMod:MothsMistake"],"picked":"HollowMod:GoodIntentions","floor":14},{"not_picked":["HollowMod:LordofShades","HollowMod:WhiteLadysBlessing"],"picked":"HollowMod:MidwifesHunger","floor":16},{"not_picked":["HollowMod:HeavyBlow","HollowMod:NewJinnsSoul","HollowMod:InfectedCysts"],"picked":"SKIP","floor":18},{"not_picked":["HollowMod:GrimmsGift+1","HollowMod:CornifersMapStart"],"picked":"HollowMod:MantisMark","floor":20},{"not_picked":["HollowMod:DoubleDash","HollowMod:VengefulVoid+1","HollowMod:LifebloodCocoon"],"picked":"SKIP","floor":22},{"not_picked":["HollowMod:BlackTendrils","HollowMod:QuirrelsAssistance","HollowMod:SoulVessel"],"picked":"SKIP","floor":24},{"not_picked":["HollowMod:ShadowDash+1","HollowMod:NewJinnsSoul","HollowMod:WraithStrike"],"picked":"SKIP","floor":25},{"not_picked":["HollowMod:WraithStrike","HollowMod:ShapeofUnn+1","HollowMod:BlackTendrils"],"picked":"SKIP","floor":30}],"player_experience":1283147,"relics_obtained":[{"floor":2,"key":"hubris:BottledRain"},{"floor":7,"key":"hubris:PeanutButter"},{"floor":9,"key":"HollowMod:IsmasTear"},{"floor":12,"key":"Girya"},{"floor":24,"key":"ReplayTheSpireMod:Lightbulb"},{"floor":30,"key":"Ginger"}],"event_choices":[],"is_beta":false,"boss_relics":[{"not_picked":["aspiration:MobileForge","Coffee Dripper"],"picked":"Abe\u0027s Treasure"}],"items_purged_floors":[],"is_endless":false,"potions_floor_spawned":[7,14,18,20,25],"killed_by":"Hallownest:BossGrimm","ascension_level":6}}