{"host":"gj3450u0c4def4mj","time":1612646565,"event":{"mods":["2.2 Compatiblity","Act Like it!","BaseMod","Gensokyo","Marisa????????","Minty Spire (QoL Compilation)","StSLib"],"gold_per_floor":[117,70,95,95,195,195,195,164,164,208,11,37,266,293,293,405,405,435,130,162,162,188,214,214,69,69,69,69,103,103,331,331,445,445,474,474,474,499,499,534,534,175,201,201,201,235,279,279,279,279],"floor_reached":51,"language":"ENG","playtime":2910,"items_purged":["Strike_MRS","Strike_MRS","Defend_MRS"],"score":985,"play_id":"a397d92f-4c8f-4305-b36c-e50074b59a44","local_time":"20210206162245","is_ascension_mode":true,"campfire_choices":[{"data":"AsteroidBelt","floor":6.0,"key":"SMITH"},{"data":"AbsoluteMagnitude","floor":15.0,"key":"SMITH"},{"floor":24.0,"key":"REST"},{"data":"BinaryStars","floor":27.0,"key":"SMITH"},{"data":"AsteroidBelt","floor":30.0,"key":"SMITH"},{"data":"MilkyWay","floor":32.0,"key":"SMITH"},{"data":"OortCloud","floor":41,"key":"SMITH"},{"data":"Gensokyo:PrivateSquare","floor":45,"key":"SMITH"},{"data":"MilkyWay","floor":49,"key":"SMITH"}],"circlet_count":0,"master_deck":["Defend_MRS","Defend_MRS+1","MasterSpark","Blind","AsteroidBelt+1","WitchOfGreed","AbsoluteMagnitude+1","MilkyWay+1","GalacticHalo","SuperPerseids","Acceleration","Acceleration","UltimateShortwave+1","MilkyWay+1","AsteroidBelt+1","BinaryStars+1","OortCloud+1","MilkyWay+1","PowerUp","UltimateShortwave","GalacticHalo+1","Gensokyo:PrivateSquare+1","ChargingUp+1","Gensokyo:MorningMist"],"relics":["MiniHakkero","Gensokyo:NagashiBinaDoll","HornCleat","Ornamental Fan","Runic Pyramid","SimpleLauncher","Bag of Preparation","Toy Ornithopter","Unceasing Top","Ginger","Velvet Choker","PreservedInsect","War Paint","Membership Card","Oddly Smooth Stone","Omamori","Art of War","Ancient Tea Set"],"acts_visited":["Gensokyo:Gensokyo","Gensokyo:Gensokyoer","Gensokyo:Gensokyoest"],"potions_floor_usage":[50,50],"damage_taken":[{"damage":0.0,"enemies":"Gensokyo:3_Fairies","floor":1.0,"turns":3.0},{"damage":6.0,"enemies":"Gensokyo:Gryphon","floor":3.0,"turns":5.0},{"damage":2.0,"enemies":"Gensokyo:Mamizou","floor":10.0,"turns":9.0},{"damage":2.0,"enemies":"Gensokyo:2_Kodama","floor":12.0,"turns":6.0},{"damage":0.0,"enemies":"Gensokyo:Kitsune","floor":13.0,"turns":6.0},{"damage":1.0,"enemies":"Gensokyo:Gryphon_and_Rabbit","floor":14.0,"turns":8.0},{"damage":17.0,"enemies":"Gensokyo:Kokoro","floor":16.0,"turns":9.0},{"damage":22.0,"enemies":"Gensokyo:3_Dogs","floor":18.0,"turns":9.0},{"damage":9.0,"enemies":"Gensokyo:CosmicMonolith","floor":20.0,"turns":5.0},{"damage":27.0,"enemies":"Gensokyo:Tenshi","floor":23.0,"turns":4.0},{"damage":0.0,"enemies":"Gensokyo:Wraith","floor":29.0,"turns":5.0},{"damage":2.0,"enemies":"Gensokyo:Mirror_and_Dog","floor":31.0,"turns":5.0},{"damage":24.0,"enemies":"Gensokyo:Eternal_Rivals","floor":33.0,"turns":12.0},{"damage":0.0,"enemies":"Gensokyo:AncientGuardian","floor":35.0,"turns":5.0},{"damage":0.0,"enemies":"Gensokyo:3_Boulders","floor":38.0,"turns":6.0},{"damage":0.0,"enemies":"Gensokyo:Doremy","floor":40.0,"turns":3.0},{"damage":0,"enemies":"Gensokyo:SeedOfUnknown","floor":46,"turns":4},{"damage":0,"enemies":"Gensokyo:Marisa","floor":47,"turns":5},{"damage":0,"enemies":"Gensokyo:Scarlet_Devils","floor":50,"turns":3}],"seed_played":"-8168641739603351650","potions_obtained":[{"floor":3.0,"key":"Dexterity Potion"},{"floor":10.0,"key":"ShroomBrew"},{"floor":10.0,"key":"SkillPotion"},{"floor":12.0,"key":"Energy Potion"},{"floor":12.0,"key":"DuplicationPotion"},{"floor":29.0,"key":"PowerPotion"},{"floor":29.0,"key":"Ancient Potion"},{"floor":31.0,"key":"LiquidMemories"},{"floor":33.0,"key":"Weak Potion"},{"floor":38.0,"key":"PowerPotion"}],"is_trial":false,"path_per_floor":["M","$","M","?","?","R","?","COS","T","E","$","M","M","M","R","B",null,"M","COS","M","?","T","E","R","$","T","R","?","M","R","M","R","B",null,"M","?","?","M","?","E","R","$","T","?","R","M","E","?","R","B",null],"character_chosen":"MARISA","items_purchased":["WitchOfGreed","GalacticHalo","SuperPerseids","MilkyWay","Membership Card","Oddly Smooth Stone","Omamori"],"campfire_rested":1,"item_purchase_floors":[2,11,11,25,42,42,42],"current_hp_per_floor":[75,75,69,69,69,69,69,69,69,67,67,65,65,64,64,47,75,53,53,44,44,44,17,39,39,39,39,39,44,44,42,42,23,75,75,75,75,75,75,75,75,75,75,75,75,75,75,75,75,75],"gold":279,"neow_bonus":"RANDOM_COLORLESS","is_daily":false,"chose_seed":false,"campfire_upgraded":8,"win_rate":0.0,"timestamp":1612646565,"path_taken":["M","$","M","?","?","R","?","COS","T","E","$","M","M","M","R","BOSS","M","COS","M","?","?","E","R","$","T","R","?","M","R","M","R","BOSS","M","?","?","M","?","E","R","$","T","?","R","M","E","?","R","BOSS"],"items_purchased_type":["Card","Card","Card","Card","Relic","Relic","Relic"],"build_version":"2020-12-22","purchased_purges":3,"victory":true,"max_hp_per_floor":[75,75,75,75,75,75,75,75,75,75,75,75,75,75,75,75,75,75,75,75,75,75,75,75,75,75,75,75,75,75,75,75,75,75,75,75,75,75,75,75,75,75,75,75,75,75,75,75,75,75],"card_choices":[{"not_picked":["Finesse","Impatience"],"picked":"Blind","floor":0.0},{"not_picked":["DoubleSpark","GravityBeat"],"picked":"AsteroidBelt","floor":1.0},{"not_picked":["Orbital","MachineGunSpark","PowerUp"],"picked":"SKIP","floor":3.0},{"not_picked":["Orbital","MachineGunSpark","PowerUp"],"picked":"SKIP","floor":3.0},{"not_picked":["FinalSpark","Acceleration"],"picked":"MilkyWay","floor":10.0},{"not_picked":["DC","Singularity","GravityBeat"],"picked":"SKIP","floor":12.0},{"not_picked":["SporeBomb","IllusionStar"],"picked":"Acceleration","floor":13.0},{"not_picked":["DC","NonDirectionalLaser"],"picked":"Acceleration","floor":14.0},{"not_picked":["JA","CasketOfStar"],"picked":"UltimateShortwave","floor":16.0},{"not_picked":["UnstableBomb","NonDirectionalLaser","6A"],"picked":"SKIP","floor":18.0},{"not_picked":["MaximisePower+1","DarkMatter+1"],"picked":"MilkyWay+1","floor":20.0},{"not_picked":["6A","GrandCross"],"picked":"AsteroidBelt","floor":20.0},{"not_picked":["MaximisePower","FinalSpark"],"picked":"BinaryStars","floor":23.0},{"not_picked":["EnergyFlow","OrrerysSun"],"picked":"OortCloud","floor":23.0},{"not_picked":["PropBag","FinalSpark","WitchLeyline"],"picked":"SKIP","floor":29.0},{"not_picked":["DeepEcoloBomb+1","DoubleSpark"],"picked":"PowerUp","floor":31.0},{"not_picked":["StarDustReverie","ManaRampage"],"picked":"UltimateShortwave","floor":33.0},{"not_picked":["NonDirectionalLaser+1","DoubleSpark","LuminesStrike"],"picked":"SKIP","floor":35.0},{"not_picked":["DarkSpark+1","WitchOfGreed+1","BlazeAway"],"picked":"SKIP","floor":38.0},{"not_picked":["MysteriousBeam+1","EnergyFlow+1"],"picked":"GalacticHalo+1","floor":40.0},{"not_picked":["OneTimeOff+1","StarlightTyphoon+1"],"picked":"ChargingUp+1","floor":46},{"not_picked":["ManaConvection+1","EnergyFlow","PowerUp"],"picked":"SKIP","floor":47},{"not_picked":["Gensokyo:DreamlikeParadise","Gensokyo:EverlastingLife"],"picked":"Gensokyo:MorningMist","floor":48}],"player_experience":50239,"relics_obtained":[{"floor":9.0,"key":"HornCleat"},{"floor":10.0,"key":"Ornamental Fan"},{"floor":22.0,"key":"Bag of Preparation"},{"floor":23.0,"key":"Unceasing Top"},{"floor":26.0,"key":"Ginger"},{"floor":40.0,"key":"War Paint"},{"floor":43,"key":"Art of War"},{"floor":47,"key":"Ancient Tea Set"}],"event_choices":[],"is_beta":false,"boss_relics":[{"not_picked":["Ectoplasm","Fusion Hammer"],"picked":"Runic Pyramid"},{"not_picked":["Astrolabe","SacredBark"],"picked":"Velvet Choker"}],"items_purged_floors":[11,25,42],"is_endless":false,"potions_floor_spawned":[10,12,14,16,20,29,33,38,40],"ascension_level":4}}