{"host":"lw59ann91yhh6pk4","time":1612596107,"event":{"mods":["Act Like it!","BaseMod","Colored Map","Colored Powertips","Downfall","Duelist Mod","GifTheSpireLib","Hermit","Hubris","Infinite Spire","MarisaÅiñ∂âJÅ@ñÇóùçπÅj","Minty Spire (QoL Compilation)","Replay The Spire","StSLib","Stuff the Spire","The Animator","The Bug Knight","The Construct","The Cursed","The Disciple","The Hierophant","The Jungle","The Necromancer","The Runesmith","The Servant 0.9.4","slay the spire mod where everything is the same but ironclad has a cowboy hat"],"gold_per_floor":[143,143,158,158,177,177,210,210,210,210,210,210,210,269,269,385,385,398,416,464,69,96,96,130,130,153,193,193,49,154,184,184,312,312,336,28,28,46,61,91,136,170,170,202,0,52,52,52],"floor_reached":47,"language":"ENG","playtime":6815,"items_purged":["theDuelist:GiantSoldier"],"score":657,"play_id":"e31a6284-e79d-4eaa-bf12-2b77c81a2d02","local_time":"20210206082147","is_ascension_mode":false,"campfire_choices":[{"data":"theDuelist:MiraculousDescent","floor":6,"key":"SMITH"},{"data":"theDuelist:FluteKuriboh","floor":10,"key":"SMITH"},{"floor":13,"key":"REST"},{"data":"Amnesia","floor":15,"key":"PURGE"},{"data":"theDuelist:GravityLash","floor":23,"key":"SMITH"},{"floor":25,"key":"REST"},{"floor":32,"key":"REST"}],"circlet_count":0,"master_deck":["theDuelist:BeaverWarrior","theDuelist:BeaverWarrior","theDuelist:Sparks","theDuelist:Sparks","theDuelist:WhiteMagicalHat","theDuelist:MiraculousDescent+1","theDuelist:GravityAxe","theDuelist:FluteKuriboh+1","theDuelist:KamionTimelord","theDuelist:RainbowKuriboh+1","theDuelist:GravityLash+1","theDuelist:SpiralSpearStrike","theDuelist:KamionTimelord","theDuelist:FrontierWiseman+1","theDuelist:ImperialOrder","Looming Evil","theDuelist:HourglassLife+1","theDuelist:Wiretap+1","theDuelist:RainbowKuriboh+1","hubris:Greed","theDuelist:HappyLover+1","theDuelist:AfterTheStorm+1","theDuelist:BerserkerCrush","Parasite","theDuelist:HappyLover+1","theDuelist:FinalFlame","theDuelist:AfterGenocide+1","theDuelist:ForbiddenLance","theDuelist:BerserkerCrush+1"],"relics":["theDuelist:MillenniumPuzzle","theDuelist:CardPoolRelic","theDuelist:CardPoolBasicRelic","theDuelist:BoosterPackPoolRelic","theDuelist:CardPoolAddRelic","theDuelist:CardPoolMinusRelic","theDuelist:CardPoolSaveRelic","theDuelist:CardPoolOptionsRelic","NeowsBlessing","GremlinMask","Replay:WaspNest","infinitespire:Beetle Shell","Toxic Egg 2","hubris:Towel","theDuelist:KaibaToken","Empty Cage","Runesmith:Nanobots","Pet Ghost","Vajra","Toy Ornithopter","ReplayTheSpireMod:TigerMarble","Basket Of Snakes","hubris:Backtick","StuffTheSpire:DarkSteelAnvil","Pocketwatch","StuffTheSpire:CocoNut","StuffTheSpire:Mouthbags","StuffTheSpire:PointBlank","Red Mask","Calipers","hubris:MedicalManual","theDuelist:BoosterPackMonsterEgg"],"acts_visited":["Exordium","Exordium","TheBeyond"],"potions_floor_usage":[19,30,40,40,42,46],"damage_taken":[{"damage":0,"enemies":"Jaw Worm","floor":1,"turns":1},{"damage":0,"enemies":"Cultist","floor":3,"turns":1},{"damage":0,"enemies":"Small Slimes","floor":5,"turns":1},{"damage":40,"enemies":"Gremlin Nob","floor":7,"turns":7},{"damage":1,"enemies":"HollowMod:MossKnight","floor":14,"turns":17},{"damage":6,"enemies":"Fading Forest","floor":16,"turns":11},{"damage":25,"enemies":"theJungle:5_Spyders","floor":18,"turns":4},{"damage":5,"enemies":"theJungle:Flameango_and_Byrd","floor":19,"turns":5},{"damage":20,"enemies":"theJungle:SlimyTreeVines","floor":20,"turns":8},{"damage":15,"enemies":"theJungle:2_Phrogs","floor":24,"turns":6},{"damage":36,"enemies":"theJungle:Cassacara","floor":30,"turns":6},{"damage":6,"enemies":"theJungle:JungleHuntersEncounter","floor":31,"turns":4},{"damage":1,"enemies":"theJungle:QueenSpyder","floor":33,"turns":7},{"damage":0,"enemies":"Orb Walker","floor":35,"turns":2},{"damage":10,"enemies":"3 Shapes","floor":38,"turns":8},{"damage":16,"enemies":"Writhing Mass","floor":39,"turns":5},{"damage":49,"enemies":"Nemesis","floor":40,"turns":9},{"damage":0,"enemies":"Maw","floor":41,"turns":6},{"damage":13,"enemies":"HollowMod:StalkingDevout","floor":42,"turns":5},{"damage":0,"enemies":"R_Hoarder","floor":44,"turns":6},{"damage":77,"enemies":"R_Hoarder","floor":46,"turns":7},{"damage":13,"enemies":"3 Darklings","floor":47,"turns":2}],"seed_played":"4997805203944565592","potions_obtained":[{"floor":3,"key":"theDuelist:SteelBrew"},{"floor":5,"key":"sneckomod:MuddlingPotion"},{"floor":7,"key":"theDuelist:TokenPotion"},{"floor":16,"key":"SteroidPotion"},{"floor":19,"key":"Fruit Juice"},{"floor":30,"key":"GamblersBrew"},{"floor":30,"key":"Energy Potion"},{"floor":41,"key":"champ:CounterPotion"},{"floor":44,"key":"theDuelist:FusionPotion"}],"is_trial":false,"path_per_floor":["M","?","M","?","M","R","E","T","T","R","?","?","R","E","R_BF","B",null,"M","M","M","$","?","R","E","R","T","?","?","$","E","M","R","B",null,"M","$","?","M","M","E","M","E","T","E","?","?","M"],"character_chosen":"THE_DUELIST","items_purchased":["Runesmith:Nanobots","theDuelist:FrontierWiseman+1","Toy Ornithopter","Pocketwatch"],"campfire_rested":3,"item_purchase_floors":[21,21,29,36],"current_hp_per_floor":[80,80,80,80,78,78,38,38,38,38,38,38,60,59,59,63,72,47,47,33,33,33,33,18,41,41,41,41,41,14,29,52,61,77,77,77,77,77,65,43,58,76,76,84,84,13,0,0],"gold":52,"neow_bonus":"THREE_ENEMY_KILL","is_daily":false,"chose_seed":false,"campfire_upgraded":3,"win_rate":0.0,"timestamp":1612596107,"path_taken":["M","?","M","?","?","R","E","?","T","R","?","?","R","E","R_BF","BOSS","M","M","?","$","?","R","E","R","T","?","?","?","E","M","R","BOSS","M","$","?","M","M","E","M","E","T","E","?","?","M"],"items_purchased_type":["Relic","Card","Relic","Relic"],"build_version":"2020-12-22","purchased_purges":1,"victory":false,"max_hp_per_floor":[80,80,80,80,78,78,76,76,76,76,76,76,76,74,74,72,72,72,77,77,77,77,77,77,77,77,77,77,77,77,77,77,77,77,77,77,77,77,77,84,84,84,84,84,84,84,84,84],"card_choices":[{"not_picked":["theDuelist:SpiritHarp","theDuelist:MythicalBeast","theDuelist:RainbowNeos","theDuelist:Eva"],"picked":"theDuelist:WhiteMagicalHat","floor":1},{"not_picked":["theDuelist:WhiteHowling","theDuelist:Electrowhip","theDuelist:ElectromagneticShield"],"picked":"theDuelist:MiraculousDescent","floor":3},{"not_picked":["theDuelist:ImperialOrder","theDuelist:Electrowhip","theDuelist:MiraculousDescent"],"picked":"theDuelist:GravityAxe","floor":5},{"not_picked":["theDuelist:SpellShatteringArrow","theDuelist:CoreBlaster","theDuelist:OnslaughtFireKings","theDuelist:LightningVortex"],"picked":"theDuelist:FluteKuriboh","floor":7},{"not_picked":["theDuelist:RainbowNeos","theDuelist:HappyLover+1","theDuelist:Eva+1","theDuelist:Blockman"],"picked":"theDuelist:KamionTimelord","floor":14},{"not_picked":["theDuelist:RainbowNeos","theDuelist:KamionTimelord","theDuelist:Eva+1","theDuelist:RainbowOverdragon"],"picked":"theDuelist:RainbowKuriboh+1","floor":16},{"not_picked":["theDuelist:SpiralSpearStrike+1","theDuelist:MythicalBeast","theDuelist:CrossAttack","theDuelist:CrystalRaigeki+1"],"picked":"theDuelist:GravityLash","floor":18},{"not_picked":["theDuelist:Hinotama","theDuelist:CoreBlaster","theDuelist:CombinationAttack","theDuelist:RainbowNeos"],"picked":"theDuelist:SpiralSpearStrike","floor":19},{"not_picked":["theDuelist:BeaverWarrior","theDuelist:WhiteMagicalHat+1","theDuelist:GauntletWarrior","theDuelist:PredaplantPterapenthes+1"],"picked":"theDuelist:KamionTimelord","floor":20},{"not_picked":["theDuelist:RainbowNeos","theDuelist:MagnumShield+1","theDuelist:SpiritHarp+1","theDuelist:CoreBlaster"],"picked":"theDuelist:ImperialOrder","floor":24},{"not_picked":["theDuelist:Graverobber+1","theDuelist:PowerWall+1","theDuelist:CrystalRaigeki+1","theDuelist:PineappleBlast"],"picked":"theDuelist:Wiretap+1","floor":30},{"not_picked":["theDuelist:Eva+1","theDuelist:DestroyerGolem+1","theDuelist:EvilswarmHeliotrope","theDuelist:RainbowOverdragon"],"picked":"theDuelist:RainbowKuriboh+1","floor":31},{"not_picked":["theDuelist:RainbowNeos+1","theDuelist:KamionTimelord","theDuelist:Eva+1","theDuelist:RainbowOverdragon+1"],"picked":"theDuelist:HappyLover+1","floor":33},{"not_picked":["theDuelist:DoubleTool+1","theDuelist:CombinationAttack+2","theDuelist:FluteKuriboh+1","theDuelist:UnderworldCannon+1"],"picked":"theDuelist:AfterTheStorm+1","floor":35},{"not_picked":["theDuelist:RainbowNeos+1","theDuelist:AfterTheStorm+1","theDuelist:SpiritHarp+1","theDuelist:SpellShatteringArrow"],"picked":"theDuelist:BerserkerCrush","floor":38},{"not_picked":["theDuelist:GaiaMidNightSun+1","theDuelist:HammerShot+1","theDuelist:Sangan+1","theDuelist:BattleOx+1","theDuelist:ClearKuriboh"],"picked":"SKIP","floor":39},{"not_picked":["theDuelist:CrystalRaigeki+1","theDuelist:Wildfire+1","theDuelist:PineappleBlast+1"],"picked":"SKIP","floor":40},{"not_picked":["theDuelist:RainbowNeos","theDuelist:KamionTimelord","theDuelist:Eva+1","theDuelist:YellowBelliedOni"],"picked":"theDuelist:HappyLover+1","floor":41},{"not_picked":["theDuelist:VenomShot+1","theDuelist:BerserkerCrush","theDuelist:MiracleFertilizer+1","theDuelist:LegendHeart+1"],"picked":"theDuelist:AfterGenocide+1","floor":42},{"not_picked":["theDuelist:Raigeki+1","theDuelist:PineappleBlast","theDuelist:LightLaser+1","theDuelist:FeatherShot+1"],"picked":"theDuelist:ForbiddenLance","floor":44},{"not_picked":["theDuelist:SpiralSpearStrike","theDuelist:GravityBlaster+1","theDuelist:WormApocalypse+1","theDuelist:Predaponics+1"],"picked":"theDuelist:BerserkerCrush+1","floor":46}],"player_experience":109592,"relics_obtained":[{"floor":7,"key":"Replay:WaspNest"},{"floor":8,"key":"infinitespire:Beetle Shell"},{"floor":9,"key":"Toxic Egg 2"},{"floor":14,"key":"theDuelist:KaibaToken"},{"floor":24,"key":"Pet Ghost"},{"floor":26,"key":"Vajra"},{"floor":30,"key":"ReplayTheSpireMod:TigerMarble"},{"floor":30,"key":"Basket Of Snakes"},{"floor":40,"key":"StuffTheSpire:CocoNut"},{"floor":42,"key":"StuffTheSpire:Mouthbags"},{"floor":44,"key":"StuffTheSpire:PointBlank"},{"floor":46,"key":"Calipers"},{"floor":46,"key":"hubris:MedicalManual"},{"floor":46,"key":"theDuelist:BoosterPackMonsterEgg"}],"event_choices":[{"damage_healed":0,"gold_gain":0,"player_choice":"Trade","damage_taken":0,"relics_obtained":["GremlinMask"],"max_hp_gain":0,"max_hp_loss":0,"event_name":"FaceTrader","floor":4,"gold_loss":0},{"total_magic_score":31,"gold_gain":0,"duelist":true,"damage_taken":0,"relics_obtained":[],"points":4,"max_hp_gain":0,"max_hp_loss":0,"spent_points":{"magic":0,"greed":0,"war":0,"power":0,"hunger":0},"event_name":"Nameless Tomb","floor":12,"gold_loss":0,"cards_obtained":[]},{"damage_healed":0,"gold_gain":0,"player_choice":"Sold Giant Stone Soldier for 27 Gold.","duelist":true,"damage_taken":0,"max_hp_gain":0,"max_hp_loss":0,"event_name":"Card Trader","floor":22,"gold_loss":0},{"total_magic_score":86,"gold_gain":0,"duelist":true,"damage_taken":0,"relics_obtained":[],"points":3,"max_hp_gain":0,"max_hp_loss":0,"spent_points":{"magic":3,"greed":0,"war":0,"power":0,"hunger":0},"event_name":"Nameless Tomb","floor":27,"gold_loss":0,"magic_reward":3,"cards_obtained":["theDuelist:HourglassLife","Looming Evil"]},{"cards_removed":["theDuelist:ScrapFactory"],"damage_healed":0,"gold_gain":0,"player_choice":"Removed Skill","damage_taken":0,"max_hp_gain":0,"max_hp_loss":0,"event_name":"Falling","floor":37,"gold_loss":0},{"damage_healed":0,"gold_gain":0,"player_choice":"Paid","damage_taken":0,"relics_obtained":["Red Mask"],"max_hp_gain":0,"max_hp_loss":0,"event_name":"Tomb of Lord Red Mask","floor":45,"gold_loss":202},{"damage_healed":0,"gold_gain":0,"player_choice":"Fight","duelist":true,"damage_taken":0,"max_hp_gain":0,"max_hp_loss":0,"event_name":"Battle City","floor":46,"gold_loss":0}],"is_beta":false,"boss_relics":[{"not_picked":["theDuelist:MillenniumKey","hubris:HollowSoul"],"picked":"Empty Cage"},{"not_picked":["HangingClock","Fusion Hammer"],"picked":"hubris:Backtick"}],"items_purged_floors":[21],"is_endless":false,"potions_floor_spawned":[3,5,7,16,19,30,31,39,41,44],"killed_by":"3 Darklings","ascension_level":0}}