{"host":"5p9hybygolzp0efr","time":1612578878,"event":{"mods":["AchievementEnabler","BaseMod","Bestiary","Colored Map","Minty Spire (QoL Compilation)","Permanent Neow","Relic Stats","StSLib"],"gold_per_floor":[99,99,99,99,99,99,99,99,99],"floor_reached":8,"language":"ENG","playtime":326,"items_purged":[],"score":84,"play_id":"8163265a-9eba-40e0-a3b6-4ced8105c3b4","local_time":"20210206103438","is_ascension_mode":true,"campfire_choices":[{"floor":7,"key":"REST"}],"circlet_count":0,"master_deck":["AscendersBane","Strike_P+1","Strike_P+1","Strike_P","Strike_P","Defend_P","Defend_P","Defend_P","Defend_P","Eruption","Vigilance","FlyingSleeves","Wallop","Adaptation","Halt"],"relics":["Ectoplasm","Letter Opener"],"acts_visited":["Exordium"],"potions_floor_usage":[],"damage_taken":[{"damage":7,"enemies":"Jaw Worm","floor":1,"turns":3},{"damage":0,"enemies":"2 Louse","floor":3,"turns":3},{"damage":4,"enemies":"Small Slimes","floor":4,"turns":2},{"damage":13,"enemies":"Lagavulin","floor":6,"turns":7},{"damage":56,"enemies":"Gremlin Nob","floor":8,"turns":4}],"seed_played":"1919661423989472743","potions_obtained":[{"floor":6,"key":"SteroidPotion"}],"is_trial":false,"path_per_floor":["M","?","M","M","?","E","R","E"],"character_chosen":"WATCHER","items_purchased":[],"campfire_rested":1,"item_purchase_floors":[],"current_hp_per_floor":[58,44,44,40,40,27,48,0,0],"gold":99,"neow_bonus":"BOSS_RELIC","is_daily":false,"chose_seed":false,"campfire_upgraded":0,"win_rate":0.0,"timestamp":1612578878,"path_taken":["M","?","M","M","?","E","R","E"],"items_purchased_type":[],"build_version":"2020-12-22","purchased_purges":0,"victory":false,"max_hp_per_floor":[72,72,72,72,72,72,72,72,72],"relic_stats":{"counters":[5,19],"Ectoplasm":79,"Letter Opener":[0],"obtain_stats":[{"Ectoplasm":0,"Letter Opener":6,"PureWater":0},{"Ectoplasm":0,"Letter Opener":4,"PureWater":0},{"Ectoplasm":0,"Letter Opener":15,"PureWater":0}]},"card_choices":[{"not_picked":["Evaluate","CrushJoints"],"picked":"FlyingSleeves","floor":1},{"not_picked":["Wireheading","Fasting2"],"picked":"Wallop","floor":3},{"not_picked":["Collect","CarveReality"],"picked":"Adaptation","floor":4},{"not_picked":["InnerPeace","PathToVictory"],"picked":"Halt","floor":6}],"player_experience":599165,"relics_obtained":[{"floor":6,"key":"Letter Opener"}],"event_choices":[{"damage_healed":0,"gold_gain":0,"player_choice":"Entered Light","damage_taken":14,"max_hp_gain":0,"max_hp_loss":0,"event_name":"Shining Light","floor":2,"gold_loss":0,"cards_upgraded":["Strike_P","Strike_P"]},{"damage_healed":0,"gold_gain":0,"player_choice":"Ignored","damage_taken":0,"max_hp_gain":0,"max_hp_loss":0,"event_name":"Liars Game","floor":5,"gold_loss":0}],"is_beta":false,"boss_relics":[],"items_purged_floors":[],"is_endless":false,"potions_floor_spawned":[6],"killed_by":"Gremlin Nob","ascension_level":10}}