{"host":"roto7j7840a50pxh","time":1612596721,"event":{"mods":["Act Like it!","BaseMod","Better Altar","Better Note","Better Sensory Stone","Better Skull","Better Third Choice","BetterRewards","Colored Map","Colored Powertips","Downfall","Elementarium","Hermit","Highlight Path","Hubris","Infinite Spire","Minty Spire (QoL Compilation)","Replay The Spire","Robot Space Explorer","Shade Mod","Spicy Shops","StSLib","The Construct","The Cursed","The Dragon Tamer","The Hierophant","The Jungle","The Necromancer","The Runesmith","The Servant 0.9.4","TheVacant"],"gold_per_floor":[111,127,143,143,157,191,191,191,191,217,217,229,229,246,246,347,347,357,66,86,96,114,114,140,151,177,177,177,206,306,306,397,502,502,519,529,529,548,548,548,580,580,580,632,644,678,688,717,717,717],"floor_reached":51,"language":"ENG","playtime":7341,"items_purged":["Overencumbered"],"score":1183,"play_id":"fab45630-a70a-4a93-b61c-55f76f5ecca9","local_time":"20210206023201","is_ascension_mode":true,"campfire_choices":[{"data":"construct:ScopeCore","floor":7.0,"key":"SMITH"},{"data":"construct:PowerUp","floor":11.0,"key":"SMITH"},{"floor":23.0,"key":"REST"},{"data":"construct:BatteryCore","floor":23.0,"key":"SMITH"},{"data":"construct:FlameCore","floor":27.0,"key":"SMITH"},{"floor":40.0,"key":"REST"},{"data":"infinitespire:Collect","floor":40.0,"key":"SMITH"},{"floor":42.0,"key":"REST"},{"data":"construct:MetalShell","floor":42.0,"key":"SMITH"},{"floor":49,"key":"REST"},{"data":"construct:Reinforce","floor":49,"key":"SMITH"}],"circlet_count":0,"master_deck":["construct:Strike_Gold+1","construct:Strike_Gold","construct:Strike_Gold","construct:Strike_Gold+1","construct:Strike_Gold","construct:Defend_Gold","construct:Defend_Gold","construct:Defend_Gold","construct:Defend_Gold","construct:Defend_Gold","construct:AttackMode","construct:DefenseMode","construct:Versatility","construct:Reinforce+1","construct:Missile+1","construct:ClusterMines","construct:ReactiveShield+1","construct:LaserCore","construct:OneWayMirror","construct:PowerUp+1","construct:Disrupt","construct:Anticipate+1","construct:ScopeCore+1","construct:Boost","construct:FierceBash","construct:ClusterMines","construct:Multistage+1","construct:QuickAttack+1","construct:MetalShell+1","construct:ElectricArmor","construct:BatteryCore+1","construct:FlameCore+1","construct:ScrapCannon","hubris:Insight","construct:Boost+1","construct:PointDefense","construct:ChargeShot","construct:SuppressiveFire","construct:ElectricArmor","construct:Reserves+1","construct:PointDefense","infinitespire:Collect+1","construct:LongRangeLance","construct:ReactiveShield+1","construct:Accumulate+1","construct:QuickAttack","infinitespire:Execution+1","construct:Synchronize","construct:UnbalancingBlast+1","construct:CriticalHit","construct:BatteryAcid","construct:LaserCore+1","construct:Reinforce+1","construct:VentSteam","construct:PowerUp+1","construct:SuppressiveFire+1"],"relics":["construct:Cogwheel","champ:DeflectingBracers","Lee\u0027s Waffle","Orrery","ReplayTheSpireMod:CursedCoin","Eternal Feather","TungstenRod","infinitespire:Magic Flask","Dream Catcher","hubris:Towel","Replay:Grab Bag","Replay:Fungal Core","hubris:TerracottaHorce","hubris:ScarierMask","champ:Barbells","Mummified Hand","Gremlin Food","hubris:BottledRain","Torii","construct:WeddingRing","Painkiller Herb","downfall:ExtraCursedKey","bronze:DecasWashers","hubris:MedicalManual","Ornamental Fan","Replay:Multitool","construct:LongRangeLance"],"acts_visited":["Exordium","TheCity","TheBeyond"],"potions_floor_usage":[50],"damage_taken":[{"damage":0.0,"enemies":"2 Louse","floor":1.0,"turns":3.0},{"damage":0.0,"enemies":"Jaw Worm","floor":2.0,"turns":5.0},{"damage":9.0,"enemies":"Small Slimes","floor":3.0,"turns":4.0},{"damage":16.0,"enemies":"Exordium Thugs","floor":5.0,"turns":5.0},{"damage":6.0,"enemies":"Lagavulin","floor":6.0,"turns":6.0},{"damage":9.0,"enemies":"3 Sentries","floor":10.0,"turns":8.0},{"damage":13.0,"enemies":"Lots of Slimes","floor":12.0,"turns":3.0},{"damage":0.0,"enemies":"2 Fungi Beasts","floor":14.0,"turns":4.0},{"damage":28.0,"enemies":"Fading Forest","floor":16.0,"turns":11.0},{"damage":8.0,"enemies":"Chosen","floor":18.0,"turns":5.0},{"damage":5.0,"enemies":"3 Byrds","floor":20.0,"turns":3.0},{"damage":22.0,"enemies":"Snecko","floor":21.0,"turns":5.0},{"damage":0.0,"enemies":"3 Cultists","floor":22.0,"turns":5.0},{"damage":1.0,"enemies":"Slavers","floor":24.0,"turns":5.0},{"damage":11.0,"enemies":"Shelled Parasite and Fungi","floor":25.0,"turns":3.0},{"damage":19.0,"enemies":"Replay:Snechameleon","floor":29.0,"turns":6.0},{"damage":59.0,"enemies":"Champ","floor":33.0,"turns":11.0},{"damage":9.0,"enemies":"Orb Walker","floor":35.0,"turns":4.0},{"damage":0.0,"enemies":"3 Shapes","floor":36.0,"turns":3.0},{"damage":10.0,"enemies":"Transient","floor":38.0,"turns":5.0},{"damage":62.0,"enemies":"Reptomancer","floor":41.0,"turns":5.0},{"damage":0.0,"enemies":"2 Orb Walkers","floor":44.0,"turns":2.0},{"damage":0.0,"enemies":"Writhing Mass","floor":45.0,"turns":4.0},{"damage":0.0,"enemies":"Nemesis","floor":46.0,"turns":5.0},{"damage":0.0,"enemies":"4 Shapes","floor":47.0,"turns":4.0},{"damage":22.0,"enemies":"Giant Head","floor":48.0,"turns":6.0},{"damage":23,"enemies":"Awakened One","floor":50,"turns":10}],"seed_played":"6730855863721212590","potions_obtained":[{"floor":3.0,"key":"BlessingOfTheForge"},{"floor":6.0,"key":"Regen Potion"},{"floor":12.0,"key":"ColorlessPotion"},{"floor":16.0,"key":"LifebloodPotion"},{"floor":18.0,"key":"Milkshake"},{"floor":24.0,"key":"FearPotion"},{"floor":33.0,"key":"FearPotion"},{"floor":44.0,"key":"Block Potion"},{"floor":46.0,"key":"Adrenaline Potion"},{"floor":48.0,"key":"LiquidMemories"}],"is_trial":false,"path_per_floor":["M","M","M","?","M","E","R","?","T","E","R","M","?","M","R_BF","B",null,"M","$","M","M","M","R","E","M","T","R","?","E","?","AVR","R_BF","B",null,"?","?","?","?","?","T","E","T","T","?","?","E","?","E","T","B",null],"character_chosen":"THE_CONSTRUCT_MOD","items_purchased":["champ:DeflectingBracers","Lee\u0027s Waffle","Orrery","ReplayTheSpireMod:CursedCoin","construct:LaserCore","construct:OneWayMirror","construct:PowerUp","construct:Disrupt","Eternal Feather","champ:Barbells","construct:ScrapCannon","hubris:Insight"],"campfire_rested":4,"item_purchase_floors":[0,0,0,0,0,0,0,0,0,19,19,19],"current_hp_per_floor":[84,84,75,57,41,35,50,50,50,56,71,58,58,58,92,68,86,78,78,73,51,51,92,91,80,80,92,92,73,73,73,92,33,77,68,68,68,58,35,89,27,81,81,81,81,81,81,59,92,69],"gold":717,"neow_bonus":"","is_daily":false,"chose_seed":false,"campfire_upgraded":7,"win_rate":0.0,"timestamp":1612596721,"path_taken":["M","M","M","?","M","E","R","?","T","E","R","M","?","M","R_BF","BOSS","M","$","M","?","M","R","E","M","T","R","?","E","?","AVR","R_BF","BOSS","?","?","?","?","?","T","E","T","T","?","?","E","?","E","T","BOSS"],"items_purchased_type":["Relic","Relic","Relic","Relic","Card","Card","Card","Card","Relic","Relic","Card","Card"],"build_version":"2020-12-22","purchased_purges":1,"victory":true,"max_hp_per_floor":[92,92,92,92,92,92,92,92,92,92,92,92,92,92,92,92,92,92,92,92,92,92,92,92,92,92,92,92,92,92,92,92,92,92,92,92,92,92,92,92,92,92,92,92,92,92,92,92,92,92],"card_choices":[{"not_picked":["construct:Isolate","construct:Reinforce"],"picked":"construct:Versatility","floor":0.0},{"not_picked":["construct:ClusterMines","construct:SyphonStrike"],"picked":"construct:Reinforce","floor":0.0},{"not_picked":["construct:ElectricArmor","construct:FierceBash"],"picked":"construct:Missile","floor":0.0},{"not_picked":["construct:OmegaCannon","construct:BatteryAcid"],"picked":"construct:ClusterMines","floor":0.0},{"not_picked":["construct:Chainstrike","construct:Accumulate"],"picked":"construct:ReactiveShield","floor":0.0},{"not_picked":["construct:Analyze","construct:Accumulate"],"picked":"construct:Anticipate","floor":1.0},{"not_picked":["construct:Analyze","construct:CriticalHit"],"picked":"construct:ScopeCore","floor":2.0},{"not_picked":["construct:Overcharge","construct:Synchronize"],"picked":"construct:Boost","floor":3.0},{"not_picked":["construct:Forcefield","construct:Accumulate"],"picked":"construct:FierceBash","floor":5.0},{"not_picked":["construct:FocusedBeam","construct:PanicFire"],"picked":"construct:ClusterMines","floor":6.0},{"not_picked":["construct:CripplingShot","construct:SuppressiveFire"],"picked":"construct:Multistage","floor":10.0},{"not_picked":["construct:FierceBash","construct:Missile"],"picked":"construct:QuickAttack","floor":12.0},{"not_picked":["construct:Accumulate","construct:Backfire"],"picked":"construct:MetalShell","floor":14.0},{"not_picked":["construct:Zapper","construct:OmegaCannon"],"picked":"construct:ElectricArmor","floor":15.0},{"not_picked":["construct:HastyRepair","construct:ShieldBurst"],"picked":"construct:BatteryCore","floor":16.0},{"not_picked":["construct:ReactiveShield","construct:HeavyBolt"],"picked":"construct:FlameCore","floor":18.0},{"not_picked":["construct:Backfire","construct:ClusterMines"],"picked":"construct:BatteryAcid","floor":20.0},{"not_picked":["construct:SweepLaser+1","construct:ShiftStrike"],"picked":"construct:Boost+1","floor":21.0},{"not_picked":["construct:ClusterMines","construct:SyphonStrike"],"picked":"construct:PointDefense","floor":22.0},{"not_picked":["construct:Synchronize","construct:CripplingShot"],"picked":"construct:ChargeShot","floor":23.0},{"not_picked":["construct:Analyze","construct:ClusterMines+1"],"picked":"construct:SuppressiveFire","floor":24.0},{"not_picked":["construct:LongRangeLance","construct:QuickAttack"],"picked":"construct:ElectricArmor","floor":25.0},{"not_picked":["construct:Accumulate","construct:Versatility"],"picked":"construct:PointDefense","floor":29.0},{"not_picked":["construct:SiegeForm","construct:PanicFire"],"picked":"construct:LongRangeLance","floor":33.0},{"not_picked":["construct:SuppressiveFire+1","construct:Backfire"],"picked":"construct:ReactiveShield+1","floor":35.0},{"not_picked":["construct:Bunker","construct:ClusterMines"],"picked":"construct:Accumulate+1","floor":36.0},{"not_picked":["construct:Synchronize","construct:Missile+1"],"picked":"construct:QuickAttack","floor":38.0},{"not_picked":["infinitespire:Oblivion","infinitespire:Punishment"],"picked":"infinitespire:Execution","floor":39.0},{"not_picked":["construct:Antimatter","construct:ClusterMines+1"],"picked":"construct:Synchronize","floor":40.0},{"not_picked":["construct:Reinforce","construct:ModeShift+1"],"picked":"construct:UnbalancingBlast+1","floor":41.0},{"not_picked":["construct:FocusedBeam","construct:ShiftStrike+1"],"picked":"construct:CriticalHit","floor":42.0},{"not_picked":["construct:Accumulate","construct:SweepLaser+1"],"picked":"construct:BatteryAcid","floor":44.0},{"not_picked":["construct:SyphonStrike+1","construct:Anticipate+1"],"picked":"construct:LaserCore+1","floor":45.0},{"not_picked":["construct:ShiftingStance","construct:Antimatter"],"picked":"construct:Reinforce+1","floor":46.0},{"not_picked":["construct:ShiftStrike","construct:Versatility+1"],"picked":"construct:VentSteam","floor":47.0},{"not_picked":["construct:Reinforce","construct:Failsafe"],"picked":"construct:PowerUp+1","floor":48.0},{"not_picked":["construct:Synchronize","construct:FierceBash+1"],"picked":"construct:SuppressiveFire+1","floor":49}],"player_experience":1878957,"relics_obtained":[{"floor":6.0,"key":"TungstenRod"},{"floor":9.0,"key":"infinitespire:Magic Flask"},{"floor":10.0,"key":"Dream Catcher"},{"floor":24.0,"key":"Mummified Hand"},{"floor":26.0,"key":"Gremlin Food"},{"floor":29.0,"key":"hubris:BottledRain"},{"floor":41.0,"key":"bronze:DecasWashers"},{"floor":44.0,"key":"hubris:MedicalManual"},{"floor":46.0,"key":"Ornamental Fan"},{"floor":48.0,"key":"Replay:Multitool"}],"event_choices":[{"damage_healed":75.0,"max_hp_gain":0.0,"max_hp_loss":92.0,"gold_gain":0.0,"event_name":"betterThird:BetterShining","player_choice":"Upgrade","floor":4.0,"gold_loss":0.0,"damage_taken":18.0,"cards_upgraded":["construct:ReactiveShield","construct:Strike_Gold"]},{"damage_healed":0.0,"max_hp_gain":0.0,"max_hp_loss":0.0,"gold_gain":0.0,"event_name":"The Cleric","player_choice":"Leave","floor":8.0,"gold_loss":0.0,"damage_taken":0.0},{"damage_healed":0.0,"max_hp_gain":0.0,"max_hp_loss":0.0,"gold_gain":0.0,"cards_transformed":["construct:BatteryAcid"],"event_name":"Transmorgrifier","player_choice":"Transformed","floor":28.0,"gold_loss":0.0,"damage_taken":0.0,"cards_obtained":["construct:Reserves"]},{"damage_healed":0.0,"max_hp_gain":0.0,"max_hp_loss":0.0,"gold_gain":100.0,"event_name":"Golden Shrine","player_choice":"Pray","floor":30.0,"gold_loss":0.0,"damage_taken":0.0},{"damage_healed":0.0,"max_hp_gain":0.0,"max_hp_loss":0.0,"gold_gain":0.0,"event_name":"Mysterious Sphere","player_choice":"Fight","floor":44.0,"gold_loss":0.0,"damage_taken":0.0}],"is_beta":false,"boss_relics":[{"not_picked":["infinitespire:Cupcake","Ectoplasm"],"picked":"Replay:Grab Bag"},{"not_picked":["Abe\u0027s Treasure","hubris:GrandSneckoEye"],"picked":"Replay:Fungal Core"},{"not_picked":["ReplayTheSpireMod:DimensionalGlitch","bronze:MakeshiftBattery"],"picked":"hubris:TerracottaHorce"},{"not_picked":["Black Star","Empty Cage"],"picked":"hubris:ScarierMask"},{"not_picked":["Pandora\u0027s Box","Coffee Dripper"],"picked":"Painkiller Herb"}],"items_purged_floors":[0],"is_endless":false,"potions_floor_spawned":[3,6,12,16,18,24,33,35,44,46,48],"ascension_level":2}}