{"host":"yiwf5cuj7e45awf3","time":1612614234,"event":{"mods":["BaseMod","Downfall","Hermit","Highlight Path","Hubris","Infinite Spire","Lobotomy","Marisa£®ÏF”Í°°ƒß¿Ì…≥£©","Minty Spire (QoL Compilation)","READ ME - Guardian Mod","Remilia£®¿Ÿ√◊¿Ú—«£©","Replay The Spire","StSLib","The Animator","The Construct","The Cursed","The Disciple","The Hierophant","The Jungle","The Necromancer","The Runesmith","The Servant 0.9.4"],"gold_per_floor":[118,118,31,31,50,78,78,97,97,114,125,144,170,187,187,287,287,306,306,322,23,23,23,36,36,36,55,69,69,84,3,3,100,100,112,0,0,17,17,46,65,65,91,109,109,38,38,54,54,54],"floor_reached":51,"language":"ZHS","playtime":3476,"items_purged":[],"score":741,"play_id":"62cf781f-3e50-4cc3-b9fa-7ad7c399e23d","local_time":"20210206202354","is_ascension_mode":false,"campfire_choices":[{"floor":15,"key":"REST"},{"floor":23,"key":"RECALL"},{"floor":25,"key":"REST"},{"floor":32,"key":"REST"},{"floor":47,"key":"REST"},{"floor":49,"key":"REST"}],"circlet_count":0,"master_deck":["TheCursedMod:Strike_TheCursed","TheCursedMod:Strike_TheCursed","TheCursedMod:Strike_TheCursed","TheCursedMod:Strike_TheCursed","TheCursedMod:Defend_TheCursed","TheCursedMod:Defend_TheCursed","TheCursedMod:Defend_TheCursed","TheCursedMod:CursedWand","TheCursedMod:CleanUpWorkshop","TheCursedMod:Dregs","TheCursedMod:CursedBoomerang","TheCursedMod:DoubleShield","TheCursedMod:CursedAmulet","TheCursedMod:CircleOfFlame","TheCursedMod:SoulCrush","TheCursedMod:FleshFromBone","TheCursedMod:Obscuration","TheCursedMod:CursedBlade","TheCursedMod:SpitefulPlan","TheCursedMod:Neurasthenia","TheCursedMod:SoulReap+1","TheCursedMod:SpreadPlague","TheCursedMod:EmpowerCircles+1","TheCursedMod:CursedSpellbook+1","TheCursedMod:VitalStrike","TheCursedMod:CircleOfBlood","TheCursedMod:LuckyCharm","TheCursedMod:VoidForm","TheCursedMod:CollectTribute","TheCursedMod:CursedBlade+1","TheCursedMod:SmokeScreen+1","Parasite","TheCursedMod:Grudge","Shame","downfall:Aged","ReplayTheSpireMod:Chaos Vortex","TheCursedMod:FleshFromBone+1","TheCursedMod:HellfireBreathing","TheCursedMod:SpitefulStrike"],"relics":["TheCursedMod:BlackMagic101","Bronze Scales","hubris:Towel","Replay:Accelerometer","Replay:WaspNest","Anchor","ReplayFunnel","Fusion Hammer","Lantern","TheAbacus","CultistMask","Happy Flower","Runic Dome","Red Mask","infinitespire:PuzzleCube","Vajra","ReplayTheSpireMod:TigerMarble"],"acts_visited":["Exordium","TheCity","TheBeyond"],"potions_floor_usage":[13,16,16,24,30,33,33,40,50],"damage_taken":[{"damage":0,"enemies":"Small Slimes","floor":1,"turns":3},{"damage":1,"enemies":"Cultist","floor":5,"turns":3},{"damage":39,"enemies":"Gremlin Nob","floor":6,"turns":5},{"damage":0,"enemies":"2 Louse","floor":8,"turns":3},{"damage":7,"enemies":"Exordium Wildlife","floor":10,"turns":3},{"damage":5,"enemies":"Looter","floor":11,"turns":3},{"damage":0,"enemies":"Lots of Slimes","floor":12,"turns":3},{"damage":3,"enemies":"3 Sentries","floor":13,"turns":6},{"damage":19,"enemies":"Exordium Thugs","floor":14,"turns":6},{"damage":13,"enemies":"The Guardian","floor":16,"turns":14},{"damage":3,"enemies":"3 Byrds","floor":18,"turns":3},{"damage":11,"enemies":"2 Thieves","floor":20,"turns":4},{"damage":21,"enemies":"Snake Plant","floor":24,"turns":4},{"damage":18,"enemies":"Sentry and Sphere","floor":27,"turns":6},{"damage":7,"enemies":"Centurion and Healer","floor":28,"turns":6},{"damage":25,"enemies":"Shelled Parasite and Fungi","floor":30,"turns":5},{"damage":54,"enemies":"Collector","floor":33,"turns":11},{"damage":5,"enemies":"3 Shapes","floor":35,"turns":3},{"damage":34,"enemies":"3 Darklings","floor":38,"turns":5},{"damage":43,"enemies":"R_Hoarder","floor":40,"turns":6},{"damage":3,"enemies":"Writhing Mass","floor":41,"turns":5},{"damage":2,"enemies":"Transient","floor":44,"turns":5},{"damage":29,"enemies":"3 Darklings","floor":48,"turns":4},{"damage":0,"enemies":"hubris:GrandSnecko","floor":50,"turns":9}],"seed_played":"-6003640111416299484","potions_obtained":[{"floor":8,"key":"Elixir"},{"floor":10,"key":"SkillPotion"},{"floor":12,"key":"BlessingOfTheForge"},{"floor":14,"key":"LiquidBronze"},{"floor":16,"key":"Fire Potion"},{"floor":18,"key":"Fire Potion"},{"floor":24,"key":"Adrenaline Potion"},{"floor":33,"key":"Fire Potion"},{"floor":44,"key":"PowerPotion"},{"floor":48,"key":"FairyPotion"}],"is_trial":false,"path_per_floor":["M","?","$","T","M","E","$","M","T","M","M","M","E","M","R","B",null,"M","?","M","$","?","R","M","R","T","M","M","$","M","$","R","B",null,"M","?","?","M","AVR","E","M","?","T","M","?","$","R","M","R","B",null],"character_chosen":"THE_CURSED","items_purchased":["TheCursedMod:DoubleShield","TheCursedMod:CursedAmulet","Lantern","TheAbacus","TheCursedMod:VoidForm","TheCursedMod:HellfireBreathing"],"campfire_rested":5,"item_purchase_floors":[3,3,21,21,31,46],"current_hp_per_floor":[75,75,75,75,74,35,35,35,35,28,23,23,20,1,23,10,75,72,72,64,64,64,64,47,69,69,58,61,61,36,36,58,20,75,70,70,70,40,40,29,36,36,36,46,46,46,68,39,61,73],"gold":54,"neow_bonus":"RANDOM_COMMON_RELIC","is_daily":false,"chose_seed":false,"campfire_upgraded":0,"win_rate":0.0,"timestamp":1612614234,"path_taken":["M","?","?","?","M","E","$","M","T","M","M","M","E","M","R","BOSS","M","?","?","$","?","R","M","R","T","M","M","?","M","$","R","BOSS","M","?","?","?","AVR","E","M","?","T","M","?","$","R","M","R","BOSS"],"items_purchased_type":["Card","Card","Card","Relic","Card","Card"],"build_version":"2020-12-22","purchased_purges":0,"victory":true,"max_hp_per_floor":[75,75,75,75,75,75,75,75,75,75,75,75,75,75,75,75,75,75,75,75,75,75,75,75,75,75,75,75,75,75,75,75,75,75,75,75,75,75,75,75,75,75,75,75,75,75,75,75,75,75],"card_choices":[{"not_picked":["TheCursedMod:SurpriseAttack","TheCursedMod:CursedBlade"],"picked":"TheCursedMod:CursedBoomerang","floor":1},{"not_picked":["TheCursedMod:Obscuration","TheCursedMod:CursedBlade"],"picked":"TheCursedMod:CircleOfFlame","floor":5},{"not_picked":["TheCursedMod:ReleasedStrength","TheCursedMod:Stigma","TheCursedMod:Obscuration"],"picked":"SKIP","floor":6},{"not_picked":["TheCursedMod:CircleOfWindfury","TheCursedMod:SurpriseAttack"],"picked":"TheCursedMod:SoulCrush","floor":8},{"not_picked":["TheCursedMod:AshesToAshes","TheCursedMod:CursedArmor"],"picked":"TheCursedMod:FleshFromBone","floor":10},{"not_picked":["TheCursedMod:FleshFromBone","TheCursedMod:CursedStaff"],"picked":"TheCursedMod:Obscuration","floor":11},{"not_picked":["TheCursedMod:Obscuration","TheCursedMod:VitalStrike"],"picked":"TheCursedMod:CursedBlade","floor":12},{"not_picked":["TheCursedMod:FleshFromBone","TheCursedMod:SpreadPlague","TheCursedMod:ForbiddenAlchemy"],"picked":"SKIP","floor":13},{"not_picked":["TheCursedMod:Obscuration","TheCursedMod:CursedMace"],"picked":"TheCursedMod:SpitefulPlan","floor":14},{"not_picked":["TheCursedMod:OutForBlood","TheCursedMod:ForbiddenAlchemy"],"picked":"TheCursedMod:Neurasthenia","floor":16},{"not_picked":["TheCursedMod:Stigma","TheCursedMod:DoubleShield"],"picked":"TheCursedMod:SoulReap+1","floor":18},{"not_picked":["TheCursedMod:SaltUponWound","TheCursedMod:CircleOfFlame"],"picked":"TheCursedMod:EmpowerCircles","floor":20},{"not_picked":["TheCursedMod:DemonSword","TheCursedMod:CursedAmulet"],"picked":"TheCursedMod:CursedSpellbook+1","floor":24},{"not_picked":["TheCursedMod:DoubleShield","TheCursedMod:CursedArmor"],"picked":"TheCursedMod:VitalStrike","floor":27},{"not_picked":["TheCursedMod:CircleOfWindfury","TheCursedMod:WearCloak"],"picked":"TheCursedMod:CircleOfBlood","floor":28},{"not_picked":["TheCursedMod:Obscuration+1","TheCursedMod:CursedShiv"],"picked":"TheCursedMod:LuckyCharm","floor":30},{"not_picked":["TheCursedMod:CursedRelics","TheCursedMod:DemonSword"],"picked":"TheCursedMod:CollectTribute","floor":33},{"not_picked":["TheCursedMod:CircleOfFlame","TheCursedMod:TroublousMinions"],"picked":"TheCursedMod:CursedBlade+1","floor":35},{"not_picked":["TheCursedMod:ReleasedKnowledge","TheCursedMod:TacticalStrike+1"],"picked":"TheCursedMod:SmokeScreen+1","floor":38},{"not_picked":["TheCursedMod:VitalStrike","TheCursedMod:BloodBarrier","TheCursedMod:Torture"],"picked":"SKIP","floor":40},{"not_picked":["TheCursedMod:Wield+1","TheCursedMod:CursedAmulet"],"picked":"TheCursedMod:Grudge","floor":41},{"not_picked":["infinitespire:NeuralNetwork","infinitespire:SealOfDarkness+"],"picked":"ReplayTheSpireMod:Chaos Vortex","floor":42},{"not_picked":["TheCursedMod:HellsGateOpen+1","TheCursedMod:SurpriseAttack"],"picked":"TheCursedMod:FleshFromBone+1","floor":44},{"not_picked":["TheCursedMod:RapidMovement","TheCursedMod:RavingStaff+1"],"picked":"TheCursedMod:SpitefulStrike","floor":48}],"player_experience":80980,"relics_obtained":[{"floor":4,"key":"Replay:Accelerometer"},{"floor":6,"key":"Replay:WaspNest"},{"floor":9,"key":"Anchor"},{"floor":13,"key":"ReplayFunnel"},{"floor":26,"key":"Happy Flower"},{"floor":40,"key":"Vajra"},{"floor":43,"key":"ReplayTheSpireMod:TigerMarble"}],"event_choices":[{"damage_healed":0,"gold_gain":0,"cards_transformed":["TheCursedMod:Defend_TheCursed"],"player_choice":"Transformed","damage_taken":0,"max_hp_gain":0,"max_hp_loss":0,"event_name":"Transmorgrifier","floor":19,"gold_loss":0,"cards_obtained":["TheCursedMod:SpreadPlague"]},{"damage_healed":0,"gold_gain":0,"player_choice":"Trade","damage_taken":0,"relics_obtained":["CultistMask"],"max_hp_gain":0,"max_hp_loss":0,"event_name":"FaceTrader","floor":22,"gold_loss":0},{"damage_healed":0,"gold_gain":0,"player_choice":"Paid","damage_taken":0,"relics_obtained":["Red Mask"],"max_hp_gain":0,"max_hp_loss":0,"event_name":"Tomb of Lord Red Mask","floor":36,"gold_loss":112},{"damage_healed":0,"gold_gain":0,"player_choice":"Ignored","damage_taken":0,"max_hp_gain":0,"max_hp_loss":0,"event_name":"NoteForYourself","floor":37,"gold_loss":0},{"damage_healed":0,"gold_gain":0,"player_choice":"Upgraded","damage_taken":0,"max_hp_gain":0,"max_hp_loss":0,"event_name":"Upgrade Shrine","floor":45,"gold_loss":0,"cards_upgraded":["TheCursedMod:EmpowerCircles"]}],"is_beta":false,"boss_relics":[{"not_picked":["Snecko Eye","construct:WeddingRing"],"picked":"Fusion Hammer"},{"not_picked":["Kintsugi","Velvet Choker"],"picked":"Runic Dome"}],"items_purged_floors":[],"is_endless":false,"potions_floor_spawned":[8,10,12,14,16,18,24,33,44,48],"ascension_level":0}}