{"host":"4d3077vv24x7opeb","time":1612653723,"event":{"mods":["2.2 Compatiblity","Act Like it!","BaseMod","Bestiary","Better Altar","Better Match","Better Note","Better Sensory Stone","Better Skull","Better Third Choice","Colored Map","Colored Powertips","Hermit","Highlight Path","Marisa????????","Minty Spire (QoL Compilation)","Relic Stats","Robot Space Explorer","StSLib","The Administrix","The Construct","The Gatherer","The Senshi","The Servant 0.9.4","TheFirefly","everything is the same but u backflip on backflip","slay the spire mod where everything is the same but ironclad has a cowboy hat"],"gold_per_floor":[115,127,127,46,57,57,89,89,89,89,89,149,73,103,103,206,206,222,77,27,27,27,27,44,44,69,87,119,149,189,212,224,335,347,369,397,459,520,549,561,573,612,650,673,384,413,413,427,427,427],"floor_reached":51,"language":"ENG","playtime":7864,"items_purged":[],"score":726,"play_id":"3af8fb0e-c18b-49d4-ad13-312e6762e77a","local_time":"20210206152203","is_ascension_mode":false,"campfire_choices":[{"data":"hermit:LoneWolf","floor":6,"key":"SMITH"},{"floor":8,"key":"REST"},{"data":"hermit:PistolWhip","floor":11,"key":"SMITH"},{"floor":15,"key":"REST"},{"data":"hermit:FatalDesire","floor":23,"key":"SMITH"},{"floor":32,"key":"REST"},{"floor":40,"key":"REST"},{"data":"hermit:ShadowCloak","floor":47,"key":"SMITH"},{"data":"hermit:TakeCover","floor":49,"key":"SMITH"}],"circlet_count":0,"master_deck":["hermit:Strike_Hermit+1","hermit:Strike_Hermit","hermit:Strike_Hermit","hermit:Defend_Hermit+1","hermit:Defend_Hermit+1","hermit:Defend_Hermit","hermit:Defend_Hermit","hermit:Snapshot+1","hermit:Covet","hermit:LoneWolf+1","hermit:Glare+1","hermit:PistolWhip+1","hermit:Misfire","hermit:ShadowCloak+1","hermit:ItchyTrigger+1","hermit:FlashPowder","hermit:Malice+1","hermit:FatalDesire+1","hermit:FlashPowder","hermit:Roulette+1","hermit:CalledShot+1","hermit:TakeCover+1","hermit:Showdown+1","hermit:Dive","hermit:EyeOfTheStorm+1","hermit:HeroicBravado","hermit:Snipe","hermit:Brawl+1","hermit:Quickdraw+1","hermit:GhostlyPresence+1","Writhe","hermit:DeadMansHand+1","hermit:Gestalt"],"relics":["hermit:Momento","War Paint","Molten Egg 2","Pantograph","Pocketwatch","theSenshi:SailorFukuRelic","Black Star","PreservedInsect","Lantern","Whetstone","MawBank","hermit:RedScarf","WingedGreaves","construct:WeddingRing","StoneCalendar","Du-Vu Doll","Pear","MealTicket","Toy Ornithopter","Strawberry","Toolbox","Anchor","Art of War"],"acts_visited":["Exordium","TheCity","TheBeyond"],"potions_floor_usage":[7,12,12,12,14,27,28,30,30,33,38,39,50],"damage_taken":[{"damage":5,"enemies":"Cultist","floor":1,"turns":4},{"damage":0,"enemies":"Small Slimes","floor":2,"turns":3},{"damage":0,"enemies":"Jaw Worm","floor":5,"turns":1},{"damage":37,"enemies":"Lagavulin","floor":7,"turns":8},{"damage":10,"enemies":"Gremlin Nob","floor":12,"turns":4},{"damage":20,"enemies":"3 Sentries","floor":14,"turns":5},{"damage":39,"enemies":"The Guardian","floor":16,"turns":8},{"damage":13,"enemies":"3 Byrds","floor":18,"turns":7},{"damage":0,"enemies":"Chosen","floor":24,"turns":5},{"damage":15,"enemies":"Snake Plant","floor":27,"turns":2},{"damage":6,"enemies":"Gremlin Leader","floor":28,"turns":5},{"damage":8,"enemies":"Centurion and Healer","floor":29,"turns":4},{"damage":14,"enemies":"Slavers","floor":30,"turns":4},{"damage":2,"enemies":"Cultist and Chosen","floor":31,"turns":6},{"damage":25,"enemies":"Collector","floor":33,"turns":9},{"damage":2,"enemies":"Orb Walker","floor":35,"turns":3},{"damage":10,"enemies":"3 Shapes","floor":36,"turns":4},{"damage":2,"enemies":"Mind Bloom Boss Battle","floor":37,"turns":8},{"damage":46,"enemies":"2 Orb Walkers","floor":38,"turns":5},{"damage":10,"enemies":"Spire Growth","floor":39,"turns":5},{"damage":31,"enemies":"Reptomancer","floor":42,"turns":5},{"damage":16,"enemies":"Maw","floor":44,"turns":8},{"damage":1,"enemies":"Nemesis","floor":46,"turns":5},{"damage":4,"enemies":"Transient","floor":48,"turns":5},{"damage":35,"enemies":"Awakened One","floor":50,"turns":20}],"seed_played":"-4422416026517810500","potions_obtained":[{"floor":1,"key":"ColorlessPotion"},{"floor":5,"key":"EntropicBrew"},{"floor":7,"key":"ColorlessPotion"},{"floor":18,"key":"Strength Potion"},{"floor":28,"key":"PowerPotion"},{"floor":29,"key":"PowerPotion"},{"floor":30,"key":"PowerPotion"},{"floor":35,"key":"AttackPotion"},{"floor":37,"key":"Swift Potion"},{"floor":38,"key":"Dexterity Potion"}],"is_trial":false,"path_per_floor":["M","M","?","$","M","R","E","R","T","?","R","?","$","E","R","B",null,"M","$","?","?","?","R","M","$","T","M","E","M","E","M","R","B",null,"M","M","?","?","M","R","?","E","T","M","$","E","R","M","R","B",null],"character_chosen":"HERMIT","items_purchased":["hermit:PistolWhip","hermit:FlashPowder","PreservedInsect","Strawberry","Toolbox"],"campfire_rested":4,"item_purchase_floors":[4,13,19,45,45],"current_hp_per_floor":[77,77,74,74,74,74,37,61,61,61,61,51,51,31,55,41,82,69,69,69,61,61,61,61,61,61,46,40,32,18,16,40,40,82,80,70,80,34,24,48,69,48,48,32,54,53,53,49,49,44],"gold":427,"neow_bonus":"TEN_PERCENT_HP_BONUS","is_daily":false,"chose_seed":false,"campfire_upgraded":5,"win_rate":0.0,"timestamp":1612653723,"path_taken":["M","M","?","$","M","R","E","R","T","?","R","?","?","E","R","BOSS","M","$","?","?","?","R","M","?","T","M","E","?","E","M","R","BOSS","M","M","?","?","M","R","?","E","T","M","$","E","R","?","R","BOSS"],"items_purchased_type":["Card","Card","Relic","Relic","Relic"],"build_version":"2020-12-22","purchased_purges":0,"victory":true,"max_hp_per_floor":[82,82,82,82,82,82,82,82,82,82,82,82,82,82,82,82,82,82,82,82,82,82,82,82,82,82,82,82,82,82,82,82,82,82,82,82,82,82,82,82,82,92,92,92,99,99,99,99,99,99],"relic_stats":{"counters":[25,143],"StoneCalendar":[104],"PreservedInsect":191,"Whetstone":["hermit:Snapshot","hermit:Strike_Hermit"],"War Paint":["hermit:Defend_Hermit","hermit:Defend_Hermit"],"MawBank":204,"Pantograph":87,"MealTicket":15,"Black Star":4,"Art of War":[2],"obtain_stats":[{"Lantern":26,"construct:WeddingRing":34,"Pear":42,"StoneCalendar":37,"PreservedInsect":19,"Whetstone":28,"War Paint":3,"MawBank":28,"Du-Vu Doll":38,"Anchor":46,"Pantograph":9,"Strawberry":45,"Toolbox":45,"Molten Egg 2":7,"MealTicket":42,"WingedGreaves":30,"Black Star":17,"Art of War":46,"hermit:RedScarf":30,"theSenshi:SailorFukuRelic":14,"hermit:Momento":0,"Toy Ornithopter":43,"Pocketwatch":12},{"Lantern":9,"construct:WeddingRing":15,"Pear":21,"StoneCalendar":18,"PreservedInsect":8,"Whetstone":11,"War Paint":2,"MawBank":11,"Du-Vu Doll":19,"Anchor":23,"Pantograph":4,"Strawberry":22,"Toolbox":22,"Molten Egg 2":4,"MealTicket":21,"WingedGreaves":13,"Black Star":7,"Art of War":23,"hermit:RedScarf":13,"theSenshi:SailorFukuRelic":6,"hermit:Momento":0,"Toy Ornithopter":21,"Pocketwatch":5},{"Lantern":45,"construct:WeddingRing":75,"Pear":105,"StoneCalendar":90,"PreservedInsect":40,"Whetstone":52,"War Paint":7,"MawBank":52,"Du-Vu Doll":95,"Anchor":118,"Pantograph":16,"Strawberry":113,"Toolbox":113,"Molten Egg 2":16,"MealTicket":105,"WingedGreaves":60,"Black Star":33,"Art of War":118,"hermit:RedScarf":60,"theSenshi:SailorFukuRelic":25,"hermit:Momento":0,"Toy Ornithopter":105,"Pocketwatch":20}],"Toy Ornithopter":5,"Pocketwatch":[46]},"card_choices":[{"not_picked":["hermit:NoHoldsBarred","hermit:Feint"],"picked":"hermit:LoneWolf","floor":1},{"not_picked":["hermit:TakeCover","hermit:Coalescence"],"picked":"hermit:Glare","floor":2},{"not_picked":["hermit:BlackWind","hermit:Spite"],"picked":"hermit:Misfire","floor":5},{"not_picked":["hermit:NoHoldsBarred+1","hermit:Cheat"],"picked":"hermit:ShadowCloak","floor":7},{"not_picked":["hermit:Coalescence","hermit:Feint"],"picked":"hermit:ItchyTrigger+1","floor":12},{"not_picked":["hermit:Scavenge","hermit:HoleUp"],"picked":"hermit:Malice+1","floor":14},{"not_picked":["hermit:Purgatory+1","hermit:BlackWind+1"],"picked":"hermit:FatalDesire","floor":16},{"not_picked":["hermit:Ricochet+1","hermit:LuckOfTheDraw"],"picked":"hermit:FlashPowder","floor":18},{"not_picked":["hermit:Headshot+1","hermit:Misfire+1"],"picked":"hermit:Roulette+1","floor":24},{"not_picked":["hermit:Headshot+1","hermit:BigShot"],"picked":"hermit:CalledShot+1","floor":27},{"not_picked":["hermit:HighCaliber+1","hermit:Feint+1"],"picked":"hermit:TakeCover","floor":28},{"not_picked":["hermit:Malice+1","hermit:Ricochet+1"],"picked":"hermit:Showdown+1","floor":29},{"not_picked":["hermit:HoleUp","hermit:Glare+1"],"picked":"hermit:Dive","floor":30},{"not_picked":["hermit:LuckOfTheDraw+1","hermit:NoHoldsBarred+1"],"picked":"hermit:EyeOfTheStorm+1","floor":31},{"not_picked":["hermit:Purgatory+1","hermit:Adapt"],"picked":"hermit:HeroicBravado","floor":33},{"not_picked":["hermit:SprayPray+1","hermit:Feint"],"picked":"hermit:Snipe","floor":35},{"not_picked":["hermit:Misfire+1","hermit:LowProfile","hermit:Desperado+1"],"picked":"SKIP","floor":36},{"not_picked":["hermit:Midnight+1","hermit:ShadowCloak+1"],"picked":"hermit:Brawl+1","floor":37},{"not_picked":["hermit:HoleUp","hermit:Midnight+1"],"picked":"hermit:Quickdraw+1","floor":38},{"not_picked":["hermit:FromBeyond","hermit:TakeAim"],"picked":"hermit:GhostlyPresence+1","floor":39},{"not_picked":["hermit:ItchyTrigger+1","hermit:Ricochet+1"],"picked":"hermit:DeadMansHand+1","floor":42},{"not_picked":["hermit:Quickdraw+1","hermit:TrackingShot+1"],"picked":"hermit:Gestalt","floor":44},{"not_picked":["hermit:Desperado+1","hermit:TrackingShot+1","hermit:DeadOrAlive+1"],"picked":"SKIP","floor":46},{"not_picked":["hermit:CursedWeapon+1","hermit:Snipe","hermit:Virtue"],"picked":"SKIP","floor":48}],"player_experience":249225,"relics_obtained":[{"floor":7,"key":"Molten Egg 2"},{"floor":9,"key":"Pantograph"},{"floor":12,"key":"Pocketwatch"},{"floor":14,"key":"theSenshi:SailorFukuRelic"},{"floor":26,"key":"Lantern"},{"floor":28,"key":"Whetstone"},{"floor":28,"key":"MawBank"},{"floor":30,"key":"hermit:RedScarf"},{"floor":30,"key":"WingedGreaves"},{"floor":37,"key":"StoneCalendar"},{"floor":38,"key":"Du-Vu Doll"},{"floor":42,"key":"Pear"},{"floor":42,"key":"MealTicket"},{"floor":43,"key":"Toy Ornithopter"},{"floor":46,"key":"Anchor"},{"floor":46,"key":"Art of War"}],"event_choices":[{"damage_healed":0,"gold_gain":0,"player_choice":"Relic ","damage_taken":3,"max_hp_gain":0,"max_hp_loss":0,"event_name":"betterThird:BetterScrap","floor":3,"gold_loss":0,"cards_obtained":["Amplify"]},{"damage_healed":0,"gold_gain":0,"player_choice":"Grow","damage_taken":0,"max_hp_gain":0,"max_hp_loss":0,"event_name":"Living Wall","floor":10,"gold_loss":0,"cards_upgraded":["hermit:Glare"]},{"damage_healed":0,"gold_gain":0,"player_choice":"Searched \u00272\u0027 times","damage_taken":0,"max_hp_gain":0,"max_hp_loss":0,"event_name":"Dead Adventurer","floor":12,"gold_loss":0},{"damage_healed":0,"gold_gain":0,"player_choice":"Bet on Murderer","damage_taken":0,"max_hp_gain":0,"max_hp_loss":0,"event_name":"The Joust","floor":20,"gold_loss":50},{"damage_healed":0,"gold_gain":0,"player_choice":"Damaged","damage_taken":8,"max_hp_gain":0,"max_hp_loss":0,"event_name":"Wheel of Change","floor":21,"gold_loss":0},{"cards_removed":["hermit:Strike_Hermit"],"damage_healed":0,"gold_gain":0,"player_choice":"Purged","damage_taken":0,"max_hp_gain":0,"max_hp_loss":0,"event_name":"Purifier","floor":22,"gold_loss":0},{"damage_healed":0,"gold_gain":0,"player_choice":"Fight","damage_taken":0,"max_hp_gain":0,"max_hp_loss":0,"event_name":"MindBloom","floor":37,"gold_loss":0},{"damage_healed":0,"gold_gain":0,"player_choice":"Fight","damage_taken":0,"max_hp_gain":0,"max_hp_loss":0,"event_name":"Mysterious Sphere","floor":38,"gold_loss":0},{"damage_healed":21,"gold_gain":0,"player_choice":"Writhe","damage_taken":0,"max_hp_gain":0,"max_hp_loss":0,"event_name":"Winding Halls","floor":41,"gold_loss":0,"cards_obtained":["Writhe"]}],"is_beta":false,"boss_relics":[{"not_picked":["SlaversCollar","Cursed Key"],"picked":"Black Star"},{"not_picked":["hermit:DentedPlate","Sozu"],"picked":"construct:WeddingRing"}],"items_purged_floors":[],"is_endless":false,"potions_floor_spawned":[1,5,7,18,28,29,30,35,37,38],"ascension_level":0}}