{"host":"szp1d6dso4pv7ddl","time":1612639407,"event":{"mods":["AchievementEnabler","Alarm Clock","BaseMod","Bestiary","Block Reminder","Colored Map","Colored Powertips","Curses Come First","Dark Map","Displayed Cursed Tome","Highlight Path","Minty Spire (QoL Compilation)","Permanent Neow","Quick Restart","Relic Sorter","Relic Stats","StSLib","Synergy Search"],"gold_per_floor":[117,136,152,227,277,304,304,319,319,330,330,330,330,349,349,349,349],"floor_reached":16,"language":"ENG","playtime":537,"items_purged":[],"score":194,"play_id":"a55f6aec-a698-46d7-8634-847d8f21421f","local_time":"20210206112327","is_ascension_mode":true,"campfire_choices":[{"floor":7,"key":"REST"},{"floor":11,"key":"REST"},{"floor":13,"key":"REST"},{"data":"Carnage","floor":15,"key":"SMITH"}],"circlet_count":0,"master_deck":["AscendersBane","Strike_R","Strike_R","Strike_R","Strike_R","Strike_R","Defend_R","Defend_R","Defend_R","Bash","CurseOfTheBell","Inflame","Carnage+1","True Grit","Ghostly Armor","Fire Breathing"],"relics":["Calling Bell","Happy Flower","Mummified Hand","TungstenRod","Charon\u0027s Ashes","Bird Faced Urn"],"acts_visited":["Exordium"],"potions_floor_usage":[10,16],"damage_taken":[{"damage":4,"enemies":"Small Slimes","floor":1,"turns":3},{"damage":0,"enemies":"Cultist","floor":2,"turns":3},{"damage":12,"enemies":"Jaw Worm","floor":3,"turns":4},{"damage":40,"enemies":"Lagavulin","floor":6,"turns":7},{"damage":0,"enemies":"2 Fungi Beasts","floor":8,"turns":3},{"damage":17,"enemies":"Exordium Thugs","floor":10,"turns":5},{"damage":8,"enemies":"Looter","floor":14,"turns":3},{"damage":52,"enemies":"Hexaghost","floor":16,"turns":9}],"seed_played":"9050166037808276501","potions_obtained":[{"floor":1,"key":"Swift Potion"},{"floor":8,"key":"DistilledChaos"},{"floor":10,"key":"SkillPotion"}],"is_trial":false,"path_per_floor":["M","M","M","?","?","E","R","M","T","M","R","?","R","M","R","B"],"character_chosen":"IRONCLAD","items_purchased":[],"campfire_rested":3,"item_purchase_floors":[],"current_hp_per_floor":[64,64,52,42,42,2,24,24,24,9,31,31,53,47,47,0,0],"gold":349,"neow_bonus":"BOSS_RELIC","is_daily":false,"chose_seed":false,"campfire_upgraded":1,"win_rate":0.0,"timestamp":1612639407,"path_taken":["M","M","M","?","?","E","R","M","T","M","R","?","R","M","R","BOSS"],"items_purchased_type":[],"build_version":"2020-12-22","purchased_purges":0,"victory":false,"max_hp_per_floor":[75,75,75,75,75,75,75,75,75,75,75,75,75,75,75,75,75],"relic_stats":{"Happy Flower":[12],"counters":[8,37],"Mummified Hand":[8],"Bird Faced Urn":[8],"Charon\u0027s Ashes":[15],"obtain_stats":[{"Calling Bell":0,"Happy Flower":0,"Mummified Hand":0,"Bird Faced Urn":9,"Charon\u0027s Ashes":6,"Burning Blood":0,"TungstenRod":0},{"Calling Bell":0,"Happy Flower":0,"Mummified Hand":0,"Bird Faced Urn":5,"Charon\u0027s Ashes":4,"Burning Blood":0,"TungstenRod":0},{"Calling Bell":0,"Happy Flower":0,"Mummified Hand":0,"Bird Faced Urn":20,"Charon\u0027s Ashes":17,"Burning Blood":0,"TungstenRod":0}],"TungstenRod":26},"card_choices":[{"not_picked":["Pommel Strike","Body Slam"],"picked":"Inflame","floor":1},{"not_picked":["Thunderclap","Havoc"],"picked":"Carnage","floor":2},{"not_picked":["Intimidate","Clothesline"],"picked":"True Grit","floor":3},{"not_picked":["Reckless Charge","Pommel Strike"],"picked":"Ghostly Armor","floor":6},{"not_picked":["Blood for Blood","Iron Wave"],"picked":"Fire Breathing","floor":8},{"not_picked":["Whirlwind","Wild Strike","Searing Blow"],"picked":"SKIP","floor":10},{"not_picked":["Clash","Whirlwind","Anger"],"picked":"SKIP","floor":14}],"player_experience":1380829,"relics_obtained":[{"floor":0,"key":"Happy Flower"},{"floor":0,"key":"Mummified Hand"},{"floor":0,"key":"TungstenRod"},{"floor":6,"key":"Charon\u0027s Ashes"},{"floor":9,"key":"Bird Faced Urn"}],"event_choices":[{"damage_healed":0,"gold_gain":75,"player_choice":"Gather Gold","damage_taken":11,"max_hp_gain":0,"max_hp_loss":0,"event_name":"World of Goop","floor":4,"gold_loss":0},{"damage_healed":0,"gold_gain":50,"player_choice":"Gained Gold","damage_taken":0,"max_hp_gain":0,"max_hp_loss":0,"event_name":"Golden Wing","floor":5,"gold_loss":0},{"cards_removed":["Defend_R"],"damage_healed":0,"gold_gain":0,"player_choice":"Purged","damage_taken":0,"max_hp_gain":0,"max_hp_loss":0,"event_name":"Purifier","floor":12,"gold_loss":0}],"is_beta":false,"boss_relics":[],"items_purged_floors":[],"is_endless":false,"potions_floor_spawned":[1,8,10],"killed_by":"Hexaghost","ascension_level":18}}