{"host":"65mk3suhfjklhbko","time":1612580433,"event":{"mods":["BaseMod","Downfall","Minty Spire (QoL Compilation)","Quick Restart","StSLib"],"gold_per_floor":[99,116,116,129,229,229,254,270,270,270,296,318,365,396,418,535,547,459,486,498,16,16,36,36,36,49,34,62,62,75,86,98,199,199,199,42,42,88,88,88,112,124,142,142,142,142],"floor_reached":44,"language":"ENG","playtime":3105,"items_purged":["hexamod:Strike","hexamod:Strike"],"score":438,"play_id":"fb9407e2-407a-4e18-8cbb-dcf2181e9692","local_time":"20210205220033","is_ascension_mode":false,"campfire_choices":[{"data":"hexamod:Sear","floor":1.0,"key":"SMITH"},{"data":"hexamod:Firestarter","floor":6.0,"key":"SMITH"},{"data":"hexamod:SoulSteal","floor":9.0,"key":"SMITH"},{"data":"hexamod:SearingWound","floor":18,"key":"SMITH"},{"data":"hexamod:HexaLevel","floor":29,"key":"SMITH"},{"floor":35,"key":"RECALL"},{"data":"expansioncontent:DashGenerateEvil","floor":40,"key":"SMITH"}],"circlet_count":0,"master_deck":["hexamod:Strike","hexamod:Defend","hexamod:Defend","hexamod:Defend","hexamod:Defend","hexamod:Sear+1","hexamod:Float","hexamod:ThermalTransfer+1","hexamod:Firestarter+1","hexamod:SoulSteal+1","hexamod:Hexaguard","hexamod:BurningTouch","hexamod:FirstSeal","hexamod:GhostShield","hexamod:HexaLevel+1","hexamod:SearingWound+1","hexamod:SwordOfDarkness+1","hexamod:AdvancingGuard","hexamod:InspiringFlames","expansioncontent:DashGenerateEvil+1","hexamod:BurningTouch+1","hexamod:FourthSeal","hexamod:PhantomFireball+1","hexamod:FifthSeal","hexamod:SixthSeal","expansioncontent:QuickStudy","hexamod:HeatShield+1"],"relics":["hexamod:UnbrokenSoul","MealTicket","downfall:ShatteredFragment","downfall:GremlinWheel","Juzu Bracelet","MawBank","Ice Cream","hexamod:IceCube","downfall:HeartBlessingGreen","Membership Card","Bag of Marbles","InkBottle","Lantern","Boot"],"acts_visited":["Exordium","TheCity","TheBeyond"],"potions_floor_usage":[28,33],"damage_taken":[{"damage":5.0,"enemies":"Small Slimes","floor":2.0,"turns":5.0},{"damage":0.0,"enemies":"2 Louse","floor":4.0,"turns":3.0},{"damage":25.0,"enemies":"2 Louse","floor":5.0,"turns":4.0},{"damage":1.0,"enemies":"Cultist","floor":8.0,"turns":3.0},{"damage":3.0,"enemies":"3 Sentries","floor":11.0,"turns":5.0},{"damage":0.0,"enemies":"2 Fungi Beasts","floor":12.0,"turns":3.0},{"damage":9.0,"enemies":"Lagavulin","floor":13.0,"turns":6.0},{"damage":2.0,"enemies":"Blue Slaver","floor":14.0,"turns":3.0},{"damage":6.0,"enemies":"Large Slime","floor":15.0,"turns":6.0},{"damage":38.0,"enemies":"DF_ARCHETYPE_STREAMLINE","floor":16.0,"turns":9.0},{"damage":8,"enemies":"3 Byrds","floor":19,"turns":4},{"damage":0,"enemies":"downfall:FleeingMerchant","floor":21,"turns":4},{"damage":0,"enemies":"Snecko","floor":23,"turns":3},{"damage":14,"enemies":"Sentry and Sphere","floor":26,"turns":6},{"damage":0,"enemies":"downfall:FleeingMerchant","floor":27,"turns":4},{"damage":27,"enemies":"Slavers","floor":28,"turns":4},{"damage":0,"enemies":"Cultist and Chosen","floor":30,"turns":4},{"damage":0,"enemies":"Snecko","floor":31,"turns":4},{"damage":8,"enemies":"Snake Plant","floor":32,"turns":4},{"damage":22,"enemies":"IC_MUSHROOM_ARCHETYPE","floor":33,"turns":7},{"damage":0,"enemies":"downfall:FleeingMerchant","floor":36,"turns":4},{"damage":15,"enemies":"3 Shapes","floor":42,"turns":4},{"damage":7,"enemies":"3 Darklings","floor":43,"turns":2},{"damage":81,"enemies":"Giant Head","floor":44,"turns":7}],"seed_played":"6809283851597154196","potions_obtained":[{"floor":2.0,"key":"LiquidBronze"},{"floor":4.0,"key":"LiquidMemories"},{"floor":12.0,"key":"Block Potion"},{"floor":15.0,"key":"FairyPotion"},{"floor":19,"key":"Fire Potion"},{"floor":27,"key":"hexamod:InfernoChargePotion"},{"floor":28,"key":"FearPotion"},{"floor":36,"key":"FairyPotion"},{"floor":43,"key":"hexamod:SoulburnPotion"}],"is_trial":false,"path_per_floor":["R","M","?","M","?","R","T","M","R","?","E","M","E","M","M","B",null,"R","M","?","$","?","M","T","?","M","$","E","R","M","M","M","B",null,"R","?","?","T","?","R","T","M","M","E"],"character_chosen":"THE_SPIRIT","items_purchased":["expansioncontent:DashGenerateEvil","Membership Card","Bag of Marbles","expansioncontent:QuickStudy"],"campfire_rested":0,"item_purchase_floors":[21,21,21,36],"current_hp_per_floor":[70,65,44,44,19,70,70,69,69,69,66,66,57,62,56,25,70,70,69,69,70,57,57,57,57,50,72,45,45,52,59,58,43,75,75,75,75,75,67,67,67,59,52,0,0,0],"gold":142,"neow_bonus":"RANDOM_COMMON_RELIC","is_daily":false,"chose_seed":false,"campfire_upgraded":6,"win_rate":0.0,"timestamp":1612580433,"path_taken":["R","M","?","M","?","R","T","M","R","?","E","M","E","M","M","BOSS","R","M","?","$","?","M","T","?","M","?","E","R","M","M","M","BOSS","R","?","?","?","?","R","T","M","M","E"],"items_purchased_type":["Card","Relic","Relic","Card"],"build_version":"2020-12-22","purchased_purges":2,"victory":false,"max_hp_per_floor":[70,70,70,70,70,70,70,70,70,70,70,70,70,70,70,70,70,70,70,70,70,75,75,75,75,75,75,75,75,75,75,75,75,75,75,75,75,75,75,75,75,75,75,75,75,75],"card_choices":[{"not_picked":["hexamod:HeatCrush","hexamod:RecurringNightmare"],"picked":"hexamod:ThermalTransfer","floor":2.0},{"not_picked":["hexamod:Again","hexamod:BacktrackSmack"],"picked":"hexamod:Firestarter","floor":4.0},{"not_picked":["hexamod:NightmareStrike","hexamod:Hexaguard"],"picked":"hexamod:SoulSteal","floor":8.0},{"not_picked":["hexamod:FastForward","hexamod:HauntingEcho"],"picked":"hexamod:Hexaguard","floor":11.0},{"not_picked":["hexamod:HeatCrush","hexamod:EtherealExpedition"],"picked":"hexamod:BurningTouch","floor":12.0},{"not_picked":["hexamod:SoulSteal","hexamod:Firestarter"],"picked":"hexamod:FirstSeal","floor":13.0},{"not_picked":["hexamod:HauntingEcho","hexamod:GhostLash"],"picked":"hexamod:GhostShield","floor":14.0},{"not_picked":["hexamod:BurningTouch","hexamod:NightmareStrike"],"picked":"hexamod:HexaLevel","floor":15.0},{"not_picked":["hexamod:TurnItUp","hexamod:GhostOfSpirePresent"],"picked":"hexamod:SearingWound","floor":16.0},{"not_picked":["hexamod:NightmareStrike","hexamod:GhostLash"],"picked":"hexamod:SwordOfDarkness+1","floor":19},{"not_picked":["hexamod:FastForward","hexamod:RetreatToShadows+1"],"picked":"hexamod:InspiringFlames","floor":21},{"not_picked":["hexamod:ShieldOfDarkness","hexamod:GhostLash"],"picked":"hexamod:BurningTouch+1","floor":23},{"not_picked":["hexamod:Hexaguard","hexamod:SkipABeat+1"],"picked":"hexamod:FourthSeal","floor":26},{"not_picked":["hexamod:PhantomCloak","hexamod:Firestarter","hexamod:TimeOfNeed"],"picked":"SKIP","floor":27},{"not_picked":["hexamod:SpectralAdrenaline","hexamod:Hexaguard","hexamod:GhostLash+1"],"picked":"SKIP","floor":28},{"not_picked":["hexamod:SecondSeal","hexamod:InspiringFlames","hexamod:AdvancingGuard"],"picked":"SKIP","floor":30},{"not_picked":["hexamod:BacktrackSmack","hexamod:HauntingEcho","hexamod:FastForward"],"picked":"SKIP","floor":31},{"not_picked":["hexamod:PhantomCloak","hexamod:ShieldOfDarkness"],"picked":"hexamod:PhantomFireball+1","floor":32},{"not_picked":["hexamod:TimeWarp","hexamod:TimeOfNeed"],"picked":"hexamod:FifthSeal","floor":33},{"not_picked":["hexamod:SecondSeal","hexamod:ThirdSeal"],"picked":"hexamod:SixthSeal","floor":36},{"not_picked":["hexamod:FastForward","hexamod:GhostLash","hexamod:BacktrackSmack"],"picked":"SKIP","floor":36},{"not_picked":["hexamod:Hexaguard+1","hexamod:ThirdSeal"],"picked":"hexamod:HeatShield+1","floor":42},{"not_picked":["hexamod:AdvancingGuard","hexamod:HeatShield","hexamod:SkipABeat"],"picked":"SKIP","floor":43}],"player_experience":730241,"relics_obtained":[{"floor":5.0,"key":"downfall:GremlinWheel"},{"floor":7.0,"key":"Juzu Bracelet"},{"floor":11.0,"key":"MawBank"},{"floor":13.0,"key":"Ice Cream"},{"floor":24,"key":"InkBottle"},{"floor":28,"key":"Lantern"},{"floor":41,"key":"Boot"}],"event_choices":[{"damage_healed":51.0,"max_hp_gain":0.0,"max_hp_loss":0.0,"gold_gain":0.0,"event_name":"Wheel of Change","player_choice":"Full Heal","floor":6.0,"gold_loss":0.0,"damage_taken":0.0},{"damage_healed":0,"gold_gain":0,"player_choice":"Read","damage_taken":0,"max_hp_gain":0,"max_hp_loss":0,"event_name":"The Library","floor":20,"gold_loss":0,"cards_obtained":["hexamod:AdvancingGuard"]},{"damage_healed":0,"gold_gain":0,"player_choice":"Ignored","damage_taken":0,"max_hp_gain":0,"max_hp_loss":0,"event_name":"Vampires","floor":25,"gold_loss":0}],"is_beta":false,"boss_relics":[{"not_picked":["Busted Crown","Philosopher\u0027s Stone"],"picked":"hexamod:IceCube"},{"not_picked":["Tiny House","Pandora\u0027s Box"],"picked":"hexamod:UnbrokenSoul"}],"items_purged_floors":[21,36],"is_endless":false,"potions_floor_spawned":[2,4,12,15,19,23,26,30,31,32,43],"killed_by":"Giant Head","ascension_level":0}}