{"host":"8is2j71l4wmybkoi","time":1612587828,"event":{"mods":["AchievementEnabler","BaseMod","Colored Map","Minty Spire (QoL Compilation)","Rare Cards Sparkle","StSLib","SuperFastMode"],"gold_per_floor":[112,123,123,40,53,53,70,103,103,134,153,153,153,173,173,252,252,262,272,282,64,90,90,90],"floor_reached":23,"language":"KOR","playtime":810,"items_purged":["Strike_R"],"score":355,"play_id":"cfe1f97c-4a5a-4310-96b8-ca0fe9d49d7d","local_time":"20210206140348","is_ascension_mode":true,"campfire_choices":[{"data":"True Grit","floor":6,"key":"SMITH"},{"data":"Armaments","floor":13,"key":"SMITH"},{"data":"Offering","floor":15,"key":"SMITH"}],"circlet_count":0,"master_deck":["AscendersBane","Strike_R","Strike_R","Strike_R","Strike_R","Defend_R","Defend_R","Defend_R","Defend_R","Bash","Armaments+1","Pommel Strike","Feel No Pain","True Grit+1","Offering+1","Anger","Twin Strike","Ghostly Armor","Blood for Blood","Combust","Juggernaut","Body Slam","Shrug It Off"],"relics":["Burning Blood","NeowsBlessing","StrikeDummy","Gambling Chip","Turnip","GremlinMask","Mark of Pain","Vajra","Bronze Scales"],"acts_visited":["Exordium","TheCity"],"potions_floor_usage":[7,8,16,16],"damage_taken":[{"damage":0,"enemies":"Small Slimes","floor":1,"turns":1},{"damage":0,"enemies":"Cultist","floor":2,"turns":1},{"damage":0,"enemies":"Jaw Worm","floor":5,"turns":1},{"damage":17,"enemies":"Gremlin Gang","floor":7,"turns":6},{"damage":11,"enemies":"Gremlin Nob","floor":8,"turns":3},{"damage":21,"enemies":"Lagavulin","floor":10,"turns":5},{"damage":6,"enemies":"Red Slaver","floor":11,"turns":1},{"damage":7,"enemies":"Exordium Wildlife","floor":14,"turns":2},{"damage":36,"enemies":"The Guardian","floor":16,"turns":8},{"damage":13,"enemies":"Shell Parasite","floor":18,"turns":4},{"damage":17,"enemies":"Chosen","floor":19,"turns":4},{"damage":17,"enemies":"Centurion and Healer","floor":20,"turns":5},{"damage":33,"enemies":"Slavers","floor":23,"turns":2}],"seed_played":"8113143570478739994","potions_obtained":[{"floor":2,"key":"SneckoOil"},{"floor":5,"key":"AttackPotion"},{"floor":7,"key":"SteroidPotion"},{"floor":14,"key":"PowerPotion"}],"is_trial":false,"path_per_floor":["M","M","?","$","M","R","M","E","T","E","M","?","R","M","R","B",null,"M","M","M","$","T","E"],"character_chosen":"IRONCLAD","items_purchased":["Feel No Pain","True Grit","Vajra"],"campfire_rested":0,"item_purchase_floors":[4,4,21],"current_hp_per_floor":[74,75,71,71,75,75,64,59,59,44,44,44,44,43,43,13,60,53,42,31,31,31,0,0],"gold":90,"neow_bonus":"THREE_ENEMY_KILL","is_daily":false,"chose_seed":false,"campfire_upgraded":3,"win_rate":0.0,"timestamp":1612587828,"path_taken":["M","M","?","$","?","R","M","E","T","E","M","?","R","M","R","BOSS","M","?","M","$","?","E"],"items_purchased_type":["Card","Card","Relic"],"build_version":"2020-12-22","purchased_purges":1,"victory":false,"max_hp_per_floor":[75,75,75,75,75,75,75,75,75,75,75,75,75,75,75,75,75,75,75,75,75,75,75,75],"card_choices":[{"not_picked":["Clash","Burning Pact"],"picked":"Armaments","floor":1},{"not_picked":["Sentinel","Intimidate"],"picked":"Pommel Strike","floor":2},{"not_picked":["True Grit","Whirlwind"],"picked":"Offering","floor":5},{"not_picked":["Iron Wave","Armaments"],"picked":"Anger","floor":7},{"not_picked":["Warcry","Body Slam"],"picked":"Twin Strike","floor":8},{"not_picked":["Thunderclap","Body Slam"],"picked":"Ghostly Armor","floor":10},{"not_picked":["Ghostly Armor","True Grit"],"picked":"Blood for Blood","floor":11},{"not_picked":["Iron Wave","Warcry"],"picked":"Combust","floor":14},{"not_picked":["Bludgeon","Limit Break"],"picked":"Juggernaut","floor":16},{"not_picked":["Searing Blow","Heavy Blade","Hemokinesis"],"picked":"SKIP","floor":18},{"not_picked":["Iron Wave","Pummel"],"picked":"Body Slam","floor":19},{"not_picked":["Twin Strike","Body Slam"],"picked":"Shrug It Off","floor":20}],"player_experience":1000794,"relics_obtained":[{"floor":8,"key":"StrikeDummy"},{"floor":9,"key":"Gambling Chip"},{"floor":10,"key":"Turnip"},{"floor":22,"key":"Bronze Scales"}],"event_choices":[{"damage_healed":0,"gold_gain":0,"player_choice":"Bought 0 Potions","damage_taken":0,"max_hp_gain":0,"max_hp_loss":0,"event_name":"The Woman in Blue","floor":3,"gold_loss":0},{"damage_healed":0,"gold_gain":0,"player_choice":"Trade","damage_taken":0,"relics_obtained":["GremlinMask"],"max_hp_gain":0,"max_hp_loss":0,"event_name":"FaceTrader","floor":12,"gold_loss":0}],"is_beta":false,"boss_relics":[{"not_picked":["Runic Cube","Busted Crown"],"picked":"Mark of Pain"}],"items_purged_floors":[21],"is_endless":false,"potions_floor_spawned":[2,5,7,14],"killed_by":"Slavers","ascension_level":15}}