{"host":"yqw1zpryoutrnocq","time":1612642616,"event":{"mods":["2.2 Compatiblity","AchievementEnabler","BaseMod","Colored Map","Custom Start","DeckTracker","Minty Spire (QoL Compilation)","StSLib","SuperFastMode"],"gold_per_floor":[111,129,146,146,146,175,175,202,202,233,233,260,273,234,234,334,334,347,347,367,386,412,445,64,64,138,138,172,187,197,208,208,312,312,329,72,85,135,135,147,147,147],"floor_reached":41,"language":"KOR","playtime":1200,"items_purged":[],"score":692,"play_id":"280da65f-6d42-41cb-a552-16154a9c8601","local_time":"20210206141656","is_ascension_mode":true,"campfire_choices":[{"data":"Double Energy","floor":7.0,"key":"SMITH"},{"floor":11.0,"key":"REST"},{"floor":15.0,"key":"REST"},{"data":"Defragment","floor":25.0,"key":"SMITH"},{"floor":32.0,"key":"REST"}],"circlet_count":0,"master_deck":["Strike_B","Strike_B","Strike_B","Defend_B","Defend_B","Defend_B","Defend_B+1","Zap","Dualcast","Clumsy","Electrodynamics+1","Loop","Undo+1","Cold Snap","Double Energy+1","Machine Learning","Capacitor","Sunder","Reboot","CurseOfTheBell","Genetic Algorithm","Leap","Defragment","Glacier","Defragment+1","Hologram","Conserve Battery","Redo","White Noise","Loop","Echo Form","Defragment+1","Defragment+1"],"relics":["Cracked Core","Juzu Bracelet","Torii","Symbiotic Virus","War Paint","Bag of Marbles","Calling Bell","Bronze Scales","Sundial","Emotion Chip","Ancient Tea Set","Blood Vial","OrangePellets","Toy Ornithopter","Strawberry","Nuclear Battery","Bottled Lightning","Gambling Chip"],"acts_visited":["Exordium","TheCity","TheBeyond"],"potions_floor_usage":[33,40],"damage_taken":[{"damage":7.0,"enemies":"Jaw Worm","floor":1.0,"turns":3.0},{"damage":0.0,"enemies":"Small Slimes","floor":2.0,"turns":2.0},{"damage":0.0,"enemies":"Cultist","floor":3.0,"turns":4.0},{"damage":15.0,"enemies":"3 Sentries","floor":6.0,"turns":3.0},{"damage":31.0,"enemies":"Gremlin Nob","floor":8.0,"turns":4.0},{"damage":8.0,"enemies":"Lagavulin","floor":10.0,"turns":6.0},{"damage":20.0,"enemies":"3 Sentries","floor":12.0,"turns":3.0},{"damage":1.0,"enemies":"Blue Slaver","floor":13.0,"turns":3.0},{"damage":0.0,"enemies":"Slime Boss","floor":16.0,"turns":6.0},{"damage":1.0,"enemies":"Chosen","floor":18.0,"turns":3.0},{"damage":8.0,"enemies":"3 Byrds","floor":20.0,"turns":2.0},{"damage":32.0,"enemies":"Centurion and Healer","floor":21.0,"turns":5.0},{"damage":21.0,"enemies":"Slavers","floor":23.0,"turns":5.0},{"damage":0.0,"enemies":"Snake Plant","floor":27.0,"turns":1.0},{"damage":11.0,"enemies":"Gremlin Leader","floor":28.0,"turns":7.0},{"damage":2.0,"enemies":"Snecko","floor":29.0,"turns":5.0},{"damage":10.0,"enemies":"Shelled Parasite and Fungi","floor":30.0,"turns":5.0},{"damage":10.0,"enemies":"Chosen and Byrds","floor":31.0,"turns":4.0},{"damage":25,"enemies":"Automaton","floor":33,"turns":10},{"damage":0,"enemies":"3 Shapes","floor":35,"turns":6},{"damage":31,"enemies":"3 Darklings","floor":37,"turns":5},{"damage":0,"enemies":"Mind Bloom Boss Battle","floor":38,"turns":5},{"damage":28,"enemies":"Jaw Worm Horde","floor":40,"turns":4},{"damage":26,"enemies":"Nemesis","floor":41,"turns":5}],"seed_played":"-5770508644008276213","potions_obtained":[{"floor":3.0,"key":"SkillPotion"},{"floor":6.0,"key":"SmokeBomb"},{"floor":8.0,"key":"Swift Potion"},{"floor":10.0,"key":"DuplicationPotion"},{"floor":12.0,"key":"FocusPotion"},{"floor":16.0,"key":"Ancient Potion"},{"floor":23.0,"key":"Explosive Potion"},{"floor":28.0,"key":"ColorlessPotion"},{"floor":31.0,"key":"Energy Potion"},{"floor":35,"key":"Strength Potion"},{"floor":37,"key":"SkillPotion"},{"floor":40,"key":"GamblersBrew"}],"is_trial":false,"path_per_floor":["M","M","M","?","?","E","R","E","T","E","R","E","M","?","R","B",null,"M","?","M","M","T","E","$","R","T","M","E","M","M","M","R","B",null,"M","$","M","?","?","M","E"],"character_chosen":"DEFECT","items_purchased":["OrangePellets","Defragment","Hologram","Toy Ornithopter","Bottled Lightning"],"campfire_rested":3,"item_purchase_floors":[24,24,24,24,36],"current_hp_per_floor":[61,61,61,61,61,46,46,15,15,7,29,9,8,8,30,30,64,63,63,55,23,23,2,2,2,2,9,17,17,9,6,30,12,65,67,67,38,40,40,19,0,0],"gold":147,"neow_bonus":"THREE_RARE_CARDS","is_daily":false,"chose_seed":false,"campfire_upgraded":2,"win_rate":0.0,"timestamp":1612642616,"path_taken":["M","M","M","?","?","E","R","E","T","E","R","E","M","?","R","BOSS","M","?","M","M","?","E","$","R","T","M","E","M","M","M","R","BOSS","M","$","M","?","?","M","E"],"items_purchased_type":["Relic","Card","Card","Relic","Relic"],"build_version":"2020-12-22","purchased_purges":0,"victory":false,"max_hp_per_floor":[75,75,75,75,75,75,75,75,75,75,75,75,75,75,75,75,75,75,75,75,75,75,75,75,75,75,75,82,82,82,82,82,82,82,82,82,82,82,82,82,82,82],"card_choices":[{"not_picked":["Core Surge","Meteor Strike"],"picked":"Electrodynamics","floor":0.0},{"not_picked":["Stack","Skim"],"picked":"Loop","floor":1.0},{"not_picked":["Go for the Eyes","Gash"],"picked":"Undo","floor":2.0},{"not_picked":["Undo","Leap"],"picked":"Cold Snap","floor":3.0},{"not_picked":["Rip and Tear","Sunder"],"picked":"Double Energy","floor":6.0},{"not_picked":["Tempest","Fission"],"picked":"Machine Learning","floor":8.0},{"not_picked":["Stack","Cold Snap"],"picked":"Capacitor","floor":10.0},{"not_picked":["Storm","Scrape"],"picked":"Sunder","floor":12.0},{"not_picked":["Go for the Eyes","Streamline","Darkness"],"picked":"SKIP","floor":13.0},{"not_picked":["Fission","Hyperbeam"],"picked":"Reboot","floor":16.0},{"not_picked":["Redo","Cold Snap"],"picked":"Genetic Algorithm","floor":18.0},{"not_picked":["Barrage","Gash"],"picked":"Leap","floor":20.0},{"not_picked":["Auto Shields+1","Coolheaded"],"picked":"Defragment","floor":21.0},{"not_picked":["Rip and Tear","Scrape+1"],"picked":"Glacier","floor":23.0},{"not_picked":["Beam Cell","Turbo"],"picked":"Conserve Battery","floor":28.0},{"not_picked":["Ball Lightning+1","Scrape"],"picked":"Redo","floor":29.0},{"not_picked":["Loop","Blizzard"],"picked":"White Noise","floor":30.0},{"not_picked":["Compile Driver","Go for the Eyes"],"picked":"Loop","floor":31.0},{"not_picked":["Reboot","Seek"],"picked":"Echo Form","floor":33},{"not_picked":["Go for the Eyes+1","Redo+1"],"picked":"Defragment+1","floor":35},{"not_picked":["Reprogram+1","Turbo+1","Rebound+1"],"picked":"SKIP","floor":37},{"not_picked":["Cold Snap+1","Go for the Eyes"],"picked":"Defragment+1","floor":40}],"player_experience":301329,"relics_obtained":[{"floor":6.0,"key":"Juzu Bracelet"},{"floor":8.0,"key":"Torii"},{"floor":9.0,"key":"Symbiotic Virus"},{"floor":10.0,"key":"War Paint"},{"floor":12.0,"key":"Bag of Marbles"},{"floor":17.0,"key":"Bronze Scales"},{"floor":17.0,"key":"Sundial"},{"floor":17.0,"key":"Emotion Chip"},{"floor":22.0,"key":"Ancient Tea Set"},{"floor":23.0,"key":"Blood Vial"},{"floor":28.0,"key":"Strawberry"},{"floor":38,"key":"Gambling Chip"}],"event_choices":[{"damage_healed":0.0,"max_hp_gain":0.0,"max_hp_loss":0.0,"gold_gain":0.0,"event_name":"Living Wall","player_choice":"Grow","floor":4.0,"gold_loss":0.0,"damage_taken":0.0,"cards_upgraded":["Electrodynamics"]},{"cards_removed":["Strike_B"],"damage_healed":0.0,"max_hp_gain":0.0,"max_hp_loss":0.0,"gold_gain":0.0,"event_name":"Purifier","player_choice":"Purged","floor":5.0,"gold_loss":0.0,"damage_taken":0.0},{"damage_healed":0.0,"max_hp_gain":0.0,"max_hp_loss":0.0,"gold_gain":0.0,"event_name":"World of Goop","player_choice":"Left Gold","floor":14.0,"gold_loss":39.0,"damage_taken":0.0},{"damage_healed":0.0,"max_hp_gain":0.0,"max_hp_loss":0.0,"gold_gain":0.0,"event_name":"Vampires","player_choice":"Ignored","floor":19.0,"gold_loss":0.0,"damage_taken":0.0},{"damage_healed":0,"gold_gain":0,"player_choice":"Fight","damage_taken":0,"max_hp_gain":0,"max_hp_loss":0,"event_name":"MindBloom","floor":38,"gold_loss":0},{"damage_healed":0,"gold_gain":0,"player_choice":"Ignored","damage_taken":0,"max_hp_gain":0,"max_hp_loss":0,"event_name":"Tomb of Lord Red Mask","floor":39,"gold_loss":0}],"is_beta":false,"boss_relics":[{"not_picked":["SacredBark","Empty Cage"],"picked":"Calling Bell"},{"not_picked":["FrozenCore","Cursed Key"],"picked":"Nuclear Battery"}],"items_purged_floors":[],"is_endless":false,"potions_floor_spawned":[3,6,8,10,12,16,23,27,28,31,35,37,40],"killed_by":"Nemesis","ascension_level":6}}