{"host":"ty7uytdfitsmf36k","time":1612575192,"event":{"mods":["AchievementEnabler","BaseMod","Colored Map","Colored Powertips","DeckTracker","Downfall","Infinite Spire","Minty Spire (QoL Compilation)","Relic Stats","Replay The Spire","Spire Arcade","StSLib","SuperFastMode","The Jungle","Wandering Minibosses"],"gold_per_floor":[99,156,29,29,41,41,66,140,167,179,195,195,224,235,248,352,352,352,365,365,190,290,290,314,326,337,337,353,353,369,369,380,476,476,476,486,513,513,613,613,638,656,696,719,739,739,739,750,766,766],"floor_reached":51,"language":"ENG","playtime":2055,"items_purged":["hexamod:Defend","hexamod:Strike"],"score":984,"play_id":"88af94ff-63eb-4a32-b313-48529fe9a83c","local_time":"20210205203312","is_ascension_mode":true,"campfire_choices":[{"data":"hexamod:RecurringNightmare","floor":12.0,"key":"SMITH"},{"data":"hexamod:GiftsFromTheDead","floor":29.0,"key":"SMITH"},{"data":"hexamod:EtherealExpedition","floor":35.0,"key":"SMITH"},{"data":"hexamod:Float","floor":40.0,"key":"SMITH"}],"circlet_count":0,"master_deck":["hexamod:Defend","hexamod:Defend","hexamod:Sear+1","hexamod:Float+1","hexamod:AdvancingGuard","hexamod:SpectralSpark+1","hexamod:Hexaguard","hexamod:PhantomFireball","hexamod:SpectersWail","hexamod:SpectersWail","hexamod:HauntingEcho+1","hexamod:RecurringNightmare+1","hexamod:RainOfEmbers","hexamod:NightmareGuise","hexamod:FastForward","hexamod:GiftsFromTheDead+1","hexamod:Hexaguard+1","hexamod:AdvancingGuard+1","hexamod:SoulSteal","hexamod:ShieldOfDarkness","hexamod:EtherealExpedition+1","wanderingMiniBosses:FinaleOfPromise","infinitespire:Menacing","hexamod:ExtraCrispy","hexamod:FourthSeal","Parasite","hexamod:FlamesFromBeyond+1"],"relics":["hexamod:SpiritBrand","Bag of Preparation","downfall:BrokenWingStatue","Akabeko","Mummified Hand","Onion Ring","Gremlin Food","SlaversCollar","theJungle:ShellPeas","hexamod:SoulConsumer","Blood Vial","Garlic","Runic Dome","wanderingMiniBosses:Blackblade","Replay:Mystery Machine","Divine Protection","hexamod:TheBrokenSeal"],"acts_visited":["Exordium","theJungle:Jungle","TheBeyond"],"potions_floor_usage":[50,50],"damage_taken":[{"damage":36.0,"enemies":"Gremlin Nob","floor":2.0,"turns":6.0},{"damage":0.0,"enemies":"downfall:FleeingMerchant","floor":3.0,"turns":4.0},{"damage":0.0,"enemies":"2 Louse","floor":5.0,"turns":2.0},{"damage":11.0,"enemies":"Lagavulin","floor":9.0,"turns":4.0},{"damage":0.0,"enemies":"Jaw Worm","floor":10.0,"turns":2.0},{"damage":0.0,"enemies":"Small Slimes","floor":11.0,"turns":1.0},{"damage":4.0,"enemies":"3 Sentries","floor":13.0,"turns":4.0},{"damage":1.0,"enemies":"Red Slaver","floor":14.0,"turns":2.0},{"damage":0.0,"enemies":"Blue Slaver","floor":15.0,"turns":2.0},{"damage":0.0,"enemies":"IC_STATUS_ARCHETYPE","floor":16.0,"turns":5.0},{"damage":32.0,"enemies":"theJungle:MUSHROOMGANG","floor":19.0,"turns":8.0},{"damage":4.0,"enemies":"theJungle:GiantWrat","floor":25.0,"turns":3.0},{"damage":0.0,"enemies":"theJungle:2_Snecko_Cultists","floor":26.0,"turns":3.0},{"damage":1.0,"enemies":"Snake Plant","floor":28.0,"turns":7.0},{"damage":0.0,"enemies":"theJungle:SlimyTreeVines","floor":30.0,"turns":4.0},{"damage":0.0,"enemies":"theJungle:JungleHuntersEncounter","floor":32.0,"turns":4.0},{"damage":0.0,"enemies":"DF_ARCHETYPE_CLAW","floor":33.0,"turns":8.0},{"damage":0.0,"enemies":"Orb Walker","floor":36.0,"turns":5.0},{"damage":0.0,"enemies":"3 Darklings","floor":37.0,"turns":4.0},{"damage":0.0,"enemies":"Spire Growth","floor":42.0,"turns":3.0},{"damage":0.0,"enemies":"R_Hoarder","floor":43.0,"turns":5.0},{"damage":0.0,"enemies":"Maw","floor":44.0,"turns":7.0},{"damage":0.0,"enemies":"Sphere and 2 Shapes","floor":45.0,"turns":8.0},{"damage":0,"enemies":"Jaw Worm Horde","floor":48,"turns":3},{"damage":0,"enemies":"Writhing Mass","floor":49,"turns":4},{"damage":0,"enemies":"WA_ARCHETYPE_DIVINITY","floor":50,"turns":8}],"seed_played":"-3813339613052104488","potions_obtained":[{"floor":2.0,"key":"Fire Potion"},{"floor":5.0,"key":"Flashbang"},{"floor":13.0,"key":"LifebloodPotion"},{"floor":15.0,"key":"Energy Potion"},{"floor":19.0,"key":"Strength Potion"},{"floor":26.0,"key":"Ancient Potion"},{"floor":30.0,"key":"Weak Potion"},{"floor":37.0,"key":"Explosive Potion"}],"is_trial":false,"path_per_floor":["R_BF","?","$","?","M","?","T","T","E","M","M","R","E","M","M","B",null,"R_BF","M","?","?","?","AVR","T","M","M","?","M","R","M","T","M","B",null,"R_BF","M","M","?","?","R","T","M","E","M","M","?","?","M","M","B",null],"character_chosen":"THE_SPIRIT","items_purchased":["hexamod:SpectersWail"],"campfire_rested":0,"item_purchase_floors":[3],"current_hp_per_floor":[70,34,34,34,34,34,34,34,23,23,23,23,19,18,18,18,70,49,17,7,7,3,3,3,5,11,11,16,16,27,27,33,39,70,70,70,70,53,53,53,53,59,65,70,80,80,80,80,80,80],"gold":766,"neow_bonus":"TRANSFORM_CARD","is_daily":false,"chose_seed":false,"campfire_upgraded":4,"win_rate":0.0,"timestamp":1612575192,"path_taken":["R_BF","?","$","?","M","?","T","?","E","?","M","R","E","M","M","BOSS","R_BF","M","?","?","?","AVR","T","M","M","?","M","R","?","?","M","BOSS","R_BF","M","M","?","?","R","T","M","E","M","?","?","?","M","M","BOSS"],"items_purchased_type":["Card"],"build_version":"2020-12-22","purchased_purges":2,"victory":true,"max_hp_per_floor":[70,70,70,70,70,70,70,70,70,70,70,70,70,70,70,70,70,70,70,70,70,70,70,70,70,70,70,70,70,70,70,70,70,70,70,70,70,70,70,70,70,70,70,70,80,80,80,80,80,80],"relic_stats":{"Blood Vial":18,"counters":[26,116],"Mummified Hand":[36],"Bag of Preparation":[50],"obtain_stats":[{"Gremlin Food":13,"Divine Protection":43,"hexamod:TheBrokenSeal":45,"Bag of Preparation":2,"Replay:Mystery Machine":41,"Akabeko":7,"theJungle:ShellPeas":21,"Blood Vial":24,"SlaversCollar":17,"Runic Dome":34,"downfall:BrokenWingStatue":6,"wanderingMiniBosses:Blackblade":36,"Mummified Hand":8,"Onion Ring":9,"Garlic":31,"hexamod:SoulConsumer":23,"hexamod:SpiritBrand":0},{"Gremlin Food":7,"Divine Protection":21,"hexamod:TheBrokenSeal":23,"Bag of Preparation":1,"Replay:Mystery Machine":19,"Akabeko":3,"theJungle:ShellPeas":11,"Blood Vial":11,"SlaversCollar":10,"Runic Dome":17,"downfall:BrokenWingStatue":3,"wanderingMiniBosses:Blackblade":18,"Mummified Hand":3,"Onion Ring":4,"Garlic":15,"hexamod:SoulConsumer":11,"hexamod:SpiritBrand":0},{"Gremlin Food":23,"Divine Protection":86,"hexamod:TheBrokenSeal":100,"Bag of Preparation":6,"Replay:Mystery Machine":78,"Akabeko":12,"theJungle:ShellPeas":40,"Blood Vial":40,"SlaversCollar":32,"Runic Dome":69,"downfall:BrokenWingStatue":12,"wanderingMiniBosses:Blackblade":74,"Mummified Hand":12,"Onion Ring":16,"Garlic":57,"hexamod:SoulConsumer":40,"hexamod:SpiritBrand":0}]},"card_choices":[{"not_picked":["hexamod:InspiringFlames","hexamod:HeatMetal"],"picked":"hexamod:Hexaguard","floor":2.0},{"not_picked":["hexamod:InspiringFlames","hexamod:UnlimitedPower"],"picked":"hexamod:PhantomFireball","floor":3.0},{"not_picked":["hexamod:SpectersWail","hexamod:NightmareStrike"],"picked":"hexamod:HauntingEcho","floor":5.0},{"not_picked":["hexamod:SpectralSpark","hexamod:SecondSeal"],"picked":"hexamod:RecurringNightmare","floor":9.0},{"not_picked":["hexamod:SwordOfDarkness","hexamod:RainOfEmbers","hexamod:NightmareStrike"],"picked":"SKIP","floor":10.0},{"not_picked":["hexamod:SwordOfDarkness","hexamod:NightmareStrike"],"picked":"hexamod:RainOfEmbers","floor":10.0},{"not_picked":["hexamod:BacktrackSmack","hexamod:Firestarter"],"picked":"hexamod:NightmareGuise","floor":11.0},{"not_picked":["hexamod:VolcanoVisage","hexamod:HauntingEcho"],"picked":"hexamod:FastForward","floor":13.0},{"not_picked":["hexamod:HauntingEcho","hexamod:AdvancingGuard","hexamod:ThermalTransfer"],"picked":"SKIP","floor":14.0},{"not_picked":["hexamod:NightmareGuise","hexamod:Firestarter","hexamod:HauntingEcho"],"picked":"SKIP","floor":15.0},{"not_picked":["hexamod:ParanormalForm","hexamod:GhostflameInferno"],"picked":"hexamod:GiftsFromTheDead","floor":16.0},{"not_picked":["hexamod:PhantomCloak","hexamod:SpectralAdrenaline","hexamod:ThermalTransfer"],"picked":"SKIP","floor":19.0},{"not_picked":["hexamod:BacktrackSmack","hexamod:FlamesFromBeyond"],"picked":"hexamod:Hexaguard","floor":25.0},{"not_picked":["hexamod:BurningTouch","hexamod:InspiringFlames+1"],"picked":"hexamod:AdvancingGuard+1","floor":26.0},{"not_picked":["hexamod:Firestarter","hexamod:BacktrackSmack"],"picked":"hexamod:SoulSteal","floor":28.0},{"not_picked":["hexamod:Rewind","hexamod:BacktrackSmack"],"picked":"hexamod:ShieldOfDarkness","floor":30.0},{"not_picked":["hexamod:SuperheatedStrike","hexamod:GhostLash+1"],"picked":"hexamod:EtherealExpedition","floor":32.0},{"not_picked":["hexamod:SearingWound","hexamod:TimeWarp"],"picked":"hexamod:FifthSeal","floor":33.0},{"not_picked":["hexamod:FourthSeal","hexamod:ThirdSeal"],"picked":"hexamod:SixthSeal","floor":36.0},{"not_picked":["hexamod:ThermalTransfer+1","hexamod:RecurringNightmare+1"],"picked":"hexamod:SecondSeal","floor":36.0},{"not_picked":[],"picked":"wanderingMiniBosses:FinaleOfPromise","floor":36.0},{"not_picked":["hexamod:SixthSeal","hexamod:SecondSeal"],"picked":"hexamod:ThirdSeal","floor":37.0},{"not_picked":["hexamod:HeatShield","hexamod:SpectersWail+1","hexamod:Incineration+1"],"picked":"SKIP","floor":37.0},{"not_picked":["infinitespire:TheBestDefense","infinitespire:Starlight"],"picked":"infinitespire:Menacing","floor":38.0},{"not_picked":["hexamod:Haunt+1","hexamod:GhostflameInferno","hexamod:BacktrackSmack+1"],"picked":"SKIP","floor":42.0},{"not_picked":["hexamod:GhostflameBarrier+1","hexamod:RetreatToShadows","hexamod:SwordOfDarkness+1"],"picked":"SKIP","floor":42.0},{"not_picked":["hexamod:FirstSeal","hexamod:SecondSeal"],"picked":"hexamod:FourthSeal","floor":43.0},{"not_picked":["hexamod:StepThrough+1","hexamod:Rewind"],"picked":"hexamod:ExtraCrispy","floor":43.0},{"not_picked":["hexamod:HeatMetal+1","hexamod:FlameSwitch","hexamod:Firestarter"],"picked":"SKIP","floor":43.0},{"not_picked":["hexamod:SecondSeal","hexamod:FourthSeal"],"picked":"hexamod:FirstSeal","floor":44.0},{"not_picked":["hexamod:HauntingEcho+1","hexamod:ThermalTransfer+1","hexamod:FirstSeal"],"picked":"SKIP","floor":44.0},{"not_picked":["hexamod:ChargedBarrage","hexamod:NightmareStrike","hexamod:SwordOfDarkness"],"picked":"SKIP","floor":44.0},{"not_picked":["hexamod:PhantomFireball+1","hexamod:PhantomCloak","hexamod:HauntingEcho"],"picked":"SKIP","floor":45.0},{"not_picked":["hexamod:StepThrough","hexamod:Hexaguard","hexamod:SpectersWail+1"],"picked":"SKIP","floor":48},{"not_picked":["hexamod:SpectersWail","hexamod:SuperheatedStrike+1"],"picked":"hexamod:FlamesFromBeyond+1","floor":49}],"player_experience":210150,"relics_obtained":[{"floor":2.0,"key":"Bag of Preparation"},{"floor":7.0,"key":"Akabeko"},{"floor":8.0,"key":"Mummified Hand"},{"floor":9.0,"key":"Onion Ring"},{"floor":13.0,"key":"Gremlin Food"},{"floor":24.0,"key":"Blood Vial"},{"floor":31.0,"key":"Garlic"},{"floor":36.0,"key":"wanderingMiniBosses:Blackblade"},{"floor":41.0,"key":"Replay:Mystery Machine"},{"floor":43.0,"key":"Divine Protection"}],"event_choices":[],"is_beta":false,"boss_relics":[{"not_picked":["infinitespire:Cupcake","Replay:Bronze Core"],"picked":"SlaversCollar"},{"not_picked":["Kintsugi","ChewingGum"],"picked":"Runic Dome"}],"items_purged_floors":[3,23],"is_endless":false,"potions_floor_spawned":[2,5,13,15,19,26,30,37,42,45,49],"ascension_level":1}}