{"host":"0luxfixkkfk9wck3","time":1612581681,"event":{"mods":["BaseMod","DeckTracker","Downfall","Highlight Path","Minty Spire (QoL Compilation)","StSLib"],"gold_per_floor":[99,99,99,199,299,326,326,626,642,642,255,255,287,287,301,406,406,306,326,344,357,357,357,384,403,403,303,313,330,364,384,397,397,397,397],"floor_reached":33,"language":"ENG","playtime":1408,"items_purged":["downfall:Malfunctioning"],"score":460,"play_id":"9dd67c30-f4c3-407d-8599-c9ea19b0c6b9","local_time":"20210205212121","is_ascension_mode":true,"campfire_choices":[{"data":"sneckomod:TailWhip","floor":1,"key":"SMITH"}],"circlet_count":0,"master_deck":["sneckomod:Strike+1","sneckomod:Strike+1","sneckomod:Strike+1","sneckomod:Defend+1","sneckomod:Defend+1","sneckomod:Defend+1","sneckomod:TailWhip+1","sneckomod:SnekBite","sneckomod:Unknown","sneckomod:Unknown+1","downfall:Haunted","downfall:Haunted","Clumsy","sneckomod:UnknownDraw","sneckomod:QuickMove+1","sneckomod:UnknownStrength+1","bronze:ItsAFeature","sneckomod:SoulExchange+1","bronze:MaxOutput+1","sneckomod:Unknown1Cost+1","sneckomod:UnendingSupply+1","sneckomod:UnknownWeak+1","sneckomod:TrashToTreasure+1","Necronomicurse","Slimebound:GoopSpray+1","sneckomod:SlitherStrike","sneckomod:Memorize+1","sneckomod:UnknownBlock+1","sneckomod:UnknownClassSLIMEBOUND+1"],"relics":["sneckomod:SneckoSoul","downfall:HeartsMalice","Du-Vu Doll","Eternal Feather","Toxic Egg 2","Medical Kit","Pen Nib","Singing Bowl","Mercury Hourglass","Empty Cage","downfall:HeartBlessingGreen","Necronomicon","downfall:HeartBlessingBlue","Shuriken"],"acts_visited":["Exordium","TheCity"],"potions_floor_usage":[16,16,18,31,33,33],"damage_taken":[{"damage":0,"enemies":"Cultist","floor":2,"turns":1},{"damage":0,"enemies":"2 Louse","floor":3,"turns":1},{"damage":0,"enemies":"Gremlin Nob","floor":6,"turns":1},{"damage":9,"enemies":"Jaw Worm","floor":9,"turns":2},{"damage":2,"enemies":"downfall:FleeingMerchant","floor":11,"turns":4},{"damage":25,"enemies":"3 Sentries","floor":13,"turns":8},{"damage":6,"enemies":"2 Fungi Beasts","floor":15,"turns":3},{"damage":50,"enemies":"DF_ARCHETYPE_STREAMLINE","floor":16,"turns":7},{"damage":12,"enemies":"3 Byrds","floor":19,"turns":4},{"damage":13,"enemies":"Spheric Guardian","floor":20,"turns":4},{"damage":0,"enemies":"Shelled Parasite and Fungi","floor":21,"turns":2},{"damage":9,"enemies":"Centurion and Healer","floor":25,"turns":4},{"damage":0,"enemies":"Snecko","floor":28,"turns":3},{"damage":12,"enemies":"3 Cultists","floor":29,"turns":4},{"damage":5,"enemies":"Slavers","floor":30,"turns":4},{"damage":11,"enemies":"Centurion and Healer","floor":31,"turns":5},{"damage":13,"enemies":"Snecko","floor":32,"turns":3},{"damage":24,"enemies":"WA_ARCHETYPE_CALM","floor":33,"turns":5}],"seed_played":"1409864381006503360","potions_obtained":[{"floor":6,"key":"Weak Potion"},{"floor":13,"key":"hexamod:SoulburnPotion"},{"floor":15,"key":"PowerPotion"},{"floor":16,"key":"Fruit Juice"},{"floor":19,"key":"Strength Potion"},{"floor":25,"key":"Block Potion"},{"floor":28,"key":"Strength Potion"}],"is_trial":false,"path_per_floor":["R","M","M","?","?","E","T","?","M","?","$","R","E","T","M","B",null,"R","M","M","M","?","?","T","M","?","R","M","M","E","M","M","B"],"character_chosen":"THE_SNECKO","items_purchased":["Medical Kit","Pen Nib"],"campfire_rested":0,"item_purchase_floors":[11,11],"current_hp_per_floor":[81,81,81,81,81,81,81,81,72,72,70,82,57,57,53,3,70,87,75,62,62,62,62,62,53,37,62,62,50,45,34,23,0,0,0],"gold":397,"neow_bonus":"THREE_ENEMY_KILL","is_daily":false,"chose_seed":false,"campfire_upgraded":1,"win_rate":0.0,"timestamp":1612581681,"path_taken":["R","M","?","?","?","E","T","?","?","?","$","R","E","?","M","BOSS","R","M","M","M","?","?","T","M","?","R","M","M","E","M","M","BOSS"],"items_purchased_type":["Relic","Relic"],"build_version":"2020-12-22","purchased_purges":1,"victory":false,"max_hp_per_floor":[90,90,90,90,90,90,90,90,90,90,90,90,90,90,92,92,92,97,97,97,97,97,97,97,97,97,107,107,107,107,107,109,109,109,109],"card_choices":[{"not_picked":["sneckomod:SoulDraw","sneckomod:SnakeSap"],"picked":"sneckomod:UnknownDraw","floor":2},{"not_picked":["sneckomod:DiceBlock","sneckomod:SoulDraw"],"picked":"sneckomod:UnknownDexterity","floor":3},{"not_picked":["sneckomod:SoulDraw","sneckomod:DiceBlock"],"picked":"sneckomod:UnknownDraw","floor":6},{"not_picked":["sneckomod:QuickBite","sneckomod:RainOfDice"],"picked":"sneckomod:QuickMove+1","floor":9},{"not_picked":["sneckomod:UnknownVulnerable+1","sneckomod:SoulRoll+1"],"picked":"sneckomod:UnknownStrength+1","floor":11},{"not_picked":["sneckomod:WideSting","sneckomod:MixItUp"],"picked":"sneckomod:UnknownWeak+1","floor":13},{"not_picked":["sneckomod:SoulDraw+1","sneckomod:DiceBoulder","sneckomod:QuickBite"],"picked":"Singing Bowl","floor":15},{"not_picked":["sneckomod:Cheat+1","sneckomod:GlitteringGambit+1"],"picked":"sneckomod:SoulExchange+1","floor":16},{"not_picked":["sneckomod:UnknownDraw+1","sneckomod:SoulDraw+1"],"picked":"sneckomod:Unknown1Cost+1","floor":19},{"not_picked":["sneckomod:UnknownDraw+1","sneckomod:TrashToTreasure+1"],"picked":"sneckomod:UnendingSupply+1","floor":20},{"not_picked":["sneckomod:UnknownCommonSkill+1","sneckomod:UnknownCommonAttack+1"],"picked":"sneckomod:UnknownWeak+1","floor":21},{"not_picked":["sneckomod:QuickMove+1","sneckomod:IronFang"],"picked":"sneckomod:TrashToTreasure+1","floor":25},{"not_picked":["sneckomod:Unknown1Cost+1","sneckomod:WideSting"],"picked":"sneckomod:SlitherStrike","floor":28},{"not_picked":["sneckomod:WideSting+1","sneckomod:SoulCleanse+1"],"picked":"sneckomod:Memorize+1","floor":29},{"not_picked":["sneckomod:MixItUp+1","sneckomod:UnlimitedRolls"],"picked":"sneckomod:UnknownBlock+1","floor":30},{"not_picked":["sneckomod:QuickBite+1","sneckomod:UnknownCommonSkill+1"],"picked":"sneckomod:UnknownClassSLIMEBOUND+1","floor":31},{"not_picked":["sneckomod:WideSting","sneckomod:RainOfDice+1","sneckomod:UnknownUncommonAttack"],"picked":"Singing Bowl","floor":32}],"player_experience":11599966,"relics_obtained":[{"floor":6,"key":"Eternal Feather"},{"floor":7,"key":"Toxic Egg 2"},{"floor":13,"key":"Singing Bowl"},{"floor":14,"key":"Mercury Hourglass"},{"floor":26,"key":"Necronomicon"},{"floor":30,"key":"Shuriken"}],"event_choices":[],"is_beta":false,"boss_relics":[{"not_picked":["Coffee Dripper","Black Star"],"picked":"Empty Cage"}],"items_purged_floors":[11],"is_endless":false,"potions_floor_spawned":[6,13,15,16,19,25,28,29],"killed_by":"WA_ARCHETYPE_CALM","ascension_level":9}}