{"host":"zjc1tzo4ovig5lll","time":1612611927,"event":{"mods":["AchievementEnabler","Aspiration","BaseMod","Beaked The Cultist","Better Altar","Better Match","Better Note","Better Sensory Stone","Colored Map","Colored Powertips","Conspire","Energized Spire","Friendly Minions","GifTheSpireLib","Halation","Hermit","Hubris","Minty Spire (QoL Compilation)","Rare Cards Sparkle","Reliquary","Replay The Spire","StSLib","The Blue Laboratory","The Bug Knight","The Construct","The Jungle","everything is the same but u backflip on backflip"],"gold_per_floor":[119,119,119,131,145,145,163,194,219,40,40,40,57,73,73,172,172,191,191,290,290,290,290],"floor_reached":22,"language":"ENG","playtime":737,"items_purged":["construct:Strike_Gold"],"score":267,"play_id":"13b59c52-8989-45a4-82c4-94a2d49c9063","local_time":"20210206134527","is_ascension_mode":true,"campfire_choices":[{"data":"construct:Enhance","floor":6.0,"key":"SMITH"},{"floor":15,"key":"REST"}],"circlet_count":0,"master_deck":["construct:Strike_Gold","construct:Strike_Gold","construct:Strike_Gold","construct:Strike_Gold","construct:Defend_Gold","construct:Defend_Gold","construct:Defend_Gold","construct:Defend_Gold","construct:Defend_Gold","construct:DefenseMode","construct:LaserCore","construct:Enhance+1","construct:Analyze","construct:Autoturret","construct:Analyze","Pain","construct:Synchronize","construct:Analyze","Madness"],"relics":["construct:ClockworkPhoenix","NeowsBlessing","HollowMod:PaleOreRelic","hubris:Icosahedron","WarpedTongs","hubris:VirtuousBlindfold"],"acts_visited":["Exordium","TheCity"],"potions_floor_usage":[13],"damage_taken":[{"damage":0.0,"enemies":"Jaw Worm","floor":1.0,"turns":1.0},{"damage":0.0,"enemies":"Small Slimes","floor":4.0,"turns":1.0},{"damage":0.0,"enemies":"Cultist","floor":5.0,"turns":1.0},{"damage":11.0,"enemies":"Large Slime","floor":7.0,"turns":11.0},{"damage":34.0,"enemies":"3 Sentries","floor":8.0,"turns":13.0},{"damage":1,"enemies":"Lots of Slimes","floor":13,"turns":2},{"damage":12,"enemies":"Exordium Thugs","floor":14,"turns":4},{"damage":18,"enemies":"The Guardian","floor":16,"turns":11},{"damage":28,"enemies":"3 Byrds","floor":18,"turns":4},{"damage":0,"enemies":"conspire:MimicChest","floor":22,"turns":2}],"seed_played":"3509137489642437096","potions_obtained":[{"floor":8.0,"key":"Toxic Potion"},{"floor":14,"key":"Toxic Potion"}],"is_trial":false,"path_per_floor":["M","?","?","M","M","R","M","E","T","$","?","?","M","M","R","B",null,"M","?","?","?","?"],"character_chosen":"THE_CONSTRUCT_MOD","items_purchased":["construct:Autoturret","construct:Analyze"],"campfire_rested":1,"item_purchase_floors":[10,10],"current_hp_per_floor":[77,77,77,77,77,77,66,32,32,32,32,32,31,19,44,26,70,42,42,42,42,42,42],"gold":290,"neow_bonus":"THREE_ENEMY_KILL","is_daily":false,"chose_seed":false,"campfire_upgraded":1,"win_rate":0.0,"timestamp":1612611927,"path_taken":["M","?","?","M","?","R","M","E","T","$","?","?","M","?","R","BOSS","M","?","?","?","?"],"items_purchased_type":["Card","Card"],"build_version":"2020-12-22","purchased_purges":1,"victory":false,"max_hp_per_floor":[85,85,85,85,85,85,85,85,85,85,85,85,85,85,85,85,85,85,85,85,85,85,85],"card_choices":[{"not_picked":["construct:FocusedBeam","construct:HardReboot","construct:VentSteam"],"picked":"SKIP","floor":1.0},{"not_picked":["construct:Disrupt","construct:ScrapCannon"],"picked":"construct:Enhance","floor":4.0},{"not_picked":["construct:Stasis","construct:Zapper"],"picked":"construct:Analyze","floor":5.0},{"not_picked":["construct:SuppressiveFire","construct:Disrupt","construct:Reinforce"],"picked":"SKIP","floor":7.0},{"not_picked":["construct:FierceBash","construct:ClockworkEgg","construct:MassProduction"],"picked":"SKIP","floor":8.0},{"not_picked":["construct:Backfire","construct:SyphonStrike"],"picked":"construct:Synchronize","floor":13},{"not_picked":["construct:Accumulate","construct:Reinforce"],"picked":"construct:Analyze","floor":14},{"not_picked":["construct:ScrapCannon","construct:Hazardproof","construct:SuppressiveFire"],"picked":"SKIP","floor":18},{"not_picked":["Secret Technique","Flash of Steel"],"picked":"Madness","floor":19}],"player_experience":697157,"relics_obtained":[{"floor":8.0,"key":"HollowMod:PaleOreRelic"}],"event_choices":[{"cards_removed":["construct:AttackMode"],"damage_healed":0.0,"max_hp_gain":0.0,"max_hp_loss":0.0,"gold_gain":0.0,"event_name":"Purifier","player_choice":"Purged","floor":3.0,"gold_loss":0.0,"damage_taken":0.0},{"damage_healed":0.0,"max_hp_gain":0.0,"max_hp_loss":0.0,"gold_gain":0.0,"event_name":"Accursed Blacksmith","player_choice":"Rummage","floor":12.0,"gold_loss":0.0,"damage_taken":0.0,"relics_obtained":["WarpedTongs"],"cards_obtained":["Pain"]},{"damage_healed":0,"gold_gain":2,"player_choice":"1","damage_taken":0,"max_hp_gain":0,"max_hp_loss":0,"event_name":"betterStone:BetterStone","floor":19,"gold_loss":0},{"damage_healed":0,"gold_gain":99,"player_choice":"Stole From Cult","damage_taken":0,"max_hp_gain":0,"max_hp_loss":0,"event_name":"Nest","floor":20,"gold_loss":0}],"is_beta":false,"boss_relics":[{"not_picked":["ChewingGum","reliquary:KinkedSpring"],"picked":"hubris:VirtuousBlindfold"}],"items_purged_floors":[10],"is_endless":false,"potions_floor_spawned":[4,7,8,14,18],"killed_by":"conspire:MimicChest","ascension_level":9}}