{"host":"rylkjufw9dlhr07b","time":1612610083,"event":{"mods":["AchievementEnabler","BaseMod","Better Note","BetterRewards","Hubris","Minty Spire (QoL Compilation)","Quick Restart","StSLib"],"gold_per_floor":[121,148,177,199,220,220,248,271,296,316,357,420,420,420,420,527,527,547,298,397,397,419,453,453,118,118,118,118,159,10,37,37,149,149,175,175,175],"floor_reached":36,"language":"FRA","playtime":1826,"items_purged":[],"score":1000,"play_id":"05559e24-37f2-496e-b068-42fec9f3b3fe","local_time":"20210206121443","is_ascension_mode":true,"campfire_choices":[{"floor":6,"key":"REST"},{"data":"Nirvana","floor":15,"key":"SMITH"},{"floor":24,"key":"REST"},{"data":"PathToVictory","floor":27,"key":"SMITH"},{"floor":32,"key":"REST"}],"circlet_count":0,"master_deck":["AscendersBane","Strike_P","Strike_P","Strike_P","Defend_P+1","Defend_P","Defend_P+1","Defend_P","Eruption","Vigilance","Wireheading","PathToVictory","ThirdEye","Wallop","JustLucky","Weave","SandsOfTime","JustLucky","Nirvana+1","EmptyBody","CutThroughFate+1","SashWhip","Protect","SashWhip+1","DevaForm","Sanctity+1","LikeWater","JustLucky","Trip","EmptyFist","Prostrate+1","PathToVictory+1","Devotion","Devotion","Evaluate","FlyingSleeves+1","Brilliance","FollowUp"],"relics":["PureWater","Darkstone Periapt","War Paint","Membership Card","Anchor","CeramicFish","Eternal Feather","PreservedInsect","Nunchaku","HornCleat","Sozu","hubris:MedicalManual","Medical Kit","Tiny Chest","Torii","DollysMirror","Whetstone","hubris:Teleporter","Bottled Tornado","FossilizedHelix","Busted Crown"],"acts_visited":["Exordium","TheCity","TheBeyond"],"potions_floor_usage":[4,11,11,33],"damage_taken":[{"damage":0,"enemies":"Cultist","floor":1,"turns":3},{"damage":0,"enemies":"Small Slimes","floor":2,"turns":3},{"damage":0,"enemies":"Jaw Worm","floor":3,"turns":2},{"damage":0,"enemies":"Blue Slaver","floor":4,"turns":3},{"damage":2,"enemies":"3 Louse","floor":5,"turns":3},{"damage":0,"enemies":"Large Slime","floor":7,"turns":4},{"damage":0,"enemies":"2 Fungi Beasts","floor":8,"turns":4},{"damage":2,"enemies":"Looter","floor":10,"turns":3},{"damage":0,"enemies":"Lagavulin","floor":11,"turns":5},{"damage":0,"enemies":"Slime Boss","floor":16,"turns":6},{"damage":0,"enemies":"3 Byrds","floor":18,"turns":8},{"damage":18,"enemies":"2 Thieves","floor":22,"turns":4},{"damage":29,"enemies":"Slavers","floor":23,"turns":9},{"damage":23,"enemies":"Book of Stabbing","floor":29,"turns":5},{"damage":21,"enemies":"Snecko","floor":31,"turns":6},{"damage":16,"enemies":"Collector","floor":33,"turns":10},{"damage":33,"enemies":"3 Darklings","floor":35,"turns":7},{"damage":43,"enemies":"2 Orb Walkers","floor":36,"turns":6}],"seed_played":"-4043316369134927714","potions_obtained":[{"floor":1,"key":"Fire Potion"},{"floor":3,"key":"Swift Potion"},{"floor":5,"key":"Regen Potion"},{"floor":10,"key":"DistilledChaos"},{"floor":16,"key":"SkillPotion"}],"is_trial":false,"path_per_floor":["M","M","M","M","M","R","M","M","T","M","E","?","T","?","R","B",null,"M","$","?","?","M","E","R","$","T","R","?","E","$","M","R","B",null,"M","?"],"character_chosen":"WATCHER","items_purchased":["Darkstone Periapt","Wireheading","PathToVictory","War Paint","Membership Card","Anchor","ThirdEye","Wallop","CeramicFish","Eternal Feather","JustLucky","hubris:MedicalManual","Medical Kit","LikeWater","JustLucky","Torii","PathToVictory","Devotion","DollysMirror","Whetstone","FossilizedHelix"],"campfire_rested":3,"item_purchase_floors":[0,0,0,0,0,0,0,0,0,0,0,19,19,19,19,25,25,25,25,25,30],"current_hp_per_floor":[24,24,24,24,22,55,55,55,55,53,67,67,67,67,72,72,72,72,72,54,54,36,7,46,46,46,64,64,41,41,20,62,46,66,33,0,0],"gold":175,"neow_bonus":"","is_daily":false,"chose_seed":false,"campfire_upgraded":2,"win_rate":0.0,"timestamp":1612610083,"path_taken":["M","M","?","M","M","R","M","M","T","M","E","?","?","?","R","BOSS","M","$","?","?","M","E","R","$","T","R","?","E","$","?","R","BOSS","M","?"],"items_purchased_type":["Relic","Card","Card","Relic","Relic","Relic","Card","Card","Relic","Relic","Card","Relic","Relic","Card","Card","Relic","Card","Card","Relic","Relic","Relic"],"build_version":"2020-12-22","purchased_purges":0,"victory":false,"max_hp_per_floor":[72,72,72,72,72,72,72,72,72,72,72,72,72,72,72,72,72,72,72,72,72,72,72,72,72,72,72,72,72,72,72,72,72,72,72,72,72],"card_choices":[{"not_picked":["EmptyFist","FlyingSleeves"],"picked":"Weave","floor":1},{"not_picked":["Consecrate","Perseverance"],"picked":"SandsOfTime","floor":2},{"not_picked":["Crescendo","FlurryOfBlows"],"picked":"JustLucky","floor":3},{"not_picked":["FollowUp","Meditate"],"picked":"Nirvana","floor":4},{"not_picked":["MasterReality","Adaptation"],"picked":"EmptyBody","floor":5},{"not_picked":["Fasting2","Wallop"],"picked":"CutThroughFate","floor":7},{"not_picked":["BattleHymn","WreathOfFlame"],"picked":"SashWhip","floor":8},{"not_picked":["DeceiveReality","FlyingSleeves"],"picked":"Protect","floor":10},{"not_picked":["Indignation","InnerPeace"],"picked":"SashWhip","floor":11},{"not_picked":["Brilliance","ConjureBlade"],"picked":"DevaForm","floor":16},{"not_picked":["FlurryOfBlows","Vengeance"],"picked":"Sanctity+1","floor":18},{"not_picked":["Vengeance","FlyingSleeves"],"picked":"EmptyFist","floor":22},{"not_picked":["Adaptation","Crescendo"],"picked":"Prostrate+1","floor":23},{"not_picked":["CrushJoints","WindmillStrike"],"picked":"Evaluate","floor":29},{"not_picked":["SashWhip","Evaluate"],"picked":"FlyingSleeves+1","floor":31},{"not_picked":["Scrawl","DevaForm"],"picked":"Brilliance","floor":33},{"not_picked":[],"picked":"FollowUp","floor":35}],"player_experience":572578,"relics_obtained":[{"floor":9,"key":"PreservedInsect"},{"floor":11,"key":"Nunchaku"},{"floor":13,"key":"HornCleat"},{"floor":23,"key":"Tiny Chest"},{"floor":26,"key":"hubris:Teleporter"},{"floor":29,"key":"Bottled Tornado"}],"event_choices":[{"damage_healed":0,"gold_gain":63,"player_choice":"Gained Gold","damage_taken":0,"max_hp_gain":0,"max_hp_loss":0,"event_name":"Golden Wing","floor":12,"gold_loss":0},{"damage_healed":0,"gold_gain":0,"player_choice":"Leave","damage_taken":0,"max_hp_gain":0,"max_hp_loss":0,"event_name":"The Cleric","floor":14,"gold_loss":0},{"damage_healed":0,"gold_gain":90,"player_choice":"CARD GOLD ","damage_taken":18,"max_hp_gain":0,"max_hp_loss":0,"event_name":"Knowing Skull","floor":20,"potions_obtained":[],"gold_loss":0,"cards_obtained":["Trip"]},{"cards_removed":["Strike_P"],"damage_healed":0,"gold_gain":0,"player_choice":"Purged","damage_taken":0,"max_hp_gain":0,"max_hp_loss":0,"event_name":"Purifier","floor":21,"gold_loss":0},{"damage_healed":0,"gold_gain":0,"player_choice":"Bought 0 Potions","damage_taken":0,"max_hp_gain":0,"max_hp_loss":0,"event_name":"The Woman in Blue","floor":28,"gold_loss":0},{"damage_healed":0,"gold_gain":0,"player_choice":"Fight","damage_taken":0,"max_hp_gain":0,"max_hp_loss":0,"event_name":"Mysterious Sphere","floor":36,"gold_loss":0}],"is_beta":false,"boss_relics":[{"not_picked":["hubris:CrackedHourglass","Fusion Hammer"],"picked":"Sozu"},{"not_picked":["Velvet Choker","SacredBark"],"picked":"Busted Crown"}],"items_purged_floors":[],"is_endless":false,"potions_floor_spawned":[1,3,5,10,16,22,23,33,35],"killed_by":"2 Orb Walkers","ascension_level":11}}