{"host":"c2p2isezsqpgoqg6","time":1612627155,"event":{"mods":["BaseMod","BetterRewards","Colored Map","DeckTracker","Downfall","Infinite Spire","Minty Spire (QoL Compilation)","Quick Restart","StSLib","SuperFastMode"],"gold_per_floor":[99,117,127,227,243,243,267,29,57,77,77,77,93,93,104,124,220,220,220,235,335,354,370,401,401,401,401,401,401,401,401],"floor_reached":29,"language":"ENG","playtime":819,"items_purged":[],"score":245,"play_id":"e12ca653-0ae4-4868-ab47-004555e615c0","local_time":"20210206165915","is_ascension_mode":false,"campfire_choices":[{"data":"bronze:Replicate","floor":1,"key":"SMITH"},{"data":"bronze:DigitalCarnage","floor":11,"key":"SMITH"},{"floor":12,"key":"REST"},{"data":"bronze:WhirlingStrike","floor":14,"key":"SMITH"},{"data":"bronze:HardenedForm","floor":19,"key":"SMITH"},{"floor":27,"key":"REST"}],"circlet_count":0,"master_deck":["bronze:Defend","bronze:Defend+1","bronze:Defend","bronze:Defend","bronze:Replicate+1","bronze:Goto","bronze:Shell","bronze:GetLatest+1","bronze:DigitalCarnage+1","bronze:Frontload","bronze:Optimize","bronze:WhirlingStrike+1","bronze:Branch","bronze:FineTuning","bronze:DelayedGuard","bronze:Backtrace","bronze:HardenedForm+1","bronze:CloningBeam+1","bronze:Optimize+1","bronze:Branch+1","bronze:ClassDefault","bronze:Backtrace","bronze:Repair+1","bronze:Branch","bronze:Frontload"],"relics":["bronze:BronzeCore","War Paint","Sling","infinitespire:Golems Mask","Astrolabe","Dream Catcher","Shuriken","Ornamental Fan"],"acts_visited":["Exordium","TheCity"],"potions_floor_usage":[9,9,9,9,9,17,17,24],"damage_taken":[{"damage":8,"enemies":"Jaw Worm","floor":2,"turns":3},{"damage":20,"enemies":"infinitespire:Voidling","floor":3,"turns":4},{"damage":5,"enemies":"Cultist","floor":5,"turns":4},{"damage":0,"enemies":"downfall:FleeingMerchant","floor":8,"turns":4},{"damage":20,"enemies":"Lagavulin","floor":9,"turns":5},{"damage":6,"enemies":"Gremlin Gang","floor":10,"turns":6},{"damage":0,"enemies":"Exordium Wildlife","floor":13,"turns":2},{"damage":0,"enemies":"Red Slaver","floor":15,"turns":2},{"damage":0,"enemies":"2 Fungi Beasts","floor":16,"turns":2},{"damage":16,"enemies":"DF_ARCHETYPE_STREAMLINE","floor":17,"turns":6},{"damage":10,"enemies":"Chosen","floor":20,"turns":5},{"damage":14,"enemies":"Spheric Guardian","floor":22,"turns":4},{"damage":15,"enemies":"Cultist and Chosen","floor":23,"turns":7},{"damage":24,"enemies":"Slavers","floor":24,"turns":7},{"damage":63,"enemies":"Gremlin Leader","floor":29,"turns":7}],"seed_played":"-8224553065665010218","potions_obtained":[{"floor":2,"key":"EntropicBrew"},{"floor":3,"key":"hexamod:SoulburnPotion"},{"floor":5,"key":"SkillPotion"},{"floor":13,"key":"Explosive Potion"},{"floor":15,"key":"CultistPotion"},{"floor":17,"key":"bronze:BuildAFunctionPotion"}],"is_trial":false,"path_per_floor":["R","M","M","?","M","?","T","$","E","M","R","R","M","R","M","M","B",null,"R","M","?","M","M","E","T","T","R","?","E"],"character_chosen":"THE_AUTOMATON","items_purchased":["bronze:Optimize","Sling"],"campfire_rested":2,"item_purchase_floors":[8,8],"current_hp_per_floor":[77,69,56,56,51,51,51,51,31,25,25,48,48,48,48,48,32,77,77,67,67,53,38,24,24,24,47,47,0,0,0],"gold":401,"neow_bonus":"TEN_PERCENT_HP_BONUS","is_daily":false,"chose_seed":false,"campfire_upgraded":4,"win_rate":0.0,"timestamp":1612627155,"path_taken":["R","M","M","?","?","?","T","$","E","M","R","R","?","R","?","M","BOSS","R","M","?","?","M","E","T","T","R","?","E"],"items_purchased_type":["Card","Relic"],"build_version":"2020-12-22","purchased_purges":0,"victory":false,"max_hp_per_floor":[77,77,77,77,77,77,77,77,77,77,77,77,77,77,77,77,77,77,77,77,77,77,77,77,77,77,77,77,77,77,77],"card_choices":[{"not_picked":["bronze:OilSpill","bronze:Fortify"],"picked":"bronze:Shell","floor":2},{"not_picked":["bronze:FineTuning","bronze:BronzeOrb"],"picked":"bronze:GetLatest","floor":3},{"not_picked":["bronze:NullPointer","bronze:Shell"],"picked":"bronze:DigitalCarnage","floor":5},{"not_picked":["bronze:Break","bronze:OilSpill"],"picked":"bronze:Frontload","floor":8},{"not_picked":["bronze:Shell","bronze:ClassDefault"],"picked":"bronze:WhirlingStrike","floor":9},{"not_picked":["bronze:BuggyMess","bronze:BronzeArmor"],"picked":"bronze:Branch","floor":10},{"not_picked":["bronze:BitShift","bronze:Optimize"],"picked":"bronze:FineTuning","floor":13},{"not_picked":["bronze:Overheat","bronze:WildBeam"],"picked":"bronze:DelayedGuard","floor":15},{"not_picked":["bronze:BuggyMess","bronze:GetLatest"],"picked":"bronze:Backtrace","floor":16},{"not_picked":["bronze:Format","bronze:CleanCode"],"picked":"bronze:HardenedForm","floor":17},{"not_picked":["bronze:BitShift+1","bronze:Deprecate"],"picked":"bronze:ClassDefault","floor":20},{"not_picked":["bronze:BuggyMess","bronze:FineTuning"],"picked":"bronze:Backtrace","floor":22},{"not_picked":["bronze:DelayedSlice","bronze:DigitalCarnage"],"picked":"bronze:Repair+1","floor":23},{"not_picked":["bronze:Backtrace","bronze:Format"],"picked":"bronze:Branch","floor":24},{"not_picked":["bronze:DelayedGuard","bronze:Shield+1"],"picked":"bronze:Frontload","floor":27}],"player_experience":477732,"relics_obtained":[{"floor":7,"key":"War Paint"},{"floor":9,"key":"infinitespire:Golems Mask"},{"floor":24,"key":"Dream Catcher"},{"floor":25,"key":"Shuriken"},{"floor":26,"key":"Ornamental Fan"}],"event_choices":[],"is_beta":false,"boss_relics":[{"not_picked":["Busted Crown","Velvet Choker"],"picked":"Astrolabe"}],"items_purged_floors":[],"is_endless":false,"potions_floor_spawned":[2,3,5,13,15,17],"killed_by":"Gremlin Leader","ascension_level":0}}