{"host":"i0m6ffz3lpe3z1ky","time":1612632031,"event":{"mods":["Aspiration","BaseMod","Bestiary","BetterRewards","Colored Map","Conspire","Energized Spire","Highlight Path","Hubris","Ironclad Rager","Minty Spire (QoL Compilation)","Quick Restart","Reliquary","Shop Mod","Spicy Shops","StSLib","Thieving Mod"],"gold_per_floor":[119,129,129,25,25,25,56,56,56,86,103,103,114,189,189,266,266,286,305,305,337,337,337,337],"floor_reached":23,"language":"KOR","playtime":1036,"items_purged":[],"score":394,"play_id":"984d2de5-a527-4021-94a9-956eb7f83f03","local_time":"20210207022031","is_ascension_mode":true,"campfire_choices":[{"data":"Cleave","floor":6.0,"key":"SMITH"},{"data":"Spot Weakness","floor":8.0,"key":"SMITH"},{"floor":15.0,"key":"RECALL"}],"circlet_count":0,"master_deck":["AscendersBane","Strike_R","Strike_R","Defend_R","Defend_R","Defend_R","Defend_R","Bash","Cleave+1","Carnage+1","Spot Weakness+1","Shrug It Off","Demon Form","Battle Trance","Searing Blow"],"relics":["Burning Blood","Lee\u0027s Waffle","Membership Card","OrangePellets","conspire:DeflatedDodgeball","CaptainsWheel","reliquary:PartyBalloon","Strawberry","PreservedInsect","reliquary:Knoch","Juzu Bracelet","Cauldron","hubris:64BitClover","Unceasing Top","Empty Cage","Red Mask"],"acts_visited":["Exordium","TheCity"],"potions_floor_usage":[],"damage_taken":[{"damage":11.0,"enemies":"Jaw Worm","floor":1.0,"turns":6.0},{"damage":1.0,"enemies":"Cultist","floor":2.0,"turns":3.0},{"damage":12.0,"enemies":"Lagavulin","floor":7.0,"turns":5.0},{"damage":8.0,"enemies":"Gremlin Nob","floor":10.0,"turns":3.0},{"damage":8.0,"enemies":"Small Slimes","floor":11.0,"turns":3.0},{"damage":12.0,"enemies":"Gremlin Gang","floor":13.0,"turns":4.0},{"damage":44.0,"enemies":"Hexaghost","floor":16.0,"turns":9.0},{"damage":35.0,"enemies":"Spheric Guardian","floor":18.0,"turns":11.0},{"damage":11.0,"enemies":"2 Thieves","floor":19.0,"turns":3.0},{"damage":32.0,"enemies":"Masked Bandits","floor":21.0,"turns":5.0},{"damage":10,"enemies":"Gremlin Leader","floor":23,"turns":1}],"seed_played":"5216282611712930505","potions_obtained":[{"floor":1.0,"key":"DuplicationPotion"},{"floor":4.0,"key":"EntropicBrew"},{"floor":4.0,"key":"FairyPotion"},{"floor":4.0,"key":"HeartOfIron"},{"floor":16.0,"key":"Fire Potion"}],"is_trial":false,"path_per_floor":["M","M","?","$","?","R","E","R","T","E","M","?","M","?","R","B",null,"M","M","?","?","?","E"],"character_chosen":"IRONCLAD","items_purchased":["Lee\u0027s Waffle","Membership Card","OrangePellets","conspire:DeflatedDodgeball","CaptainsWheel","reliquary:PartyBalloon","Strawberry","ThievingMod:ThievingPotion","PreservedInsect","hubris:64BitClover","Spot Weakness"],"campfire_rested":0,"item_purchase_floors":[0,0,0,0,0,0,0,0,4,4,4],"current_hp_per_floor":[84,89,76,76,69,69,63,63,63,61,59,59,53,42,42,32,75,46,41,36,10,10,0,0],"gold":337,"neow_bonus":"","is_daily":false,"chose_seed":false,"campfire_upgraded":2,"win_rate":0.0,"timestamp":1612632031,"path_taken":["M","M","?","$","?","R","E","R","T","E","M","?","M","?","R","BOSS","M","M","?","?","?","E"],"items_purchased_type":["Relic","Relic","Relic","Relic","Relic","Relic","Relic","Potion","Relic","Relic","Card"],"build_version":"2020-12-22","purchased_purges":0,"victory":false,"max_hp_per_floor":[89,89,89,89,89,89,89,89,89,89,89,89,89,89,89,89,89,89,89,89,89,89,89,89],"card_choices":[{"not_picked":["Evolve","Perfected Strike"],"picked":"Cleave","floor":1.0},{"not_picked":["Sever Soul","Disarm"],"picked":"Carnage","floor":2.0},{"not_picked":["Second Wind","Headbutt","Havoc"],"picked":"SKIP","floor":7.0},{"not_picked":["Twin Strike","Reckless Charge","Power Through"],"picked":"SKIP","floor":10.0},{"not_picked":["Iron Wave","Evolve"],"picked":"Shrug It Off","floor":11.0},{"not_picked":["Clash","Clothesline","Iron Wave"],"picked":"SKIP","floor":13.0},{"not_picked":["Bludgeon","conspire:HitWhereItHurts"],"picked":"Demon Form","floor":16.0},{"not_picked":["Clothesline","Havoc","Sever Soul+1"],"picked":"SKIP","floor":18.0},{"not_picked":["Pommel Strike","Wild Strike+1"],"picked":"Battle Trance","floor":19.0},{"not_picked":["Second Wind","Cleave"],"picked":"Searing Blow","floor":21.0}],"player_experience":505727,"relics_obtained":[{"floor":10.0,"key":"Unceasing Top"},{"floor":21.0,"key":"Red Mask"}],"event_choices":[{"damage_healed":0.0,"max_hp_gain":0.0,"max_hp_loss":0.0,"gold_gain":0.0,"event_name":"Wheel of Change","player_choice":"Damaged","floor":3.0,"gold_loss":0.0,"damage_taken":13.0},{"cards_removed":["Strike_R"],"damage_healed":0.0,"max_hp_gain":0.0,"max_hp_loss":0.0,"gold_gain":0.0,"event_name":"Golden Wing","player_choice":"Card Removal","floor":5.0,"gold_loss":0.0,"damage_taken":7.0},{"damage_healed":0.0,"max_hp_gain":0.0,"max_hp_loss":0.0,"gold_gain":0.0,"event_name":"Upgrade Shrine","player_choice":"Upgraded","floor":12.0,"gold_loss":0.0,"damage_taken":0.0,"cards_upgraded":["Carnage"]},{"damage_healed":0.0,"max_hp_gain":0.0,"max_hp_loss":0.0,"gold_gain":75.0,"event_name":"World of Goop","player_choice":"Gather Gold","floor":14.0,"gold_loss":0.0,"damage_taken":11.0},{"damage_healed":0.0,"max_hp_gain":0.0,"max_hp_loss":0.0,"gold_gain":0.0,"event_name":"conspire:Investor","player_choice":"Leave","floor":20.0,"gold_loss":0.0,"damage_taken":0.0},{"damage_healed":0.0,"max_hp_gain":0.0,"max_hp_loss":0.0,"gold_gain":0.0,"event_name":"Masked Bandits","player_choice":"Fought Bandits","floor":21.0,"gold_loss":0.0,"damage_taken":0.0}],"is_beta":false,"boss_relics":[{"not_picked":["energizedSpire:MagnifyingGlass","energizedSpire:HugeHouse"],"picked":"Empty Cage"}],"items_purged_floors":[],"is_endless":false,"potions_floor_spawned":[1,11,13,16,18],"killed_by":"Gremlin Leader","ascension_level":20}}