{"host":"4rvakrj1idbgia3f","time":1612619551,"event":{"mods":["BaseMod","Colored Map","Colored Powertips","DeckTracker","Highlight Path","Minty Spire (QoL Compilation)","Random Character Button","StSLib"],"gold_per_floor":[119,119,137,137,149,149,177,177,251,284,284,4,21,40,40,117,117,135,135,152,11,27,27,27],"floor_reached":23,"language":"JPN","playtime":979,"items_purged":["Pain","Strike_P"],"score":452,"play_id":"f1c83fed-4586-4b0d-8572-fe39d8a3c75f","local_time":"20210206225231","is_ascension_mode":true,"campfire_choices":[{"data":"Metamorphosis","floor":6.0,"key":"SMITH"},{"data":"Blasphemy","floor":8.0,"key":"SMITH"},{"data":"Adaptation","floor":15.0,"key":"SMITH"}],"circlet_count":0,"master_deck":["AscendersBane","Strike_P","Strike_P","Strike_P","Defend_P","Defend_P","Defend_P","Defend_P","Eruption+1","Vigilance","Metamorphosis+1","CrushJoints","CarveReality","Meditate","Blasphemy+1","Wallop","Adaptation+1","TalkToTheHand","ClearTheMind","DevaForm","Study+1","Protect","EmptyMind"],"relics":["PureWater","WarpedTongs","Potion Belt","Question Card","Blood Vial","Strawberry","Frozen Eye","Coffee Dripper","Pear"],"acts_visited":["Exordium","TheCity"],"potions_floor_usage":[],"damage_taken":[{"damage":2.0,"enemies":"Jaw Worm","floor":1.0,"turns":4.0},{"damage":0.0,"enemies":"Cultist","floor":3.0,"turns":2.0},{"damage":3.0,"enemies":"Small Slimes","floor":5.0,"turns":3.0},{"damage":14.0,"enemies":"3 Sentries","floor":7.0,"turns":4.0},{"damage":2.0,"enemies":"Lagavulin","floor":10.0,"turns":4.0},{"damage":0.0,"enemies":"Red Slaver","floor":13.0,"turns":2.0},{"damage":1.0,"enemies":"Blue Slaver","floor":14.0,"turns":4.0},{"damage":37,"enemies":"Hexaghost","floor":16,"turns":8},{"damage":0,"enemies":"Spheric Guardian","floor":18,"turns":1},{"damage":38,"enemies":"Shell Parasite","floor":20,"turns":5},{"damage":24,"enemies":"Shelled Parasite and Fungi","floor":22,"turns":5},{"damage":15,"enemies":"Book of Stabbing","floor":23,"turns":2}],"seed_played":"8123393923073670699","potions_obtained":[{"floor":3.0,"key":"Block Potion"},{"floor":7.0,"key":"Strength Potion"},{"floor":13.0,"key":"AttackPotion"},{"floor":20,"key":"BottledMiracle"}],"is_trial":false,"path_per_floor":["M","?","M","?","M","R","E","R","T","E","T","$","M","M","R","B",null,"M","?","M","$","M","E"],"character_chosen":"WATCHER","items_purchased":["Adaptation","Frozen Eye","EmptyMind"],"campfire_rested":0,"item_purchase_floors":[12,12,21],"current_hp_per_floor":[59,59,59,59,56,56,42,42,42,40,47,47,49,50,50,15,56,58,68,32,32,10,0,0],"gold":27,"neow_bonus":"RANDOM_COLORLESS_2","is_daily":false,"chose_seed":false,"campfire_upgraded":3,"win_rate":0.0,"timestamp":1612619551,"path_taken":["M","?","M","?","?","R","E","R","T","E","?","$","M","M","R","BOSS","M","?","M","$","?","E"],"items_purchased_type":["Card","Relic","Card"],"build_version":"2020-12-22","purchased_purges":2,"victory":false,"max_hp_per_floor":[62,62,62,62,62,62,62,62,62,62,69,69,69,69,69,69,69,69,79,79,79,79,79,79],"card_choices":[{"not_picked":["Magnetism","Sadistic Nature"],"picked":"Metamorphosis","floor":0.0},{"not_picked":["Weave","Prostrate"],"picked":"CrushJoints","floor":1.0},{"not_picked":["ThirdEye","Fasting2"],"picked":"CarveReality","floor":3.0},{"not_picked":["Evaluate","Nirvana"],"picked":"Meditate","floor":5.0},{"not_picked":["ThirdEye","Halt"],"picked":"Blasphemy","floor":7.0},{"not_picked":["CrushJoints","EmptyBody","InnerPeace"],"picked":"Wallop","floor":10.0},{"not_picked":["FlyingSleeves","Halt","Worship"],"picked":"TalkToTheHand","floor":13.0},{"not_picked":["Consecrate","Pray","Collect"],"picked":"ClearTheMind","floor":14.0},{"not_picked":["DeusExMachina","Brilliance","Wish"],"picked":"DevaForm","floor":16},{"not_picked":["Evaluate","ClearTheMind","Halt"],"picked":"Study+1","floor":18},{"not_picked":["PathToVictory","Blasphemy","Nirvana"],"picked":"Protect","floor":20},{"not_picked":["FlyingSleeves","SandsOfTime","Nirvana","Collect"],"picked":"SKIP","floor":22}],"player_experience":2219829,"relics_obtained":[{"floor":7.0,"key":"Potion Belt"},{"floor":9.0,"key":"Question Card"},{"floor":10.0,"key":"Blood Vial"},{"floor":11.0,"key":"Strawberry"}],"event_choices":[{"damage_healed":0.0,"max_hp_gain":0.0,"max_hp_loss":0.0,"gold_gain":0.0,"event_name":"Living Wall","player_choice":"Grow","floor":2.0,"gold_loss":0.0,"damage_taken":0.0,"cards_upgraded":["Eruption"]},{"damage_healed":0.0,"max_hp_gain":0.0,"max_hp_loss":0.0,"gold_gain":0.0,"event_name":"Accursed Blacksmith","player_choice":"Rummage","floor":4.0,"gold_loss":0.0,"damage_taken":0.0,"relics_obtained":["WarpedTongs"],"cards_obtained":["Pain"]},{"damage_healed":0,"gold_gain":0,"player_choice":"Gave Potion","damage_taken":0,"relics_obtained":["Pear"],"max_hp_gain":0,"max_hp_loss":0,"event_name":"WeMeetAgain","floor":19,"gold_loss":0}],"is_beta":false,"boss_relics":[{"not_picked":["SacredBark","Calling Bell"],"picked":"Coffee Dripper"}],"items_purged_floors":[12,21],"is_endless":false,"potions_floor_spawned":[3,7,13,20],"killed_by":"Book of Stabbing","ascension_level":20}}