{"host":"zgdag062zrknap1a","time":1612600757,"event":{"mods":["AchievementEnabler","Act Like it!","Aspiration","Bard","BaseMod","BetterRewards","Colored Map","Colored Powertips","Conspire","Downfall","Gensokyo","Hallownest","Hermit","Highlight Path","Hubris","Infinite Spire","Jorbs\u0027s Wanderer Trilogy","Marisa????????","Minty Spire (QoL Compilation)","Quick Restart","Rare Cards Sparkle","Replay The Spire","Shop Mod","StSLib","The Bug Knight","The Cursed","The Hierophant","The Necromancer","The Runesmith","The Servant 0.9.4"],"gold_per_floor":[115,115,131,143,143,176,176,189,214,230,260,260,289,351,351,351,351],"floor_reached":16,"language":"ENG","playtime":951,"items_purged":["Dualcast"],"score":120,"play_id":"e866320c-5b72-445e-bcf1-8a800882e6dc","local_time":"20210206003917","is_ascension_mode":false,"campfire_choices":[{"floor":7,"key":"RECALL"},{"data":"Reprogram","floor":12,"key":"SMITH"},{"floor":15,"key":"REST"}],"circlet_count":0,"master_deck":["Strike_B","Strike_B","Strike_B","Strike_B","Defend_B","Defend_B","Defend_B","Defend_B","Zap","Scrape","ReplayGash","Leap","Go for the Eyes","Beam Cell","Gash","ReplayGash","Beam Cell","Leap","Reprogram+1","Leap"],"relics":["MerchantsRug","infinitespire:Cubic Diamond","Lantern","Runesmith:Nanobots"],"acts_visited":["Exordium"],"potions_floor_usage":[11,13,13],"damage_taken":[{"damage":0,"enemies":"Cultist","floor":1,"turns":3},{"damage":6,"enemies":"Small Slimes","floor":3,"turns":3},{"damage":2,"enemies":"Jaw Worm","floor":4,"turns":3},{"damage":9,"enemies":"Gremlin Nob","floor":6,"turns":4},{"damage":1,"enemies":"2 Fungi Beasts","floor":8,"turns":3},{"damage":1,"enemies":"3 Louse","floor":10,"turns":4},{"damage":23,"enemies":"3 Sentries","floor":11,"turns":8},{"damage":6,"enemies":"Gremlin Nob","floor":13,"turns":3},{"damage":11,"enemies":"The Guardian","floor":16,"turns":7}],"seed_played":"467434742110182160","potions_obtained":[{"floor":1,"key":"Swift Potion"},{"floor":4,"key":"Swift Potion"},{"floor":6,"key":"Regen Potion"}],"is_trial":false,"path_per_floor":["M","?","M","M","?","E","R","M","T","M","E","R","E","$","R","B"],"character_chosen":"DEFECT","items_purchased":["Scrape","ReplayGash","Leap","Go for the Eyes","Beam Cell","Gash","MerchantsRug"],"campfire_rested":1,"item_purchase_floors":[0,0,0,0,0,0,0],"current_hp_per_floor":[40,40,34,32,40,31,31,30,30,29,18,18,12,12,34,23,23],"gold":351,"neow_bonus":"","is_daily":false,"chose_seed":false,"campfire_upgraded":1,"win_rate":0.0,"timestamp":1612600757,"path_taken":["M","?","M","M","?","E","R","M","T","?","E","R","E","$","R","BOSS"],"items_purchased_type":["Card","Card","Card","Card","Card","Card","Relic"],"build_version":"2020-12-22","purchased_purges":1,"victory":false,"max_hp_per_floor":[75,75,75,75,75,75,75,75,75,75,75,75,75,75,75,75,75],"card_choices":[{"not_picked":["Stack","Coolheaded"],"picked":"ReplayGash","floor":1},{"not_picked":["Cold Snap","ReplayTheSpireMod:Repulse"],"picked":"Beam Cell","floor":3},{"not_picked":["Sweeping Beam","Conserve Battery"],"picked":"Leap","floor":4},{"not_picked":["Rainbow","ReplayTheSpireMod:System Scan"],"picked":"Reprogram","floor":6},{"not_picked":["Barrage","Coolheaded"],"picked":"Leap","floor":8},{"not_picked":["Compile Driver","conspire:Rain","Turbo"],"picked":"SKIP","floor":10},{"not_picked":["Time Bomb","Turbo","Stack"],"picked":"SKIP","floor":11},{"not_picked":["hubris:DoWhile","Loop","Blizzard"],"picked":"SKIP","floor":13}],"player_experience":420996,"relics_obtained":[{"floor":6,"key":"Lantern"},{"floor":11,"key":"hubris:Reverence"},{"floor":13,"key":"Runesmith:Nanobots"}],"event_choices":[],"is_beta":false,"boss_relics":[],"items_purged_floors":[14],"is_endless":false,"potions_floor_spawned":[1,4,6,10],"killed_by":"The Guardian","ascension_level":0}}