{"host":"gfxjwtol062e9znw","time":1612574612,"event":{"mods":["BaseMod","Colored Map","Minty Spire (QoL Compilation)","Rare Cards Sparkle"],"gold_per_floor":[360,82,98,115,135,167,167,186,186,186,202,233,251,73,73,174,174,187,187,187,14,26,26,56,0,0,0,18,18,38,71,71,166,166,181,181,181,34,54,54,85,85,163,163,178,178,188,201,201,201,201],"floor_reached":50,"language":"ENG","playtime":2998,"items_purged":["Strike_P","Writhe"],"score":728,"play_id":"ec7032bd-403e-4869-8fef-4210f8dc73d4","local_time":"20210206122332","is_ascension_mode":true,"campfire_choices":[{"floor":7.0,"key":"REST"},{"floor":15.0,"key":"REST"},{"floor":23.0,"key":"REST"},{"floor":27.0,"key":"REST"},{"floor":32.0,"key":"REST"},{"floor":40.0,"key":"REST"},{"floor":44.0,"key":"REST"},{"floor":46.0,"key":"REST"},{"floor":49,"key":"REST"}],"circlet_count":0,"master_deck":["Strike_P","Strike_P","Strike_P","Defend_P","Defend_P","Defend_P","Defend_P","Eruption","Vigilance","CarveReality","Protect","FollowUp","Consecrate","CrushJoints","FlyingSleeves","Evaluate","Halt","DeceiveReality","EmptyFist+1","Study","Meditate","Blasphemy+1","InnerPeace+1","Necronomicurse","EmptyFist+1","Wallop+1","EmptyBody+1","Doubt","ClearTheMind+1","SashWhip+1","DevaForm+1","EmptyBody+1","CrushJoints+1","Injury","Parasite","Crescendo+1"],"relics":["PureWater","Pear","Molten Egg 2","Kunai","MealTicket","Cursed Key","Necronomicon","Strawberry","Anchor","Calipers","Bag of Preparation","Fusion Hammer","War Paint","Smiling Mask","HornCleat"],"acts_visited":["Exordium","TheCity","TheBeyond"],"potions_floor_usage":[50,50],"damage_taken":[{"damage":2.0,"enemies":"Cultist","floor":1.0,"turns":3.0},{"damage":0.0,"enemies":"Jaw Worm","floor":3.0,"turns":2.0},{"damage":0.0,"enemies":"Small Slimes","floor":4.0,"turns":2.0},{"damage":3.0,"enemies":"Looter","floor":5.0,"turns":3.0},{"damage":18.0,"enemies":"Gremlin Nob","floor":6.0,"turns":3.0},{"damage":7.0,"enemies":"Blue Slaver","floor":8.0,"turns":4.0},{"damage":8.0,"enemies":"Red Slaver","floor":11.0,"turns":2.0},{"damage":19.0,"enemies":"3 Sentries","floor":12.0,"turns":10.0},{"damage":5.0,"enemies":"Looter","floor":13.0,"turns":4.0},{"damage":9.0,"enemies":"Hexaghost","floor":16.0,"turns":8.0},{"damage":17.0,"enemies":"2 Thieves","floor":18.0,"turns":4.0},{"damage":5.0,"enemies":"3 Byrds","floor":22.0,"turns":5.0},{"damage":27.0,"enemies":"Slavers","floor":24.0,"turns":5.0},{"damage":0.0,"enemies":"Shelled Parasite and Fungi","floor":28.0,"turns":3.0},{"damage":0.0,"enemies":"Snecko","floor":30.0,"turns":3.0},{"damage":100050.0,"enemies":"Gremlin Leader","floor":31.0,"turns":9.0},{"damage":42.0,"enemies":"Automaton","floor":33.0,"turns":12.0},{"damage":24.0,"enemies":"3 Shapes","floor":35.0,"turns":6.0},{"damage":42.0,"enemies":"3 Darklings","floor":39.0,"turns":7.0},{"damage":41.0,"enemies":"Nemesis","floor":41.0,"turns":9.0},{"damage":3.0,"enemies":"Writhing Mass","floor":45.0,"turns":7.0},{"damage":0,"enemies":"Spire Growth","floor":47,"turns":5},{"damage":0,"enemies":"4 Shapes","floor":48,"turns":8},{"damage":84,"enemies":"Time Eater","floor":50,"turns":11}],"seed_played":"1794875649905334392","potions_obtained":[{"floor":5.0,"key":"CultistPotion"},{"floor":6.0,"key":"Ambrosia"},{"floor":12.0,"key":"FairyPotion"},{"floor":13.0,"key":"DistilledChaos"},{"floor":24.0,"key":"ColorlessPotion"},{"floor":28.0,"key":"BottledMiracle"},{"floor":31.0,"key":"SkillPotion"},{"floor":33.0,"key":"SteroidPotion"},{"floor":35.0,"key":"BottledMiracle"},{"floor":41.0,"key":"Strength Potion"},{"floor":45.0,"key":"SkillPotion"},{"floor":48,"key":"DistilledChaos"}],"is_trial":false,"path_per_floor":["M","$","M","M","M","E","R","M","T","?","M","E","M","$","R","B",null,"M","?","?","$","M","R","E","?","T","R","M","$","M","E","R","B",null,"M","?","?","$","M","R","E","?","T","R","M","R","M","M","R","B"],"character_chosen":"WATCHER","items_purchased":["Protect","SneckoOil","FollowUp","MealTicket","Meditate","Block Potion","EmptyFist+1","War Paint"],"campfire_rested":9,"item_purchase_floors":[2,2,2,14,14,21,21,38],"current_hp_per_floor":[49,49,49,49,46,38,62,55,55,55,47,28,23,23,47,38,71,54,38,45,60,55,81,54,54,54,80,80,89,89,26,52,10,69,45,45,45,60,18,44,3,3,3,29,26,52,52,52,78,0,0],"gold":201,"neow_bonus":"TWO_FIFTY_GOLD","is_daily":false,"chose_seed":false,"campfire_upgraded":0,"win_rate":0.0,"timestamp":1612574612,"path_taken":["M","$","?","M","M","E","R","M","T","?","M","E","M","$","R","BOSS","M","?","?","$","M","R","E","?","T","R","M","?","?","E","R","BOSS","M","?","?","$","?","R","E","?","T","R","M","R","M","M","R","BOSS"],"items_purchased_type":["Card","Potion","Card","Relic","Card","Potion","Card","Relic"],"build_version":"2020-12-22","purchased_purges":2,"victory":false,"max_hp_per_floor":[72,72,72,72,72,82,82,82,82,82,82,82,82,82,82,82,82,82,82,89,89,89,89,89,89,89,89,89,89,89,89,89,89,89,89,89,89,89,89,89,89,89,89,89,89,89,89,89,89,89,89],"card_choices":[{"not_picked":["FlurryOfBlows","Perseverance"],"picked":"CarveReality","floor":1.0},{"not_picked":["Indignation","Prostrate"],"picked":"Consecrate","floor":3.0},{"not_picked":["BowlingBash","SashWhip"],"picked":"CrushJoints","floor":4.0},{"not_picked":["PathToVictory","Prostrate"],"picked":"FlyingSleeves","floor":5.0},{"not_picked":["Crescendo","WindmillStrike"],"picked":"Evaluate","floor":6.0},{"not_picked":["ThirdEye","WreathOfFlame"],"picked":"Halt","floor":8.0},{"not_picked":["CutThroughFate+1","ThirdEye"],"picked":"DeceiveReality","floor":11.0},{"not_picked":["Wallop+1","Omniscience"],"picked":"EmptyFist+1","floor":12.0},{"not_picked":["SignatureMove+1","Halt"],"picked":"Study","floor":13.0},{"not_picked":["DevaForm","Ragnarok+1"],"picked":"Blasphemy","floor":16.0},{"not_picked":["SashWhip+1","Worship+1"],"picked":"InnerPeace+1","floor":18.0},{"not_picked":["EmptyBody","CutThroughFate+1"],"picked":"Wallop+1","floor":22.0},{"not_picked":["Wireheading","DevaForm"],"picked":"EmptyBody","floor":24.0},{"not_picked":["ThirdEye","PathToVictory"],"picked":"ClearTheMind+1","floor":28.0},{"not_picked":["TalkToTheHand+1","EmptyFist+1","Weave+1"],"picked":"SKIP","floor":30.0},{"not_picked":["Protect","Blasphemy"],"picked":"SashWhip+1","floor":31.0},{"not_picked":["Judgement","Devotion"],"picked":"DevaForm","floor":33.0},{"not_picked":["CrushJoints+1","EmptyFist+1"],"picked":"EmptyBody+1","floor":35.0},{"not_picked":["BowlingBash+1","Conclude+1"],"picked":"CrushJoints+1","floor":39.0},{"not_picked":["FlyingSleeves+1","PathToVictory","ThirdEye+1"],"picked":"SKIP","floor":41.0},{"not_picked":["FlurryOfBlows+1","ThirdEye"],"picked":"Crescendo+1","floor":45.0},{"not_picked":["Wireheading","MentalFortress","DeceiveReality+1"],"picked":"SKIP","floor":47},{"not_picked":["PathToVictory","TalkToTheHand+1","EmptyBody"],"picked":"SKIP","floor":48}],"player_experience":103414,"relics_obtained":[{"floor":6.0,"key":"Pear"},{"floor":9.0,"key":"Molten Egg 2"},{"floor":12.0,"key":"Kunai"},{"floor":19.0,"key":"Necronomicon"},{"floor":24.0,"key":"Anchor"},{"floor":26.0,"key":"Calipers"},{"floor":31.0,"key":"Bag of Preparation"},{"floor":41.0,"key":"Smiling Mask"},{"floor":43.0,"key":"HornCleat"}],"event_choices":[{"damage_healed":0.0,"max_hp_gain":0.0,"max_hp_loss":0.0,"gold_gain":0.0,"event_name":"Shining Light","player_choice":"Ignored","floor":10.0,"gold_loss":0.0,"damage_taken":0.0},{"damage_healed":0.0,"max_hp_gain":0.0,"max_hp_loss":0.0,"gold_gain":0.0,"event_name":"Cursed Tome","player_choice":"Obtained Book","floor":19.0,"gold_loss":0.0,"damage_taken":16.0},{"damage_healed":0.0,"max_hp_gain":0.0,"max_hp_loss":0.0,"gold_gain":0.0,"event_name":"The Mausoleum","player_choice":"Opened","floor":20.0,"gold_loss":0.0,"damage_taken":0.0,"relics_obtained":["Strawberry"],"cards_obtained":["Writhe"]},{"damage_healed":0.0,"max_hp_gain":0.0,"max_hp_loss":0.0,"gold_gain":0.0,"event_name":"Masked Bandits","player_choice":"Paid Fearfully","floor":25.0,"gold_loss":56.0,"damage_taken":0.0},{"damage_healed":0.0,"max_hp_gain":0.0,"max_hp_loss":0.0,"gold_gain":0.0,"event_name":"Tomb of Lord Red Mask","player_choice":"Ignored","floor":36.0,"gold_loss":0.0,"damage_taken":0.0},{"damage_healed":0.0,"max_hp_gain":0.0,"max_hp_loss":0.0,"gold_gain":0.0,"event_name":"Accursed Blacksmith","player_choice":"Forge","floor":37.0,"gold_loss":0.0,"damage_taken":0.0,"cards_upgraded":["DevaForm"]},{"damage_healed":0.0,"max_hp_gain":0.0,"max_hp_loss":0.0,"gold_gain":0.0,"event_name":"Mysterious Sphere","player_choice":"Ignored","floor":42.0,"gold_loss":0.0,"damage_taken":0.0}],"is_beta":false,"boss_relics":[{"not_picked":["HolyWater","Sozu"],"picked":"Cursed Key"},{"not_picked":["Tiny House","Astrolabe"],"picked":"Fusion Hammer"}],"items_purged_floors":[2,21],"is_endless":false,"potions_floor_spawned":[5,6,8,12,13,24,28,31,33,35,41,45,48],"killed_by":"Time Eater","ascension_level":5}}