{"host":"z94nnvkgi5lm5f4m","time":1612583729,"event":{"mods":["AchievementEnabler","BaseMod","Colored Map","Colored Powertips","Minty Spire (QoL Compilation)"],"gold_per_floor":[211,211,158,158,126,126,159,184,232,232,265,30,30,53,53,184,184,202,45,45,49,62,62,85,120,120,151,181,193,225,261,273,404,416,441,476,488,515,547,598,610,171,171,171,196,529,53,73,73,73],"floor_reached":51,"language":"ENG","playtime":4486,"items_purged":["Strike_B","Gash"],"score":692,"play_id":"75664f98-873c-46f8-87f3-536e7362d822","local_time":"20210205195529","is_ascension_mode":false,"campfire_choices":[{"floor":6.0,"key":"REST"},{"floor":10.0,"key":"REST"},{"floor":13.0,"key":"REST"},{"data":"Go for the Eyes","floor":15.0,"key":"SMITH"},{"data":"Zap","floor":23.0,"key":"SMITH"},{"floor":29.0,"key":"REST"},{"data":"Electrodynamics","floor":32,"key":"SMITH"},{"data":"Barrage","floor":41,"key":"SMITH"},{"data":"Defragment","floor":44,"key":"SMITH"},{"data":"Dualcast","floor":49,"key":"SMITH"}],"circlet_count":0,"master_deck":["Strike_B","Strike_B","Strike_B","Defend_B+1","Defend_B","Defend_B+1","Defend_B","Zap+1","Dualcast+1","Self Repair","Go for the Eyes+1","Ball Lightning","Beam Cell","Defragment+1","Bandage Up","BootSequence","Electrodynamics+1","Steam","Leap","Beam Cell+1","Coolheaded","Stack+1","Conserve Battery+1","Leap+1","Biased Cognition","Darkness+1","Glacier+1","Blizzard","Barrage+1","Glacier+1","Cold Snap","Turbo+1"],"relics":["FrozenCore","Happy Flower","Singing Bowl","Bag of Marbles","Odd Mushroom","War Paint","OrangePellets","MealTicket","Toxic Egg 2","MawBank","Inserter","Regal Pillow","Question Card","Orichalcum","Ancient Tea Set","Eternal Feather","Membership Card","Bird Faced Urn"],"acts_visited":["Exordium","TheCity","TheBeyond"],"potions_floor_usage":[33,33,40,48,50,50,50],"damage_taken":[{"damage":7.0,"enemies":"Small Slimes","floor":1.0,"turns":3.0},{"damage":30.0,"enemies":"Lagavulin","floor":7.0,"turns":8.0},{"damage":6.0,"enemies":"Jaw Worm","floor":8.0,"turns":3.0},{"damage":13.0,"enemies":"The Mushroom Lair","floor":11.0,"turns":3.0},{"damage":0.0,"enemies":"2 Louse","floor":14.0,"turns":2.0},{"damage":33.0,"enemies":"Slime Boss","floor":16.0,"turns":11.0},{"damage":13.0,"enemies":"Spheric Guardian","floor":18.0,"turns":7.0},{"damage":8.0,"enemies":"2 Thieves","floor":21.0,"turns":5.0},{"damage":2.0,"enemies":"Centurion and Healer","floor":22.0,"turns":7.0},{"damage":2.0,"enemies":"Chosen and Byrds","floor":24.0,"turns":6.0},{"damage":21.0,"enemies":"Gremlin Leader","floor":25.0,"turns":7.0},{"damage":25.0,"enemies":"Book of Stabbing","floor":27.0,"turns":7.0},{"damage":23.0,"enemies":"Snake Plant","floor":28.0,"turns":6.0},{"damage":12.0,"enemies":"Sentry and Sphere","floor":30.0,"turns":9.0},{"damage":0,"enemies":"Centurion and Healer","floor":31,"turns":9},{"damage":34,"enemies":"Collector","floor":33,"turns":17},{"damage":1,"enemies":"3 Shapes","floor":35,"turns":4},{"damage":5,"enemies":"Orb Walker","floor":36,"turns":5},{"damage":5,"enemies":"3 Darklings","floor":38,"turns":6},{"damage":2,"enemies":"Spire Growth","floor":39,"turns":5},{"damage":28,"enemies":"Giant Head","floor":40,"turns":13},{"damage":0,"enemies":"Sphere and 2 Shapes","floor":45,"turns":4},{"damage":3,"enemies":"Writhing Mass","floor":48,"turns":9},{"damage":22,"enemies":"Awakened One","floor":50,"turns":13}],"seed_played":"5376943197047106010","potions_obtained":[{"floor":1.0,"key":"EntropicBrew"},{"floor":8.0,"key":"EssenceOfSteel"},{"floor":16.0,"key":"EssenceOfSteel"},{"floor":18.0,"key":"BlessingOfTheForge"},{"floor":25.0,"key":"SpeedPotion"},{"floor":30,"key":"Regen Potion"},{"floor":31,"key":"DistilledChaos"},{"floor":36,"key":"Fire Potion"},{"floor":38,"key":"FocusPotion"},{"floor":48,"key":"Regen Potion"}],"is_trial":false,"path_per_floor":["M","?","$","?","?","R","E","M","T","R","?","$","R","M","R","B",null,"M","$","?","M","M","R","M","E","T","E","M","R","M","M","R","B",null,"M","M","?","M","M","E","R","$","T","R","M","?","$","M","R","B",null],"character_chosen":"DEFECT","items_purchased":["Go for the Eyes","Bandage Up","War Paint","OrangePellets","Orichalcum","Glacier+1","Ancient Tea Set","Turbo+1","Membership Card","Energy Potion","PowerPotion","Swift Potion","Bird Faced Urn"],"campfire_rested":4,"item_purchase_floors":[3,12,12,19,42,42,42,47,47,47,47,47,47],"current_hp_per_floor":[68,50,50,38,38,60,37,38,38,60,47,47,69,73,73,51,75,73,73,73,74,77,77,79,69,69,55,43,66,65,76,76,66,79,81,81,81,81,81,64,64,79,79,81,81,81,81,83,83,83],"gold":73,"neow_bonus":"HUNDRED_GOLD","is_daily":false,"chose_seed":false,"campfire_upgraded":6,"win_rate":0.0,"timestamp":1612583729,"path_taken":["M","?","$","?","?","R","E","M","T","R","?","$","R","M","R","BOSS","M","$","?","M","M","R","M","E","T","E","M","R","M","M","R","BOSS","M","M","?","M","?","E","R","$","T","R","M","?","$","M","R","BOSS"],"items_purchased_type":["Card","Card","Relic","Relic","Relic","Card","Relic","Card","Relic","Potion","Potion","Potion","Relic"],"build_version":"2020-12-22","purchased_purges":2,"victory":true,"max_hp_per_floor":[75,75,75,75,75,75,75,75,75,75,75,75,75,75,75,75,75,75,75,75,77,77,77,79,79,79,79,79,79,79,79,79,79,79,81,81,81,81,81,81,81,81,81,81,81,81,81,83,83,83],"card_choices":[{"not_picked":["Double Energy","Hello World"],"picked":"Self Repair","floor":1.0},{"not_picked":["Force Field","Sweeping Beam"],"picked":"Ball Lightning","floor":7.0},{"not_picked":["Rebound","Hologram"],"picked":"Beam Cell","floor":8.0},{"not_picked":["Stack","Beam Cell"],"picked":"Defragment","floor":11.0},{"not_picked":["Sunder","Reprogram"],"picked":"BootSequence","floor":14.0},{"not_picked":["Thunder Strike","Fission"],"picked":"Electrodynamics","floor":16.0},{"not_picked":["Compile Driver","Sweeping Beam"],"picked":"Steam","floor":18.0},{"not_picked":["Storm","Lockon","Compile Driver+1"],"picked":"Singing Bowl","floor":21.0},{"not_picked":["Darkness","Compile Driver"],"picked":"Beam Cell+1","floor":22.0},{"not_picked":["Rebound+1","FTL","Storm"],"picked":"Singing Bowl","floor":24.0},{"not_picked":["Sweeping Beam","Force Field"],"picked":"Coolheaded","floor":25.0},{"not_picked":["Double Energy+1","Hello World"],"picked":"Stack+1","floor":27.0},{"not_picked":["Darkness+1","Reinforced Body+1"],"picked":"Conserve Battery+1","floor":28.0},{"not_picked":["Double Energy+1","Thunder Strike"],"picked":"Gash","floor":30},{"not_picked":["Streamline","Rebound"],"picked":"Leap+1","floor":31},{"not_picked":["Rainbow+1","Seek+1"],"picked":"Biased Cognition","floor":33},{"not_picked":["Reprogram+1","Conserve Battery+1","Tempest+1"],"picked":"Singing Bowl","floor":35},{"not_picked":["Stack+1","Genetic Algorithm+1"],"picked":"Darkness+1","floor":36},{"not_picked":["Storm+1","White Noise+1"],"picked":"Glacier+1","floor":38},{"not_picked":["Hologram+1","Steam Power+1"],"picked":"Blizzard","floor":39},{"not_picked":["Ball Lightning+1","Melter+1"],"picked":"Barrage","floor":40},{"not_picked":["Hello World","Reinforced Body+1","Conserve Battery+1"],"picked":"Cold Snap","floor":45},{"not_picked":["Thunder Strike","Fusion+1","FTL","Glacier+1"],"picked":"Singing Bowl","floor":48}],"player_experience":82255,"relics_obtained":[{"floor":7.0,"key":"Singing Bowl"},{"floor":9.0,"key":"Bag of Marbles"},{"floor":11.0,"key":"Odd Mushroom"},{"floor":25.0,"key":"MealTicket"},{"floor":26.0,"key":"Toxic Egg 2"},{"floor":27.0,"key":"MawBank"},{"floor":40,"key":"Question Card"},{"floor":43,"key":"Eternal Feather"}],"event_choices":[{"damage_healed":0.0,"max_hp_gain":0.0,"max_hp_loss":0.0,"gold_gain":0.0,"event_name":"Golden Idol","player_choice":"Take Damage","floor":2.0,"gold_loss":0.0,"damage_taken":18.0,"relics_obtained":["Golden Idol"]},{"damage_healed":0.0,"max_hp_gain":0.0,"max_hp_loss":0.0,"gold_gain":0.0,"event_name":"Scrap Ooze","player_choice":"Success","floor":4.0,"gold_loss":0.0,"damage_taken":12.0,"relics_obtained":["Happy Flower"]},{"damage_healed":0.0,"max_hp_gain":0.0,"max_hp_loss":0.0,"gold_gain":0.0,"event_name":"World of Goop","player_choice":"Left Gold","floor":5.0,"gold_loss":32.0,"damage_taken":0.0},{"damage_healed":0.0,"max_hp_gain":0.0,"max_hp_loss":0.0,"gold_gain":0.0,"event_name":"Mushrooms","player_choice":"Fought Mushrooms","floor":11.0,"gold_loss":0.0,"damage_taken":0.0},{"damage_healed":0.0,"max_hp_gain":0.0,"max_hp_loss":0.0,"gold_gain":0.0,"event_name":"The Library","player_choice":"Read","floor":20.0,"gold_loss":0.0,"damage_taken":0.0,"cards_obtained":["Leap"]},{"damage_healed":0,"gold_gain":0,"player_choice":"Gave Potion","damage_taken":0,"relics_obtained":["Regal Pillow"],"max_hp_gain":0,"max_hp_loss":0,"event_name":"WeMeetAgain","floor":37,"gold_loss":0},{"damage_healed":0,"gold_gain":333,"player_choice":"Gave Idol","damage_taken":0,"max_hp_gain":0,"max_hp_loss":0,"event_name":"The Moai Head","floor":46,"relics_lost":["Golden Idol"],"gold_loss":0}],"is_beta":false,"boss_relics":[{"not_picked":["Cursed Key","Nuclear Battery"],"picked":"FrozenCore"},{"not_picked":["Runic Dome","Philosopher\u0027s Stone"],"picked":"Inserter"}],"items_purged_floors":[42,47],"is_endless":false,"potions_floor_spawned":[1,8,16,18,25,30,31,36,38,48],"ascension_level":0}}