{"host":"n9fx05aq4lr38byd","time":1612613287,"event":{"mods":["BaseMod","Minty Spire (QoL Compilation)","Permanent Neow","Relic Stats"],"gold_per_floor":[409,429,429,429,429,429,444,444,444,479,629,650,115,156,156,249,249,270,270,270,122,145,189,189,189],"floor_reached":24,"language":"ENG","playtime":1001,"items_purged":["Doubt","Defend_P"],"score":520,"play_id":"9b6d0219-b006-4600-a0d4-d6b730ef6fde","local_time":"20210206120807","is_ascension_mode":true,"campfire_choices":[{"data":"Eruption","floor":6,"key":"SMITH"},{"data":"Adaptation","floor":8,"key":"SMITH"},{"floor":15,"key":"REST"}],"circlet_count":0,"master_deck":["AscendersBane","Strike_P","Strike_P","Defend_P","Defend_P","Eruption+1","Vigilance","CutThroughFate","Meditate","Adaptation+1","ReachHeaven","EmptyFist","Nirvana+1","Protect+1","Halt+1","BowlingBash","DeceiveReality+1","DevaForm+1","EmptyBody+1","Wallop+1","Consecrate","JustLucky","WindmillStrike","Conclude"],"relics":["PureWater","Old Coin","Golden Idol","Frozen Egg 2","Bronze Scales","Toxic Egg 2","Letter Opener","Philosopher\u0027s Stone","Orichalcum"],"acts_visited":["Exordium","TheCity"],"potions_floor_usage":[10,14,16,23],"damage_taken":[{"damage":3,"enemies":"2 Louse","floor":1,"turns":6},{"damage":7,"enemies":"Small Slimes","floor":2,"turns":3},{"damage":2,"enemies":"Jaw Worm","floor":7,"turns":3},{"damage":22,"enemies":"3 Sentries","floor":10,"turns":9},{"damage":5,"enemies":"Red Slaver","floor":12,"turns":2},{"damage":11,"enemies":"Gremlin Nob","floor":14,"turns":3},{"damage":0,"enemies":"Slime Boss","floor":16,"turns":6},{"damage":12,"enemies":"Spheric Guardian","floor":18,"turns":3},{"damage":34,"enemies":"2 Thieves","floor":22,"turns":5},{"damage":0,"enemies":"Slavers","floor":23,"turns":3},{"damage":7,"enemies":"Snecko","floor":24,"turns":3}],"seed_played":"8632916202017773230","potions_obtained":[{"floor":1,"key":"PowerPotion"},{"floor":7,"key":"Strength Potion"},{"floor":14,"key":"Block Potion"},{"floor":22,"key":"DistilledChaos"}],"is_trial":false,"path_per_floor":["M","M","?","?","?","R","M","R","T","E","?","M","$","E","R","B",null,"M","?","?","$","M","E","M"],"character_chosen":"WATCHER","items_purchased":["Toxic Egg 2","Nirvana+1","Protect+1","Halt+1","BowlingBash","JustLucky"],"campfire_rested":1,"item_purchase_floors":[13,13,13,13,13,21],"current_hp_per_floor":[58,51,51,56,49,49,47,47,47,25,25,20,20,9,27,27,53,41,41,41,41,7,7,0,0],"gold":189,"neow_bonus":"ONE_RARE_RELIC","is_daily":false,"chose_seed":false,"campfire_upgraded":2,"win_rate":0.0,"timestamp":1612613287,"path_taken":["M","M","?","?","?","R","M","R","T","E","?","M","$","E","R","BOSS","M","?","?","$","M","E","M"],"items_purchased_type":["Relic","Card","Card","Card","Card","Card"],"build_version":"2020-12-22","purchased_purges":2,"victory":false,"max_hp_per_floor":[62,62,56,61,61,61,61,61,61,61,61,61,61,61,61,61,61,61,61,61,61,61,61,61,61],"relic_stats":{"counters":[11,46],"Golden Idol":59,"Bronze Scales":[40],"Letter Opener":[33],"Orichalcum":[0],"obtain_stats":[{"Golden Idol":3,"Bronze Scales":10,"Philosopher\u0027s Stone":17,"Letter Opener":14,"PureWater":0,"Frozen Egg 2":9,"Toxic Egg 2":13,"Orichalcum":23,"Old Coin":0},{"Golden Idol":2,"Bronze Scales":4,"Philosopher\u0027s Stone":7,"Letter Opener":6,"PureWater":0,"Frozen Egg 2":3,"Toxic Egg 2":5,"Orichalcum":10,"Old Coin":0},{"Golden Idol":9,"Bronze Scales":21,"Philosopher\u0027s Stone":32,"Letter Opener":26,"PureWater":0,"Frozen Egg 2":12,"Toxic Egg 2":23,"Orichalcum":43,"Old Coin":0}]},"card_choices":[{"not_picked":["LikeWater","Adaptation"],"picked":"CutThroughFate","floor":1},{"not_picked":["Halt","FlyingSleeves"],"picked":"Meditate","floor":2},{"not_picked":["EmptyBody","Evaluate"],"picked":"Adaptation","floor":7},{"not_picked":["CrushJoints","EmptyMind"],"picked":"ReachHeaven","floor":10},{"not_picked":["CutThroughFate","Sanctity"],"picked":"EmptyFist","floor":12},{"not_picked":["Indignation+1","ReachHeaven"],"picked":"DeceiveReality+1","floor":14},{"not_picked":["Judgement+1","Brilliance"],"picked":"DevaForm+1","floor":16},{"not_picked":["BattleHymn+1","FlyingSleeves+1"],"picked":"EmptyBody+1","floor":18},{"not_picked":["EmptyFist","SashWhip"],"picked":"WindmillStrike","floor":22},{"not_picked":["Worship+1","Crescendo+1"],"picked":"Conclude","floor":23}],"player_experience":839815,"relics_obtained":[{"floor":9,"key":"Frozen Egg 2"},{"floor":10,"key":"Bronze Scales"},{"floor":14,"key":"Letter Opener"},{"floor":23,"key":"Orichalcum"}],"event_choices":[{"damage_healed":0,"gold_gain":0,"player_choice":"Lose Max HP","damage_taken":0,"relics_obtained":["Golden Idol"],"max_hp_gain":0,"max_hp_loss":6,"event_name":"Golden Idol","floor":3,"gold_loss":0},{"damage_healed":0,"gold_gain":0,"player_choice":"Donut","damage_taken":0,"max_hp_gain":5,"max_hp_loss":0,"event_name":"Big Fish","floor":4,"gold_loss":0},{"cards_removed":["Strike_P"],"damage_healed":0,"gold_gain":0,"player_choice":"Card Removal","damage_taken":7,"max_hp_gain":0,"max_hp_loss":0,"event_name":"Golden Wing","floor":5,"gold_loss":0},{"damage_healed":0,"gold_gain":150,"player_choice":"AGREE","damage_taken":0,"max_hp_gain":0,"max_hp_loss":0,"event_name":"Liars Game","floor":11,"gold_loss":0,"cards_obtained":["Doubt"]},{"damage_healed":0,"gold_gain":0,"cards_transformed":["Strike_P","Defend_P"],"player_choice":"Became Test Subject","damage_taken":0,"max_hp_gain":0,"max_hp_loss":0,"event_name":"Drug Dealer","floor":19,"gold_loss":0,"cards_obtained":["Wallop","Consecrate"]},{"damage_healed":0,"gold_gain":0,"player_choice":"Upgraded","damage_taken":0,"max_hp_gain":0,"max_hp_loss":0,"event_name":"Upgrade Shrine","floor":20,"gold_loss":0,"cards_upgraded":["Wallop"]}],"is_beta":false,"boss_relics":[{"not_picked":["Busted Crown","Tiny House"],"picked":"Philosopher\u0027s Stone"}],"items_purged_floors":[13,21],"is_endless":false,"potions_floor_spawned":[1,7,14,22],"killed_by":"Snecko","ascension_level":15}}