{"host":"jksa5rawk3m4gilz","time":1612621925,"event":{"mods":["BaseMod","Colored Map","Highlight Path","Minty Spire (QoL Compilation)","Quick Restart"],"gold_per_floor":[313,488,488,164,181,209,209,243,268,543,197,215,215,225,225,225,225],"floor_reached":16,"language":"ENG","playtime":389,"items_purged":["Doubt","Regret"],"score":184,"play_id":"919899ff-6da3-4b4f-a54a-d62364a18201","local_time":"20210206153205","is_ascension_mode":true,"campfire_choices":[{"data":"Bash","floor":7,"key":"SMITH"},{"data":"Bandage Up","floor":13,"key":"SMITH"},{"data":"Anger","floor":15,"key":"SMITH"}],"circlet_count":0,"master_deck":["AscendersBane","Strike_R","Strike_R","Strike_R","Strike_R","Strike_R","Defend_R","Defend_R+1","Defend_R","Defend_R","Bash+1","Anger+1","Spot Weakness+1","Brutality","Bandage Up+1"],"relics":["Burning Blood","Old Coin","Paper Frog","Red Skull","Regal Pillow","War Paint","ClockworkSouvenir"],"acts_visited":["Exordium"],"potions_floor_usage":[16],"damage_taken":[{"damage":6,"enemies":"Small Slimes","floor":1,"turns":5},{"damage":9,"enemies":"2 Louse","floor":5,"turns":3},{"damage":30,"enemies":"Lagavulin","floor":6,"turns":6},{"damage":34,"enemies":"Gremlin Nob","floor":8,"turns":4},{"damage":4,"enemies":"Jaw Worm","floor":12,"turns":2},{"damage":11,"enemies":"Looter","floor":14,"turns":2},{"damage":27,"enemies":"Hexaghost","floor":16,"turns":7}],"seed_played":"1300229690632214099","potions_obtained":[{"floor":8,"key":"EssenceOfSteel"},{"floor":14,"key":"Weak Potion"}],"is_trial":false,"path_per_floor":["M","?","?","$","M","E","R","E","T","?","$","M","R","M","R","B"],"character_chosen":"IRONCLAD","items_purchased":["Paper Frog","ClockworkSouvenir","Bandage Up"],"campfire_rested":0,"item_purchase_floors":[4,11,11],"current_hp_per_floor":[68,68,73,73,70,46,46,18,18,18,18,20,20,21,21,0,0],"gold":225,"neow_bonus":"ONE_RARE_RELIC","is_daily":false,"chose_seed":false,"campfire_upgraded":3,"win_rate":0.0,"timestamp":1612621925,"path_taken":["M","?","?","?","M","E","R","E","T","?","$","?","R","M","R","BOSS"],"items_purchased_type":["Relic","Relic","Card"],"build_version":"2020-12-22","purchased_purges":2,"victory":false,"max_hp_per_floor":[75,75,80,80,80,80,80,80,80,80,80,80,80,80,80,80,80],"card_choices":[{"not_picked":["Blood for Blood","Body Slam"],"picked":"Anger","floor":1},{"not_picked":["Hemokinesis","Pommel Strike"],"picked":"Spot Weakness","floor":5},{"not_picked":["Evolve","Shrug It Off","Sentinel"],"picked":"SKIP","floor":6},{"not_picked":["Pommel Strike","Perfected Strike"],"picked":"Brutality","floor":8},{"not_picked":["Pommel Strike","Feel No Pain","Second Wind"],"picked":"SKIP","floor":12},{"not_picked":["Havoc","Burning Pact","Dark Embrace"],"picked":"SKIP","floor":14}],"player_experience":1814910,"relics_obtained":[{"floor":6,"key":"Red Skull"},{"floor":8,"key":"Regal Pillow"},{"floor":9,"key":"War Paint"}],"event_choices":[{"damage_healed":0,"gold_gain":175,"player_choice":"AGREE","damage_taken":0,"max_hp_gain":0,"max_hp_loss":0,"event_name":"Liars Game","floor":2,"gold_loss":0,"cards_obtained":["Doubt"]},{"damage_healed":0,"gold_gain":0,"player_choice":"Donut","damage_taken":0,"max_hp_gain":5,"max_hp_loss":0,"event_name":"Big Fish","floor":3,"gold_loss":0},{"damage_healed":0,"gold_gain":275,"player_choice":"Desecrate","damage_taken":0,"max_hp_gain":0,"max_hp_loss":0,"event_name":"Golden Shrine","floor":10,"gold_loss":0,"cards_obtained":["Regret"]}],"is_beta":false,"boss_relics":[],"items_purged_floors":[4,11],"is_endless":false,"potions_floor_spawned":[8,14],"killed_by":"Hexaghost","ascension_level":14}}