{"host":"lklj3eidp7g5an38","time":1612569952,"event":{"mods":["AchievementEnabler","BaseMod","Colored Map","Colored Powertips","Curses Come First","DeckTracker","Highlight Path","Minty Spire (QoL Compilation)","Relic Stats","StSLib"],"gold_per_floor":[113,113,125,125,141,141,185,185,185,185,223,236,236,236,236,325,388,408,378,378,378,393,425,425,451,451,451,478,478,393,493,493,564,564,579,595,595,595,605,636,636,139,139,149,204,229,239,274,286,298,310,322,7,32,32],"floor_reached":56,"language":"ENG","playtime":5303,"items_purged":["Strike_P"],"score":2039,"play_id":"2947330a-2e78-4cb3-9993-9c4a8acdb745","local_time":"20210206000552","is_ascension_mode":true,"campfire_choices":[{"data":"Eruption","floor":6.0,"key":"SMITH"},{"data":"Wireheading","floor":8.0,"key":"SMITH"},{"data":"BowlingBash","floor":10.0,"key":"SMITH"},{"data":"MentalFortress","floor":13.0,"key":"SMITH"},{"data":"TalkToTheHand","floor":15.0,"key":"SMITH"},{"floor":24.0,"key":"REST"},{"floor":27.0,"key":"REST"},{"data":"EmptyMind","floor":29.0,"key":"SMITH"},{"floor":32.0,"key":"REST"},{"data":"Vault","floor":41,"key":"SMITH"},{"floor":49,"key":"RECALL"},{"data":"Meditate","floor":52,"key":"SMITH"}],"circlet_count":0,"master_deck":["AscendersBane","Strike_P","Strike_P","Defend_P","Defend_P+1","Defend_P","Defend_P","Eruption+1","EmptyFist","BowlingBash+1","Wireheading+1","TalkToTheHand+1","MentalFortress+1","DevaForm","EmptyMind+1","MentalFortress","FlurryOfBlows","Consecrate","Crescendo","WheelKick","Adaptation","Vault+1","FearNoEvil+1","InnerPeace+1","Conclude+1","Weave+1","FlurryOfBlows+1","CrushJoints+1","Meditate+1","Blasphemy","FearNoEvil+1"],"relics":["PureWater","TungstenRod","Bloody Idol","Mango","Mummified Hand","Happy Flower","Tiny House","Bird Faced Urn","Unceasing Top","HornCleat","MealTicket","Shuriken","FossilizedHelix","Molten Egg 2","Runic Pyramid","Blood Vial","CloakClasp","Pocketwatch","StoneCalendar","MawBank","Frozen Eye","Orichalcum"],"acts_visited":["Exordium","TheCity","TheBeyond","TheEnding"],"potions_floor_usage":[40,45,45,50,54],"damage_taken":[{"damage":0.0,"enemies":"2 Louse","floor":1.0,"turns":3.0},{"damage":0.0,"enemies":"Small Slimes","floor":3.0,"turns":4.0},{"damage":3.0,"enemies":"Jaw Worm","floor":5.0,"turns":3.0},{"damage":6.0,"enemies":"Lagavulin","floor":7.0,"turns":5.0},{"damage":5.0,"enemies":"3 Sentries","floor":11.0,"turns":6.0},{"damage":2.0,"enemies":"2 Fungi Beasts","floor":12.0,"turns":3.0},{"damage":5.0,"enemies":"Hexaghost","floor":16.0,"turns":11.0},{"damage":11.0,"enemies":"3 Byrds","floor":18.0,"turns":6.0},{"damage":9.0,"enemies":"2 Thieves","floor":19.0,"turns":5.0},{"damage":9.0,"enemies":"Snecko","floor":22.0,"turns":6.0},{"damage":25.0,"enemies":"Gremlin Leader","floor":23.0,"turns":7.0},{"damage":38.0,"enemies":"Slavers","floor":25.0,"turns":6.0},{"damage":0.0,"enemies":"Book of Stabbing","floor":28.0,"turns":8.0},{"damage":27.0,"enemies":"Colosseum Slavers","floor":31.0,"turns":4.0},{"damage":34.0,"enemies":"Colosseum Nobs","floor":31.0,"turns":4.0},{"damage":12.0,"enemies":"Automaton","floor":33.0,"turns":6.0},{"damage":0,"enemies":"Orb Walker","floor":35,"turns":4},{"damage":0,"enemies":"3 Shapes","floor":36,"turns":4},{"damage":0,"enemies":"Maw","floor":39,"turns":5},{"damage":12,"enemies":"Reptomancer","floor":40,"turns":5},{"damage":0,"enemies":"Transient","floor":44,"turns":6},{"damage":15,"enemies":"2 Orb Walkers","floor":45,"turns":3},{"damage":12,"enemies":"Mind Bloom Boss Battle","floor":46,"turns":4},{"damage":0,"enemies":"Writhing Mass","floor":47,"turns":5},{"damage":0,"enemies":"Giant Head","floor":48,"turns":5},{"damage":25,"enemies":"Awakened One","floor":50,"turns":8},{"damage":16,"enemies":"Shield and Spear","floor":54,"turns":6},{"damage":46,"enemies":"The Heart","floor":55,"turns":9}],"seed_played":"-6107433953666097112","potions_obtained":[{"floor":1.0,"key":"Block Potion"},{"floor":5.0,"key":"GamblersBrew"},{"floor":11.0,"key":"DistilledChaos"},{"floor":17.0,"key":"LiquidBronze"},{"floor":19.0,"key":"SkillPotion"},{"floor":23.0,"key":"GamblersBrew"},{"floor":25.0,"key":"SkillPotion"},{"floor":31.0,"key":"GamblersBrew"},{"floor":36,"key":"GamblersBrew"},{"floor":39,"key":"Weak Potion"},{"floor":44,"key":"ColorlessPotion"},{"floor":46,"key":"AttackPotion"},{"floor":47,"key":"BottledMiracle"}],"is_trial":false,"path_per_floor":["M","?","M","?","M","R","E","R","T","R","E","M","R","?","R","B",null,"M","M","?","?","M","E","R","E","T","R","E","R","?","?","R","B",null,"M","M","?","?","M","E","R","$","T","M","?","?","M","E","R","B",null,"R","$","E","B",null],"character_chosen":"WATCHER","items_purchased":["CloakClasp","Weave+1","Blasphemy","Frozen Eye"],"campfire_rested":3,"item_purchase_floors":[42,42,53,53],"current_hp_per_floor":[43,37,37,37,34,34,42,42,42,42,37,35,35,35,35,30,70,59,50,50,50,46,26,50,25,25,49,62,62,62,20,44,47,73,81,81,77,77,77,76,76,77,77,77,71,74,77,77,77,54,73,77,77,72,35],"gold":32,"neow_bonus":"ONE_RARE_RELIC","is_daily":false,"chose_seed":false,"campfire_upgraded":8,"win_rate":0.0,"timestamp":1612569952,"path_taken":["M","?","M","?","M","R","E","R","T","R","E","M","R","?","R","BOSS","M","M","?","?","M","E","R","E","T","R","E","R","?","?","R","BOSS","M","M","?","?","M","E","R","$","T","M","?","?","M","E","R","BOSS","R","$","E","BOSS"],"items_purchased_type":["Relic","Card","Card","Relic"],"build_version":"2020-12-22","purchased_purges":1,"victory":true,"max_hp_per_floor":[68,68,68,62,62,62,76,76,76,76,76,76,76,76,76,76,81,81,81,81,81,81,81,81,81,81,81,81,81,81,81,81,81,81,81,81,77,77,77,77,77,77,77,77,77,77,77,77,77,77,77,77,77,77,77],"relic_stats":{"Happy Flower":[43],"counters":[28,151],"StoneCalendar":[104],"CloakClasp":[178],"Orichalcum":[0],"MawBank":60,"Blood Vial":6,"Mummified Hand":[114],"Shuriken":[84],"Bloody Idol":59,"Bird Faced Urn":[82],"MealTicket":1,"obtain_stats":[{"Tiny House":17,"Happy Flower":11,"Golden Idol":4,"Mango":7,"StoneCalendar":46,"CloakClasp":42,"Orichalcum":54,"MawBank":48,"Blood Vial":40,"Frozen Eye":53,"HornCleat":26,"Mummified Hand":9,"Shuriken":30,"Bloody Idol":21,"Bird Faced Urn":23,"MealTicket":28,"Molten Egg 2":31,"PureWater":0,"TungstenRod":0,"Unceasing Top":25,"FossilizedHelix":31,"Runic Pyramid":34,"Pocketwatch":45},{"Tiny House":7,"Happy Flower":5,"Golden Idol":2,"Mango":4,"StoneCalendar":23,"CloakClasp":20,"Orichalcum":27,"MawBank":25,"Blood Vial":20,"Frozen Eye":26,"HornCleat":12,"Mummified Hand":4,"Shuriken":13,"Bloody Idol":9,"Bird Faced Urn":11,"MealTicket":13,"Molten Egg 2":15,"PureWater":0,"TungstenRod":0,"Unceasing Top":12,"FossilizedHelix":15,"Runic Pyramid":16,"Pocketwatch":22},{"Tiny House":35,"Happy Flower":21,"Golden Idol":7,"Mango":15,"StoneCalendar":118,"CloakClasp":105,"Orichalcum":142,"MawBank":128,"Blood Vial":105,"Frozen Eye":136,"HornCleat":65,"Mummified Hand":15,"Shuriken":73,"Bloody Idol":46,"Bird Faced Urn":59,"MealTicket":73,"Molten Egg 2":81,"PureWater":0,"TungstenRod":0,"Unceasing Top":65,"FossilizedHelix":81,"Runic Pyramid":87,"Pocketwatch":114}],"TungstenRod":55,"Unceasing Top":[4],"Pocketwatch":[3]},"card_choices":[{"not_picked":["Worship","Vengeance"],"picked":"EmptyFist","floor":1.0},{"not_picked":["Fasting2","Nirvana","Worship"],"picked":"SKIP","floor":3.0},{"not_picked":["Protect","SashWhip"],"picked":"BowlingBash","floor":5.0},{"not_picked":["FollowUp","Collect"],"picked":"Wireheading","floor":7.0},{"not_picked":["SashWhip","WaveOfTheHand"],"picked":"TalkToTheHand","floor":11.0},{"not_picked":["Wallop","JustLucky"],"picked":"MentalFortress","floor":12.0},{"not_picked":["Judgement","Scrawl"],"picked":"DevaForm","floor":16.0},{"not_picked":["Crescendo","FlurryOfBlows"],"picked":"EmptyMind","floor":17.0},{"not_picked":["WaveOfTheHand","PathToVictory"],"picked":"MentalFortress","floor":18.0},{"not_picked":["Wallop","ThirdEye","Swivel"],"picked":"SKIP","floor":19.0},{"not_picked":["EmptyMind+1","Vengeance"],"picked":"FlurryOfBlows","floor":22.0},{"not_picked":["FollowUp+1","Nirvana"],"picked":"Consecrate","floor":23.0},{"not_picked":["EmptyMind+1","DeusExMachina"],"picked":"Crescendo","floor":25.0},{"not_picked":["Devotion","PathToVictory"],"picked":"WheelKick","floor":28.0},{"not_picked":["CutThroughFate+1","FlyingSleeves+1"],"picked":"Adaptation","floor":31.0},{"not_picked":["Blasphemy","Devotion"],"picked":"Vault","floor":33.0},{"not_picked":["Sanctity","Consecrate+1"],"picked":"FearNoEvil+1","floor":35},{"not_picked":["BowlingBash+1","EmptyBody"],"picked":"InnerPeace+1","floor":36},{"not_picked":["Wallop+1","Consecrate+1","FollowUp+1"],"picked":"SKIP","floor":39},{"not_picked":["Brilliance+1","Evaluate"],"picked":"Conclude+1","floor":40},{"not_picked":["InnerPeace","CarveReality+1","SashWhip+1"],"picked":"SKIP","floor":44},{"not_picked":["JustLucky+1","FlyingSleeves+1"],"picked":"FlurryOfBlows+1","floor":45},{"not_picked":["JustLucky+1","FollowUp+1"],"picked":"CrushJoints+1","floor":46},{"not_picked":["InnerPeace+1","Protect+1","FollowUp+1"],"picked":"SKIP","floor":47},{"not_picked":["Alpha","FearNoEvil+1"],"picked":"Meditate","floor":48},{"not_picked":["ClearTheMind","Conclude+1"],"picked":"FearNoEvil+1","floor":54}],"player_experience":934129,"relics_obtained":[{"floor":7.0,"key":"Mango"},{"floor":9.0,"key":"Mummified Hand"},{"floor":11.0,"key":"Happy Flower"},{"floor":23.0,"key":"Bird Faced Urn"},{"floor":25.0,"key":"Unceasing Top"},{"floor":26.0,"key":"HornCleat"},{"floor":28.0,"key":"MealTicket"},{"floor":31.0,"key":"FossilizedHelix"},{"floor":31.0,"key":"Molten Egg 2"},{"floor":40,"key":"Blood Vial"},{"floor":45,"key":"Pocketwatch"},{"floor":46,"key":"StoneCalendar"},{"floor":48,"key":"MawBank"},{"floor":54,"key":"Orichalcum"}],"event_choices":[{"cards_removed":["Strike_P"],"damage_healed":0.0,"max_hp_gain":0.0,"max_hp_loss":0.0,"gold_gain":0.0,"event_name":"Golden Wing","player_choice":"Card Removal","floor":2.0,"gold_loss":0.0,"damage_taken":7.0},{"damage_healed":0.0,"max_hp_gain":0.0,"max_hp_loss":6.0,"gold_gain":0.0,"event_name":"Golden Idol","player_choice":"Lose Max HP","floor":4.0,"gold_loss":0.0,"damage_taken":0.0,"relics_obtained":["Golden Idol"]},{"damage_healed":0.0,"max_hp_gain":0.0,"max_hp_loss":0.0,"gold_gain":0.0,"event_name":"Liars Game","player_choice":"Ignored","floor":14.0,"gold_loss":0.0,"damage_taken":0.0},{"damage_healed":0.0,"max_hp_gain":0.0,"max_hp_loss":0.0,"gold_gain":0.0,"event_name":"Ghosts","player_choice":"Ignored","floor":20.0,"gold_loss":0.0,"damage_taken":0.0},{"damage_healed":0.0,"max_hp_gain":0.0,"max_hp_loss":0.0,"gold_gain":0.0,"event_name":"Forgotten Altar","player_choice":"Gave Idol","floor":21.0,"relics_lost":["Golden Idol"],"gold_loss":0.0,"damage_taken":0.0,"relics_obtained":["Bloody Idol"]},{"damage_healed":0.0,"max_hp_gain":0.0,"max_hp_loss":0.0,"gold_gain":0.0,"event_name":"Addict","player_choice":"Obtained Relic","floor":30.0,"gold_loss":85.0,"damage_taken":0.0,"relics_obtained":["Shuriken"]},{"damage_healed":0.0,"max_hp_gain":0.0,"max_hp_loss":0.0,"gold_gain":0.0,"event_name":"Colosseum","player_choice":"Fight","floor":31.0,"gold_loss":0.0,"damage_taken":0.0},{"damage_healed":0.0,"max_hp_gain":0.0,"max_hp_loss":0.0,"gold_gain":0.0,"event_name":"Colosseum","player_choice":"Fought Nobs","floor":31.0,"gold_loss":0.0,"damage_taken":0.0},{"damage_healed":0,"gold_gain":0,"player_choice":"Max HP","damage_taken":0,"max_hp_gain":0,"max_hp_loss":4,"event_name":"Winding Halls","floor":37,"gold_loss":0},{"cards_removed":["Vigilance"],"damage_healed":0,"gold_gain":0,"player_choice":"Removed Skill","damage_taken":0,"max_hp_gain":0,"max_hp_loss":0,"event_name":"Falling","floor":38,"gold_loss":0},{"damage_healed":0,"gold_gain":0,"player_choice":"Fight","damage_taken":0,"max_hp_gain":0,"max_hp_loss":0,"event_name":"Mysterious Sphere","floor":45,"gold_loss":0},{"damage_healed":0,"gold_gain":0,"player_choice":"Fight","damage_taken":0,"max_hp_gain":0,"max_hp_loss":0,"event_name":"MindBloom","floor":46,"gold_loss":0}],"is_beta":false,"boss_relics":[{"not_picked":["Velvet Choker","Runic Dome"],"picked":"Tiny House"},{"not_picked":["Busted Crown","Black Star"],"picked":"Runic Pyramid"}],"items_purged_floors":[42],"is_endless":false,"potions_floor_spawned":[1,5,11,19,23,25,31,36,39,44,46,47],"ascension_level":16}}