{"host":"a1eatafr7pisesky","time":1612591399,"event":{"mods":["AchievementEnabler","BaseMod","Colored Map","Keyboard Shortcuts","Minty Spire (QoL Compilation)","Say the Spire","StSLib","SuperFastMode","everything is the same but u backflip on backflip"],"gold_per_floor":[367,337,357,212,223,223,252,252,276,301,301,336,348,34,34,34,34],"floor_reached":16,"language":"KOR","playtime":486,"items_purged":["Strike_R"],"score":207,"play_id":"19e11b10-415c-4437-873a-a17378c76028","local_time":"20210206150319","is_ascension_mode":true,"campfire_choices":[{"data":"Armaments","floor":6,"key":"SMITH"},{"floor":8,"key":"REST"},{"floor":11,"key":"REST"},{"floor":15,"key":"DIG"}],"circlet_count":0,"master_deck":["AscendersBane","Strike_R+1","Strike_R","Strike_R","Strike_R","Defend_R","Defend_R","Defend_R","Defend_R","Bash","Armaments+1","Second Wind","Evolve","Shrug It Off","Corruption","Burning Pact","Cleave","Body Slam+1"],"relics":["Burning Blood","Tiny Chest","Strawberry","Centennial Puzzle","Boot","Shovel","Whetstone"],"acts_visited":["Exordium"],"potions_floor_usage":[7,7,12,16],"damage_taken":[{"damage":18.0,"enemies":"Small Slimes","floor":1.0,"turns":4.0},{"damage":1.0,"enemies":"Cultist","floor":3.0,"turns":4.0},{"damage":1.0,"enemies":"2 Louse","floor":5.0,"turns":4.0},{"damage":44,"enemies":"Lagavulin","floor":7,"turns":8},{"damage":32,"enemies":"3 Sentries","floor":10,"turns":12},{"damage":21,"enemies":"Gremlin Nob","floor":12,"turns":4},{"damage":6,"enemies":"Blue Slaver","floor":13,"turns":5},{"damage":9,"enemies":"The Guardian","floor":16,"turns":7}],"seed_played":"-4122561245326250695","potions_obtained":[{"floor":2.0,"key":"Weak Potion"},{"floor":2.0,"key":"EssenceOfSteel"},{"floor":7,"key":"DuplicationPotion"},{"floor":13,"key":"ColorlessPotion"}],"is_trial":false,"path_per_floor":["M","?","M","$","M","R","E","R","T","E","R","E","M","$","R","B"],"character_chosen":"IRONCLAD","items_purchased":["Evolve","Shovel"],"campfire_rested":2,"item_purchase_floors":[4,14],"current_hp_per_floor":[38,38,43,43,48,48,10,32,39,13,37,22,22,22,22,13,13],"gold":34,"neow_bonus":"TWO_FIFTY_GOLD","is_daily":false,"chose_seed":false,"campfire_upgraded":1,"win_rate":0.0,"timestamp":1612591399,"path_taken":["M","?","M","$","M","R","E","R","T","E","R","E","?","$","R","BOSS"],"items_purchased_type":["Card","Relic"],"build_version":"2020-12-22","purchased_purges":1,"victory":false,"max_hp_per_floor":[75,75,75,75,75,75,75,75,82,82,82,82,82,82,82,82,82],"card_choices":[{"not_picked":["Iron Wave","Anger"],"picked":"Armaments","floor":1.0},{"not_picked":["Spot Weakness","Anger"],"picked":"Second Wind","floor":3.0},{"not_picked":["Heavy Blade","Metallicize"],"picked":"Shrug It Off","floor":5},{"not_picked":["Clothesline","Perfected Strike"],"picked":"Corruption","floor":7},{"not_picked":["Warcry","Pummel"],"picked":"Burning Pact","floor":10},{"not_picked":["Perfected Strike","Clash"],"picked":"Cleave","floor":12},{"not_picked":["Metallicize","Combust"],"picked":"Body Slam","floor":13}],"player_experience":413285,"relics_obtained":[{"floor":7,"key":"Tiny Chest"},{"floor":9,"key":"Strawberry"},{"floor":10,"key":"Centennial Puzzle"},{"floor":12,"key":"Boot"},{"floor":15,"key":"Whetstone"}],"event_choices":[{"damage_healed":0.0,"max_hp_gain":0.0,"max_hp_loss":0.0,"gold_gain":0.0,"event_name":"The Woman in Blue","player_choice":"Bought 2 Potions","floor":2.0,"gold_loss":0.0,"damage_taken":0.0}],"is_beta":false,"boss_relics":[],"items_purged_floors":[4],"is_endless":false,"potions_floor_spawned":[7,13],"killed_by":"The Guardian","ascension_level":15}}