{"host":"htr0t6l50g7s3p2f","time":1612588128,"event":{"mods":["BaseMod","Better Note","Minty Spire (QoL Compilation)","Rare Cards Sparkle","StSLib","The IronCluck"],"gold_per_floor":[109,109,109,128,53,53,92,108,131,201,145,163,1,15,15,15,15],"floor_reached":16,"language":"ENG","playtime":981,"items_purged":["Defend_G"],"score":185,"play_id":"8c6aa143-0006-481d-b357-0f6b444d03c3","local_time":"20210206160848","is_ascension_mode":true,"campfire_choices":[{"floor":6,"key":"REST"},{"floor":15,"key":"REST"}],"circlet_count":0,"master_deck":["AscendersBane","Strike_G","Strike_G","Strike_G","Strike_G","Defend_G","Defend_G","Defend_G","Defend_G","Survivor","Neutralize","Burst+1","Poisoned Stab","Noxious Fumes","Die Die Die","Dodge and Roll","Grand Finale","Acrobatics","Leg Sweep","Crippling Poison"],"relics":["Ring of the Snake","Golden Idol","Art of War","Boot","StrikeDummy","Potion Belt"],"acts_visited":["Exordium"],"potions_floor_usage":[16],"damage_taken":[{"damage":1,"enemies":"2 Louse","floor":1,"turns":3},{"damage":1,"enemies":"Small Slimes","floor":4,"turns":4},{"damage":39,"enemies":"Gremlin Nob","floor":7,"turns":5},{"damage":11,"enemies":"Cultist","floor":8,"turns":4},{"damage":24,"enemies":"Gremlin Nob","floor":10,"turns":4},{"damage":16,"enemies":"Gremlin Gang","floor":12,"turns":5},{"damage":3,"enemies":"Blue Slaver","floor":14,"turns":5},{"damage":43,"enemies":"Slime Boss","floor":16,"turns":7}],"seed_played":"-8574677142526977822","potions_obtained":[{"floor":4,"key":"FairyPotion"},{"floor":10,"key":"FairyPotion"},{"floor":14,"key":"DistilledChaos"}],"is_trial":false,"path_per_floor":["M","?","?","M","?","R","E","M","T","?","?","M","$","M","R","B"],"character_chosen":"THE_SILENT","items_purchased":["Leg Sweep"],"campfire_rested":2,"item_purchase_floors":[13],"current_hp_per_floor":[58,58,35,34,34,53,14,3,3,11,11,14,14,11,30,0,0],"gold":15,"neow_bonus":"ONE_RANDOM_RARE_CARD","is_daily":false,"chose_seed":false,"campfire_upgraded":0,"win_rate":0.0,"timestamp":1612588128,"path_taken":["M","?","?","M","?","R","E","M","T","?","?","?","$","M","R","BOSS"],"items_purchased_type":["Card"],"build_version":"2020-12-22","purchased_purges":1,"victory":false,"max_hp_per_floor":[66,66,66,66,66,66,66,66,66,66,66,66,66,66,66,66,66],"card_choices":[{"not_picked":["Outmaneuver","Quick Slash"],"picked":"Poisoned Stab","floor":1},{"not_picked":["PiercingWail","Bane"],"picked":"Noxious Fumes","floor":4},{"not_picked":["Crippling Poison","Cloak And Dagger"],"picked":"Die Die Die","floor":7},{"not_picked":["Quick Slash","Prepared"],"picked":"Dodge and Roll","floor":8},{"not_picked":["Quick Slash","Sucker Punch"],"picked":"Grand Finale","floor":10},{"not_picked":["Slice","Backstab"],"picked":"Acrobatics","floor":12},{"not_picked":["Reflex","Leg Sweep"],"picked":"Crippling Poison","floor":14}],"player_experience":949649,"relics_obtained":[{"floor":7,"key":"Art of War"},{"floor":9,"key":"Boot"},{"floor":10,"key":"StrikeDummy"}],"event_choices":[{"damage_healed":0,"gold_gain":0,"player_choice":"Grow","damage_taken":0,"max_hp_gain":0,"max_hp_loss":0,"event_name":"Living Wall","floor":2,"gold_loss":0,"cards_upgraded":["Burst"]},{"damage_healed":0,"gold_gain":0,"player_choice":"Take Damage","damage_taken":23,"relics_obtained":["Golden Idol"],"max_hp_gain":0,"max_hp_loss":0,"event_name":"Golden Idol","floor":3,"gold_loss":0},{"cards_removed":["Strike_G"],"damage_healed":0,"gold_gain":0,"player_choice":"Card Removal","damage_taken":0,"max_hp_gain":0,"max_hp_loss":0,"event_name":"The Cleric","floor":5,"gold_loss":75},{"damage_healed":0,"gold_gain":0,"player_choice":"Searched \u00271\u0027 times","damage_taken":0,"max_hp_gain":0,"max_hp_loss":0,"event_name":"Dead Adventurer","floor":10,"gold_loss":0},{"damage_healed":0,"gold_gain":0,"player_choice":"Paid Gold","damage_taken":0,"relics_obtained":["Potion Belt"],"max_hp_gain":0,"max_hp_loss":0,"event_name":"WeMeetAgain","floor":11,"gold_loss":56}],"is_beta":false,"boss_relics":[],"items_purged_floors":[13],"is_endless":false,"potions_floor_spawned":[4,10,14],"killed_by":"Slime Boss","ascension_level":17}}