{"host":"bcpyscfajg8dk59p","time":1612630990,"event":{"mods":["Act Like it!","BaseMod","BetterRewards","Colored Map","Colored Powertips","Conspire","Downfall","Friendly Minions","Hubris","Infinite Spire","Ironclad Rager","Minty Spire (QoL Compilation)","Permanent Neow","Quarter Circle Forward PUNCH!","Replay The Spire","StSLib","SuperFastMode","The Jungle","Trackpad"],"gold_per_floor":[116,116,116,127,127,127,142,142,142,159,30,30,30,58,58,159,159,176,76,86,103,121,121,151,101,101,116,116,131,131,150,150,249,249,263,263,263,283,79,105,123,141,141,141,160,160,173,185,185,185],"floor_reached":51,"language":"ENG","playtime":2813,"items_purged":["Strike_G","Strike_G","Strike_G","Defend_G"],"score":551,"play_id":"d94fa586-b134-4fc3-b024-02bec0f164e6","local_time":"20210206090310","is_ascension_mode":false,"campfire_choices":[{"data":"Neutralize","floor":6.0,"key":"SMITH"},{"data":"Crippling Poison","floor":8.0,"key":"SMITH"},{"data":"Survivor","floor":12.0,"key":"SMITH"},{"data":"Dash","floor":15.0,"key":"SMITH"},{"data":"Catalyst","floor":23,"key":"SMITH"},{"data":"Replay:Bag of Tricks","floor":30,"key":"SMITH"},{"data":"Caltrops","floor":32,"key":"SMITH"},{"data":"Envenom","floor":49,"key":"SMITH"}],"circlet_count":0,"master_deck":["Defend_G","Defend_G","Defend_G","Survivor+1","Neutralize+1","Underhanded Strike+1","Backflip","Crippling Poison+1","Sneak Up","Caltrops+1","Caltrops","Dash+1","Replay:Bag of Tricks+1","Quick Slash","Acrobatics","Catalyst+1","PiercingWail","Noxious Fumes+1","Envenom+1","hubris:SlightOfHand+1","ReplayTheSpireMod:Speed Training","ReplayTheSpireMod:Scrap Shanks+1","Accuracy+1"],"relics":["ChewingGum","hubris:FunFungus","Pear","Juzu Bracelet","hubris:RunicObelisk","qcfpunch:Army_Boots","infinitespire:FocusingShard","qcfpunch:White_Boots","Coffee Dripper","Replay:Drink Me","hubris:Icosahedron","trackpad:BottledShadow","Toxic Egg 2"],"acts_visited":["Exordium","TheCity","TheBeyond"],"potions_floor_usage":[22,33],"damage_taken":[{"damage":4.0,"enemies":"conspire:RoseBush","floor":1.0,"turns":3.0},{"damage":0.0,"enemies":"Jaw Worm","floor":4.0,"turns":3.0},{"damage":0.0,"enemies":"2 Louse","floor":7.0,"turns":3.0},{"damage":0.0,"enemies":"2 Fungi Beasts","floor":10.0,"turns":3.0},{"damage":4.0,"enemies":"Gremlin Nob","floor":14.0,"turns":5.0},{"damage":49.0,"enemies":"The Guardian","floor":16.0,"turns":13.0},{"damage":9,"enemies":"Shell Parasite","floor":18,"turns":5},{"damage":2,"enemies":"Chosen","floor":20,"turns":5},{"damage":0,"enemies":"3 Cultists","floor":21,"turns":4},{"damage":4,"enemies":"Cultist and Chosen","floor":22,"turns":5},{"damage":23,"enemies":"Nightmare","floor":24,"turns":7},{"damage":11,"enemies":"conspire:HollyBat","floor":27,"turns":6},{"damage":0,"enemies":"Snake Plant","floor":29,"turns":3},{"damage":2,"enemies":"Shelled Parasite and Fungi","floor":31,"turns":3},{"damage":10,"enemies":"Champ","floor":33,"turns":7},{"damage":3,"enemies":"3 Darklings","floor":35,"turns":4},{"damage":1,"enemies":"Orb Walker","floor":38,"turns":3},{"damage":12,"enemies":"Nemesis","floor":40,"turns":7},{"damage":0,"enemies":"Maw","floor":41,"turns":4},{"damage":0,"enemies":"Transient","floor":42,"turns":5},{"damage":0,"enemies":"Sphere and 2 Shapes","floor":45,"turns":3},{"damage":0,"enemies":"Maw","floor":47,"turns":5},{"damage":0,"enemies":"Transient","floor":48,"turns":5},{"damage":0,"enemies":"infinitespire:MassOfShapes","floor":50,"turns":1}],"seed_played":"-7222622854741601709","potions_obtained":[{"floor":1.0,"key":"LifebloodPotion"},{"floor":7.0,"key":"conspire:TimeTravelPotion"},{"floor":16.0,"key":"Block Potion"},{"floor":20,"key":"Regen Potion"},{"floor":22,"key":"Dexterity Potion"},{"floor":24,"key":"infinitespire:BlackPotion"},{"floor":40,"key":"GamblersBrew"},{"floor":42,"key":"Strength Potion"}],"is_trial":false,"path_per_floor":["M","?","?","M","?","R","M","R","T","M","$","R","?","E","R","B",null,"M","$","M","M","M","R","NM","?","T","M","AVR","M","R","M","R","B",null,"M","?","?","M","$","E","M","M","T","$","M","?","M","M","R","B",null],"character_chosen":"THE_SILENT","items_purchased":["Caltrops","ReplayTheSpireMod:Speed Training"],"campfire_rested":0,"item_purchase_floors":[11,39],"current_hp_per_floor":[66,66,66,66,59,59,59,59,69,69,69,69,69,67,67,20,80,72,72,75,75,76,76,53,53,53,43,43,45,45,43,43,39,60,57,57,57,56,56,49,51,55,55,55,55,55,56,57,57,57],"gold":185,"neow_bonus":"BOSS_RELIC","is_daily":false,"chose_seed":false,"campfire_upgraded":8,"win_rate":0.0,"timestamp":1612630990,"path_taken":["M","?","?","M","?","R","M","R","T","M","$","R","?","E","R","BOSS","M","$","M","M","M","R","NM","?","T","M","AVR","M","R","M","R","BOSS","M","?","?","M","$","E","M","M","T","$","M","?","M","M","R","BOSS"],"items_purchased_type":["Card","Card"],"build_version":"2020-12-22","purchased_purges":4,"victory":true,"max_hp_per_floor":[70,70,70,70,70,70,70,70,80,80,80,80,80,80,80,80,80,80,80,80,80,80,80,80,80,80,80,80,80,80,80,80,80,60,60,60,60,60,60,60,60,60,60,60,60,60,60,60,60,60],"card_choices":[{"not_picked":["Reflex","Poisoned Stab"],"picked":"Underhanded Strike","floor":1.0},{"not_picked":["ReplayTheSpireMod:Exploit Weakness","Flechettes"],"picked":"Backflip","floor":4.0},{"not_picked":["Eviscerate","Prepared"],"picked":"Crippling Poison","floor":7.0},{"not_picked":["Prepared","Bane"],"picked":"Sneak Up","floor":10.0},{"not_picked":["Terror","Dagger Spray"],"picked":"Dash","floor":14.0},{"not_picked":["Envenom","Malaise"],"picked":"Replay:Bag of Tricks","floor":16.0},{"not_picked":["Outmaneuver","Hidden Blade+1"],"picked":"Quick Slash","floor":18},{"not_picked":["Dagger Throw","Dagger Spray"],"picked":"Acrobatics","floor":20},{"not_picked":["Slice","Deadly Poison"],"picked":"Catalyst","floor":21},{"not_picked":["Quick Slash","Poisoned Stab"],"picked":"PiercingWail","floor":22},{"not_picked":["Quick Slash","Bane+1"],"picked":"Deadly Poison+1","floor":24},{"not_picked":["Dagger Throw","Poisoned Stab+1"],"picked":"Noxious Fumes+1","floor":27},{"not_picked":["ReplayTheSpireMod:Tripwire","Concentrate","Deadly Poison"],"picked":"SKIP","floor":29},{"not_picked":["Terror","Acrobatics","Outmaneuver"],"picked":"SKIP","floor":31},{"not_picked":["Storm of Steel","Doppelganger"],"picked":"Envenom","floor":33},{"not_picked":["Distraction+1","Infinite Blades+1"],"picked":"hubris:SlightOfHand+1","floor":35},{"not_picked":["Finisher","Poisoned Stab","Well Laid Plans+1"],"picked":"SKIP","floor":38},{"not_picked":["Underhanded Strike","hubris:Counter","Deflect"],"picked":"SKIP","floor":40},{"not_picked":["Cloak And Dagger","Deflect+1"],"picked":"ReplayTheSpireMod:Scrap Shanks+1","floor":41},{"not_picked":["Dagger Throw+1","Quick Slash+1","Sucker Punch"],"picked":"SKIP","floor":42},{"not_picked":["Underhanded Strike+1","Blade Dance+1","Flying Knee+1"],"picked":"SKIP","floor":45},{"not_picked":["Acrobatics+1","Bullet Time+1","Dash+1"],"picked":"SKIP","floor":47},{"not_picked":["hubris:SlightOfHand+1","ReplayTheSpireMod:Scrap Shanks"],"picked":"Accuracy+1","floor":48}],"player_experience":441209,"relics_obtained":[{"floor":9.0,"key":"Pear"},{"floor":14.0,"key":"Juzu Bracelet"},{"floor":24,"key":"qcfpunch:Army_Boots"},{"floor":26,"key":"infinitespire:FocusingShard"},{"floor":40,"key":"trackpad:BottledShadow"},{"floor":43,"key":"Toxic Egg 2"}],"event_choices":[{"damage_healed":0.0,"max_hp_gain":0.0,"max_hp_loss":0.0,"gold_gain":0.0,"event_name":"Liars Game","player_choice":"Ignored","floor":2.0,"gold_loss":0.0,"damage_taken":0.0},{"damage_healed":0.0,"max_hp_gain":0.0,"max_hp_loss":0.0,"gold_gain":0.0,"event_name":"Scrap Ooze","player_choice":"Success","floor":5.0,"gold_loss":0.0,"damage_taken":7.0,"relics_obtained":["hubris:FunFungus"]},{"damage_healed":0.0,"max_hp_gain":0.0,"max_hp_loss":0.0,"gold_gain":0.0,"event_name":"conspire:Investor","player_choice":"Leave","floor":13.0,"gold_loss":0.0,"damage_taken":0.0},{"damage_healed":0,"gold_gain":0,"player_choice":"Bet on Owner","damage_taken":0,"max_hp_gain":0,"max_hp_loss":0,"event_name":"The Joust","floor":25,"gold_loss":50},{"damage_healed":0,"gold_gain":0,"player_choice":"Ignored","damage_taken":0,"max_hp_gain":0,"max_hp_loss":0,"event_name":"Tomb of Lord Red Mask","floor":37,"gold_loss":0},{"cards_removed":["Deadly Poison"],"damage_healed":0,"gold_gain":0,"player_choice":"Removed Skill","damage_taken":0,"max_hp_gain":0,"max_hp_loss":0,"event_name":"Falling","floor":46,"gold_loss":0}],"is_beta":false,"boss_relics":[{"not_picked":["bronze:MakeshiftBattery","Runic Dome"],"picked":"hubris:RunicObelisk"},{"not_picked":["conspire:SpecialSausage","conspire:RoyalGoblet"],"picked":"Replay:Drink Me"}],"items_purged_floors":[11,19,28,39],"is_endless":false,"potions_floor_spawned":[1,7,16,20,22,24,27,31,40,42,47],"ascension_level":0}}