{"host":"f5gffvlv6a66yqkd","time":1612632748,"event":{"mods":["2.2 Compatiblity","BaseMod","Colored Map","Custom Start","DeckTracker","Keyboard Shortcuts","Minty Spire (QoL Compilation)","Permanent Neow","Quick Restart","Relic Stats","StSLib","SuperFastMode"],"gold_per_floor":[116,130,130,143,143,143,161,161,214,214,230,15,37,53,53,125,125,151,163,175,221,249,261,273,298,336,348,360,383,395,395],"floor_reached":30,"language":"KOR","playtime":692,"items_purged":[],"score":440,"play_id":"19d310ec-954e-40a2-bba7-447b1a1df80b","local_time":"20210207023228","is_ascension_mode":true,"campfire_choices":[{"data":"Zap","floor":6.0,"key":"SMITH"},{"data":"Dualcast","floor":8.0,"key":"SMITH"},{"data":"Blizzard","floor":15,"key":"SMITH"},{"floor":24,"key":"REST"},{"floor":28,"key":"REST"}],"circlet_count":0,"master_deck":["AscendersBane","Strike_B","Defend_B","Defend_B","Defend_B","Zap+1","Dualcast+1","Glacier","Defragment+1","Compile Driver+1","Gash","Sunder","Conserve Battery","Coolheaded","Blizzard+1","Seek","CurseOfTheBell","Cold Snap","Double Energy","Amplify","Skim","Turbo+1","Gash"],"relics":["Cracked Core","Centennial Puzzle","Potion Belt","Odd Mushroom","Calling Bell","MawBank","Blue Candle","WingedGreaves","Red Mask","Vajra"],"acts_visited":["Exordium","TheCity"],"potions_floor_usage":[16,18,21,29],"damage_taken":[{"damage":2.0,"enemies":"Jaw Worm","floor":1.0,"turns":4.0},{"damage":8.0,"enemies":"Small Slimes","floor":2.0,"turns":4.0},{"damage":3.0,"enemies":"2 Louse","floor":4.0,"turns":3.0},{"damage":0.0,"enemies":"Large Slime","floor":7.0,"turns":4.0},{"damage":0.0,"enemies":"Exordium Thugs","floor":11.0,"turns":3.0},{"damage":6.0,"enemies":"The Mushroom Lair","floor":13.0,"turns":3.0},{"damage":1,"enemies":"3 Louse","floor":14,"turns":3},{"damage":4,"enemies":"Hexaghost","floor":16,"turns":12},{"damage":14,"enemies":"3 Byrds","floor":18,"turns":3},{"damage":35,"enemies":"Masked Bandits","floor":21,"turns":6},{"damage":0,"enemies":"Spheric Guardian","floor":22,"turns":6},{"damage":28,"enemies":"Snake Plant","floor":25,"turns":7},{"damage":31,"enemies":"Cultist and Chosen","floor":29,"turns":14},{"damage":0,"enemies":"Centurion and Healer","floor":30,"turns":1}],"seed_played":"-8683171879972956986","potions_obtained":[{"floor":1.0,"key":"PowerPotion"},{"floor":7.0,"key":"Regen Potion"},{"floor":16,"key":"Weak Potion"},{"floor":21,"key":"Strength Potion"},{"floor":25,"key":"ColorlessPotion"}],"is_trial":false,"path_per_floor":["M","M","?","M","?","R","M","R","T","?","M","$","?","M","R","B",null,"M","?","T","?","M","?","R","M","T","?","R","M","M"],"character_chosen":"DEFECT","items_purchased":["Potion Belt","Conserve Battery"],"campfire_rested":2,"item_purchase_floors":[12,12],"current_hp_per_floor":[62,54,33,30,35,35,35,35,35,35,35,35,29,28,28,39,67,53,53,53,18,18,18,40,12,12,12,34,3,3,3],"gold":395,"neow_bonus":"TRANSFORM_CARD","is_daily":false,"chose_seed":false,"campfire_upgraded":3,"win_rate":0.0,"timestamp":1612632748,"path_taken":["M","M","?","M","?","R","M","R","T","?","M","$","?","M","R","BOSS","M","?","?","?","M","?","R","M","T","?","R","M","?"],"items_purchased_type":["Relic","Card"],"build_version":"2020-12-22","purchased_purges":0,"victory":false,"max_hp_per_floor":[71,71,71,71,76,76,76,76,76,76,76,76,76,76,76,76,76,76,76,76,76,76,76,76,76,76,76,76,76,76,76],"relic_stats":{"Centennial Puzzle":[21],"counters":[14,73],"Blue Candle":[0],"MawBank":156,"obtain_stats":[{"Potion Belt":12,"Calling Bell":17,"Centennial Puzzle":9,"Blue Candle":17,"Vajra":26,"WingedGreaves":17,"Red Mask":21,"Odd Mushroom":13,"Cracked Core":0,"MawBank":17},{"Potion Belt":5,"Calling Bell":8,"Centennial Puzzle":4,"Blue Candle":8,"Vajra":12,"WingedGreaves":8,"Red Mask":10,"Odd Mushroom":6,"Cracked Core":0,"MawBank":8},{"Potion Belt":18,"Calling Bell":36,"Centennial Puzzle":15,"Blue Candle":36,"Vajra":58,"WingedGreaves":36,"Red Mask":45,"Odd Mushroom":21,"Cracked Core":0,"MawBank":36}]},"card_choices":[{"not_picked":["Stack","Coolheaded"],"picked":"Defragment","floor":1.0},{"not_picked":["Beam Cell","Stack"],"picked":"Compile Driver","floor":2.0},{"not_picked":["Melter","Reinforced Body","Sweeping Beam"],"picked":"SKIP","floor":4.0},{"not_picked":["Coolheaded","Beam Cell"],"picked":"Gash","floor":7.0},{"not_picked":["Rebound","Compile Driver","Turbo"],"picked":"SKIP","floor":11.0},{"not_picked":["Turbo","Gash"],"picked":"Coolheaded","floor":13.0},{"not_picked":["Redo","Scrape"],"picked":"Blizzard","floor":14},{"not_picked":["Echo Form","Thunder Strike"],"picked":"Seek","floor":16},{"not_picked":["Go for the Eyes","Genetic Algorithm"],"picked":"Cold Snap","floor":18},{"not_picked":["Scrape","Barrage"],"picked":"Skim","floor":21},{"not_picked":["Sunder","Barrage","Coolheaded"],"picked":"SKIP","floor":22},{"not_picked":["Streamline+1","Hologram"],"picked":"Turbo+1","floor":25},{"not_picked":["Sweeping Beam","Skim"],"picked":"Gash","floor":29}],"player_experience":1686219,"relics_obtained":[{"floor":9.0,"key":"Centennial Puzzle"},{"floor":13.0,"key":"Odd Mushroom"},{"floor":17,"key":"MawBank"},{"floor":17,"key":"Blue Candle"},{"floor":17,"key":"WingedGreaves"},{"floor":21,"key":"Red Mask"},{"floor":26,"key":"Vajra"}],"event_choices":[{"damage_healed":0.0,"max_hp_gain":0.0,"max_hp_loss":0.0,"gold_gain":0.0,"event_name":"Shining Light","player_choice":"Entered Light","floor":3.0,"gold_loss":0.0,"damage_taken":21.0,"cards_upgraded":["Compile Driver","Defragment"]},{"damage_healed":0.0,"max_hp_gain":5.0,"max_hp_loss":0.0,"gold_gain":0.0,"event_name":"Big Fish","player_choice":"Donut","floor":5.0,"gold_loss":0.0,"damage_taken":0.0},{"damage_healed":0.0,"max_hp_gain":0.0,"max_hp_loss":0.0,"gold_gain":0.0,"cards_transformed":["Defend_B"],"event_name":"Living Wall","player_choice":"Change","floor":10.0,"gold_loss":0.0,"damage_taken":0.0,"cards_obtained":["Sunder"]},{"damage_healed":0.0,"max_hp_gain":0.0,"max_hp_loss":0.0,"gold_gain":0.0,"event_name":"Mushrooms","player_choice":"Fought Mushrooms","floor":13.0,"gold_loss":0.0,"damage_taken":0.0},{"damage_healed":0,"gold_gain":0,"cards_transformed":["Strike_B","Strike_B"],"player_choice":"Became Test Subject","damage_taken":0,"max_hp_gain":0,"max_hp_loss":0,"event_name":"Drug Dealer","floor":19,"gold_loss":0,"cards_obtained":["Double Energy","Amplify"]},{"damage_healed":0,"gold_gain":0,"player_choice":"Fought Bandits","damage_taken":0,"max_hp_gain":0,"max_hp_loss":0,"event_name":"Masked Bandits","floor":21,"gold_loss":0},{"damage_healed":0,"gold_gain":0,"player_choice":"Ignored","damage_taken":0,"max_hp_gain":0,"max_hp_loss":0,"event_name":"The Mausoleum","floor":23,"gold_loss":0},{"damage_healed":0,"gold_gain":0,"player_choice":"Ignored","damage_taken":0,"max_hp_gain":0,"max_hp_loss":0,"event_name":"Ghosts","floor":27,"gold_loss":0}],"is_beta":false,"boss_relics":[{"not_picked":["Velvet Choker","Cursed Key"],"picked":"Calling Bell"}],"items_purged_floors":[],"is_endless":false,"potions_floor_spawned":[1,7,16,21,25],"killed_by":"Centurion and Healer","ascension_level":20}}