{"host":"skr63qsdfgeey3it","time":1612596552,"event":{"mods":["BaseMod","Colored Map","Hubris","Minty Spire (QoL Compilation)","Monster B Gone","Reliquary","Replay The Spire","Spicy Shops","StSLib"],"gold_per_floor":[367,367,25,41,58,58,93,93,93,118,118,145,160,14,14,88,88,106,121,121,121,220,220,253,99,176,196,225,65,65,85,85,160,210,222,10,10,30,45,80,100,100,150,150,7,7,31,52,52,52,52],"floor_reached":50,"language":"ENG","playtime":2526,"items_purged":[],"score":998,"play_id":"f1820bef-1313-4bce-9698-e05fae84d382","local_time":"20210206012912","is_ascension_mode":true,"campfire_choices":[{"data":"Bash","floor":6,"key":"SMITH"},{"floor":8,"key":"REST"},{"floor":11,"key":"REST"},{"floor":15,"key":"REST"},{"data":"Armaments","floor":23,"key":"SMITH"},{"floor":44,"key":"REST"},{"data":"Demon Form","floor":46,"key":"SMITH"},{"data":"Entrench","floor":49,"key":"SMITH"}],"circlet_count":0,"master_deck":["AscendersBane","Strike_R","Strike_R","Strike_R","Strike_R","Strike_R","Defend_R","Defend_R","Defend_R","Defend_R","Bash+1","Pommel Strike","Headbutt","Headbutt","Wild Strike","Impervious","Power Through","Shrug It Off+1","True Grit+1","Clothesline","ReplayTheSpireMod:Stacked+1","Feed+1","Barricade+1","Inflame+1","Armaments+1","Burning Pact","Fire Breathing","Demon Form+1","hubris:ReadiedAction","Sword Boomerang","Reaper+1","Immolate+1","Body Slam","Combust","hubris:ReadiedAction","Power Through+1","Exhume","Body Slam+1","ReplayReversal","Limit Break+1","Dual Wield","hubris:StunningStrike","Entrench+1","Body Slam"],"relics":["Burning Blood","Prayer Wheel","reliquary:PrincelyHelmet","Unceasing Top","reliquary:BrokenClock","Replay:Grab Bag","hubris:CrackedHourglass","reliquary:RedPaperclip","Ring of Chaos","Enchiridion","Blue Candle","Orrery","Question Card","Singing Bowl","MutagenicStrength","Tiny House","hubris:EmptyBottle","Replay:Baseball","CeramicFish","Strange Spoon"],"acts_visited":["Exordium","TheCity","TheBeyond"],"potions_floor_usage":[7,12,16,28,33,33,35,35,41,41,47,47,48],"damage_taken":[{"damage":2,"enemies":"2 Louse","floor":1,"turns":3},{"damage":7,"enemies":"Jaw Worm","floor":4,"turns":3},{"damage":7,"enemies":"Small Slimes","floor":5,"turns":3},{"damage":44,"enemies":"3 Sentries","floor":7,"turns":9},{"damage":18,"enemies":"Gremlin Nob","floor":10,"turns":4},{"damage":25,"enemies":"3 Sentries","floor":12,"turns":6},{"damage":8,"enemies":"Exordium Wildlife","floor":13,"turns":5},{"damage":34,"enemies":"The Guardian","floor":16,"turns":13},{"damage":0,"enemies":"Chosen","floor":18,"turns":7},{"damage":5,"enemies":"Shell Parasite","floor":19,"turns":6},{"damage":3,"enemies":"Replay:Snechameleon","floor":24,"turns":8},{"damage":0,"enemies":"Sentry and Sphere","floor":27,"turns":7},{"damage":35,"enemies":"Slavers","floor":28,"turns":4},{"damage":7,"enemies":"Shelled Parasite and Fungi","floor":31,"turns":4},{"damage":44,"enemies":"Automaton","floor":33,"turns":12},{"damage":0,"enemies":"3 Darklings","floor":35,"turns":4},{"damage":4,"enemies":"3 Shapes","floor":38,"turns":5},{"damage":42,"enemies":"Jaw Worm Horde","floor":39,"turns":3},{"damage":49,"enemies":"Nemesis","floor":40,"turns":9},{"damage":36,"enemies":"Sphere and 2 Shapes","floor":41,"turns":6},{"damage":7,"enemies":"Spire Growth","floor":47,"turns":5},{"damage":40,"enemies":"Maw","floor":48,"turns":8},{"damage":127,"enemies":"Awakened One","floor":50,"turns":8}],"seed_played":"6555055759203351876","potions_obtained":[{"floor":4,"key":"Dexterity Potion"},{"floor":10,"key":"Explosive Potion"},{"floor":13,"key":"Swift Potion"},{"floor":27,"key":"Adrenaline Potion"},{"floor":28,"key":"SteroidPotion"},{"floor":31,"key":"ColorlessPotion"},{"floor":33,"key":"PowerPotion"},{"floor":34,"key":"Toxic Potion"},{"floor":39,"key":"Ancient Potion"},{"floor":40,"key":"Milkshake"},{"floor":47,"key":"AttackPotion"}],"is_trial":false,"path_per_floor":["M","?","$","M","M","R","E","R","T","E","R","E","M","$","R","B",null,"M","M","?","?","?","R","E","$","T","M","E","$","?","M","R_BF","B",null,"M","$","?","M","M","E","M","?","T","R","$","R","M","M","R","B"],"character_chosen":"IRONCLAD","items_purchased":["Prayer Wheel","Headbutt","reliquary:BrokenClock","Orrery","Combust","hubris:ReadiedAction","Limit Break","hubris:EmptyBottle","Strange Spoon"],"campfire_rested":4,"item_purchase_floors":[3,3,14,25,29,29,36,36,45],"current_hp_per_floor":[68,68,68,67,66,66,28,48,48,36,56,37,35,35,55,27,58,68,73,73,57,57,57,64,64,64,74,49,49,49,54,81,43,83,91,91,91,99,67,57,56,56,56,91,91,91,96,119,119,0,0],"gold":52,"neow_bonus":"TWO_FIFTY_GOLD","is_daily":false,"chose_seed":false,"campfire_upgraded":4,"win_rate":0.0,"timestamp":1612596552,"path_taken":["M","?","$","M","M","R","E","R","T","E","R","E","M","$","R","BOSS","M","M","?","?","?","R","E","$","T","M","E","$","?","M","R_BF","BOSS","M","$","?","?","M","E","M","?","T","R","$","R","M","?","R","BOSS"],"items_purchased_type":["Relic","Card","Relic","Relic","Card","Card","Card","Relic","Relic"],"build_version":"2020-12-22","purchased_purges":0,"victory":false,"max_hp_per_floor":[68,68,68,68,68,68,68,68,68,68,68,68,68,68,68,68,68,72,76,76,76,76,76,80,80,80,80,84,84,84,90,90,90,95,97,97,97,103,107,109,117,117,117,117,117,117,123,125,125,129,129],"card_choices":[{"not_picked":["Sword Boomerang","True Grit"],"picked":"Pommel Strike","floor":1},{"not_picked":["Body Slam","ReplayTheSpireMod:Strike From Hell"],"picked":"Wild Strike","floor":4},{"not_picked":["Heavy Blade","Twin Strike","Body Slam"],"picked":"SKIP","floor":4},{"not_picked":["Body Slam","Disarm"],"picked":"Impervious","floor":5},{"not_picked":["Pummel","Sever Soul"],"picked":"Power Through","floor":5},{"not_picked":["Clash","Ghostly Armor+1"],"picked":"Shrug It Off+1","floor":7},{"not_picked":["Twin Strike","ReplayTheSpireMod:Strike From Hell"],"picked":"True Grit+1","floor":10},{"not_picked":["Replay:Undeath\u0027s Touch","Whirlwind"],"picked":"Clothesline","floor":12},{"not_picked":["Defy Death+1","Sentinel+1"],"picked":"ReplayTheSpireMod:Stacked+1","floor":13},{"not_picked":["Warcry+1","Clash"],"picked":"Feed","floor":13},{"not_picked":["Limit Break+1","Exhume+1"],"picked":"Barricade","floor":16},{"not_picked":["Warcry","Twin Strike"],"picked":"Inflame+1","floor":18},{"not_picked":["Cleave","Wild Strike","Iron Wave+1"],"picked":"SKIP","floor":18},{"not_picked":["Flame Barrier","Massacre"],"picked":"Armaments","floor":19},{"not_picked":["Clothesline","Blood for Blood"],"picked":"Burning Pact","floor":19},{"not_picked":["Flex+1","True Grit"],"picked":"Demon Form","floor":24},{"not_picked":["Havoc","Rupture+1"],"picked":"hubris:ReadiedAction","floor":25},{"not_picked":["Intimidate+1","Body Slam"],"picked":"Sword Boomerang","floor":25},{"not_picked":["Uppercut+1","Bloodletting"],"picked":"Reaper","floor":25},{"not_picked":["Sword Boomerang","Iron Wave","Cleave"],"picked":"Immolate","floor":27},{"not_picked":["Clash","Dropkick","Blood for Blood","Replay:Undeath\u0027s Touch+1"],"picked":"SKIP","floor":27},{"not_picked":["Reckless Charge","Shrug It Off","hubris:ReadiedAction"],"picked":"Body Slam","floor":28},{"not_picked":["Body Slam","Pommel Strike","Warcry","Combust"],"picked":"Singing Bowl","floor":31},{"not_picked":["Body Slam","Perfected Strike","Iron Wave"],"picked":"Power Through+1","floor":31},{"not_picked":["Demonic Infusion","Brutality","Corruption"],"picked":"Exhume","floor":33},{"not_picked":["Anger+1","Wild Strike","Run Through"],"picked":"Body Slam+1","floor":34},{"not_picked":["ReplayTheSpireMod:LeadingStrike+1","Cleave","Anger+1"],"picked":"ReplayReversal","floor":35},{"not_picked":["Power Through","Thunderclap","Uppercut","ReplayTheSpireMod:Limb From Limb+1"],"picked":"Singing Bowl","floor":35},{"not_picked":["Thunderclap","ReplayTheSpireMod:Corrosion Curse","Inflame+1"],"picked":"Dual Wield","floor":38},{"not_picked":["Cleave","Disarm","ReplayTheSpireMod:Limb From Limb","Sever Soul"],"picked":"Singing Bowl","floor":38},{"not_picked":["Eclipse","Sever Soul+1","Twin Strike","Run Through+1"],"picked":"Singing Bowl","floor":39},{"not_picked":["Havoc","Thunderclap+1","Shrug It Off","Spot Weakness+1"],"picked":"Singing Bowl","floor":39},{"not_picked":["Warcry","Infernal Blade","Replay:Undeath\u0027s Touch","Burning Pact"],"picked":"Singing Bowl","floor":40},{"not_picked":["Twin Strike","hubris:ReadiedAction","Uppercut+1","Pommel Strike+1"],"picked":"Singing Bowl","floor":41},{"not_picked":["Pommel Strike+1","Headbutt","Defy Death+1","Havoc"],"picked":"Singing Bowl","floor":41},{"not_picked":["Run Through+1","ReplayTheSpireMod:Muscle Training+1","Shrug It Off","Thunderclap"],"picked":"Singing Bowl","floor":47},{"not_picked":["Iron Wave","Havoc","Flame Barrier"],"picked":"Entrench","floor":47},{"not_picked":["Hemogenesis","Clothesline","Perfected Strike","Sever Soul+1"],"picked":"Singing Bowl","floor":48},{"not_picked":["Clothesline","Defy Death","ReplayReversal"],"picked":"Body Slam","floor":48}],"player_experience":889487,"relics_obtained":[{"floor":7,"key":"Toxic Egg 2"},{"floor":9,"key":"reliquary:PrincelyHelmet"},{"floor":10,"key":"Golden Egg"},{"floor":12,"key":"Unceasing Top"},{"floor":21,"key":"Enchiridion"},{"floor":24,"key":"Blue Candle"},{"floor":26,"key":"Question Card"},{"floor":28,"key":"Singing Bowl"},{"floor":40,"key":"Replay:Baseball"},{"floor":43,"key":"CeramicFish"}],"event_choices":[{"damage_healed":0,"gold_gain":0,"player_choice":"Leave","damage_taken":0,"max_hp_gain":0,"max_hp_loss":0,"event_name":"The Cleric","floor":2,"gold_loss":0},{"damage_healed":0,"gold_gain":0,"player_choice":"Obtained Book","damage_taken":16,"max_hp_gain":0,"max_hp_loss":0,"event_name":"Cursed Tome","floor":21,"gold_loss":0},{"damage_healed":0,"gold_gain":99,"player_choice":"Stole From Cult","damage_taken":0,"max_hp_gain":0,"max_hp_loss":0,"event_name":"Nest","floor":22,"gold_loss":0},{"damage_healed":0,"gold_gain":0,"player_choice":"Inject Mutagens","damage_taken":0,"relics_obtained":["MutagenicStrength"],"max_hp_gain":0,"max_hp_loss":0,"event_name":"Drug Dealer","floor":30,"gold_loss":0},{"damage_healed":0,"gold_gain":0,"player_choice":"Forge","damage_taken":0,"max_hp_gain":0,"max_hp_loss":0,"event_name":"Accursed Blacksmith","floor":37,"gold_loss":0,"cards_upgraded":["Limit Break"]},{"damage_healed":0,"gold_gain":0,"player_choice":"1 cards matched","damage_taken":0,"max_hp_gain":0,"max_hp_loss":0,"event_name":"Match and Keep!","floor":42,"gold_loss":0,"cards_obtained":["hubris:StunningStrike"]}],"is_beta":false,"boss_relics":[{"not_picked":["Runic Pyramid","reliquary:Ember"],"picked":"Replay:Grab Bag"},{"not_picked":["reliquary:RedCape","Coffee Dripper"],"picked":"hubris:CrackedHourglass"},{"not_picked":["Painkiller Herb","reliquary:Craggleroot"],"picked":"reliquary:RedPaperclip"},{"not_picked":["Snecko Eye","hubris:HollowSoul"],"picked":"Ring of Chaos"},{"not_picked":["hubris:GrandSneckoEye","hubris:BlackHole"],"picked":"Tiny House"}],"items_purged_floors":[],"is_endless":false,"potions_floor_spawned":[4,10,13,27,28,31,33,39,40,41,47],"killed_by":"Awakened One","ascension_level":14}}