{"host":"usru02jcpe2a942d","time":1612573471,"event":{"mods":["ATMod(°¢èªMod)","Act Like it!","BaseMod","Better Note","Better Vampires","Challenge The Spire","Colored Powertips","Friendly Minions","GifTheSpireLib","Highlight Path","Hubris","Infinite Spire","Jedi Mod","Minty Spire (QoL Compilation)","MostiFishMod","Pale of the Ancients","Quick Restart","Relic Stats","RumiaBox-Â¶Ã×æ«µÄÉñÃØºÐ×Ó","StSLib","The Dragon Tamer","noobMod","¡¾ÒÅÎï¿¨ÅÆ¡¿REMEMod","óô»ðÖ¸ÄÏ"],"gold_per_floor":[116,16,91,91,110,110,141,155,182,182,196,196,221,17,17,121,121,136,148,148,160,172,172,172],"floor_reached":22,"language":"ZHS","playtime":798,"items_purged":["DTMod:Strike","DTMod:Strike","DTMod:Strike"],"score":317,"play_id":"b6ac757b-09ab-48ac-9f77-5daf67841b86","local_time":"20210206090431","is_ascension_mode":false,"metric_token":1559,"campfire_choices":[{"data":"Distraction","floor":6.0,"key":"SMITH"},{"data":"AT_FamilyPortrait","floor":12.0,"key":"SMITH"},{"data":"DTMod:EchoTactic","floor":15.0,"key":"SMITH"}],"dtmod_dragon_data":[47,50,2,-1,4,0],"circlet_count":0,"master_deck":["DTMod:Strike","DTMod:DoubleHit","DTMod:TargetDefense+1","DTMod:TargetDefense","DTMod:TargetDefense","DTMod:SwitchingTactic+1","Distraction+1","AT_FamilyPortrait+1","DTMod:Weaken","DTMod:FlameSlash","DTMod:EchoTactic+1","DTMod:HeadStart","DTMod:QuickFly","DTMod:CrossStep+1"],"relics":["DTMod:PactStone","DaveBox","ice","REME_ComplimentaryCards","AT_ATBox","Civilization","REME_PuzzleBoxRelic","SynthV:TestCard","jedi:matchstick","AT_ChloranthyRing","infinitespire:ShieldingShard","Membership Card","Black Star","GodSword5","REME_LowDesire","MawBank","AT_SpeedBoots"],"acts_visited":["Exordium","TheCity"],"potions_floor_usage":[],"damage_taken":[{"damage":0.0,"enemies":"Jaw Worm","floor":1.0,"turns":2.0},{"damage":0.0,"enemies":"Small Slimes","floor":5.0,"turns":4.0},{"damage":19.0,"enemies":"Lagavulin","floor":7.0,"turns":9.0},{"damage":0.0,"enemies":"2 Louse","floor":8.0,"turns":1.0},{"damage":0.0,"enemies":"Exordium Thugs","floor":11.0,"turns":2.0},{"damage":0.0,"enemies":"Gremlin Nob","floor":13.0,"turns":4.0},{"damage":0.0,"enemies":"The Guardian","floor":16.0,"turns":5.0},{"damage":0.0,"enemies":"2 Thieves","floor":18.0,"turns":3.0},{"damage":0.0,"enemies":"Chosen","floor":19.0,"turns":4.0},{"damage":0,"enemies":"Shelled Parasite and Fungi","floor":22,"turns":1}],"seed_played":"-4206594765881552149","potions_obtained":[{"floor":8.0,"key":"PowerPotion"},{"floor":18.0,"key":"DuplicationPotion"},{"floor":19.0,"key":"Block Potion"}],"is_trial":false,"path_per_floor":["M","$","?","?","M","R","E","M","T","?","M","R","E","$","R","B",null,"M","M","AVR","?","M"],"character_chosen":"THE_DT","items_purchased":["DTMod:Weaken","Membership Card"],"campfire_rested":0,"item_purchase_floors":[2,14],"current_hp_per_floor":[46,46,35,26,29,29,14,19,19,12,17,17,22,22,22,28,73,78,83,83,75,75,75,75],"gold":172,"neow_bonus":"RANDOM_COMMON_RELIC","is_daily":false,"chose_seed":false,"campfire_upgraded":3,"win_rate":0.0,"timestamp":1612573471,"path_taken":["M","$","?","?","M","R","E","M","T","?","M","R","E","?","R","BOSS","M","M","AVR","?","M"],"items_purchased_type":["Card","Relic"],"build_version":"2020-12-22","purchased_purges":3,"victory":false,"max_hp_per_floor":[46,46,46,46,49,49,53,58,58,58,63,63,68,68,68,73,73,78,83,83,83,83,83,83],"relic_stats":{"counters":[10,34],"Black Star":0,"MawBank":24,"obtain_stats":[{"AT_ChloranthyRing":9,"AT_ATBox":0,"DaveBox":0,"ice":0,"MawBank":20,"Civilization":0,"AT_SpeedBoots":20,"SynthV:TestCard":1,"infinitespire:ShieldingShard":13,"DTMod:PactStone":0,"jedi:matchstick":7,"Black Star":17,"Membership Card":14,"GodSword5":20,"REME_PuzzleBoxRelic":0,"REME_LowDesire":20,"REME_ComplimentaryCards":0},{"AT_ChloranthyRing":4,"AT_ATBox":0,"DaveBox":0,"ice":0,"MawBank":9,"Civilization":0,"AT_SpeedBoots":9,"SynthV:TestCard":1,"infinitespire:ShieldingShard":6,"DTMod:PactStone":0,"jedi:matchstick":3,"Black Star":7,"Membership Card":6,"GodSword5":9,"REME_PuzzleBoxRelic":0,"REME_LowDesire":9,"REME_ComplimentaryCards":0},{"AT_ChloranthyRing":16,"AT_ATBox":0,"DaveBox":0,"ice":0,"MawBank":34,"Civilization":0,"AT_SpeedBoots":34,"SynthV:TestCard":2,"infinitespire:ShieldingShard":22,"DTMod:PactStone":0,"jedi:matchstick":15,"Black Star":27,"Membership Card":22,"GodSword5":34,"REME_PuzzleBoxRelic":0,"REME_LowDesire":34,"REME_ComplimentaryCards":0}]},"card_choices":[{"not_picked":["DTMod:RecklessFlurry","DTMod:BreakAttack","DTMod:Dissolve"],"picked":"SKIP","floor":1.0},{"not_picked":["DTMod:RecklessFlurry","DTMod:BreakAttack","DTMod:Dissolve"],"picked":"SKIP","floor":1.0},{"not_picked":["DTMod:RecklessFlurry","DTMod:Hide","DTMod:BizarreTactic","DTMod:MasterPlan","DTMod:DragonDance"],"picked":"SKIP","floor":5.0},{"not_picked":["DTMod:DeepFocus","DTMod:MaximumCharge","DTMod:Weaken","DTMod:Punisher","DTMod:BurningEnergy"],"picked":"SKIP","floor":7.0},{"not_picked":["DTMod:BurningForce","DTMod:BurningEnergy","DTMod:RecklessFlurry","DTMod:Hide","DTMod:BuildUp"],"picked":"SKIP","floor":8.0},{"not_picked":["DTMod:ShieldDrain","DTMod:Feint","DTMod:MagiciansMark","DTMod:LowKick"],"picked":"DTMod:FlameSlash","floor":11.0},{"not_picked":["DTMod:Hide","DTMod:FlameSlash","DTMod:MagicField","DTMod:TriAttack"],"picked":"DTMod:EchoTactic","floor":13.0},{"not_picked":["DTMod:ShadowImage","DTMod:Harmonize","DTMod:Outburst","DTMod:OpeningTactic"],"picked":"DTMod:HeadStart","floor":16.0},{"not_picked":["DTMod:DeepFocus+1","DTMod:ComboAttack","DTMod:FlameSlash","DTMod:ShieldDrain+1"],"picked":"DTMod:QuickFly","floor":18.0},{"not_picked":["DTMod:Conduct+1","DTMod:BreakAttack","DTMod:Cover","DTMod:DeepFocus"],"picked":"DTMod:CrossStep+1","floor":19.0}],"player_experience":241586,"relics_obtained":[{"floor":1.0,"key":"SynthV:TestCard"},{"floor":7.0,"key":"jedi:matchstick"},{"floor":9.0,"key":"AT_ChloranthyRing"},{"floor":13.0,"key":"infinitespire:ShieldingShard"},{"floor":20.0,"key":"MawBank"},{"floor":20.0,"key":"AT_SpeedBoots"}],"event_choices":[{"damage_healed":0.0,"max_hp_gain":0.0,"max_hp_loss":0.0,"gold_gain":75.0,"event_name":"World of Goop","player_choice":"Gather Gold","floor":3.0,"gold_loss":0.0,"damage_taken":11.0},{"damage_healed":0.0,"max_hp_gain":0.0,"max_hp_loss":0.0,"gold_gain":0.0,"event_name":"Shining Light","player_choice":"Entered Light","floor":4.0,"gold_loss":0.0,"damage_taken":9.0,"cards_upgraded":["DTMod:TargetDefense","DTMod:SwitchingTactic"]},{"cards_removed":["DTMod:TargetDefense"],"damage_healed":0.0,"max_hp_gain":0.0,"max_hp_loss":0.0,"gold_gain":0.0,"event_name":"Golden Wing","player_choice":"Card Removal","floor":10.0,"gold_loss":0.0,"damage_taken":7.0},{"damage_healed":0.0,"max_hp_gain":0.0,"max_hp_loss":0.0,"gold_gain":0.0,"event_name":"Wheel of Change","player_choice":"Damaged","floor":21.0,"gold_loss":0.0,"damage_taken":8.0}],"is_beta":false,"boss_relics":[{"not_picked":["Cursed Key","jedi:paperlyon"],"picked":"Black Star"}],"items_purged_floors":[2,14,20],"is_endless":false,"potions_floor_spawned":[8,18,19],"killed_by":"Shelled Parasite and Fungi","ascension_level":0}}