{"host":"zsf7u5n6ehqeseos","time":1612627723,"event":{"mods":["AchievementEnabler","BaseMod","Colored Map","Colored Powertips","Googly Eyes","Minty Spire (QoL Compilation)"],"gold_per_floor":[109,109,121,138,151,179,198,198,198,198,198,232,232,248,248,248,248],"floor_reached":16,"language":"ENG","playtime":878,"items_purged":[],"score":151,"play_id":"52b1c200-fe62-4b6f-81fd-c8e1e1760dac","local_time":"20210206170843","is_ascension_mode":true,"campfire_choices":[{"floor":8,"key":"REST"},{"floor":11,"key":"REST"},{"data":"Fission","floor":13,"key":"SMITH"},{"data":"Redo","floor":15,"key":"SMITH"}],"circlet_count":0,"master_deck":["Strike_B","Strike_B","Strike_B","Defend_B","Defend_B","Defend_B","Defend_B","Zap","Dualcast","Fission+1","BootSequence","Cold Snap","Streamline","Genetic Algorithm","Turbo","Redo+1","Parasite","Biased Cognition","Coolheaded"],"relics":["Cracked Core","Ancient Tea Set","MealTicket","Boot"],"acts_visited":["Exordium"],"potions_floor_usage":[12,16],"damage_taken":[{"damage":5,"enemies":"Small Slimes","floor":1,"turns":4},{"damage":1,"enemies":"Cultist","floor":3,"turns":3},{"damage":0,"enemies":"2 Louse","floor":4,"turns":2},{"damage":14,"enemies":"Lots of Slimes","floor":5,"turns":6},{"damage":33,"enemies":"Gremlin Nob","floor":6,"turns":4},{"damage":5,"enemies":"2 Fungi Beasts","floor":7,"turns":4},{"damage":9,"enemies":"3 Sentries","floor":12,"turns":8},{"damage":4,"enemies":"Looter","floor":14,"turns":3},{"damage":52,"enemies":"The Guardian","floor":16,"turns":10}],"seed_played":"536134580249238315","potions_obtained":[{"floor":1,"key":"BlessingOfTheForge"},{"floor":4,"key":"Swift Potion"},{"floor":7,"key":"Explosive Potion"},{"floor":12,"key":"Energy Potion"}],"is_trial":false,"path_per_floor":["M","?","M","M","M","E","M","R","T","?","R","E","R","M","R","B"],"character_chosen":"DEFECT","items_purchased":[],"campfire_rested":2,"item_purchase_floors":[],"current_hp_per_floor":[63,56,55,55,41,8,3,25,25,43,65,56,56,52,52,0,0],"gold":248,"neow_bonus":"ONE_RANDOM_RARE_CARD","is_daily":false,"chose_seed":false,"campfire_upgraded":2,"win_rate":0.0,"timestamp":1612627723,"path_taken":["M","?","M","M","M","E","M","R","T","?","R","E","R","M","R","BOSS"],"items_purchased_type":[],"build_version":"2020-12-22","purchased_purges":0,"victory":false,"max_hp_per_floor":[75,75,75,75,75,75,75,75,75,75,75,75,75,75,75,75,75],"card_choices":[{"not_picked":["Recycle","Blizzard"],"picked":"BootSequence","floor":1},{"not_picked":["Scrape","Redo"],"picked":"Cold Snap","floor":3},{"not_picked":["Gash","Compile Driver"],"picked":"Streamline","floor":4},{"not_picked":["Undo","Redo"],"picked":"Genetic Algorithm","floor":5},{"not_picked":["Go for the Eyes","Chaos"],"picked":"Turbo","floor":6},{"not_picked":["Streamline","Recycle"],"picked":"Redo","floor":7},{"not_picked":["Turbo","Streamline"],"picked":"Biased Cognition","floor":12},{"not_picked":["Genetic Algorithm","Beam Cell"],"picked":"Coolheaded","floor":14}],"player_experience":209712,"relics_obtained":[{"floor":6,"key":"Ancient Tea Set"},{"floor":9,"key":"MealTicket"},{"floor":12,"key":"Boot"}],"event_choices":[{"cards_removed":["Strike_B"],"damage_healed":0,"gold_gain":0,"player_choice":"Card Removal","damage_taken":7,"max_hp_gain":0,"max_hp_loss":0,"event_name":"Golden Wing","floor":2,"gold_loss":0},{"damage_healed":18,"gold_gain":0,"player_choice":"Healed and dodged fight","damage_taken":0,"max_hp_gain":0,"max_hp_loss":0,"event_name":"Mushrooms","floor":10,"gold_loss":0,"cards_obtained":["Parasite"]}],"is_beta":false,"boss_relics":[],"items_purged_floors":[],"is_endless":false,"potions_floor_spawned":[1,4,7,12],"killed_by":"The Guardian","ascension_level":7}}