{"host":"0t49mrxx90xkfqmj","time":1612590046,"event":{"mods":["AchievementEnabler","BaseMod","Colored Map","Colored Powertips","Minty Spire (QoL Compilation)","Relic Stats","Synergy Search"],"gold_per_floor":[163,163,183,40,53,79,96,125,198,198,208,227,227,262,262,382,382,398,343,363,142,163,163,199,199,199],"floor_reached":25,"language":"ENG","playtime":1979,"items_purged":["Strike_G"],"score":295,"play_id":"83c8f362-428b-4158-b395-2e0e1cdda2f1","local_time":"20210206074046","is_ascension_mode":true,"campfire_choices":[{"data":"Accuracy","floor":15,"key":"SMITH"},{"floor":23,"key":"REST"}],"circlet_count":0,"master_deck":["Strike_G+1","Strike_G","Strike_G","Defend_G","Defend_G","Defend_G","Defend_G","Defend_G","Survivor","Neutralize","Slice","Dagger Throw","Blade Dance","Dagger Throw","Prepared","Underhanded Strike","Acrobatics","Accuracy+1","Finisher","Injury","Prepared+1","Prepared","Cloak And Dagger","Blade Dance","Infinite Blades","Blade Dance"],"relics":["Tiny House","Strange Spoon","Du-Vu Doll","Calipers","Paper Crane","Golden Idol","Bag of Preparation","SacredBark","WingedGreaves","Centennial Puzzle"],"acts_visited":["Exordium","TheCity"],"potions_floor_usage":[6,7,8,8,8,22],"damage_taken":[{"damage":2,"enemies":"Jaw Worm","floor":1,"turns":4},{"damage":0,"enemies":"Cultist","floor":3,"turns":3},{"damage":2,"enemies":"Small Slimes","floor":5,"turns":2},{"damage":14,"enemies":"3 Sentries","floor":6,"turns":7},{"damage":13,"enemies":"Gremlin Gang","floor":7,"turns":4},{"damage":0,"enemies":"Gremlin Nob","floor":8,"turns":2},{"damage":0,"enemies":"2 Fungi Beasts","floor":11,"turns":2},{"damage":6,"enemies":"Looter","floor":12,"turns":2},{"damage":14,"enemies":"3 Sentries","floor":14,"turns":7},{"damage":10,"enemies":"Slime Boss","floor":16,"turns":6},{"damage":25,"enemies":"Shell Parasite","floor":18,"turns":4},{"damage":27,"enemies":"3 Byrds","floor":20,"turns":5},{"damage":18,"enemies":"3 Cultists","floor":22,"turns":5},{"damage":21,"enemies":"Book of Stabbing","floor":24,"turns":5},{"damage":2,"enemies":"Snecko","floor":25,"turns":3}],"seed_played":"-9189776000628903826","potions_obtained":[{"floor":0,"key":"Block Potion"},{"floor":1,"key":"EssenceOfSteel"},{"floor":2,"key":"BlessingOfTheForge"},{"floor":2,"key":"Block Potion"},{"floor":2,"key":"LiquidMemories"},{"floor":6,"key":"Strength Potion"},{"floor":7,"key":"FearPotion"},{"floor":20,"key":"EssenceOfSteel"}],"is_trial":false,"path_per_floor":["M","?","M","$","M","E","M","E","T","?","M","M","?","E","R","B",null,"M","?","M","$","M","R","E","M"],"character_chosen":"THE_SILENT","items_purchased":["Strange Spoon","Cloak And Dagger","Blade Dance","Infinite Blades"],"campfire_rested":1,"item_purchase_floors":[4,21,21,21],"current_hp_per_floor":[73,73,73,73,71,57,44,44,44,44,44,38,38,24,24,14,75,50,50,23,23,5,27,6,4,4],"gold":199,"neow_bonus":"BOSS_RELIC","is_daily":false,"chose_seed":false,"campfire_upgraded":1,"win_rate":0.0,"timestamp":1612590046,"path_taken":["M","?","M","$","M","E","?","E","T","?","M","?","?","E","R","BOSS","M","?","M","$","M","R","E","?"],"items_purchased_type":["Relic","Card","Card","Card"],"build_version":"2020-12-22","purchased_purges":1,"victory":false,"max_hp_per_floor":[75,75,75,75,75,75,75,75,75,75,75,75,75,75,75,75,75,75,75,75,75,75,75,75,75,75],"relic_stats":{"Strange Spoon":[38],"Centennial Puzzle":[3],"counters":[15,61],"Golden Idol":49,"Bag of Preparation":[12],"obtain_stats":[{"Du-Vu Doll":6,"Strange Spoon":4,"Centennial Puzzle":24,"Tiny House":0,"Calipers":8,"Golden Idol":13,"SacredBark":17,"WingedGreaves":19,"Bag of Preparation":14,"Paper Crane":9,"Ring of the Snake":0},{"Du-Vu Doll":4,"Strange Spoon":2,"Centennial Puzzle":14,"Tiny House":0,"Calipers":6,"Golden Idol":8,"SacredBark":10,"WingedGreaves":11,"Bag of Preparation":9,"Paper Crane":6,"Ring of the Snake":0},{"Du-Vu Doll":16,"Strange Spoon":7,"Centennial Puzzle":58,"Tiny House":0,"Calipers":22,"Golden Idol":26,"SacredBark":39,"WingedGreaves":43,"Bag of Preparation":33,"Paper Crane":22,"Ring of the Snake":0}]},"card_choices":[{"not_picked":["Predator","Outmaneuver"],"picked":"Slice","floor":0},{"not_picked":["Reflex","Bane"],"picked":"Dagger Throw","floor":1},{"not_picked":["PiercingWail","Caltrops"],"picked":"Blade Dance","floor":3},{"not_picked":["Outmaneuver","Blur"],"picked":"Dagger Throw","floor":5},{"not_picked":["Blur","Flying Knee"],"picked":"Prepared","floor":6},{"not_picked":["Dagger Spray","Riddle With Holes"],"picked":"Underhanded Strike","floor":7},{"not_picked":["Backflip","Dagger Spray"],"picked":"Acrobatics","floor":8},{"not_picked":["Grand Finale","Blur"],"picked":"Accuracy","floor":11},{"not_picked":["Deadly Poison","Underhanded Strike"],"picked":"Finisher","floor":12},{"not_picked":["Sucker Punch","Dagger Spray","Wraith Form v2"],"picked":"SKIP","floor":14},{"not_picked":["Dodge and Roll","Acrobatics"],"picked":"Prepared+1","floor":18},{"not_picked":["Acrobatics","Reflex+1"],"picked":"Prepared","floor":20},{"not_picked":["Expertise","Catalyst+1","Dagger Throw"],"picked":"SKIP","floor":22},{"not_picked":["Deflect+1","Outmaneuver"],"picked":"Blade Dance","floor":24}],"player_experience":201017,"relics_obtained":[{"floor":6,"key":"Du-Vu Doll"},{"floor":8,"key":"Calipers"},{"floor":9,"key":"Paper Crane"},{"floor":14,"key":"Bag of Preparation"},{"floor":24,"key":"Centennial Puzzle"}],"event_choices":[{"damage_healed":0,"gold_gain":0,"player_choice":"Got Potions","damage_taken":0,"max_hp_gain":0,"max_hp_loss":0,"event_name":"Lab","floor":2,"gold_loss":0},{"cards_removed":["Strike_G"],"damage_healed":0,"gold_gain":0,"player_choice":"Offered Basic","damage_taken":0,"max_hp_gain":0,"max_hp_loss":0,"event_name":"Bonfire Elementals","floor":10,"gold_loss":0},{"damage_healed":0,"gold_gain":0,"player_choice":"Take Wound","damage_taken":0,"relics_obtained":["Golden Idol"],"max_hp_gain":0,"max_hp_loss":0,"event_name":"Golden Idol","floor":13,"gold_loss":0,"cards_obtained":["Injury"]},{"damage_healed":0,"gold_gain":0,"player_choice":"Paid Gold","damage_taken":0,"relics_obtained":["WingedGreaves"],"max_hp_gain":0,"max_hp_loss":0,"event_name":"WeMeetAgain","floor":19,"gold_loss":55}],"is_beta":false,"boss_relics":[{"not_picked":["Philosopher\u0027s Stone","Ectoplasm"],"picked":"SacredBark"}],"items_purged_floors":[21],"is_endless":false,"potions_floor_spawned":[1,3,6,7,20],"killed_by":"Snecko","ascension_level":2}}