{"host":"dlqyscxstsnu98l1","time":1612600658,"event":{"mods":["AchievementEnabler","BaseMod","Colored Map","Colored Powertips","Downfall","GifTheSpireLib","Highlight Path","Minty Spire (QoL Compilation)","Random Character Button","SacredBarkPlus","Slay-I","StSLib","everything is the same but u backflip on backflip"],"gold_per_floor":[13,13,27,43,58,84,84,110,134,167,132,149,149,149,149,244,244,263,263,263,283,294,294,294],"floor_reached":23,"language":"ENG","playtime":1209,"items_purged":[],"score":232,"play_id":"924e5d27-972c-4755-95a8-ddf2c189feb8","local_time":"20210206023738","is_ascension_mode":true,"campfire_choices":[{"data":"Armaments","floor":7,"key":"SMITH"},{"floor":15,"key":"REST"}],"circlet_count":0,"master_deck":["Strike_R","Strike_R","Strike_R","Strike_R","Defend_R","Defend_R","Defend_R","Defend_R","Bash","Offering","True Grit","Pain","True Grit","Armaments+1","Metallicize","Carnage","Iron Wave","Shockwave","Disarm","Battle Trance","Rage+1","Uppercut"],"relics":["Black Blood","WarpedTongs","Happy Flower","MealTicket","Pen Nib","HornCleat","Pocketwatch"],"acts_visited":["Exordium","TheCity"],"potions_floor_usage":[10,16,21,23,23],"damage_taken":[{"damage":8,"enemies":"Jaw Worm","floor":1,"turns":3},{"damage":8,"enemies":"Cultist","floor":3,"turns":3},{"damage":10,"enemies":"Small Slimes","floor":4,"turns":3},{"damage":15,"enemies":"Looter","floor":5,"turns":3},{"damage":24,"enemies":"Lagavulin","floor":6,"turns":10},{"damage":19,"enemies":"Gremlin Nob","floor":8,"turns":4},{"damage":21,"enemies":"Lagavulin","floor":10,"turns":8},{"damage":13,"enemies":"3 Louse","floor":12,"turns":4},{"damage":10,"enemies":"The Guardian","floor":16,"turns":8},{"damage":10,"enemies":"Shell Parasite","floor":18,"turns":3},{"damage":13,"enemies":"2 Thieves","floor":21,"turns":4},{"damage":21,"enemies":"Centurion and Healer","floor":22,"turns":5},{"damage":71,"enemies":"Gremlin Leader","floor":23,"turns":8}],"seed_played":"6739761410202860501","potions_obtained":[{"floor":5,"key":"SpeedPotion"},{"floor":6,"key":"Swift Potion"},{"floor":12,"key":"Energy Potion"},{"floor":16,"key":"HeartOfIron"},{"floor":20,"key":"DistilledChaos"}],"is_trial":false,"path_per_floor":["M","?","M","M","M","E","R","E","T","E","?","M","?","?","R","B",null,"M","?","?","M","M","E"],"character_chosen":"IRONCLAD","items_purchased":[],"campfire_rested":1,"item_purchase_floors":[],"current_hp_per_floor":[78,78,76,72,63,45,45,32,32,17,37,30,30,30,54,50,80,80,80,80,79,70,0,0],"gold":294,"neow_bonus":"THREE_RARE_CARDS","is_daily":false,"chose_seed":false,"campfire_upgraded":1,"win_rate":0.0,"timestamp":1612600658,"path_taken":["M","?","M","M","?","E","R","E","T","E","?","M","?","?","R","BOSS","M","?","?","M","?","E"],"items_purchased_type":[],"build_version":"2020-12-22","purchased_purges":0,"victory":false,"max_hp_per_floor":[80,80,80,80,80,80,80,80,80,80,80,80,80,80,80,80,80,80,80,80,80,80,80,80],"card_choices":[{"not_picked":["Fiend Fire","Berserk"],"picked":"Offering","floor":0},{"not_picked":["Flex","Perfected Strike"],"picked":"True Grit","floor":1},{"not_picked":["Second Wind","Clash"],"picked":"True Grit","floor":3},{"not_picked":["Evolve","Flex"],"picked":"Armaments","floor":4},{"not_picked":["True Grit","Double Tap"],"picked":"Metallicize","floor":5},{"not_picked":["Havoc","Wild Strike"],"picked":"Carnage","floor":6},{"not_picked":["Pommel Strike","Thunderclap"],"picked":"Iron Wave","floor":8},{"not_picked":["Clash","Pommel Strike"],"picked":"Shockwave","floor":10},{"not_picked":["Iron Wave","Perfected Strike"],"picked":"Disarm","floor":12},{"not_picked":["Hemokinesis+1","Heavy Blade+1"],"picked":"Rage+1","floor":18},{"not_picked":["Clothesline","Bloodletting","Flex"],"picked":"SKIP","floor":21},{"not_picked":["Infernal Blade+1","Havoc"],"picked":"Uppercut","floor":22}],"player_experience":151614,"relics_obtained":[{"floor":6,"key":"Happy Flower"},{"floor":8,"key":"MealTicket"},{"floor":10,"key":"Pen Nib"}],"event_choices":[{"damage_healed":0,"gold_gain":0,"player_choice":"Rummage","damage_taken":0,"relics_obtained":["WarpedTongs"],"max_hp_gain":0,"max_hp_loss":0,"event_name":"Accursed Blacksmith","floor":2,"gold_loss":0,"cards_obtained":["Pain"]},{"damage_healed":20,"gold_gain":0,"player_choice":"Healed","damage_taken":0,"max_hp_gain":0,"max_hp_loss":0,"event_name":"The Cleric","floor":11,"gold_loss":35},{"damage_healed":0,"gold_gain":0,"player_choice":"Searched \u00271\u0027 times","damage_taken":0,"relics_obtained":["HornCleat"],"max_hp_gain":0,"max_hp_loss":0,"event_name":"Dead Adventurer","floor":13,"gold_loss":0},{"damage_healed":0,"gold_gain":0,"cards_transformed":["Strike_R"],"player_choice":"Transformed","damage_taken":0,"max_hp_gain":0,"max_hp_loss":0,"event_name":"Transmorgrifier","floor":14,"gold_loss":0,"cards_obtained":["Battle Trance"]},{"damage_healed":0,"gold_gain":0,"player_choice":"Opened","damage_taken":0,"relics_obtained":["Pocketwatch"],"max_hp_gain":0,"max_hp_loss":0,"event_name":"The Mausoleum","floor":19,"gold_loss":0},{"damage_healed":0,"gold_gain":0,"player_choice":"Got Potions","damage_taken":0,"max_hp_gain":0,"max_hp_loss":0,"event_name":"Lab","floor":20,"gold_loss":0}],"is_beta":false,"boss_relics":[{"not_picked":["Snecko Eye","Coffee Dripper"],"picked":"Black Blood"}],"items_purged_floors":[],"is_endless":false,"potions_floor_spawned":[5,6,12,16],"killed_by":"Gremlin Leader","ascension_level":2}}