{"host":"fzh6nk1o0pnhsjln","time":1612572947,"event":{"mods":["2.2 Compatiblity","Act Like it!","BaseMod","Card Forge","Conspire","Defuse TimeMaze Blight","Duelist Mod","GifTheSpireLib","Hubris","Infinite Spire","Jedi Mod","Minty Spire (QoL Compilation)","Replay The Spire","StSLib","Stuff the Spire","SuperFastMode","Wandering Minibosses"],"gold_per_floor":[138,138,155,172,26,26,52,63,63,88,99,31,88,88,88,188,188,203,220,220,220,254,287,287,41,113,113,141,141,157,168,168,263,263,278,278,297,309,323,350,370,402,479,479,505,199,217,263,263,263,263,263,109,139,139],"floor_reached":56,"language":"ENG","playtime":4354,"items_purged":[],"score":1205,"play_id":"d2339db2-8598-426c-a43e-102dd3315ae3","local_time":"20210205185547","is_ascension_mode":false,"campfire_choices":[{"floor":6,"key":"RECALL"},{"data":"theDuelist:CallGrave","floor":15,"key":"SMITH"},{"floor":24,"key":"REST"},{"floor":29,"key":"REST"},{"floor":44,"key":"REST"},{"floor":52,"key":"REST"}],"circlet_count":0,"master_deck":["theDuelist:CastleWalls+1","theDuelist:CastleWalls+1","theDuelist:SummonedSkull+1","theDuelist:UmbralHorrorGhost+1","theDuelist:Lajinn+1","theDuelist:SlateWarrior+1","theDuelist:TributeDoomed+1","theDuelist:CallGrave+1","theDuelist:ArchfiendCommander+1","theDuelist:DarklordMarie+1","ReplayTheSpireMod:Chaos Vortex+1","theDuelist:Lajinn+1","theDuelist:UmbralHorrorGhost+1","theDuelist:GoblinKing+1","theDuelist:WanderingKing+1","theDuelist:CallGrave+1"],"relics":["theDuelist:MillenniumPuzzle","theDuelist:CardPoolRelic","theDuelist:CardPoolBasicRelic","theDuelist:BoosterPackPoolRelic","theDuelist:CardPoolAddRelic","theDuelist:CardPoolMinusRelic","theDuelist:CardPoolSaveRelic","theDuelist:CardPoolOptionsRelic","Hammer of Thor","Seething Fire","Anvil of the Gods","NeowsBlessing","HandDrill","Basket Of Snakes","Magic Flower","hubris:Stopwatch","ReplayTheSpireMod:Ninjato","Red Mask","ReplayTheSpireMod:TigerMarble","hubris:EmptyBottle","StuffTheSpire:ForceGauntlet","Red Skull","theDuelist:ZoneToken","hubris:Backtick","theDuelist:ResummonerMight","Tingsha","theDuelist:BoosterBetterBoostersRelic","Omamori","Pocketwatch","Durian","hubris:Icosahedron","infinitespire:Satchel","Oddly Smooth Stone"],"acts_visited":["Exordium","TheCity","TheBeyond","TheEnding"],"potions_floor_usage":[13,16,25,25,54,55,55,55],"damage_taken":[{"damage":0,"enemies":"conspire:RoseBush","floor":1,"turns":1},{"damage":0,"enemies":"Cultist","floor":3,"turns":1},{"damage":0,"enemies":"Jaw Worm","floor":4,"turns":1},{"damage":0,"enemies":"Lagavulin","floor":7,"turns":2},{"damage":0,"enemies":"2 Fungi Beasts","floor":8,"turns":1},{"damage":0,"enemies":"Gremlin Nob","floor":10,"turns":2},{"damage":6,"enemies":"Exordium Thugs","floor":11,"turns":3},{"damage":8,"enemies":"Lagavulin Event","floor":13,"turns":3},{"damage":12,"enemies":"The Guardian","floor":16,"turns":6},{"damage":0,"enemies":"Chosen","floor":18,"turns":2},{"damage":2,"enemies":"conspire:FuzzyDice","floor":19,"turns":5},{"damage":0,"enemies":"Masked Bandits","floor":22,"turns":1},{"damage":0,"enemies":"Gremlin Leader","floor":23,"turns":3},{"damage":0,"enemies":"theDuelist:KaibaA2","floor":28,"turns":3},{"damage":10,"enemies":"Shelled Parasite and Fungi","floor":30,"turns":3},{"damage":0,"enemies":"Snake Plant","floor":31,"turns":2},{"damage":12,"enemies":"Collector","floor":33,"turns":4},{"damage":0,"enemies":"Orb Walker","floor":35,"turns":2},{"damage":0,"enemies":"3 Darklings","floor":37,"turns":3},{"damage":1,"enemies":"Spire Growth","floor":38,"turns":3},{"damage":0,"enemies":"Maw","floor":39,"turns":4},{"damage":6,"enemies":"R_Hoarder","floor":40,"turns":4},{"damage":21,"enemies":"Sphere and 2 Shapes","floor":41,"turns":4},{"damage":41,"enemies":"Nightmare","floor":42,"turns":7},{"damage":6,"enemies":"Transient","floor":47,"turns":5},{"damage":8,"enemies":"Transient","floor":48,"turns":4},{"damage":4,"enemies":"Replay:Hell Engine","floor":50,"turns":6},{"damage":0,"enemies":"Shield and Spear","floor":54,"turns":4},{"damage":42,"enemies":"The Heart","floor":55,"turns":7}],"seed_played":"396083172721570848","potions_obtained":[{"floor":3,"key":"GamblersBrew"},{"floor":8,"key":"AttackPotion"},{"floor":19,"key":"Strength Potion"},{"floor":23,"key":"CultistPotion"},{"floor":35,"key":"LifebloodPotion"},{"floor":38,"key":"Adrenaline Potion"},{"floor":42,"key":"FairyPotion"}],"is_trial":false,"path_per_floor":["M","?","M","M","$","R","E","M","T","E","M","$","?","?","R","B",null,"M","M","AVR","?","?","E","R","$","T","?","E","R","M","M","R","B",null,"M","?","M","M","M","E","M","NM","T","R","T","$","M","?","R","B",null,"R","$","E","B",null],"character_chosen":"THE_DUELIST","items_purchased":["HandDrill","theDuelist:CallGrave","Fruit Juice","hubris:EmptyBottle","Pocketwatch","infinitespire:Satchel"],"campfire_rested":4,"item_purchase_floors":[5,12,25,25,46,53],"current_hp_per_floor":[80,80,80,80,80,80,80,80,80,80,74,74,66,66,66,54,80,80,78,78,78,78,80,80,90,90,90,90,90,80,80,90,83,90,90,90,90,89,90,84,68,37,37,64,64,64,65,67,67,68,96,96,96,96,54],"gold":139,"neow_bonus":"THREE_ENEMY_KILL","is_daily":false,"chose_seed":false,"campfire_upgraded":1,"win_rate":0.0,"timestamp":1612572947,"path_taken":["M","?","?","M","$","R","E","M","T","E","M","$","?","?","R","BOSS","M","M","AVR","?","?","E","R","$","T","?","E","R","M","M","R","BOSS","M","?","M","M","M","E","M","NM","T","R","?","$","M","?","R","BOSS","R","$","E","BOSS"],"items_purchased_type":["Relic","Card","Potion","Relic","Relic","Relic"],"build_version":"2020-12-22","purchased_purges":0,"victory":true,"max_hp_per_floor":[80,80,80,80,80,80,80,80,80,80,80,80,80,80,80,80,80,80,80,80,80,80,80,80,90,90,90,90,90,90,90,90,90,90,90,90,90,90,90,90,90,90,90,90,90,90,91,96,96,96,96,96,96,96,96],"card_choices":[{"not_picked":["theDuelist:Zombyra","theDuelist:AmbitiousGofer","theDuelist:PortraitSecret","theDuelist:VanityFiend"],"picked":"theDuelist:SummonedSkull","floor":1},{"not_picked":["theDuelist:Lajinn","theDuelist:FlyingSaucer","theDuelist:DarkFusion","theDuelist:Pumpking"],"picked":"theDuelist:UmbralHorrorGhost","floor":3},{"not_picked":["theDuelist:ArchfiendSoldier","theDuelist:UmbralHorrorUniform","theDuelist:FiendMegacyber","theDuelist:DarknessNeosphere"],"picked":"theDuelist:Lajinn","floor":4},{"not_picked":["theDuelist:BattleOx","theDuelist:EarthquakeGiant","theDuelist:MillenniumGolem","theDuelist:DestroyerGolem","theDuelist:WingedKuriboh"],"picked":"SKIP","floor":7},{"not_picked":["theDuelist:KingYami","theDuelist:SummonedSkull","theDuelist:AmbitiousGofer","theDuelist:FiendMegacyber"],"picked":"theDuelist:SlateWarrior","floor":8},{"not_picked":["theDuelist:BerserkerCrush","theDuelist:DarkEnergy","theDuelist:DarkFusion","theDuelist:PotDuality"],"picked":"theDuelist:TributeDoomed","floor":10},{"not_picked":["theDuelist:DarkTinker","theDuelist:Zombyra","theDuelist:PortraitSecret","theDuelist:FiendMegacyber","theDuelist:SlateWarrior"],"picked":"SKIP","floor":11},{"not_picked":["theDuelist:DarkCubicLord","theDuelist:FeatherShot","theDuelist:Tierra","theDuelist:DarkMasterZorc"],"picked":"theDuelist:ArchfiendCommander","floor":16},{"not_picked":["theDuelist:WanderingKing+1","theDuelist:BattleOx","theDuelist:BlackPendant","theDuelist:ArchfiendHeiress"],"picked":"theDuelist:DarklordMarie","floor":18},{"not_picked":["theDuelist:BeastTalwar","theDuelist:AmbitiousGofer","theDuelist:PortraitSecret","theDuelist:ArchfiendSoldier","theDuelist:MsJudge"],"picked":"SKIP","floor":19},{"not_picked":["theDuelist:BeastTalwar","theDuelist:AmbitiousGofer","theDuelist:PortraitSecret","theDuelist:ArchfiendSoldier","theDuelist:MsJudge"],"picked":"SKIP","floor":19},{"not_picked":["theDuelist:ArchfiendSoldier+1","theDuelist:AmbitiousGofer","theDuelist:CheerfulCoffin","theDuelist:DarknessNeosphere"],"picked":"theDuelist:UmbralHorrorGhost","floor":22},{"not_picked":["theDuelist:SlateWarrior","theDuelist:FiendSkull","theDuelist:UmbralHorrorGhoul+1","theDuelist:Pumprincess"],"picked":"theDuelist:GoblinKing+1","floor":23},{"not_picked":["theDuelist:ArchfiendHeiress+1","theDuelist:DarklordMarie","theDuelist:BattleOx","theDuelist:PreventRat"],"picked":"theDuelist:WanderingKing","floor":28},{"not_picked":["theDuelist:DestroyerGolem","theDuelist:PowerWall","theDuelist:WormApocalypse+1","theDuelist:DianKeto","theDuelist:LightningDarts"],"picked":"SKIP","floor":30},{"not_picked":["theDuelist:FabledGallabas","theDuelist:DarkCubicLord+1","theDuelist:FiendSkull","theDuelist:SkullArchfiend+1","theDuelist:PutridPudding"],"picked":"SKIP","floor":31},{"not_picked":["theDuelist:FeatherShot","theDuelist:PutridPudding+1","theDuelist:ArchfiendCommander+1","theDuelist:FabledGallabas"],"picked":"theDuelist:CallGrave","floor":33},{"not_picked":["theDuelist:DrivenDaredevil","theDuelist:Lajinn+1","theDuelist:UmbralHorrorUniform","theDuelist:PortraitSecret+1","theDuelist:GarbageLord+1"],"picked":"SKIP","floor":35},{"not_picked":["theDuelist:BlueBloodedOni","theDuelist:GreenGraveOni","theDuelist:PurplePainOni","theDuelist:RedHeadedOni+1","theDuelist:YellowBelliedOni+1"],"picked":"SKIP","floor":37},{"not_picked":["theDuelist:AcidTrapHole","theDuelist:TributeDoomed+1","theDuelist:UmbralHorrorGhoul","theDuelist:AlienTelepath+1","theDuelist:CosmicHorrorGangiel"],"picked":"SKIP","floor":38},{"not_picked":["theDuelist:DummyGolem+1","theDuelist:GemArmadillo","theDuelist:GemElephant+1","theDuelist:MudGolem+1","theDuelist:PowerGiant+1"],"picked":"SKIP","floor":39},{"not_picked":["theDuelist:UmbralHorrorUniform","theDuelist:AmbitiousGofer+1","theDuelist:CheerfulCoffin","theDuelist:GrossGhost","theDuelist:FlyingSaucer+1"],"picked":"SKIP","floor":40},{"not_picked":["theDuelist:Fissure","theDuelist:GilfordLegend+1","theDuelist:Sangan","theDuelist:WormKing","theDuelist:Mathematician+1"],"picked":"SKIP","floor":41},{"not_picked":["theDuelist:UmbralHorrorGhost","theDuelist:DrivenDaredevil","theDuelist:DarkFusion+1","theDuelist:FiendMegacyber+1","theDuelist:AlienTelepath"],"picked":"SKIP","floor":42},{"not_picked":["theDuelist:ClearKuriboh+1","theDuelist:FuryFire","theDuelist:PowerGiant","theDuelist:DarklordSuperbia+1","theDuelist:HammerShot+1"],"picked":"SKIP","floor":47},{"not_picked":["Chrysalis+1","Forethought+1","Mayhem+1","Trip+1"],"picked":"SKIP","floor":54}],"player_experience":254688,"relics_obtained":[{"floor":7,"key":"Basket Of Snakes"},{"floor":13,"key":"Magic Flower"},{"floor":22,"key":"Red Mask"},{"floor":23,"key":"ReplayTheSpireMod:TigerMarble"},{"floor":26,"key":"StuffTheSpire:ForceGauntlet"},{"floor":27,"key":"Red Skull"},{"floor":28,"key":"theDuelist:ZoneToken"},{"floor":42,"key":"Tingsha"},{"floor":43,"key":"theDuelist:BoosterBetterBoostersRelic"},{"floor":45,"key":"Omamori"},{"floor":48,"key":"Durian"},{"floor":54,"key":"Oddly Smooth Stone"}],"event_choices":[{"damage_healed":0,"gold_gain":0,"player_choice":"Ignored","damage_taken":0,"max_hp_gain":0,"max_hp_loss":0,"event_name":"Accursed Blacksmith","floor":2,"gold_loss":0},{"damage_healed":0,"gold_gain":0,"player_choice":"Searched \u00271\u0027 times","damage_taken":0,"max_hp_gain":0,"max_hp_loss":0,"event_name":"Dead Adventurer","floor":13,"gold_loss":0},{"damage_healed":0,"gold_gain":0,"player_choice":"Ignored","damage_taken":0,"max_hp_gain":0,"max_hp_loss":0,"event_name":"Transmorgrifier","floor":14,"gold_loss":0},{"damage_healed":0,"gold_gain":0,"player_choice":"Fought Bandits","damage_taken":0,"max_hp_gain":0,"max_hp_loss":0,"event_name":"Masked Bandits","floor":22,"gold_loss":0},{"damage_healed":0,"gold_gain":0,"player_choice":"Fight","duelist":true,"damage_taken":0,"max_hp_gain":0,"max_hp_loss":0,"event_name":"Battle City","floor":48,"gold_loss":0}],"is_beta":false,"boss_relics":[{"not_picked":["conspire:SeveredTorchhead","Snecko Eye"],"picked":"hubris:Stopwatch"},{"not_picked":["infinitespire:Burning Sword","conspire:RunicOctahedron"],"picked":"hubris:Backtick"}],"items_purged_floors":[],"is_endless":false,"potions_floor_spawned":[3,7,8,13,19,23,33,35,38,40,42,47,54],"ascension_level":0}}