{"host":"JIN","time":1612621871,"event":{"mods":["BaseMod","Custom Start","DeckTracker","Minty Spire (QoL Compilation)","Shop Mod","StSLib","SuperFastMode"],"gold_per_floor":[213,538,552,617,630,630,674,674,723,30,54,77,97,142,142,250,250,280,305,364,414,379,412,430,480,480,93,137,170,170,194,194,296,296,317,367,11,41,100,138,265,308,308,347,347,388,411,442,442,442,442,442,442,36,83,83],"floor_reached":57,"language":"KOR","playtime":1906,"items_purged":[],"score":3265,"play_id":"686b0097-32d2-479e-bc33-2fd25ea1f752","local_time":"20210206233111","is_ascension_mode":true,"campfire_choices":[{"data":"Perfected Strike","floor":6,"key":"SMITH"},{"data":"Inflame","floor":8,"key":"SMITH"},{"data":"Flame Barrier","floor":15,"key":"SMITH"},{"floor":30,"key":"RECALL"},{"data":"Disarm","floor":32,"key":"SMITH"},{"data":"Limit Break","floor":45,"key":"SMITH"},{"data":"Bash","floor":49,"key":"SMITH"},{"data":"Panache","floor":53,"key":"SMITH"}],"circlet_count":0,"master_deck":["Strike_R","Strike_R","Strike_R","Strike_R","Strike_R","Defend_R","Defend_R","Defend_R","Defend_R","Bash+1","Perfected Strike+1","Twin Strike","Inflame+1","Shrug It Off","Disarm+1","Thunderclap+1","Offering+1","Clash+1","Flame Barrier+1","Impervious","Disarm+1","Bludgeon+1","Battle Trance+1","Bloodletting+1","Evolve+1","Panache+1","Dropkick+1","Flash of Steel+1","Limit Break+1","Demon Form+1"],"relics":["Burning Blood","Question Card","Prayer Wheel","Bloody Idol","SsserpentHead","Membership Card","The Courier","Smiling Mask","Omamori","HornCleat","Strawberry","Anchor","Toolbox","Matryoshka","Ancient Tea Set","Molten Egg 2","Juzu Bracelet","Pantograph","TungstenRod","CeramicFish","Coffee Dripper","Golden Idol","Oddly Smooth Stone","Vajra","Lantern","Sling","StrikeDummy","Paper Frog","War Paint","Akabeko","Dream Catcher","Busted Crown","Ginger","Blue Candle","Pen Nib","Ornamental Fan","Boot","Gremlin Horn","Happy Flower","Frozen Egg 2","White Beast Statue","Potion Belt","Self Forming Clay","Mummified Hand","Medical Kit","InkBottle","Bag of Marbles","Nunchaku","Pocketwatch"],"acts_visited":["Exordium","TheCity","TheBeyond","TheEnding"],"potions_floor_usage":[7,56,56,56],"damage_taken":[{"damage":17,"enemies":"Small Slimes","floor":1,"turns":5},{"damage":0,"enemies":"Cultist","floor":3,"turns":2},{"damage":14,"enemies":"Jaw Worm","floor":4,"turns":3},{"damage":13,"enemies":"3 Louse","floor":5,"turns":4},{"damage":1,"enemies":"Gremlin Nob","floor":7,"turns":3},{"damage":0,"enemies":"Large Slime","floor":11,"turns":3},{"damage":0,"enemies":"Looter","floor":12,"turns":3},{"damage":5,"enemies":"2 Fungi Beasts","floor":13,"turns":2},{"damage":4,"enemies":"3 Sentries","floor":14,"turns":5},{"damage":11,"enemies":"The Guardian","floor":16,"turns":8},{"damage":5,"enemies":"Chosen","floor":18,"turns":3},{"damage":0,"enemies":"Shell Parasite","floor":19,"turns":4},{"damage":11,"enemies":"Slavers","floor":23,"turns":7},{"damage":13,"enemies":"Snake Plant","floor":24,"turns":4},{"damage":5,"enemies":"Gremlin Leader","floor":25,"turns":7},{"damage":2,"enemies":"Book of Stabbing","floor":28,"turns":2},{"damage":0,"enemies":"3 Cultists","floor":29,"turns":3},{"damage":5,"enemies":"Snecko","floor":31,"turns":4},{"damage":34,"enemies":"Collector","floor":33,"turns":8},{"damage":0,"enemies":"3 Shapes","floor":35,"turns":3},{"damage":6,"enemies":"3 Darklings","floor":38,"turns":4},{"damage":14,"enemies":"Nemesis","floor":40,"turns":3},{"damage":7,"enemies":"Reptomancer","floor":42,"turns":3},{"damage":27,"enemies":"Giant Head","floor":44,"turns":5},{"damage":0,"enemies":"Reptomancer","floor":46,"turns":1},{"damage":0,"enemies":"4 Shapes","floor":47,"turns":5},{"damage":5,"enemies":"Nemesis","floor":48,"turns":3},{"damage":41,"enemies":"Donu and Deca","floor":50,"turns":7},{"damage":34,"enemies":"Time Eater","floor":51,"turns":5},{"damage":19,"enemies":"Shield and Spear","floor":55,"turns":3},{"damage":66,"enemies":"The Heart","floor":56,"turns":7}],"seed_played":"9124757927920605212","potions_obtained":[{"floor":4,"key":"Energy Potion"},{"floor":5,"key":"Swift Potion"},{"floor":7,"key":"Fire Potion"},{"floor":13,"key":"Weak Potion"},{"floor":46,"key":"Strength Potion"},{"floor":47,"key":"Block Potion"},{"floor":55,"key":"DistilledChaos"}],"is_trial":false,"path_per_floor":["M","?","M","M","M","R","E","R","T","$","M","M","M","E","R","B",null,"M","M","?","?","?","E","M","E","T","$","E","M","R","M","R","B",null,"M","?","$","M","?","E","T","E","T","E","R","E","M","E","R","B","B",null,"R","$","E","B",null],"character_chosen":"IRONCLAD","items_purchased":["Anchor","Toolbox","Matryoshka","Ancient Tea Set","Molten Egg 2","Juzu Bracelet","Pantograph","TungstenRod","Sling","StrikeDummy","Paper Frog","War Paint","Akabeko","Ginger","Blue Candle","Panache","Pen Nib","Mummified Hand","Medical Kit","InkBottle","Bag of Marbles","Nunchaku"],"campfire_rested":0,"item_purchase_floors":[10,10,10,10,10,10,10,10,27,27,27,27,27,37,37,37,37,54,54,54,54,54],"current_hp_per_floor":[57,57,63,55,48,48,53,53,60,60,66,72,73,75,75,77,81,82,82,82,82,82,82,80,82,82,82,82,82,82,82,82,64,78,82,82,82,82,82,79,82,82,82,66,66,77,82,82,82,47,44,73,73,73,70,22],"gold":83,"neow_bonus":"HUNDRED_GOLD","is_daily":false,"chose_seed":false,"campfire_upgraded":7,"win_rate":0.0,"timestamp":1612621871,"path_taken":["M","?","M","?","M","R","E","R","T","$","M","M","M","E","R","BOSS","M","M","?","?","?","E","M","E","T","$","E","M","R","M","R","BOSS","M","?","$","M","?","E","?","E","T","E","R","E","M","E","R","BOSS","BOSS","R","$","E","BOSS"],"items_purchased_type":["Relic","Relic","Relic","Relic","Relic","Relic","Relic","Relic","Relic","Relic","Relic","Relic","Relic","Relic","Relic","Card","Relic","Relic","Relic","Relic","Relic","Relic"],"build_version":"2020-12-18","purchased_purges":0,"victory":true,"max_hp_per_floor":[75,75,75,75,75,75,75,75,82,82,82,82,82,82,82,82,82,82,82,82,82,82,82,82,82,82,82,82,82,82,82,82,82,82,82,82,82,82,82,82,82,82,82,82,82,82,82,82,82,82,82,82,82,82,82,82],"card_choices":[{"not_picked":["Sword Boomerang","Anger","Ghostly Armor"],"picked":"Perfected Strike","floor":1},{"not_picked":["Flex","Rage","Pummel","Pommel Strike"],"picked":"SKIP","floor":1},{"not_picked":["Uppercut","Sword Boomerang","Warcry"],"picked":"Twin Strike","floor":3},{"not_picked":["Warcry","Whirlwind","Clash"],"picked":"Inflame","floor":3},{"not_picked":["Havoc","Disarm","Metallicize"],"picked":"Shrug It Off","floor":4},{"not_picked":["Clothesline","Sword Boomerang","Cleave","Armaments"],"picked":"SKIP","floor":4},{"not_picked":["Perfected Strike","Offering","Fire Breathing"],"picked":"Disarm","floor":5},{"not_picked":["Rupture","Cleave","Flex","Ghostly Armor"],"picked":"SKIP","floor":5},{"not_picked":["Havoc","Spot Weakness","Searing Blow","Infernal Blade"],"picked":"SKIP","floor":7},{"not_picked":["Anger+1","Sentinel","Disarm"],"picked":"Thunderclap+1","floor":11},{"not_picked":["True Grit","Flex","Body Slam+1","Thunderclap+1"],"picked":"SKIP","floor":11},{"not_picked":["True Grit","Flex","Body Slam+1","Thunderclap+1"],"picked":"SKIP","floor":11},{"not_picked":["Cleave+1","Pummel+1","Headbutt+1"],"picked":"Offering","floor":12},{"not_picked":["Fire Breathing","True Grit","Reckless Charge+1","Entrench"],"picked":"SKIP","floor":12},{"not_picked":["Havoc","Body Slam+1","Uppercut+1"],"picked":"Clash+1","floor":13},{"not_picked":["Thunderclap+1","Cleave+1","Carnage+1","Intimidate"],"picked":"SKIP","floor":13},{"not_picked":["Bloodletting","Burning Pact","Immolate+1"],"picked":"Flame Barrier","floor":14},{"not_picked":["Corruption","Barricade","Demon Form"],"picked":"Impervious","floor":16},{"not_picked":["Twin Strike+1","Sword Boomerang+1","Clash+1"],"picked":"Disarm+1","floor":18},{"not_picked":["Headbutt+1","Spot Weakness","Carnage+1","Anger+1"],"picked":"SKIP","floor":18},{"not_picked":["Combust","Spot Weakness","Armaments"],"picked":"Bludgeon+1","floor":19},{"not_picked":["Seeing Red","Sentinel","True Grit+1","Disarm+1"],"picked":"SKIP","floor":19},{"not_picked":["Headbutt+1","Iron Wave+1","Feel No Pain","Rampage+1"],"picked":"SKIP","floor":23},{"not_picked":["Armaments","Warcry","Flame Barrier","Dual Wield"],"picked":"SKIP","floor":24},{"not_picked":["Twin Strike+1","Pommel Strike+1","Impervious","True Grit"],"picked":"SKIP","floor":24},{"not_picked":["Headbutt+1","Pommel Strike+1","Anger+1"],"picked":"Bloodletting+1","floor":25},{"not_picked":["Iron Wave+1","Headbutt+1","Thunderclap+1","Shrug It Off"],"picked":"SKIP","floor":28},{"not_picked":["Inflame","Anger+1","Cleave+1"],"picked":"Evolve+1","floor":29},{"not_picked":["Pummel+1","Havoc","Anger+1","Flame Barrier+1"],"picked":"SKIP","floor":29},{"not_picked":["Anger+1","Thunderclap+1","Dark Embrace","Bloodletting"],"picked":"SKIP","floor":31},{"not_picked":["Dark Embrace","Exhume","Flex","Thunderclap+1"],"picked":"SKIP","floor":31},{"not_picked":["Immolate+1","Corruption","Berserk"],"picked":"Demon Form","floor":33},{"not_picked":["Dark Embrace","Flame Barrier"],"picked":"SKIP","floor":35},{"not_picked":["Dark Embrace","Hemokinesis+1"],"picked":"SKIP","floor":35},{"not_picked":["Anger+1"],"picked":"Dropkick+1","floor":38},{"not_picked":["Wild Strike+1","Spot Weakness"],"picked":"SKIP","floor":38},{"not_picked":["Dark Shackles"],"picked":"Flash of Steel+1","floor":39},{"not_picked":["Dropkick+1","Cleave+1"],"picked":"SKIP","floor":40},{"not_picked":["Disarm"],"picked":"Limit Break","floor":42},{"not_picked":["Inflame+1","Anger+1"],"picked":"SKIP","floor":44},{"not_picked":["Armaments","Wild Strike+1"],"picked":"SKIP","floor":46},{"not_picked":["Reckless Charge+1","Pommel Strike+1"],"picked":"SKIP","floor":47},{"not_picked":["Fire Breathing+1","Flame Barrier"],"picked":"SKIP","floor":47},{"not_picked":["Clash+1","Uppercut+1"],"picked":"SKIP","floor":48},{"not_picked":["Battle Trance"],"picked":"Demon Form+1","floor":55}],"player_experience":1220090,"relics_obtained":[{"floor":7,"key":"HornCleat"},{"floor":9,"key":"Strawberry"},{"floor":14,"key":"CeramicFish"},{"floor":25,"key":"Vajra"},{"floor":26,"key":"Lantern"},{"floor":28,"key":"Dream Catcher"},{"floor":40,"key":"Ornamental Fan"},{"floor":41,"key":"Boot"},{"floor":41,"key":"Gremlin Horn"},{"floor":42,"key":"Happy Flower"},{"floor":43,"key":"Frozen Egg 2"},{"floor":44,"key":"White Beast Statue"},{"floor":46,"key":"Potion Belt"},{"floor":48,"key":"Self Forming Clay"},{"floor":55,"key":"Pocketwatch"}],"event_choices":[{"damage_healed":0,"gold_gain":275,"player_choice":"Desecrate","damage_taken":0,"max_hp_gain":0,"max_hp_loss":0,"event_name":"Golden Shrine","floor":2,"gold_loss":0,"cards_obtained":["Regret"]},{"damage_healed":0,"gold_gain":0,"player_choice":"Read","damage_taken":0,"max_hp_gain":0,"max_hp_loss":0,"event_name":"The Library","floor":20,"gold_loss":0,"cards_obtained":["Battle Trance"]},{"damage_healed":0,"gold_gain":0,"player_choice":"Gave Idol","damage_taken":0,"relics_obtained":["Bloody Idol"],"max_hp_gain":0,"max_hp_loss":0,"event_name":"Forgotten Altar","floor":21,"relics_lost":["Golden Idol"],"gold_loss":0},{"damage_healed":0,"gold_gain":0,"player_choice":"Obtained Relic","damage_taken":0,"relics_obtained":["Oddly Smooth Stone"],"max_hp_gain":0,"max_hp_loss":0,"event_name":"Addict","floor":22,"gold_loss":85},{"cards_removed":["Demon Form"],"damage_healed":0,"gold_gain":0,"player_choice":"Removed Power","damage_taken":0,"max_hp_gain":0,"max_hp_loss":0,"event_name":"Falling","floor":36,"gold_loss":0},{"damage_healed":0,"gold_gain":0,"player_choice":"Memory 1","damage_taken":0,"max_hp_gain":0,"max_hp_loss":0,"event_name":"SensoryStone","floor":39,"gold_loss":0}],"is_beta":true,"boss_relics":[{"not_picked":["Cursed Key","SacredBark"],"picked":"Coffee Dripper"},{"not_picked":["Runic Pyramid","Fusion Hammer"],"picked":"Busted Crown"}],"items_purged_floors":[],"is_endless":false,"potions_floor_spawned":[4,5,7,11,13,18,24,25,31,33,38,44,46,47,48,55],"ascension_level":20}}