{"host":"syozzdlzcqop4jia","time":1612585000,"event":{"mods":["BaseMod","Colored Map","Colored Powertips","Minty Spire (QoL Compilation)","Quick Restart"],"gold_per_floor":[109,184,195,208,225,251,251,251,305,317,333,343,343,360,360,465,465,477,151,162,180,190,190,217,217,285,297,324,324,336,364,364,364,364],"floor_reached":33,"language":"ENG","playtime":2258,"items_purged":["Defend_B"],"score":354,"play_id":"71c33520-5db9-4f4c-b960-2616c84d7ae0","local_time":"20210206051640","is_ascension_mode":true,"campfire_choices":[{"floor":7,"key":"REST"},{"floor":13,"key":"REST"},{"floor":15,"key":"REST"},{"floor":23,"key":"REST"},{"floor":25,"key":"REST"},{"floor":29,"key":"REST"},{"floor":32,"key":"REST"}],"circlet_count":0,"master_deck":["Strike_B","Strike_B","Strike_B","Strike_B","Defend_B","Defend_B","Defend_B","Zap","Dualcast","Static Discharge+1","Genetic Algorithm","Go for the Eyes","Darkness","Melter","Static Discharge","Loop","Go for the Eyes","Steam","Biased Cognition","Go for the Eyes","Gash","Loop+1","Steam","Sweeping Beam+1","Sunder","Steam","Gash+1","BootSequence+1"],"relics":["Cracked Core","Ornamental Fan","Happy Flower","Black Star","Gremlin Horn","Strawberry","Matryoshka","Letter Opener","Centennial Puzzle","Bag of Marbles","The Courier","HornCleat","Pear"],"acts_visited":["Exordium","TheCity"],"potions_floor_usage":[24,28],"damage_taken":[{"damage":3,"enemies":"Jaw Worm","floor":1,"turns":4},{"damage":0,"enemies":"Cultist","floor":3,"turns":4},{"damage":4,"enemies":"Small Slimes","floor":4,"turns":4},{"damage":6,"enemies":"Exordium Wildlife","floor":5,"turns":3},{"damage":13,"enemies":"Lagavulin","floor":6,"turns":6},{"damage":10,"enemies":"Looter","floor":10,"turns":3},{"damage":16,"enemies":"Large Slime","floor":11,"turns":4},{"damage":9,"enemies":"Red Slaver","floor":12,"turns":3},{"damage":9,"enemies":"Blue Slaver","floor":14,"turns":2},{"damage":45,"enemies":"Slime Boss","floor":16,"turns":6},{"damage":10,"enemies":"Chosen","floor":18,"turns":4},{"damage":6,"enemies":"Shell Parasite","floor":20,"turns":4},{"damage":20,"enemies":"Snake Plant","floor":21,"turns":4},{"damage":42,"enemies":"Snecko","floor":22,"turns":6},{"damage":10,"enemies":"Gremlin Leader","floor":24,"turns":5},{"damage":17,"enemies":"Centurion and Healer","floor":27,"turns":5},{"damage":20,"enemies":"Slavers","floor":28,"turns":3},{"damage":0,"enemies":"Sentry and Sphere","floor":30,"turns":2},{"damage":14,"enemies":"Book of Stabbing","floor":31,"turns":4},{"damage":71,"enemies":"Collector","floor":33,"turns":7}],"seed_played":"4283827224270387039","potions_obtained":[{"floor":3,"key":"Fire Potion"},{"floor":6,"key":"DuplicationPotion"},{"floor":10,"key":"DuplicationPotion"},{"floor":24,"key":"Energy Potion"},{"floor":31,"key":"SkillPotion"}],"is_trial":false,"path_per_floor":["M","?","M","M","M","E","R","?","T","M","M","M","R","M","R","B",null,"M","$","M","M","M","R","E","R","T","M","E","R","M","E","R","B"],"character_chosen":"DEFECT","items_purchased":["Gremlin Horn"],"campfire_rested":7,"item_purchase_floors":[19],"current_hp_per_floor":[79,68,68,64,58,45,69,69,69,59,43,34,58,49,73,28,82,72,72,66,46,4,28,25,51,51,34,14,40,40,36,65,0,0],"gold":364,"neow_bonus":"TEN_PERCENT_HP_BONUS","is_daily":false,"chose_seed":false,"campfire_upgraded":0,"win_rate":0.0,"timestamp":1612585000,"path_taken":["M","?","M","M","M","E","R","?","T","M","M","?","R","M","R","BOSS","M","$","?","M","?","R","E","R","T","M","E","R","M","E","R","BOSS"],"items_purchased_type":["Relic"],"build_version":"2020-12-22","purchased_purges":1,"victory":false,"max_hp_per_floor":[82,82,82,82,82,82,82,82,82,82,82,82,82,82,82,82,82,82,82,82,82,82,82,89,89,89,89,89,89,89,99,99,99,99],"card_choices":[{"not_picked":["Rebound","Sweeping Beam"],"picked":"Static Discharge","floor":1},{"not_picked":["Leap","Compile Driver"],"picked":"Genetic Algorithm","floor":3},{"not_picked":["Leap","Turbo"],"picked":"Go for the Eyes","floor":4},{"not_picked":["Rebound","Beam Cell"],"picked":"Darkness","floor":5},{"not_picked":["Gash","Cold Snap"],"picked":"Melter","floor":6},{"not_picked":["Turbo","Force Field"],"picked":"Static Discharge","floor":10},{"not_picked":["Stack","Chill"],"picked":"Loop","floor":11},{"not_picked":["Recycle","Aggregate"],"picked":"Go for the Eyes","floor":12},{"not_picked":["Barrage","Consume"],"picked":"Steam","floor":14},{"not_picked":["Core Surge","Rainbow"],"picked":"Biased Cognition","floor":16},{"not_picked":["Sweeping Beam","Hologram"],"picked":"Go for the Eyes","floor":18},{"not_picked":["Coolheaded","Consume"],"picked":"Gash","floor":20},{"not_picked":["Hologram","Turbo"],"picked":"Loop+1","floor":21},{"not_picked":["Leap+1","Turbo"],"picked":"Steam","floor":22},{"not_picked":["Fusion","Go for the Eyes"],"picked":"Sweeping Beam+1","floor":24},{"not_picked":["Gash","Hologram"],"picked":"Sunder","floor":27},{"not_picked":["Rebound+1","Chill"],"picked":"Steam","floor":28},{"not_picked":["Streamline","Turbo+1"],"picked":"Gash+1","floor":30},{"not_picked":["Turbo","Stack+1"],"picked":"BootSequence+1","floor":31}],"player_experience":566041,"relics_obtained":[{"floor":6,"key":"Ornamental Fan"},{"floor":9,"key":"Happy Flower"},{"floor":24,"key":"Strawberry"},{"floor":24,"key":"Matryoshka"},{"floor":26,"key":"Letter Opener"},{"floor":26,"key":"Centennial Puzzle"},{"floor":28,"key":"Bag of Marbles"},{"floor":28,"key":"The Courier"},{"floor":31,"key":"HornCleat"},{"floor":31,"key":"Pear"}],"event_choices":[{"damage_healed":0,"gold_gain":75,"player_choice":"Gather Gold","damage_taken":11,"max_hp_gain":0,"max_hp_loss":0,"event_name":"World of Goop","floor":2,"gold_loss":0},{"damage_healed":0,"gold_gain":0,"player_choice":"Upgraded","damage_taken":0,"max_hp_gain":0,"max_hp_loss":0,"event_name":"Upgrade Shrine","floor":8,"gold_loss":0,"cards_upgraded":["Static Discharge"]}],"is_beta":false,"boss_relics":[{"not_picked":["Tiny House","Coffee Dripper"],"picked":"Black Star"}],"items_purged_floors":[19],"is_endless":false,"potions_floor_spawned":[3,6,10,14,16,20,22,24,27,31],"killed_by":"Collector","ascension_level":1}}