{"host":"j4g6ia6asvpyu2b0","time":1612572997,"event":{"mods":["BaseMod","Colored Map","Minty Spire (QoL Compilation)","Permanent Neow","Quick Restart","Relic Stats","StSLib","Unceasing Turn Reminder"],"gold_per_floor":[210,111,127,402,422,449,449,449,449,449,449,487,487,525,525,525,525],"floor_reached":16,"language":"ENG","playtime":404,"items_purged":[],"score":133,"play_id":"ac79cbf8-4d6d-46cf-b4d1-65915534e115","local_time":"20210205175637","is_ascension_mode":true,"campfire_choices":[{"data":"Crippling Poison","floor":7.0,"key":"SMITH"},{"data":"Tools of the Trade","floor":11.0,"key":"SMITH"},{"floor":13,"key":"REST"},{"data":"Catalyst","floor":15,"key":"SMITH"}],"circlet_count":0,"master_deck":["Strike_G","Strike_G","Strike_G","Strike_G","Defend_G","Defend_G","Defend_G","Defend_G","Defend_G","Survivor","Neutralize","Catalyst+1","Poisoned Stab","Quick Slash","Quick Slash","Regret","Crippling Poison+1","Tools of the Trade+1","Deadly Poison","Dagger Spray","Skewer"],"relics":["Ring of the Snake","Bottled Lightning","Golden Idol","Gremlin Horn","Regal Pillow"],"acts_visited":["Exordium"],"potions_floor_usage":[12],"damage_taken":[{"damage":1.0,"enemies":"Small Slimes","floor":1.0,"turns":4.0},{"damage":0.0,"enemies":"Cultist","floor":3.0,"turns":3.0},{"damage":0.0,"enemies":"2 Louse","floor":5.0,"turns":2.0},{"damage":36.0,"enemies":"Lagavulin","floor":6.0,"turns":7.0},{"damage":31,"enemies":"3 Sentries","floor":12,"turns":9},{"damage":7,"enemies":"Lagavulin","floor":14,"turns":5},{"damage":40,"enemies":"Slime Boss","floor":16,"turns":5}],"seed_played":"4842753347863339555","potions_obtained":[{"floor":1.0,"key":"Block Potion"},{"floor":6.0,"key":"Regen Potion"},{"floor":14,"key":"SkillPotion"}],"is_trial":false,"path_per_floor":["M","$","M","?","M","E","R","?","T","?","R","E","R","E","R","B"],"character_chosen":"THE_SILENT","items_purchased":["Poisoned Stab","Quick Slash"],"campfire_rested":1,"item_purchase_floors":[2,2],"current_hp_per_floor":[69,69,69,69,69,33,33,33,33,33,33,17,36,29,29,0,0],"gold":525,"neow_bonus":"HUNDRED_GOLD","is_daily":false,"chose_seed":false,"campfire_upgraded":3,"win_rate":0.0,"timestamp":1612572997,"path_taken":["M","$","M","?","?","E","R","?","T","?","R","E","R","E","R","BOSS"],"items_purchased_type":["Card","Card"],"build_version":"2020-12-22","purchased_purges":0,"victory":false,"max_hp_per_floor":[70,70,70,70,70,70,70,65,65,65,65,65,65,65,65,65,65],"relic_stats":{"Regal Pillow":0,"Gremlin Horn":[0,0],"counters":[7,35],"Golden Idol":16,"obtain_stats":[{"Regal Pillow":14,"Gremlin Horn":12,"Golden Idol":8,"Bottled Lightning":6,"Ring of the Snake":0},{"Regal Pillow":6,"Gremlin Horn":5,"Golden Idol":4,"Bottled Lightning":4,"Ring of the Snake":0},{"Regal Pillow":30,"Gremlin Horn":25,"Golden Idol":16,"Bottled Lightning":16,"Ring of the Snake":0}],"Ring of the Snake":[14]},"card_choices":[{"not_picked":["Caltrops","Outmaneuver"],"picked":"Catalyst","floor":1.0},{"not_picked":["Sucker Punch","Cloak And Dagger"],"picked":"Quick Slash","floor":3.0},{"not_picked":["Finisher","Slice"],"picked":"Crippling Poison","floor":5.0},{"not_picked":["Dagger Throw","Bouncing Flask"],"picked":"Tools of the Trade","floor":6.0},{"not_picked":["Bane","Prepared"],"picked":"Dagger Spray","floor":12},{"not_picked":["Expertise","Masterful Stab"],"picked":"Skewer","floor":14}],"player_experience":1150963,"relics_obtained":[{"floor":6.0,"key":"Bottled Lightning"},{"floor":12,"key":"Gremlin Horn"},{"floor":14,"key":"Regal Pillow"}],"event_choices":[{"damage_healed":0.0,"max_hp_gain":0.0,"max_hp_loss":0.0,"gold_gain":275.0,"event_name":"Golden Shrine","player_choice":"Desecrate","floor":4.0,"gold_loss":0.0,"damage_taken":0.0,"cards_obtained":["Regret"]},{"damage_healed":0.0,"max_hp_gain":0.0,"max_hp_loss":5.0,"gold_gain":0.0,"event_name":"Golden Idol","player_choice":"Lose Max HP","floor":8.0,"gold_loss":0.0,"damage_taken":0.0,"relics_obtained":["Golden Idol"]},{"damage_healed":0.0,"max_hp_gain":0.0,"max_hp_loss":0.0,"gold_gain":0.0,"cards_transformed":["Strike_G"],"event_name":"Transmorgrifier","player_choice":"Transformed","floor":10.0,"gold_loss":0.0,"damage_taken":0.0,"cards_obtained":["Deadly Poison"]}],"is_beta":false,"boss_relics":[],"items_purged_floors":[],"is_endless":false,"potions_floor_spawned":[1,6,14],"killed_by":"Slime Boss","ascension_level":3}}