{"host":"yl0ve2r4amvz5b0f","time":1612572164,"event":{"mods":["2.2 Compatiblity","BaseMod","Bestiary","Block Reminder","Colored Map","Colored Powertips","Highlight Path","Minty Spire (QoL Compilation)","Quick Restart","Random Character Button","Rare Cards Sparkle","Relic Sorter","Relic Stats","StSLib","Synergy Search"],"gold_per_floor":[117,117,130,149,149,188,188,188,213,213,244,263,263,279,279,408,408,424,438,453,453,469,469,502,502,502,522,522,210,233,148,148,268,268,283,283,299,632,632,659,659,685,739,739,739,756,756,773,773,773],"floor_reached":51,"language":"ENG","playtime":2135,"items_purged":["Strike_R"],"score":1012,"play_id":"6e926e53-4d48-4cde-89b4-3f3f35fcd894","local_time":"20210206004244","is_ascension_mode":true,"campfire_choices":[{"data":"Searing Blow","floor":8,"key":"SMITH"},{"data":"Searing Blow+1","floor":10,"key":"SMITH"},{"data":"Searing Blow+2","floor":13,"key":"SMITH"},{"data":"Searing Blow+3","floor":15,"key":"SMITH"},{"data":"Searing Blow+4","floor":23,"key":"SMITH"},{"data":"Searing Blow+5","floor":25,"key":"SMITH"},{"data":"Searing Blow+6","floor":28,"key":"SMITH"},{"data":"Searing Blow+7","floor":32,"key":"SMITH"},{"data":"Searing Blow+8","floor":41,"key":"SMITH"},{"data":"Searing Blow+9","floor":44,"key":"SMITH"},{"data":"Searing Blow+10","floor":49,"key":"SMITH"}],"circlet_count":0,"master_deck":["Defend_R","Defend_R","Defend_R","Bash","Searing Blow+11","Armaments","Headbutt","Shockwave","Double Tap","Sever Soul"],"relics":["Burning Blood","Smiling Mask","Ornamental Fan","Juzu Bracelet","Odd Mushroom","Snecko Eye","Eternal Feather","Mango","Sundial","Vajra","HornCleat","Empty Cage","Singing Bowl","Lantern","Boot"],"acts_visited":["Exordium","TheCity","TheBeyond"],"potions_floor_usage":[],"damage_taken":[{"damage":5,"enemies":"2 Louse","floor":1,"turns":3},{"damage":5,"enemies":"Jaw Worm","floor":3,"turns":4},{"damage":1,"enemies":"Cultist","floor":4,"turns":3},{"damage":20,"enemies":"Gremlin Nob","floor":6,"turns":4},{"damage":23,"enemies":"The Mushroom Lair","floor":11,"turns":5},{"damage":3,"enemies":"2 Fungi Beasts","floor":12,"turns":3},{"damage":12,"enemies":"Exordium Thugs","floor":14,"turns":4},{"damage":26,"enemies":"Slime Boss","floor":16,"turns":8},{"damage":0,"enemies":"Chosen","floor":18,"turns":2},{"damage":5,"enemies":"Spheric Guardian","floor":19,"turns":3},{"damage":2,"enemies":"Chosen and Byrds","floor":20,"turns":4},{"damage":1,"enemies":"Cultist and Chosen","floor":22,"turns":4},{"damage":9,"enemies":"Slavers","floor":24,"turns":4},{"damage":0,"enemies":"Snecko","floor":27,"turns":3},{"damage":0,"enemies":"Collector","floor":33,"turns":3},{"damage":20,"enemies":"3 Darklings","floor":35,"turns":5},{"damage":0,"enemies":"Orb Walker","floor":37,"turns":1},{"damage":4,"enemies":"Giant Head","floor":40,"turns":4},{"damage":0,"enemies":"Nemesis","floor":42,"turns":3},{"damage":2,"enemies":"Jaw Worm Horde","floor":46,"turns":3},{"damage":0,"enemies":"Sphere and 2 Shapes","floor":48,"turns":4},{"damage":65,"enemies":"Awakened One","floor":50,"turns":4}],"seed_played":"1783997757984527","potions_obtained":[{"floor":1,"key":"Swift Potion"},{"floor":4,"key":"Energy Potion"},{"floor":12,"key":"PowerPotion"},{"floor":20,"key":"SkillPotion"}],"is_trial":false,"path_per_floor":["M","?","M","M","?","E","?","R","T","R","?","M","R","M","R","B",null,"M","M","M","?","M","R","E","R","T","M","R","$","T","?","R","B",null,"M","?","M","?","?","E","R","E","T","R","?","M","?","M","R","B",null],"character_chosen":"IRONCLAD","items_purchased":["Sundial"],"campfire_rested":0,"item_purchase_floors":[29],"current_hp_per_floor":[88,81,82,87,65,51,51,51,51,51,34,37,37,31,31,11,88,88,88,88,80,85,85,82,88,102,102,102,102,102,102,102,102,102,88,88,94,94,94,98,104,106,106,106,101,103,103,105,105,46],"gold":773,"neow_bonus":"TEN_PERCENT_HP_BONUS","is_daily":false,"chose_seed":false,"campfire_upgraded":11,"win_rate":0.0,"timestamp":1612572164,"path_taken":["M","?","M","M","?","E","?","R","T","R","?","M","R","M","R","BOSS","M","M","M","?","M","R","E","R","T","M","R","$","?","?","R","BOSS","M","?","M","?","?","E","R","E","T","R","?","M","?","M","R","BOSS"],"items_purchased_type":["Relic"],"build_version":"2020-12-22","purchased_purges":1,"victory":true,"max_hp_per_floor":[88,88,88,88,88,88,88,88,88,88,88,88,88,88,88,88,88,88,88,88,88,88,88,88,88,102,102,102,102,102,102,102,102,102,102,102,102,102,102,104,104,106,106,106,101,103,103,105,105,105],"relic_stats":{"Singing Bowl":8,"counters":[22,81],"Ornamental Fan":[60],"Sundial":[12],"Snecko Eye":[81,76,84,74],"Eternal Feather":12,"Juzu Bracelet":2,"Smiling Mask":25,"Boot":[0],"obtain_stats":[{"Lantern":42,"Singing Bowl":40,"Golden Idol":5,"Vajra":30,"Eternal Feather":24,"Mango":26,"Juzu Bracelet":9,"Odd Mushroom":11,"Smiling Mask":6,"Empty Cage":34,"Boot":43,"Burning Blood":0,"HornCleat":31,"Ornamental Fan":7,"Sundial":29,"Snecko Eye":17},{"Lantern":19,"Singing Bowl":18,"Golden Idol":3,"Vajra":14,"Eternal Feather":13,"Mango":13,"Juzu Bracelet":4,"Odd Mushroom":5,"Smiling Mask":4,"Empty Cage":15,"Boot":19,"Burning Blood":0,"HornCleat":14,"Ornamental Fan":4,"Sundial":14,"Snecko Eye":8},{"Lantern":70,"Singing Bowl":67,"Golden Idol":10,"Vajra":54,"Eternal Feather":51,"Mango":51,"Juzu Bracelet":14,"Odd Mushroom":19,"Smiling Mask":14,"Empty Cage":57,"Boot":70,"Burning Blood":0,"HornCleat":54,"Ornamental Fan":14,"Sundial":54,"Snecko Eye":34}],"Burning Blood":92},"card_choices":[{"not_picked":["True Grit","Sever Soul"],"picked":"Searing Blow","floor":1},{"not_picked":["Iron Wave","Thunderclap"],"picked":"Armaments","floor":3},{"not_picked":["Combust","Heavy Blade","Intimidate"],"picked":"SKIP","floor":4},{"not_picked":["Sever Soul","Immolate"],"picked":"Headbutt","floor":6},{"not_picked":["Clothesline","Sentinel"],"picked":"Shockwave","floor":12},{"not_picked":["True Grit","Flame Barrier","Clothesline"],"picked":"SKIP","floor":14},{"not_picked":["Burning Pact","Warcry","Wild Strike"],"picked":"SKIP","floor":18},{"not_picked":["Pommel Strike","Headbutt","Heavy Blade"],"picked":"SKIP","floor":19},{"not_picked":["Spot Weakness","Iron Wave","Reckless Charge+1"],"picked":"SKIP","floor":20},{"not_picked":["Uppercut+1","Armaments","Offering"],"picked":"SKIP","floor":22},{"not_picked":["Pommel Strike+1","True Grit","Body Slam"],"picked":"SKIP","floor":24},{"not_picked":["Sever Soul","Seeing Red+1","Feel No Pain"],"picked":"SKIP","floor":27},{"not_picked":["Demon Form","Immolate"],"picked":"Double Tap","floor":33},{"not_picked":["Body Slam","True Grit","Combust"],"picked":"SKIP","floor":35},{"not_picked":["Power Through+1","Thunderclap","Iron Wave+1"],"picked":"SKIP","floor":37},{"not_picked":["True Grit","Anger","Cleave"],"picked":"Singing Bowl","floor":40},{"not_picked":["Burning Pact","Feel No Pain","True Grit"],"picked":"Singing Bowl","floor":42},{"not_picked":["Battle Trance","Perfected Strike","Clothesline"],"picked":"Singing Bowl","floor":46},{"not_picked":["Seeing Red","Flex+1","Berserk"],"picked":"Singing Bowl","floor":48}],"player_experience":8178,"relics_obtained":[{"floor":6,"key":"Smiling Mask"},{"floor":9,"key":"Juzu Bracelet"},{"floor":11,"key":"Odd Mushroom"},{"floor":24,"key":"Eternal Feather"},{"floor":26,"key":"Mango"},{"floor":30,"key":"Vajra"},{"floor":40,"key":"Singing Bowl"},{"floor":42,"key":"Lantern"},{"floor":43,"key":"Boot"}],"event_choices":[{"cards_removed":["Strike_R"],"damage_healed":0,"gold_gain":0,"player_choice":"Card Removal","damage_taken":7,"max_hp_gain":0,"max_hp_loss":0,"event_name":"Golden Wing","floor":2,"gold_loss":0},{"damage_healed":0,"gold_gain":0,"player_choice":"Take Damage","damage_taken":22,"relics_obtained":["Golden Idol"],"max_hp_gain":0,"max_hp_loss":0,"event_name":"Golden Idol","floor":5,"gold_loss":0},{"damage_healed":0,"gold_gain":0,"player_choice":"Gave Potion","damage_taken":0,"relics_obtained":["Ornamental Fan"],"max_hp_gain":0,"max_hp_loss":0,"event_name":"WeMeetAgain","floor":7,"gold_loss":0},{"damage_healed":0,"gold_gain":0,"player_choice":"Fought Mushrooms","damage_taken":0,"max_hp_gain":0,"max_hp_loss":0,"event_name":"Mushrooms","floor":11,"gold_loss":0},{"damage_healed":0,"gold_gain":0,"player_choice":"Damaged","damage_taken":8,"max_hp_gain":0,"max_hp_loss":0,"event_name":"Wheel of Change","floor":21,"gold_loss":0},{"damage_healed":0,"gold_gain":0,"player_choice":"Obtained Relic","damage_taken":0,"relics_obtained":["HornCleat"],"max_hp_gain":0,"max_hp_loss":0,"event_name":"Addict","floor":31,"gold_loss":85},{"damage_healed":0,"gold_gain":0,"player_choice":"Ignored","damage_taken":0,"max_hp_gain":0,"max_hp_loss":0,"event_name":"Tomb of Lord Red Mask","floor":36,"gold_loss":0},{"damage_healed":0,"gold_gain":333,"player_choice":"Gave Idol","damage_taken":0,"max_hp_gain":0,"max_hp_loss":0,"event_name":"The Moai Head","floor":38,"relics_lost":["Golden Idol"],"gold_loss":0},{"damage_healed":0,"gold_gain":0,"cards_transformed":["Strike_R"],"player_choice":"Transformed","damage_taken":0,"max_hp_gain":0,"max_hp_loss":0,"event_name":"Transmorgrifier","floor":39,"gold_loss":0,"cards_obtained":["Sever Soul"]},{"damage_healed":0,"gold_gain":0,"player_choice":"Max HP","damage_taken":0,"max_hp_gain":0,"max_hp_loss":5,"event_name":"Winding Halls","floor":45,"gold_loss":0},{"cards_removed":["Defend_R"],"damage_healed":0,"gold_gain":0,"player_choice":"Removed Skill","damage_taken":0,"max_hp_gain":0,"max_hp_loss":0,"event_name":"Falling","floor":47,"gold_loss":0}],"is_beta":false,"boss_relics":[{"not_picked":["Runic Pyramid","Fusion Hammer"],"picked":"Snecko Eye"},{"not_picked":["Runic Dome","Sozu"],"picked":"Empty Cage"}],"items_purged_floors":[29],"is_endless":false,"potions_floor_spawned":[1,4,12,20,24,27,37,48],"ascension_level":1}}