{"host":"KYO","time":1612615167,"event":{"mods":["ATMod(°¢èªMod)","BaseMod","Better Vampires","Minty Spire (QoL Compilation)","Permanent Neow","Replay The Spire","Shop Mod","StSLib","SuperFastMode","TestMod","[IsaacMod]ÒÔÈö¼âËþ","¡¾ÒÅÎï¿¨ÅÆ¡¿REMEMod"],"gold_per_floor":[115,133,133,0,21,21,64,64,64,99,99,140,155,55,55,55,55],"floor_reached":16,"language":"ZHS","playtime":531,"items_purged":["Strike_P","Defend_P"],"score":336,"play_id":"74e51d18-f85c-4cf0-8a49-e33c9a9d62da","local_time":"20210206203927","is_ascension_mode":true,"campfire_choices":[{"data":"Eruption","floor":6.0,"key":"SMITH"},{"floor":15,"key":"DIG"}],"circlet_count":0,"master_deck":["AscendersBane","Strike_P","Strike_P","Defend_P","Defend_P","Defend_P","Eruption+1","Vigilance","Fasting2+1","FollowUp","EmptyFist"],"relics":["HushsDoor","AT_ATBox","REME_ComplimentaryCards","testmod-TestBox","BloodDonationMachine","testmod-StringDisintegrator","Philosopher\u0027s Stone","Golden Idol","Oddly Smooth Stone","Replay:PocketPolymizer","REME_HandOfSuture","Chameleon Ring"],"acts_visited":["Exordium"],"potions_floor_usage":[16],"damage_taken":[{"damage":5.0,"enemies":"Small Slimes","floor":1.0,"turns":5.0},{"damage":0.0,"enemies":"Jaw Worm","floor":2.0,"turns":4.0},{"damage":0.0,"enemies":"Cultist","floor":5.0,"turns":2.0},{"damage":43.0,"enemies":"Gremlin Nob","floor":7.0,"turns":5.0},{"damage":0.0,"enemies":"Lagavulin","floor":10.0,"turns":5.0},{"damage":0.0,"enemies":"Gremlin Nob","floor":12.0,"turns":3.0},{"damage":0.0,"enemies":"Blue Slaver","floor":13.0,"turns":1.0},{"damage":34,"enemies":"Fading Forest","floor":16,"turns":7}],"seed_played":"5730561287180173395","potions_obtained":[{"floor":1.0,"key":"Explosive Potion"},{"floor":5.0,"key":"Doom Potion"},{"floor":10.0,"key":"Venom Potion"}],"is_trial":false,"path_per_floor":["M","M","?","$","M","R","E","$","T","E","?","E","M","$","R","B"],"character_chosen":"WATCHER","items_purchased":["Fasting2+1"],"campfire_rested":0,"item_purchase_floors":[4],"current_hp_per_floor":[56,56,56,55,55,55,12,12,12,12,12,12,12,12,12,0,0],"gold":55,"neow_bonus":"BOSS_RELIC","is_daily":false,"chose_seed":false,"campfire_upgraded":1,"win_rate":0.0,"timestamp":1612615167,"path_taken":["M","M","?","?","M","R","E","$","T","E","?","E","?","$","R","BOSS"],"items_purchased_type":["Card"],"build_version":"2020-12-18","purchased_purges":2,"victory":false,"max_hp_per_floor":[68,68,62,62,62,62,62,62,62,62,62,62,62,62,62,62,62],"card_choices":[{"not_picked":["Halt","WheelKick","Replay:DivineShield"],"picked":"SKIP","floor":1.0},{"not_picked":["Replay:AtTheReady","ClearTheMind","CrushJoints"],"picked":"SKIP","floor":2.0},{"not_picked":["Replay:AtTheReady","ClearTheMind","CrushJoints"],"picked":"SKIP","floor":2.0},{"not_picked":["AT_OneInchPunch","Swivel","Replay:BluntJabs"],"picked":"SKIP","floor":5.0},{"not_picked":["DeusExMachina","CrushJoints"],"picked":"FollowUp","floor":7.0},{"not_picked":["CutThroughFate","Meditate","Replay:AtTheReady"],"picked":"SKIP","floor":10.0},{"not_picked":["Halt","Prostrate","AT_DivineConfetti"],"picked":"SKIP","floor":12.0},{"not_picked":["TalkToTheHand","REME_MusicOfDeath","Swivel"],"picked":"SKIP","floor":13.0}],"player_experience":749089,"relics_obtained":[{"floor":7.0,"key":"Oddly Smooth Stone"},{"floor":10.0,"key":"Replay:PocketPolymizer"},{"floor":12.0,"key":"REME_HandOfSuture"},{"floor":15,"key":"Chameleon Ring"}],"event_choices":[{"damage_healed":0.0,"max_hp_gain":0.0,"max_hp_loss":6.0,"gold_gain":0.0,"event_name":"Golden Idol","player_choice":"Lose Max HP","floor":3.0,"gold_loss":0.0,"damage_taken":0.0,"relics_obtained":["Golden Idol"]},{"damage_healed":0.0,"max_hp_gain":0.0,"max_hp_loss":0.0,"gold_gain":0.0,"event_name":"Shining Light","player_choice":"Ignored","floor":11.0,"gold_loss":0.0,"damage_taken":0.0}],"is_beta":true,"boss_relics":[],"items_purged_floors":[4,14],"is_endless":false,"potions_floor_spawned":[1,5,10],"killed_by":"Fading Forest","ascension_level":20}}