{"host":"yg1n0qads92lo9wl","time":1612591548,"event":{"mods":["BaseMod","Downfall","Luminous","Minty Spire (QoL Compilation)","StSLib","Warlord Emblem"],"gold_per_floor":[0,17,36,136,153,182,206,206,206,232,292,105,117,147,158,259,259,259,275,325,675,685,752,776,776,807,826,876,926,926,1025,1042,1146,1146,1146,1196,635,653,668,682,682,699,715,730,833,883,883,883],"floor_reached":46,"language":"ZHS","playtime":4272,"items_purged":["Pain","Doubt"],"score":539,"play_id":"18b397ee-faca-496a-a4de-dd0682764dd0","local_time":"20210206140547","is_ascension_mode":false,"campfire_choices":[{"data":"Guardian:GatlingBeam","floor":1.0,"key":"SMITH"},{"data":"Guardian:Suspension","floor":8.0,"key":"SMITH"},{"data":"Guardian:StasisStrike","floor":18.0,"key":"SMITH"},{"floor":25.0,"key":"REST"},{"data":"Guardian:Emergency","floor":30.0,"key":"SMITH"},{"data":"Guardian:FierceBash","floor":35.0,"key":"SMITH"}],"circlet_count":0,"master_deck":["Guardian:Strike_Guardian","Guardian:Strike_Guardian","Guardian:Strike_Guardian","Guardian:Strike_Guardian","Guardian:Defend_Guardian","Guardian:Defend_Guardian","Guardian:Defend_Guardian","Guardian:Defend_Guardian","Guardian:CurlUp","Guardian:TwinSlam","Guardian:GatlingBeam+1","Guardian:WalkerClaw","Guardian:Planning","Guardian:ChargeCore","Guardian:Suspension+1","Guardian:TimeSifter","Guardian:DonusPower","Guardian:Emergency+1","Guardian:TimeBomb","expansioncontent:AwakenDeath","Guardian:TemporalStrike","Guardian:Recover","Guardian:StasisStrike+1","Guardian:Preprogram","Guardian:ShieldCharger","Guardian:FierceBash+1","Guardian:Suspension","Guardian:FierceBash","Guardian:Gem_Yellow","Guardian:Gem_Yellow","downfall:Icky","Guardian:TemporalShield+1","Guardian:SentryBeam","Guardian:Incinerate","Guardian:Reroute+1","Guardian:SentryBeam","Guardian:Gem_Yellow"],"relics":["Guardian:ModeShifter","Tiny Chest","MealTicket","SsserpentHead","Bag of Preparation","Regal Pillow","Cursed Key","Old Coin","Dream Catcher","Ancient Tea Set","Toy Ornithopter","SlaversCollar","Bag of Marbles","Membership Card","PreservedInsect","Ornamental Fan","Toxic Egg 2"],"acts_visited":["Exordium","TheCity","TheBeyond"],"potions_floor_usage":[45],"damage_taken":[{"damage":0.0,"enemies":"Cultist","floor":2.0,"turns":3.0},{"damage":0.0,"enemies":"2 Louse","floor":3.0,"turns":3.0},{"damage":3.0,"enemies":"Small Slimes","floor":5.0,"turns":3.0},{"damage":26.0,"enemies":"Lagavulin","floor":6.0,"turns":10.0},{"damage":8.0,"enemies":"Gremlin Nob","floor":10.0,"turns":4.0},{"damage":4.0,"enemies":"Gremlin Gang","floor":11.0,"turns":5.0},{"damage":10.0,"enemies":"downfall:FleeingMerchant","floor":12.0,"turns":4.0},{"damage":0.0,"enemies":"Large Slime","floor":13.0,"turns":4.0},{"damage":0.0,"enemies":"3 Sentries","floor":14.0,"turns":1.0},{"damage":8.0,"enemies":"Exordium Wildlife","floor":15.0,"turns":4.0},{"damage":35.0,"enemies":"IC_STATUS_ARCHETYPE","floor":16.0,"turns":11.0},{"damage":5.0,"enemies":"Chosen","floor":19.0,"turns":4.0},{"damage":16.0,"enemies":"3 Byrds","floor":22.0,"turns":3.0},{"damage":39.0,"enemies":"Snake Plant","floor":23.0,"turns":5.0},{"damage":21.0,"enemies":"Gremlin Leader","floor":26.0,"turns":6.0},{"damage":5.0,"enemies":"Snecko","floor":27.0,"turns":6.0},{"damage":6.0,"enemies":"Cultist and Chosen","floor":32.0,"turns":4.0},{"damage":35.0,"enemies":"WA_ARCHETYPE_CALM","floor":33.0,"turns":12.0},{"damage":8.0,"enemies":"downfall:FleeingMerchant","floor":37.0,"turns":4.0},{"damage":8.0,"enemies":"Orb Walker","floor":38.0,"turns":3.0},{"damage":12.0,"enemies":"3 Shapes","floor":39.0,"turns":4.0},{"damage":16.0,"enemies":"Transient","floor":40.0,"turns":5.0},{"damage":23.0,"enemies":"Sphere and 2 Shapes","floor":42.0,"turns":8.0},{"damage":24.0,"enemies":"Jaw Worm Horde","floor":43.0,"turns":4.0},{"damage":10.0,"enemies":"3 Darklings","floor":44.0,"turns":5.0},{"damage":15,"enemies":"downfall:FleeingMerchant","floor":45,"turns":4},{"damage":10,"enemies":"Sphere and 2 Shapes","floor":46,"turns":2}],"seed_played":"6038497325803479319","potions_obtained":[{"floor":3.0,"key":"Explosive Potion"},{"floor":5.0,"key":"AttackPotion"},{"floor":10.0,"key":"Ancient Potion"},{"floor":14.0,"key":"ColorlessPotion"},{"floor":15.0,"key":"LiquidBronze"},{"floor":23.0,"key":"Dexterity Potion"},{"floor":27.0,"key":"champ:CounterPotion"},{"floor":32.0,"key":"EntropicBrew"},{"floor":38.0,"key":"Energy Potion"},{"floor":43.0,"key":"Fire Potion"},{"floor":44.0,"key":"Dexterity Potion"}],"is_trial":false,"path_per_floor":["R","M","M","?","M","E","T","R","?","E","M","$","M","E","M","B",null,"R","M","?","T","M","M","T","R","E","M","?","?","R","T","M","B",null,"R","?","$","M","M","M","T","M","M","M","?","M"],"character_chosen":"GUARDIAN","items_purchased":["Guardian:TimeBomb","expansioncontent:AwakenDeath","Bag of Marbles","Membership Card","PreservedInsect","Guardian:FierceBash","Regen Potion","AttackPotion","Toxic Egg 2","Fire Potion","Guardian:SentryBeam","Guardian:Gem_Yellow"],"campfire_rested":1,"item_purchase_floors":[12,12,37,37,37,37,37,37,45,45,45,45],"current_hp_per_floor":[80,80,80,80,77,51,51,51,51,43,39,44,44,44,36,1,80,80,75,75,75,59,20,20,59,38,33,33,33,33,33,27,37,80,80,92,84,76,64,53,53,30,28,18,8,0,0,0],"gold":883,"neow_bonus":"THREE_RARE_CARDS","is_daily":false,"chose_seed":false,"campfire_upgraded":5,"win_rate":0.0,"timestamp":1612591547,"path_taken":["R","M","?","?","?","E","T","R","?","E","?","$","M","E","M","BOSS","R","M","?","?","M","?","T","R","E","M","?","?","R","?","M","BOSS","R","?","$","M","M","M","T","M","M","M","?","?"],"items_purchased_type":["Card","Card","Relic","Relic","Relic","Card","Potion","Potion","Relic","Potion","Card","Card"],"build_version":"2020-12-22","purchased_purges":2,"victory":false,"max_hp_per_floor":[80,80,80,80,80,80,80,80,80,80,80,80,80,80,80,80,80,80,80,80,80,80,80,80,80,80,80,80,80,80,80,80,80,80,80,92,92,92,92,92,92,92,92,92,92,92,92,92],"card_choices":[{"not_picked":["Guardian:BaubleBeam","Guardian:StasisField"],"picked":"Guardian:GatlingBeam","floor":0.0},{"not_picked":["Guardian:CrystalBeam","Guardian:Orbwalk"],"picked":"Guardian:WalkerClaw","floor":2.0},{"not_picked":["Guardian:PrimingBeam","Guardian:Reroute"],"picked":"Guardian:Planning","floor":3.0},{"not_picked":["Guardian:PrismaticBarrier","Guardian:RollAttack"],"picked":"Guardian:ChargeCore","floor":5.0},{"not_picked":["Guardian:Emergency","Guardian:Incinerate"],"picked":"Guardian:Suspension","floor":6.0},{"not_picked":["Guardian:Incinerate","Guardian:ChargeCore"],"picked":"Guardian:TimeSifter","floor":10.0},{"not_picked":["Guardian:SpikerProtocol","Guardian:Gem_Cyan"],"picked":"Guardian:DonusPower","floor":11.0},{"not_picked":["Guardian:VentSteam","Guardian:GuardianWhirl"],"picked":"Guardian:Emergency","floor":12.0},{"not_picked":["Guardian:PiercingHide","Guardian:WalkerClaw"],"picked":"Guardian:TemporalStrike","floor":13.0},{"not_picked":["Guardian:MultiBeam","Guardian:Harden"],"picked":"Guardian:Gem_Orange","floor":14.0},{"not_picked":["Guardian:RollAttack","Guardian:DecasProtection"],"picked":"Guardian:Recover","floor":15.0},{"not_picked":["Guardian:AncientConstruct","Guardian:FierceBash"],"picked":"Guardian:StasisStrike","floor":16.0},{"not_picked":["Guardian:Planning+1","Guardian:TemporalShield"],"picked":"Guardian:Preprogram","floor":19.0},{"not_picked":["Guardian:PiercingHide","Guardian:Gem_Lightblue"],"picked":"Guardian:Gem_Red","floor":22.0},{"not_picked":["Guardian:Gem_Fragmented","Guardian:Planning+1"],"picked":"Guardian:ShieldCharger","floor":23.0},{"not_picked":["Guardian:TemporalShield","Guardian:PrimingBeam"],"picked":"Guardian:Gem_Green","floor":25.0},{"not_picked":["Guardian:CrystalBeam","Guardian:Preprogram"],"picked":"Guardian:Gem_Purple","floor":26.0},{"not_picked":["Guardian:PrismaticBeam+1","Guardian:Preprogram"],"picked":"Guardian:Gem_Fragmented","floor":27.0},{"not_picked":["Guardian:Recover","Guardian:Planning"],"picked":"Guardian:Gem_Cyan","floor":32.0},{"not_picked":["Guardian:GatlingBeam","Guardian:Gem_Orange"],"picked":"Guardian:FierceBash","floor":33.0},{"not_picked":["Guardian:Gem_Green","Guardian:PrismaticBarrier"],"picked":"Guardian:Suspension","floor":37.0},{"not_picked":["Guardian:FloatingOrbs+1","Guardian:Gem_Cyan"],"picked":"Guardian:Gem_Yellow","floor":38.0},{"not_picked":["Guardian:DecasProtection+1","Guardian:PrimingBeam+1","Guardian:Gem_Purple"],"picked":"SKIP","floor":39.0},{"not_picked":["Guardian:BronzeOrb","Guardian:PiercingHide+1"],"picked":"Guardian:Gem_Yellow","floor":40.0},{"not_picked":["Guardian:Gem_Green","Guardian:Recover+1"],"picked":"Guardian:TemporalShield+1","floor":42.0},{"not_picked":["Guardian:Recover+1","Guardian:BronzeArmor"],"picked":"Guardian:SentryBeam","floor":43.0},{"not_picked":["Guardian:DecasProtection","Guardian:StasisStrike"],"picked":"Guardian:Incinerate","floor":44.0},{"not_picked":["Guardian:BronzeArmor+1","Guardian:WalkerClaw+1"],"picked":"Guardian:Reroute+1","floor":45}],"player_experience":357718,"relics_obtained":[{"floor":6.0,"key":"Tiny Chest"},{"floor":7.0,"key":"MealTicket"},{"floor":10.0,"key":"Bag of Preparation"},{"floor":14.0,"key":"Regal Pillow"},{"floor":21.0,"key":"Old Coin"},{"floor":24.0,"key":"Dream Catcher"},{"floor":26.0,"key":"Ancient Tea Set"},{"floor":31.0,"key":"Toy Ornithopter"},{"floor":41.0,"key":"Ornamental Fan"}],"event_choices":[{"damage_healed":0.0,"max_hp_gain":0.0,"max_hp_loss":0.0,"gold_gain":0.0,"event_name":"FaceTrader","player_choice":"Trade","floor":9.0,"gold_loss":0.0,"damage_taken":0.0,"relics_obtained":["SsserpentHead"]},{"damage_healed":0.0,"max_hp_gain":0.0,"max_hp_loss":0.0,"gold_gain":0.0,"event_name":"Ghosts","player_choice":"Ignored","floor":20.0,"gold_loss":0.0,"damage_taken":0.0}],"is_beta":false,"boss_relics":[{"not_picked":["Fusion Hammer","Guardian:StasisSlotReductionRelic"],"picked":"Cursed Key"},{"not_picked":["Tiny House","Runic Dome"],"picked":"SlaversCollar"}],"items_purged_floors":[37,45],"is_endless":false,"potions_floor_spawned":[3,5,10,14,15,23,27,32,38,43,44],"killed_by":"Sphere and 2 Shapes","ascension_level":0}}