{"host":"bvp2uifzy1c463d9","time":1612646635,"event":{"mods":["AchievementEnabler","BaseMod","Block Reminder","ChefMod","Colored Map","Colored Powertips","Hermit","Highlight Path","Infinite Spire","Minty Spire (QoL Compilation)","Random Character Button","Relic Sorter","Relic Stats","Reliquary","Replay The Spire","StSLib","The Jungle","The Servant 0.9.4"],"gold_per_floor":[119,129,141,156,2,2,35,53,53,53,73,83,93,112,112,210,210,230,230,52,66,66,95,292,306,306,316,316,333,346,346,346],"floor_reached":31,"language":"ENG","playtime":2420,"items_purged":["Clumsy","chefmod:Strike"],"score":265,"play_id":"a8579f31-9d53-4bf9-8b73-08fb51fe1eed","local_time":"20210206152355","is_ascension_mode":false,"campfire_choices":[{"data":"chefmod:QuickThaw","floor":6,"key":"SMITH"},{"data":"chefmod:Puree","floor":10,"key":"SMITH"},{"floor":28,"key":"REST"}],"circlet_count":0,"master_deck":["chefmod:QuickThaw+1","chefmod:Defend","chefmod:Defend","chefmod:TodaysSpecial","chefmod:Puree+1","chefmod:Defrost","chefmod:Sorbet","chefmod:BleedOut+1","chefmod:TonkotsuRamen","chefmod:Granita","chefmod:Escargot","chefmod:IcePick","chefmod:Gelato","chefmod:FarmersMarket","chefmod:ColdSteel","chefmod:OrderUp","chefmod:Julienne","chefmod:FreezeSolid","chefmod:ColdSteel","chefmod:QuickChop","ReplayTheSpireMod:Splinters","chefmod:Fillet","chefmod:Sorbet"],"relics":["Kintsugi","Art of War","Replay:WaspNest","SlaversCollar","MutagenicStrength","infinitespire:Golems Mask","reliquary:JackalopeAntler"],"acts_visited":["Exordium","TheCity"],"potions_floor_usage":[18,27,31,31,31],"damage_taken":[{"damage":0,"enemies":"Cultist","floor":1,"turns":4},{"damage":0,"enemies":"Small Slimes","floor":2,"turns":4},{"damage":3,"enemies":"2 Louse","floor":3,"turns":3},{"damage":0,"enemies":"Looter","floor":4,"turns":3},{"damage":35,"enemies":"Gremlin Nob","floor":7,"turns":7},{"damage":1,"enemies":"Exordium Wildlife","floor":8,"turns":7},{"damage":0,"enemies":"3 Louse","floor":11,"turns":3},{"damage":0,"enemies":"Looter","floor":12,"turns":2},{"damage":13,"enemies":"Lots of Slimes","floor":13,"turns":6},{"damage":9,"enemies":"2 Fungi Beasts","floor":14,"turns":3},{"damage":18,"enemies":"The Guardian","floor":16,"turns":10},{"damage":16,"enemies":"Spheric Guardian","floor":18,"turns":5},{"damage":17,"enemies":"2 Thieves","floor":21,"turns":5},{"damage":21,"enemies":"Book of Stabbing","floor":23,"turns":6},{"damage":2,"enemies":"Centurion and Healer","floor":25,"turns":6},{"damage":6,"enemies":"Chosen and Byrds","floor":27,"turns":6},{"damage":25,"enemies":"Cultist and Chosen","floor":29,"turns":6},{"damage":10,"enemies":"Centurion and Healer","floor":30,"turns":6},{"damage":1,"enemies":"Replay:Snechameleon","floor":31,"turns":1}],"seed_played":"2844035439605540770","potions_obtained":[{"floor":2,"key":"Adrenaline Potion"},{"floor":4,"key":"GamblersBrew"},{"floor":7,"key":"Milkshake"},{"floor":18,"key":"chefmod:PotionOfPlenty"},{"floor":25,"key":"chefmod:AntifreezePotion"},{"floor":29,"key":"Milkshake"}],"is_trial":false,"path_per_floor":["M","M","M","M","$","R","E","M","T","R","M","M","M","M","R_BF","B",null,"M","?","$","M","?","E","?","M","T","M","R","M","M","E"],"character_chosen":"THE_CHEF","items_purchased":["chefmod:TonkotsuRamen","chefmod:FreezeSolid"],"campfire_rested":1,"item_purchase_floors":[5,20],"current_hp_per_floor":[76,76,73,73,73,73,38,37,37,37,37,37,24,15,37,19,76,60,60,60,43,43,22,22,20,20,14,36,11,1,0,0],"gold":346,"neow_bonus":"BOSS_RELIC","is_daily":false,"chose_seed":false,"campfire_upgraded":2,"win_rate":0.0,"timestamp":1612646635,"path_taken":["M","M","M","M","?","R","E","M","T","R","M","?","M","M","R_BF","BOSS","M","?","$","M","?","E","?","M","T","M","R","M","?","E"],"items_purchased_type":["Card","Card"],"build_version":"2020-12-22","purchased_purges":2,"victory":false,"max_hp_per_floor":[76,76,76,76,76,76,76,76,76,76,76,76,76,76,76,76,76,76,76,76,76,76,76,76,76,76,76,76,76,76,76,76],"relic_stats":{"counters":[19,93],"Art of War":[5],"obtain_stats":[{"reliquary:JackalopeAntler":26,"chefmod:TrustyPot":0,"SlaversCollar":17,"MutagenicStrength":22,"infinitespire:Golems Mask":23,"Replay:WaspNest":9,"Art of War":7,"Kintsugi":0},{"reliquary:JackalopeAntler":15,"chefmod:TrustyPot":0,"SlaversCollar":11,"MutagenicStrength":13,"infinitespire:Golems Mask":14,"Replay:WaspNest":6,"Art of War":5,"Kintsugi":0},{"reliquary:JackalopeAntler":74,"chefmod:TrustyPot":0,"SlaversCollar":52,"MutagenicStrength":62,"infinitespire:Golems Mask":68,"Replay:WaspNest":28,"Art of War":21,"Kintsugi":0}]},"card_choices":[{"not_picked":["chefmod:BaoBuns","chefmod:Gelato"],"picked":"chefmod:Puree","floor":1},{"not_picked":["chefmod:OldCookbook","chefmod:FreezerBurn"],"picked":"chefmod:Defrost","floor":2},{"not_picked":["chefmod:BaoBuns","chefmod:Defrost"],"picked":"chefmod:Sorbet","floor":3},{"not_picked":["chefmod:CayenneCloud","chefmod:KnifeFlurry"],"picked":"chefmod:BleedOut","floor":4},{"not_picked":["chefmod:BleedOut","chefmod:TonkotsuRamen"],"picked":"chefmod:Granita","floor":7},{"not_picked":["chefmod:DoubleChop","chefmod:LocoMoco"],"picked":"chefmod:Escargot","floor":8},{"not_picked":["chefmod:FryPan","chefmod:SliceAndDice"],"picked":"chefmod:IcePick","floor":11},{"not_picked":["chefmod:Sorbet","chefmod:FryPan"],"picked":"chefmod:Gelato","floor":12},{"not_picked":["chefmod:AllYouCanEat","chefmod:DinoKale"],"picked":"chefmod:FarmersMarket","floor":13},{"not_picked":["chefmod:SliceAndDice","chefmod:Gelato"],"picked":"chefmod:ColdSteel","floor":14},{"not_picked":["chefmod:DeathByChocolate","chefmod:Canape"],"picked":"chefmod:OrderUp","floor":16},{"not_picked":["chefmod:BaoBuns+1","chefmod:FryPan"],"picked":"chefmod:Julienne","floor":18},{"not_picked":["chefmod:BaoBuns","chefmod:FullBurn"],"picked":"chefmod:ColdSteel","floor":21},{"not_picked":["chefmod:Sorbet","chefmod:SliceAndDice"],"picked":"chefmod:QuickChop","floor":23},{"not_picked":["chefmod:HotSoup","chefmod:Chop"],"picked":"chefmod:Fillet","floor":24},{"not_picked":["chefmod:FireUp","chefmod:DimSum","chefmod:NewMenu"],"picked":"SKIP","floor":25},{"not_picked":["chefmod:CleanHouse","chefmod:Cleavers"],"picked":"chefmod:Sorbet","floor":27},{"not_picked":["chefmod:ColdSteel+1","chefmod:SearedScallops","chefmod:Granita"],"picked":"SKIP","floor":29},{"not_picked":["chefmod:CuttingBoard+1","chefmod:DinoKale","chefmod:Granita"],"picked":"SKIP","floor":30}],"player_experience":265474,"relics_obtained":[{"floor":7,"key":"Art of War"},{"floor":9,"key":"Replay:WaspNest"},{"floor":23,"key":"infinitespire:Golems Mask"},{"floor":26,"key":"reliquary:JackalopeAntler"}],"event_choices":[{"cards_removed":["Hallucinations"],"damage_healed":0,"gold_gain":0,"player_choice":"Elegance","damage_taken":0,"max_hp_gain":0,"max_hp_loss":0,"event_name":"Back to Basics","floor":19,"gold_loss":0},{"damage_healed":0,"gold_gain":0,"player_choice":"Inject Mutagens","damage_taken":0,"relics_obtained":["MutagenicStrength"],"max_hp_gain":0,"max_hp_loss":0,"event_name":"Drug Dealer","floor":22,"gold_loss":0}],"is_beta":false,"boss_relics":[{"not_picked":["SacredBark","chefmod:PepperMill"],"picked":"SlaversCollar"}],"items_purged_floors":[5,20],"is_endless":false,"potions_floor_spawned":[2,4,7,13,16,18,25,29],"killed_by":"Replay:Snechameleon","ascension_level":0}}