{"host":"Alvar","time":1612607739,"event":{"mods":["AchievementEnabler","BaseMod","Minty Spire (QoL Compilation)","StSLib"],"gold_per_floor":[116,135,152,152,179,179,207,43,70,114,141,141,183,205,205,285,366,386,365,23,32,50,85,85,85],"floor_reached":24,"language":"ENG","playtime":892,"items_purged":[],"score":468,"play_id":"fe33fff7-8184-415a-a8ec-292a72e6876f","local_time":"20210206173539","is_ascension_mode":true,"campfire_choices":[{"data":"Poisoned Stab","floor":6.0,"key":"SMITH"},{"floor":12.0,"key":"REST"},{"floor":15.0,"key":"DIG"}],"circlet_count":0,"master_deck":["AscendersBane","Survivor","Neutralize","Deadly Poison","Poisoned Stab+1","Quick Slash","Blade Dance","Leg Sweep","Noxious Fumes","Well Laid Plans","Crippling Poison","Dagger Spray","Die Die Die","Quick Slash","Slice","Burst","Dodge and Roll","Distraction","Blur","Wraith Form v2","Backflip","Dash+1","Acrobatics","Glass Knife","Predator","Escape Plan"],"relics":["Philosopher\u0027s Stone","War Paint","Ice Cream","CeramicFish","Shovel","Akabeko","Tiny Chest","Pandora\u0027s Box","OrangePellets","Blood Vial","FossilizedHelix"],"acts_visited":["Exordium","TheCity"],"potions_floor_usage":[23],"damage_taken":[{"damage":0.0,"enemies":"2 Louse","floor":1.0,"turns":5.0},{"damage":8.0,"enemies":"Jaw Worm","floor":2.0,"turns":4.0},{"damage":7.0,"enemies":"Cultist","floor":3.0,"turns":3.0},{"damage":13.0,"enemies":"3 Sentries","floor":7.0,"turns":10.0},{"damage":14.0,"enemies":"Lagavulin","floor":10.0,"turns":6.0},{"damage":14.0,"enemies":"Large Slime","floor":11.0,"turns":5.0},{"damage":21.0,"enemies":"Gremlin Nob","floor":13.0,"turns":4.0},{"damage":0.0,"enemies":"3 Louse","floor":14.0,"turns":3.0},{"damage":8.0,"enemies":"Slime Boss","floor":16.0,"turns":8.0},{"damage":3.0,"enemies":"Chosen","floor":18.0,"turns":5.0},{"damage":8.0,"enemies":"2 Thieves","floor":19.0,"turns":4.0},{"damage":25,"enemies":"Slavers","floor":23,"turns":6},{"damage":25,"enemies":"Chosen and Byrds","floor":24,"turns":3}],"seed_played":"646619369253704621","potions_obtained":[{"floor":2.0,"key":"Fire Potion"},{"floor":10.0,"key":"LiquidBronze"},{"floor":13.0,"key":"EssenceOfSteel"},{"floor":14.0,"key":"Fire Potion"},{"floor":16.0,"key":"Dexterity Potion"}],"is_trial":false,"path_per_floor":["M","M","M","?","T","R","E","$","T","E","M","R","E","M","R","B",null,"M","M","$","?","?","E","M"],"character_chosen":"THE_SILENT","items_purchased":["Leg Sweep","Regen Potion","OrangePellets","Blood Vial"],"campfire_rested":1,"item_purchase_floors":[8,8,20,20],"current_hp_per_floor":[59,51,44,37,37,37,24,24,24,25,11,30,9,9,9,1,50,47,39,39,39,39,16,0,0],"gold":85,"neow_bonus":"BOSS_RELIC","is_daily":false,"chose_seed":false,"campfire_upgraded":1,"win_rate":0.0,"timestamp":1612607739,"path_taken":["M","M","M","?","?","R","E","$","T","E","M","R","E","?","R","BOSS","M","M","$","?","?","E","M"],"items_purchased_type":["Card","Potion","Relic","Relic"],"build_version":"2020-12-18","purchased_purges":0,"victory":false,"max_hp_per_floor":[66,66,66,66,66,66,66,66,66,66,66,66,66,66,66,66,66,66,66,66,66,66,66,66,66],"card_choices":[{"not_picked":["Slice","Setup"],"picked":"Deadly Poison","floor":1.0},{"not_picked":["Quick Slash","Slice"],"picked":"Poisoned Stab","floor":2.0},{"not_picked":["Tactician","PiercingWail"],"picked":"Quick Slash","floor":3.0},{"not_picked":["Eviscerate","Slice"],"picked":"Blade Dance","floor":7.0},{"not_picked":["Caltrops","Heel Hook"],"picked":"Noxious Fumes","floor":10.0},{"not_picked":["Slice","Blade Dance"],"picked":"Well Laid Plans","floor":11.0},{"not_picked":["All Out Attack","Venomology"],"picked":"Crippling Poison","floor":13.0},{"not_picked":["PiercingWail","Sucker Punch"],"picked":"Dagger Spray","floor":14.0},{"not_picked":["Glass Knife","A Thousand Cuts"],"picked":"Die Die Die","floor":16.0},{"not_picked":["Cloak And Dagger","Flechettes"],"picked":"Backflip","floor":18.0},{"not_picked":["Setup","Outmaneuver"],"picked":"Dash+1","floor":19.0},{"not_picked":["Storm of Steel","Deflect"],"picked":"Escape Plan","floor":23}],"player_experience":800528,"relics_obtained":[{"floor":5.0,"key":"War Paint"},{"floor":7.0,"key":"Ice Cream"},{"floor":9.0,"key":"CeramicFish"},{"floor":10.0,"key":"Shovel"},{"floor":13.0,"key":"Akabeko"},{"floor":15.0,"key":"Tiny Chest"},{"floor":23,"key":"FossilizedHelix"}],"event_choices":[{"cards_removed":["Strike_G"],"damage_healed":0.0,"max_hp_gain":0.0,"max_hp_loss":0.0,"gold_gain":0.0,"event_name":"Golden Wing","player_choice":"Card Removal","floor":4.0,"gold_loss":0.0,"damage_taken":7.0},{"damage_healed":0.0,"max_hp_gain":0.0,"max_hp_loss":0.0,"gold_gain":0.0,"event_name":"The Library","player_choice":"Read","floor":21.0,"gold_loss":0.0,"damage_taken":0.0,"cards_obtained":["Acrobatics"]},{"damage_healed":0.0,"max_hp_gain":0.0,"max_hp_loss":0.0,"gold_gain":0.0,"cards_transformed":["Setup","Choke"],"event_name":"Drug Dealer","player_choice":"Became Test Subject","floor":22.0,"gold_loss":0.0,"damage_taken":0.0,"cards_obtained":["Glass Knife","Predator"]}],"is_beta":true,"boss_relics":[{"not_picked":["Ectoplasm","Coffee Dripper"],"picked":"Pandora\u0027s Box"}],"items_purged_floors":[],"is_endless":false,"potions_floor_spawned":[2,10,13,14,16],"killed_by":"Chosen and Byrds","ascension_level":20}}