{"host":"i4vlfbz13gs2xtdj","time":1612647760,"event":{"mods":["2.2 Compatiblity","AchievementEnabler","Act Like it!","Arknights","Aspiration","BaseMod","Better Altar","Better Match","Better Note","Better Sensory Stone","Better Skull","Better Third Choice","BetterRewards","Colored Map","Elementarium","Energized Spire","Fox Events","Friendly Minions","GifTheSpireLib","Halation","Hubris","Infinite Spire","Jedi Mod","Minty Spire (QoL Compilation)","Pale of the Ancients","Potionbrewer","Replay The Spire","Shop Mod","Somnambulant","Spikes Relics","StSLib","Stuff the Spire","The Jungle","The Marked","The Sage","Trackpad"],"gold_per_floor":[112,34,34,34,53,53,117,128,207,220,170,170,23,36,36,132,132,150,165,165,177,177,177,177,194,194,194,194],"floor_reached":27,"language":"ENG","playtime":3949,"items_purged":[],"score":203,"play_id":"c31f8f3f-87a0-4804-a8df-63a97adc14d4","local_time":"20210206164240","is_ascension_mode":false,"campfire_choices":[{"data":"ats:Emotion Absorption","floor":6.0,"key":"SMITH"},{"data":"ats:Closed Bolt Burst Fire","floor":12.0,"key":"SMITH"},{"data":"ats:Rat Pack","floor":15.0,"key":"SMITH"},{"data":"ats:Flexible Camouflage","floor":23,"key":"SMITH"}],"circlet_count":0,"master_deck":["ats:Strike G","ats:Strike S","ats:Strike V","ats:Armor Crushing Shot","ats:Defend","ats:Defend","ats:Defend","ats:Defend","ats:Emotion Absorption+1","ats:Hammer On","ats:Guard Mode","ats:Blood Oath","ats:Rat Pack+1","ats:Wolf Pack","ats:Flexible Camouflage+1","ats:Assault Order+1","ats:Hammer On","ats:Durian"],"relics":["ats:Sanity","NeowsBlessing","Gambling Chip","aspiration:BabyByrd","BlackRope","jedi:HeartOfTheCards","Anchor","aspiration:FutureDiary"],"acts_visited":["Exordium","Exordium"],"potions_floor_usage":[25],"damage_taken":[{"damage":0.0,"enemies":"2 Louse","floor":1.0,"turns":1.0},{"damage":0.0,"enemies":"Small Slimes","floor":5.0,"turns":1.0},{"damage":0.0,"enemies":"Lagavulin Event","floor":7.0,"turns":1.0},{"damage":7.0,"enemies":"Jaw Worm","floor":8.0,"turns":4.0},{"damage":0.0,"enemies":"Large Slime","floor":10.0,"turns":2.0},{"damage":0.0,"enemies":"3 Louse","floor":14.0,"turns":2.0},{"damage":51.0,"enemies":"Hexaghost","floor":16.0,"turns":12.0},{"damage":1.0,"enemies":"theJungle:5_Spyders","floor":18.0,"turns":7.0},{"damage":0.0,"enemies":"theJungle:MUSHROOMGANG","floor":19.0,"turns":4.0},{"damage":24,"enemies":"theJungle:2_Snecko_Cultists","floor":21,"turns":7},{"damage":58,"enemies":"theJungle:2_Flameangoes","floor":25,"turns":11},{"damage":47,"enemies":"theJungle:SlimyTreeVines","floor":27,"turns":13}],"seed_played":"8545275723443898386","potions_obtained":[{"floor":5.0,"key":"potionbrewer:DiscountPotion"},{"floor":10.0,"key":"FairyPotion"},{"floor":14.0,"key":"potionbrewer:ToxicPotion"},{"floor":21,"key":"DistilledChaos"}],"is_trial":false,"path_per_floor":["M","$","?","?","M","R","?","M","T","M","?","R","$","M","R","B",null,"M","M","?","M","?","R","?","M","T","M"],"character_chosen":"DOCTOR_CLASS","items_purchased":["jedi:StrikingPotion","Anchor"],"campfire_rested":0,"item_purchase_floors":[2,13],"current_hp_per_floor":[72,72,60,60,60,60,60,53,53,53,53,53,53,53,53,17,72,72,72,72,51,51,51,51,5,5,0,0],"gold":194,"neow_bonus":"THREE_ENEMY_KILL","is_daily":false,"chose_seed":false,"campfire_upgraded":4,"win_rate":0.0,"timestamp":1612647760,"path_taken":["M","$","?","?","M","R","?","M","T","?","?","R","$","M","R","BOSS","M","M","?","M","?","R","?","?","T","M"],"items_purchased_type":["Potion","Relic"],"build_version":"2020-12-22","purchased_purges":0,"victory":false,"max_hp_per_floor":[72,72,72,72,72,72,72,72,72,72,72,72,72,72,72,72,72,72,72,72,72,72,72,72,72,72,72,72],"card_choices":[{"not_picked":["ats:Part Time Job","ats:Very Hot Blade"],"picked":"ats:Closed Bolt Burst Fire","floor":1.0},{"not_picked":["ats:Burning Ground","ats:Poison Spread"],"picked":"ats:Hammer On","floor":5.0},{"not_picked":["ats:Flexible Camouflage","ats:Roar Of Ursus"],"picked":"ats:Guard Mode","floor":7.0},{"not_picked":["ats:Flexible Camouflage","ats:Very Hot Blade"],"picked":"ats:Blood Oath","floor":8.0},{"not_picked":["ats:Steam Pump","ats:Absolute Focus","ats:Collapsing Strike"],"picked":"SKIP","floor":10.0},{"not_picked":["ats:Revitalization","ats:Flame Of Heaven"],"picked":"ats:Rat Pack","floor":14.0},{"not_picked":["ats:Echo Reverb","ats:Durian"],"picked":"ats:Wolf Pack","floor":16.0},{"not_picked":["ats:Neurotoxin","ats:Phantom"],"picked":"ats:Flexible Camouflage","floor":18.0},{"not_picked":["ats:Hammer On","ats:Flexible Camouflage"],"picked":"ats:Assault Order+1","floor":19.0},{"not_picked":["ats:Blood Oath","ats:Revitalization"],"picked":"ats:Hammer On","floor":21},{"not_picked":["ats:Healing Strengthening","ats:Guard Mode","ats:Flexible Camouflage+1"],"picked":"SKIP","floor":25}],"player_experience":288662,"relics_obtained":[{"floor":9.0,"key":"jedi:HeartOfTheCards"}],"event_choices":[{"damage_healed":0.0,"max_hp_gain":0.0,"max_hp_loss":0.0,"gold_gain":0.0,"event_name":"betterThird:BetterScrap","player_choice":"Relic ","floor":3.0,"gold_loss":0.0,"damage_taken":12.0,"cards_obtained":["Replay:Battleflow"]},{"damage_healed":0.0,"max_hp_gain":0.0,"max_hp_loss":0.0,"gold_gain":0.0,"event_name":"Dead Adventurer","player_choice":"Searched \u00273\u0027 times","floor":7.0,"gold_loss":0.0,"damage_taken":0.0,"relics_obtained":["BlackRope"]},{"cards_removed":["ats:Strike C"],"damage_healed":0.0,"max_hp_gain":0.0,"max_hp_loss":0.0,"gold_gain":0.0,"event_name":"The Cleric","player_choice":"Card Removal","floor":11.0,"gold_loss":50.0,"damage_taken":0.0},{"cards_removed":["ats:Wolf Pack"],"damage_healed":0.0,"max_hp_gain":0.0,"max_hp_loss":0.0,"gold_gain":0.0,"event_name":"betterNote:BetterNote","player_choice":"Give","floor":20.0,"gold_loss":0.0,"damage_taken":0.0,"cards_obtained":["None"]},{"damage_healed":0,"gold_gain":0,"cards_transformed":["ats:Closed Bolt Burst Fire"],"player_choice":"Transformed","damage_taken":0,"max_hp_gain":0,"max_hp_loss":0,"event_name":"Transmorgrifier","floor":24,"gold_loss":0,"cards_obtained":["ats:Durian"]}],"is_beta":false,"boss_relics":[{"not_picked":["Painkiller Herb","halation:HeavySnake"],"picked":"aspiration:FutureDiary"}],"items_purged_floors":[],"is_endless":false,"potions_floor_spawned":[5,10,14,21],"killed_by":"theJungle:SlimyTreeVines","ascension_level":0}}