{"host":"0y7rggrn2c7yxnri","time":1612590741,"event":{"mods":["AchievementEnabler","Act Like it!","AlwaysNeverKeys","Aspiration","Bartender","BaseMod","Better Altar","Better Sensory Stone","Better Skull","Better Third Choice","Better Vampires","BetterRewards","Colored Map","Colored Powertips","Displayed Cursed Tome","GifTheSpireLib","Good Game Mod","Magitek Elite","Minty Spire (QoL Compilation)","Permanent Neow","Quick Restart","Rare Cards Sparkle","Relic Filter Mod","Reliquary","Replay The Spire","Shop Mod","Spicy Shops","Spire Arcade","StSLib","Stuff the Spire","The Alterego","The Animator","The Marked","The Servant 0.9.4","Transform Curses","Virulent Crown","Wandering Minibosses"],"gold_per_floor":[120,220,232,232,16,16,51,51,51,15,15,115,127,140,140,235,235,247,101,101,153,164,192,192,253,277,30,30,125,184,234,234,423,423,483,604,9,109,109,193,330,398,398,17,17,17,89,41,41,121,121,121,16,88,198],"floor_reached":56,"language":"ENG","playtime":2372,"items_purged":[],"score":2113,"play_id":"702f976a-8020-41fc-bccf-eb61b136559e","local_time":"20210206005221","is_ascension_mode":true,"campfire_choices":[{"data":"Die Die Die","floor":6,"key":"SMITH"},{"data":"alterego_mod:Impale","floor":8,"key":"SMITH"},{"data":"alterego_mod:1TonWallop","floor":11,"key":"SMITH"},{"data":"alterego_mod:BiFurious","floor":15,"key":"SMITH"},{"data":"alterego_mod:PainIsPleasure","floor":24,"key":"SMITH"},{"data":"alterego_mod:BigMeatyClaws","floor":32,"key":"SMITH"},{"data":"Apotheosis","floor":46,"key":"SMITH"},{"data":"alterego_mod:TrickOrTreatment","floor":49,"key":"SMITH"},{"data":"alterego_mod:SakuraFive","floor":52,"key":"SMITH"}],"circlet_count":0,"master_deck":["alterego_mod:Strike","alterego_mod:Strike","alterego_mod:Strike","alterego_mod:Strike","alterego_mod:Defend","alterego_mod:Defend","alterego_mod:Defend","alterego_mod:Defend","alterego_mod:Impale+1","alterego_mod:BigMeatyClaws+1","alterego_mod:BrynhildrsRune","Die Die Die+1","alterego_mod:1TonWallop+1","alterego_mod:Bounce","alterego_mod:Bounce","alterego_mod:BiFurious+1","alterego_mod:PainIsPleasure+1","alterego_mod:BiFurious+1","alterego_mod:Bounce+1","alterego_mod:Bounce","alterego_mod:SakuraFive+1","alterego_mod:Birthday+1","alterego_mod:TrickOrTreatment+1","Apotheosis+1","Swift Strike","alterego_mod:Bounce","Dramatic Entrance+1","alterego_mod:Bounce"],"relics":["alterego_mod:MasochisticConstitution","REME:ComplimentaryCards","StuffTheSpire:Saxophone","Torii","aspiration:HatOfInfinitePower","FossilizedHelix","Medical Kit","Durian","White Beast Statue","StuffTheSpire:Nightcore","aspiration:PoetsPen","Cleaning_Rag","Replay:Bandana","Red Mask","MerchantsRug","Sling","alterego_mod:FleetingLove","Matryoshka","reliquary:Ember","wanderingMiniBosses:ThiefScarf","aspiration:HummingbirdHeart","Bag of Marbles","Gambling Chip","MealTicket","ReplayTheSpireMod:TigerMarble","Replay:Mystery Machine","Ginger","Omamori","Blue Doll","reliquary:IridiumChain"],"acts_visited":["Exordium","TheCity","TheBeyond","TheEnding"],"potions_floor_usage":[16,16,55,55],"damage_taken":[{"damage":7,"enemies":"Cultist","floor":1,"turns":4},{"damage":8,"enemies":"Small Slimes","floor":3,"turns":3},{"damage":1,"enemies":"3 Sentries","floor":7,"turns":4},{"damage":7,"enemies":"Jaw Worm","floor":13,"turns":2},{"damage":0,"enemies":"Exordium Wildlife","floor":14,"turns":2},{"damage":28,"enemies":"Hexaghost","floor":16,"turns":4},{"damage":0,"enemies":"Shell Parasite","floor":18,"turns":1},{"damage":0,"enemies":"2 Thieves","floor":22,"turns":1},{"damage":0,"enemies":"Replay:Snechameleon","floor":23,"turns":1},{"damage":0,"enemies":"Masked Bandits","floor":25,"turns":1},{"damage":0,"enemies":"Book of Stabbing","floor":29,"turns":1},{"damage":0,"enemies":"Chosen and Byrds","floor":30,"turns":1},{"damage":0,"enemies":"Replay:Snechameleon","floor":31,"turns":2},{"damage":0,"enemies":"Champ","floor":33,"turns":3},{"damage":0,"enemies":"3 Shapes","floor":35,"turns":1},{"damage":0,"enemies":"3 Darklings","floor":36,"turns":2},{"damage":0,"enemies":"Mind Bloom Boss Battle","floor":38,"turns":2},{"damage":0,"enemies":"Nemesis","floor":40,"turns":1},{"damage":4,"enemies":"Transient","floor":41,"turns":3},{"damage":0,"enemies":"Giant Head","floor":42,"turns":2},{"damage":0,"enemies":"Maw","floor":47,"turns":1},{"damage":0,"enemies":"Donu and Deca","floor":50,"turns":2},{"damage":0,"enemies":"Shield and Spear","floor":54,"turns":1},{"damage":17,"enemies":"The Heart","floor":55,"turns":3}],"seed_played":"-6680752598684978057","potions_obtained":[{"floor":1,"key":"ColorlessPotion"},{"floor":13,"key":"ColorlessPotion"},{"floor":16,"key":"Adrenaline Potion"},{"floor":18,"key":"ColorlessPotion"},{"floor":29,"key":"ColorlessPotion"},{"floor":31,"key":"AttackPotion"},{"floor":38,"key":"Doom Potion"},{"floor":54,"key":"FearPotion"}],"is_trial":false,"path_per_floor":["M","?","M","?","$","R","E","R","T","$","R","?","M","M","R_BF","B",null,"M","$","T","T","M","E","R","?","T","$","?","E","M","E","R","B",null,"M","M","$","?","?","E","M","E","T","$","?","R","M","$","R","B",null,"R","$","E","B",null],"character_chosen":"The_Alterego","items_purchased":["StuffTheSpire:Saxophone","Torii","aspiration:HatOfInfinitePower","Lee\u0027s Waffle","alterego_mod:1TonWallop","Medical Kit","Durian","alterego_mod:Bounce","Cleaning_Rag","MerchantsRug","alterego_mod:Bounce","alterego_mod:SakuraFive","Sling","aspiration:HummingbirdHeart","Apotheosis","Bag of Marbles","Omamori","Blue Doll","Swift Strike","alterego_mod:Bounce","Dramatic Entrance+1","alterego_mod:Bounce"],"campfire_rested":0,"item_purchase_floors":[0,0,0,0,0,5,5,10,19,27,27,27,27,37,37,37,44,44,44,48,53,53],"current_hp_per_floor":[71,71,64,52,57,57,57,57,57,57,57,57,51,65,65,38,75,82,82,82,82,82,82,82,82,82,82,82,82,87,87,87,87,87,87,87,87,87,83,83,80,83,83,84,84,84,84,84,84,84,84,84,84,84,84],"gold":198,"neow_bonus":"","is_daily":false,"chose_seed":false,"campfire_upgraded":9,"win_rate":0.0,"timestamp":1612590741,"path_taken":["M","?","?","?","?","R","E","R","T","?","R","?","M","M","R_BF","BOSS","M","$","?","?","M","E","R","?","T","?","?","E","M","E","R","BOSS","M","M","$","?","?","E","M","E","T","$","?","R","M","$","R","BOSS","R","$","E","BOSS"],"items_purchased_type":["Relic","Relic","Relic","Relic","Card","Relic","Relic","Card","Relic","Relic","Card","Card","Relic","Relic","Card","Relic","Relic","Relic","Card","Card","Card","Card"],"build_version":"2020-12-22","purchased_purges":0,"victory":true,"max_hp_per_floor":[78,78,79,79,84,84,85,85,85,85,85,85,86,86,86,87,87,87,87,87,87,87,87,87,87,87,87,87,87,87,87,87,87,87,87,87,87,87,83,83,84,84,84,84,84,84,84,84,84,84,84,84,84,84,85],"card_choices":[{"not_picked":["alterego_mod:Maid","alterego_mod:Complex","alterego_mod:Undulate"],"picked":"SKIP","floor":1},{"not_picked":["alterego_mod:Cooking","alterego_mod:MagicResistance","alterego_mod:Undulate"],"picked":"SKIP","floor":3},{"not_picked":["alterego_mod:PainIsPleasure","alterego_mod:Birthday"],"picked":"alterego_mod:Bounce","floor":7},{"not_picked":["alterego_mod:Maid","alterego_mod:Jiggle"],"picked":"alterego_mod:BiFurious","floor":13},{"not_picked":["alterego_mod:Table","alterego_mod:DiscoLights","alterego_mod:1TonWallop"],"picked":"SKIP","floor":14},{"not_picked":["alterego_mod:VirginLaserPalladion","alterego_mod:Valkyrie"],"picked":"alterego_mod:PainIsPleasure","floor":16},{"not_picked":["alterego_mod:MagicResistance","alterego_mod:Cushion"],"picked":"alterego_mod:BiFurious+1","floor":18},{"not_picked":["alterego_mod:Punishment","alterego_mod:PerceptionDisorder"],"picked":"alterego_mod:Bounce+1","floor":22},{"not_picked":["alterego_mod:BiFurious","alterego_mod:DestructionOfProperty","alterego_mod:Lingerie"],"picked":"SKIP","floor":23},{"not_picked":["alterego_mod:BreastValley","alterego_mod:Pet","alterego_mod:Cushion+1"],"picked":"SKIP","floor":29},{"not_picked":["alterego_mod:1TonWallop+1","alterego_mod:Bloomers","alterego_mod:Alter"],"picked":"SKIP","floor":30},{"not_picked":["alterego_mod:SakuraFive","alterego_mod:PerceptionDisorder+1"],"picked":"alterego_mod:Birthday+1","floor":31},{"not_picked":["alterego_mod:InsideBaseball","alterego_mod:Tantrum"],"picked":"alterego_mod:TrickOrTreatment","floor":33},{"not_picked":["alterego_mod:SakuraPetals+1","alterego_mod:BusterCard","alterego_mod:Mirror"],"picked":"SKIP","floor":35},{"not_picked":["alterego_mod:Maid","alterego_mod:Stockings+1","alterego_mod:Undulate+1"],"picked":"SKIP","floor":36},{"not_picked":["alterego_mod:Rip","alterego_mod:Maid+1","alterego_mod:Birthday"],"picked":"SKIP","floor":40},{"not_picked":["alterego_mod:Lingerie+1","alterego_mod:DiscoLights+1","alterego_mod:GachaTicket"],"picked":"SKIP","floor":41},{"not_picked":["alterego_mod:Table+1","alterego_mod:1TonWallop+1","alterego_mod:HighServant"],"picked":"SKIP","floor":42},{"not_picked":["alterego_mod:Bunnysuit","alterego_mod:Santa+1","alterego_mod:BeGentle+1"],"picked":"SKIP","floor":47},{"not_picked":["alterego_mod:Swimsuit+1","alterego_mod:Punishment","alterego_mod:Jiggle+1"],"picked":"SKIP","floor":54}],"player_experience":326422,"relics_obtained":[{"floor":7,"key":"White Beast Statue"},{"floor":9,"key":"StuffTheSpire:Nightcore"},{"floor":20,"key":"reliquary:OuijaBoard"},{"floor":21,"key":"Pet Ghost"},{"floor":23,"key":"Replay:Bandana"},{"floor":25,"key":"Red Mask"},{"floor":26,"key":"reliquary:RosewoodLute"},{"floor":29,"key":"Matryoshka"},{"floor":31,"key":"Shovel"},{"floor":36,"key":"wanderingMiniBosses:ThiefScarf"},{"floor":38,"key":"Gambling Chip"},{"floor":40,"key":"MealTicket"},{"floor":42,"key":"ReplayTheSpireMod:TigerMarble"},{"floor":43,"key":"Replay:Mystery Machine"},{"floor":43,"key":"Ginger"},{"floor":54,"key":"reliquary:IridiumChain"}],"event_choices":[{"damage_healed":0,"gold_gain":100,"player_choice":"Gold","damage_taken":0,"max_hp_gain":0,"max_hp_loss":0,"event_name":"Wheel of Change","floor":2,"gold_loss":0},{"damage_healed":0,"gold_gain":0,"player_choice":"Relic ","damage_taken":12,"max_hp_gain":0,"max_hp_loss":0,"event_name":"betterThird:BetterScrap","floor":4,"gold_loss":0,"cards_obtained":["Wish"]},{"damage_healed":0,"gold_gain":100,"player_choice":"Pray","damage_taken":0,"max_hp_gain":0,"max_hp_loss":0,"event_name":"Golden Shrine","floor":12,"gold_loss":0},{"damage_healed":0,"gold_gain":0,"player_choice":"Fought Bandits","damage_taken":0,"max_hp_gain":0,"max_hp_loss":0,"event_name":"Masked Bandits","floor":25,"gold_loss":0},{"damage_healed":0,"gold_gain":0,"player_choice":"Choice 1","damage_taken":0,"relics_obtained":["alterego_mod:FleetingLove"],"max_hp_gain":0,"max_hp_loss":0,"event_name":"Secret Garden","floor":28,"gold_loss":0},{"damage_healed":0,"gold_gain":0,"player_choice":"Fight","damage_taken":0,"max_hp_gain":0,"max_hp_loss":0,"event_name":"MindBloom","floor":38,"gold_loss":0},{"damage_healed":0,"gold_gain":0,"player_choice":"Max HP","damage_taken":0,"max_hp_gain":0,"max_hp_loss":4,"event_name":"Winding Halls","floor":39,"gold_loss":0},{"damage_healed":5,"gold_gain":0,"player_choice":"LEAVE ","damage_taken":0,"relics_obtained":[],"max_hp_gain":0,"max_hp_loss":0,"event_name":"betterSkull:BetterSkull","floor":45,"gold_loss":0,"cards_upgraded":[]}],"is_beta":false,"boss_relics":[{"not_picked":["StuffTheSpire:RunicHypercube","Replay:Ancient Bell"],"picked":"aspiration:PoetsPen"},{"not_picked":["reliquary:WritOfMandamus","Kintsugi"],"picked":"reliquary:Ember"}],"items_purged_floors":[],"is_endless":false,"potions_floor_spawned":[1,13,14,16,18,22,23,25,29,30,31,33,35,36,38,40,41,42,47,54],"ascension_level":7}}