{"host":"0cnf9zf1gia27zti","time":1612642736,"event":{"mods":["BaseMod","Better Third Choice","BetterRewards","Card Forge","ChefMod","Colored Map","Colored Powertips","Conspire","Downfall","Googly Eyes","Infinite Spire","Minty Spire (QoL Compilation)","Practice Mode","Quick Restart","Replay The Spire","Shade Mod","Spicy Shops","StSLib","The Marked"],"gold_per_floor":[113,133,133,83,83,114,133,71,71,102,189,201,213,242,254,341,353,377,420,115,135,135,135,160,160,160,160,189,201,212,224,224,297,297,308,308,328,338,413,444,444,444,470,470,490,502,516,72,72,72],"floor_reached":51,"language":"ENG","playtime":11915,"items_purged":["Strike_B","Defend_B","Strike_B","FTL"],"score":1570,"play_id":"39aef46d-1b7d-464d-9f15-18201b897ea7","local_time":"20210206201856","is_ascension_mode":true,"campfire_choices":[{"data":"Amplify","floor":13,"key":"SMITH"},{"data":"Strike_B","floor":15,"key":"PURGE"},{"data":"Defragment","floor":23,"key":"SMITH"},{"data":"Fusion","floor":25,"key":"SMITH"},{"data":"Storm","floor":27,"key":"SMITH"},{"floor":42,"key":"REST"},{"data":"Amplify","floor":49,"key":"SMITH"}],"circlet_count":0,"master_deck":["AscendersBane","Defend_B","Defend_B+1","Defend_B","Zap+1","Dualcast+1","Glacier+1","Defragment+1","BasicCrystalCard+1","Loop","Crystallizer","Panic Button","Amplify+1","Self Repair","Panic Button","Storm+1","Self Repair","Steam","Fusion+1","Tempest+1","Echo Form+1","Self Repair","ReplayRNGCard","Electrodynamics","Machine Learning","Chill","Double Energy+1","Loop","Steam","Double Energy","White Noise+1","Electrodynamics","Conserve Battery","Amplify+1","Heatsinks"],"relics":["Cracked Core","Hammer of Thor","Seething Fire","Anvil of the Gods","Cables","Replay:Frozen Program","infinitespire:Satchel","Gremlin Food","PreservedInsect","Ice Cream","Prayer Wheel","Mummified Hand","ReplayFunnel","War Paint","MawBank","SacredBark","Singing Bowl","Replay:Wax Seal","Tiny Chest","Potion Belt","Bag of Preparation","FossilizedHelix","Replay:Ringing Soul","SlaversCollar","Strange Spoon","Omamori","Smiling Mask","Nunchaku","Pocketwatch","Frozen Egg 2"],"acts_visited":["Exordium","TheCity","TheBeyond"],"potions_floor_usage":[7,14,16,16,28,33,33,33,50,50],"damage_taken":[{"damage":0,"enemies":"2 Louse","floor":1,"turns":2},{"damage":5,"enemies":"Cultist","floor":2,"turns":4},{"damage":0,"enemies":"3 Sentries","floor":6,"turns":6},{"damage":0,"enemies":"Jaw Worm","floor":7,"turns":4},{"damage":6,"enemies":"Replay:BlueRogue","floor":10,"turns":4},{"damage":4,"enemies":"Red Slaver","floor":14,"turns":2},{"damage":0,"enemies":"Hexaghost","floor":16,"turns":5},{"damage":0,"enemies":"Chosen","floor":18,"turns":4},{"damage":27,"enemies":"conspire:MimicChest","floor":19,"turns":4},{"damage":0,"enemies":"Spheric Guardian","floor":21,"turns":3},{"damage":11,"enemies":"Book of Stabbing","floor":24,"turns":4},{"damage":0,"enemies":"Gremlin Leader","floor":28,"turns":2},{"damage":6,"enemies":"Shelled Parasite and Fungi","floor":29,"turns":4},{"damage":2,"enemies":"Centurion and Healer","floor":30,"turns":4},{"damage":0,"enemies":"Cultist and Chosen","floor":31,"turns":2},{"damage":0,"enemies":"conspire:MysteriousRune","floor":33,"turns":4},{"damage":0,"enemies":"3 Shapes","floor":35,"turns":2},{"damage":37,"enemies":"3 Darklings","floor":37,"turns":3},{"damage":20,"enemies":"Jaw Worm Horde","floor":38,"turns":3},{"damage":0,"enemies":"Giant Head","floor":40,"turns":5},{"damage":11,"enemies":"4 Shapes","floor":45,"turns":2},{"damage":4,"enemies":"Spire Growth","floor":46,"turns":5},{"damage":0,"enemies":"Transient","floor":47,"turns":5},{"damage":0,"enemies":"Replay:Hell Engine","floor":50,"turns":4}],"seed_played":"-1453631932841660410","potions_obtained":[{"floor":1,"key":"Milkshake"},{"floor":6,"key":"Swift Potion"},{"floor":10,"key":"Explosive Potion"},{"floor":14,"key":"DistilledChaos"},{"floor":16,"key":"PowerPotion"},{"floor":19,"key":"PotionOfCapacity"},{"floor":24,"key":"DuplicationPotion"},{"floor":28,"key":"Languid Potion"},{"floor":37,"key":"Dexterity Potion"},{"floor":39,"key":"EssenceOfDarkness"},{"floor":39,"key":"Reflective Coating"},{"floor":40,"key":"Elixir"}],"is_trial":false,"path_per_floor":["M","M","?","$","T","E","M","$","T","E","?","$","R","M","R_BF","B",null,"M","?","$","M","$","R","E","R","T","R","E","M","M","M","R_BF","B",null,"M","AVR","M","M","?","E","?","R","T","T","M","M","M","$","R","B",null],"character_chosen":"DEFECT","items_purchased":["Cables","Replay:Frozen Program","Glacier","infinitespire:Satchel","Defragment","Gremlin Food","PreservedInsect","BasicCrystalCard+1","Ice Cream","Loop","ReplayTheSpireMod:Fabricate Wheel","Crystallizer","Panic Button","Self Repair","Self Repair","Replay:Wax Seal","Tiny Chest","Potion Belt","Amplify","Heatsinks","Frozen Egg 2"],"campfire_rested":1,"item_purchase_floors":[0,0,0,0,0,0,0,0,0,0,0,0,0,4,8,20,20,20,48,48,48],"current_hp_per_floor":[64,59,59,59,59,66,71,71,71,71,64,64,64,67,67,71,71,71,73,73,77,77,77,79,79,79,79,82,86,90,95,98,101,101,106,106,86,85,43,67,67,103,103,103,97,117,132,135,135,135],"gold":72,"neow_bonus":"","is_daily":false,"chose_seed":false,"campfire_upgraded":5,"win_rate":0.0,"timestamp":1612642736,"path_taken":["M","M","?","$","?","E","M","$","T","E","?","$","R","M","R_BF","BOSS","M","?","$","?","$","R","E","R","T","R","E","M","M","M","R_BF","BOSS","M","AVR","M","M","?","E","?","R","T","?","M","M","M","$","R","BOSS"],"items_purchased_type":["Relic","Relic","Card","Relic","Card","Relic","Relic","Card","Relic","Card","Card","Card","Card","Card","Card","Relic","Relic","Relic","Card","Card","Relic"],"build_version":"2020-12-22","purchased_purges":4,"victory":true,"max_hp_per_floor":[71,71,71,71,71,71,71,71,71,71,71,71,71,71,71,71,71,71,73,73,77,77,77,79,79,79,79,82,86,90,95,98,101,101,106,106,109,114,117,120,120,120,120,120,125,128,132,135,135,135],"card_choices":[{"not_picked":["Gash","BasicCrystalCard","Barrage"],"picked":"SKIP","floor":1},{"not_picked":["Gash","Storm","conspire:SharedLibrary"],"picked":"SKIP","floor":1},{"not_picked":["Compile Driver","Hologram"],"picked":"Conserve Battery","floor":2},{"not_picked":["Rebound","Fusion","Tempest"],"picked":"SKIP","floor":2},{"not_picked":["Conserve Battery","Turbo"],"picked":"Panic Button","floor":6},{"not_picked":["Biased Cognition","Conserve Battery"],"picked":"Storm","floor":7},{"not_picked":["Stack","Beam Cell","Ball Lightning"],"picked":"SKIP","floor":7},{"not_picked":["Compile Driver","Sweeping Beam"],"picked":"Steam","floor":10},{"not_picked":["FTL","Reprogram"],"picked":"Fusion","floor":14},{"not_picked":["Turbo","ReplayTheSpireMod:GoodbyeWorld"],"picked":"Tempest","floor":14},{"not_picked":["Multi-Cast","Reboot"],"picked":"Echo Form","floor":16},{"not_picked":["Fusion","Compile Driver"],"picked":"Self Repair","floor":18},{"not_picked":["Rebound","Cold Snap","Barrage"],"picked":"SKIP","floor":18},{"not_picked":["Sweeping Beam","Ball Lightning","Leap"],"picked":"Singing Bowl","floor":19},{"not_picked":["Gash","Double Energy","Redo"],"picked":"Singing Bowl","floor":21},{"not_picked":["Barrage+1","Compile Driver","Rebound"],"picked":"Singing Bowl","floor":21},{"not_picked":["FIFO Queue","Sweeping Beam","Hello World"],"picked":"Singing Bowl","floor":24},{"not_picked":["Conserve Battery+1","Go for the Eyes"],"picked":"ReplayRNGCard","floor":28},{"not_picked":["Coolheaded","Genetic Algorithm","Darkness"],"picked":"Singing Bowl","floor":29},{"not_picked":["Leap","Barrage+1","Ball Lightning"],"picked":"Singing Bowl","floor":29},{"not_picked":["Redo","Streamline","Turbo"],"picked":"Singing Bowl","floor":30},{"not_picked":["ReplayTheSpireMod:Reroute Power","Redo","Gash"],"picked":"Singing Bowl","floor":30},{"not_picked":["Reprogram","Reinforced Body","Streamline"],"picked":"Singing Bowl","floor":31},{"not_picked":["ReplaySort","Compile Driver"],"picked":"Electrodynamics","floor":31},{"not_picked":["All For One","Rainbow"],"picked":"Machine Learning","floor":33},{"not_picked":["Beam Cell","Skim","Compile Driver"],"picked":"Singing Bowl","floor":35},{"not_picked":["ReplayTheSpireMod:Dual Polarity","Redo"],"picked":"Panic Button","floor":35},{"not_picked":["Streamline","ReplayTheSpireMod:Dual Polarity"],"picked":"Chill","floor":37},{"not_picked":["Leap+1","Go for the Eyes"],"picked":"Double Energy+1","floor":37},{"not_picked":["Sunder","Rip and Tear","Panic Button"],"picked":"Singing Bowl","floor":38},{"not_picked":["Stack+1","Hyperbeam"],"picked":"Loop","floor":38},{"not_picked":["Compile Driver","Consume"],"picked":"Steam","floor":39},{"not_picked":["Auto Shields","ReplayTheSpireMod:GoodbyeWorld"],"picked":"Double Energy","floor":40},{"not_picked":["Loop","Steam+1"],"picked":"White Noise+1","floor":45},{"not_picked":["Ball Lightning","ReplayTheSpireMod:Dual Polarity","Coolheaded"],"picked":"Singing Bowl","floor":45},{"not_picked":["Defragment","Compile Driver+1"],"picked":"Electrodynamics","floor":46},{"not_picked":["Compile Driver","Coolheaded"],"picked":"Conserve Battery","floor":46},{"not_picked":["Beam Cell","Go for the Eyes","Cold Snap"],"picked":"Singing Bowl","floor":47},{"not_picked":["Streamline","Leap","Recycle+1"],"picked":"Singing Bowl","floor":47}],"player_experience":3644600,"relics_obtained":[{"floor":5,"key":"Mummified Hand"},{"floor":6,"key":"ReplayFunnel"},{"floor":9,"key":"War Paint"},{"floor":10,"key":"MawBank"},{"floor":19,"key":"Singing Bowl"},{"floor":24,"key":"Bag of Preparation"},{"floor":26,"key":"FossilizedHelix"},{"floor":28,"key":"Replay:Ringing Soul"},{"floor":39,"key":"Omamori"},{"floor":40,"key":"Smiling Mask"},{"floor":43,"key":"Nunchaku"},{"floor":44,"key":"Pocketwatch"}],"event_choices":[{"damage_healed":0,"gold_gain":0,"player_choice":"Bought 0 Potions","damage_taken":0,"max_hp_gain":0,"max_hp_loss":0,"event_name":"The Woman in Blue","floor":3,"gold_loss":0},{"damage_healed":0,"gold_gain":75,"player_choice":"Touch","damage_taken":7,"max_hp_gain":0,"max_hp_loss":0,"event_name":"FaceTrader","floor":11,"gold_loss":0},{"cards_removed":["Conserve Battery"],"damage_healed":0,"gold_gain":0,"player_choice":"Removed Skill","damage_taken":0,"max_hp_gain":0,"max_hp_loss":0,"event_name":"Falling","floor":41,"gold_loss":0}],"is_beta":false,"boss_relics":[{"not_picked":["ReplayTheSpireMod:SealedPack","Philosopher\u0027s Stone"],"picked":"SacredBark"},{"not_picked":["Kintsugi","bronze:MakeshiftBattery"],"picked":"SlaversCollar"}],"items_purged_floors":[0,0,0,36],"is_endless":false,"potions_floor_spawned":[1,6,10,14,16,19,24,28,37,40,46,47],"ascension_level":14}}