{"host":"mnpd8gh7cwxsn5kh","time":1612604104,"event":{"mods":["BaseMod","Bestiary","Block Reminder","Colored Map","Colored Powertips","Highlight Path","Minty Spire (QoL Compilation)","Relic Sorter","Relic Stats"],"gold_per_floor":[111,121,132,132,31,60,60,74,101,114,130,156,173,173,173],"floor_reached":14,"language":"ENG","playtime":1219,"items_purged":["Strike_R"],"score":156,"play_id":"59fb42b2-a2b2-4a7c-af2c-725d3a7b9c55","local_time":"20210206103504","is_ascension_mode":true,"campfire_choices":[],"circlet_count":0,"master_deck":["AscendersBane","Strike_R","Strike_R","Strike_R","Defend_R","Defend_R","Defend_R","Bash","Twin Strike","Whirlwind","Shrug It Off","True Grit","Flex","Iron Wave","Disarm","Demon Form","Shrug It Off","Shrug It Off"],"relics":["Burning Blood","StoneCalendar","Potion Belt","MealTicket","Anchor"],"acts_visited":["Exordium"],"potions_floor_usage":[6,12,14,14],"damage_taken":[{"damage":0,"enemies":"Small Slimes","floor":1,"turns":3},{"damage":6,"enemies":"2 Louse","floor":2,"turns":4},{"damage":6,"enemies":"Cultist","floor":3,"turns":3},{"damage":22,"enemies":"3 Sentries","floor":6,"turns":7},{"damage":5,"enemies":"2 Fungi Beasts","floor":8,"turns":4},{"damage":4,"enemies":"Looter","floor":10,"turns":3},{"damage":4,"enemies":"Blue Slaver","floor":11,"turns":5},{"damage":3,"enemies":"Lagavulin","floor":12,"turns":7},{"damage":7,"enemies":"3 Louse","floor":13,"turns":4},{"damage":72,"enemies":"Gremlin Nob","floor":14,"turns":6}],"seed_played":"7494358800549026437","potions_obtained":[{"floor":1,"key":"SneckoOil"},{"floor":3,"key":"Ancient Potion"},{"floor":11,"key":"Weak Potion"},{"floor":12,"key":"LiquidBronze"},{"floor":13,"key":"Block Potion"}],"is_trial":false,"path_per_floor":["M","M","M","?","$","E","?","M","T","M","M","E","M","E"],"character_chosen":"IRONCLAD","items_purchased":["Shrug It Off"],"campfire_rested":0,"item_purchase_floors":[5],"current_hp_per_floor":[72,72,72,65,65,49,49,50,50,52,54,57,56,0,0],"gold":173,"neow_bonus":"ONE_RARE_RELIC","is_daily":false,"chose_seed":false,"campfire_upgraded":0,"win_rate":0.0,"timestamp":1612604104,"path_taken":["M","M","M","?","$","E","?","M","T","M","M","E","?","E"],"items_purchased_type":["Card"],"build_version":"2020-12-22","purchased_purges":1,"victory":false,"max_hp_per_floor":[72,72,72,72,72,72,72,72,72,72,72,72,72,72,72],"relic_stats":{"counters":[10,46],"StoneCalendar":[3],"MealTicket":0,"obtain_stats":[{"Potion Belt":6,"Anchor":12,"StoneCalendar":0,"MealTicket":9,"Burning Blood":0},{"Potion Belt":4,"Anchor":8,"StoneCalendar":0,"MealTicket":5,"Burning Blood":0},{"Potion Belt":17,"Anchor":36,"StoneCalendar":0,"MealTicket":21,"Burning Blood":0}],"Burning Blood":48},"card_choices":[{"not_picked":["Combust","Power Through","Dropkick"],"picked":"SKIP","floor":1},{"not_picked":["Wild Strike","Perfected Strike"],"picked":"Twin Strike","floor":2},{"not_picked":["Bloodletting","Infernal Blade"],"picked":"Whirlwind","floor":3},{"not_picked":["Thunderclap","Evolve"],"picked":"True Grit","floor":6},{"not_picked":["Rupture","Wild Strike"],"picked":"Iron Wave","floor":8},{"not_picked":["Clothesline","Twin Strike"],"picked":"Disarm","floor":10},{"not_picked":["Flex","Body Slam"],"picked":"Demon Form","floor":11},{"not_picked":["Combust","Sever Soul"],"picked":"Shrug It Off","floor":12},{"not_picked":["Rupture","Body Slam"],"picked":"Shrug It Off","floor":13}],"player_experience":329754,"relics_obtained":[{"floor":6,"key":"Potion Belt"},{"floor":9,"key":"MealTicket"},{"floor":12,"key":"Anchor"}],"event_choices":[{"cards_removed":["Strike_R"],"damage_healed":0,"gold_gain":0,"player_choice":"Card Removal","damage_taken":7,"max_hp_gain":0,"max_hp_loss":0,"event_name":"Golden Wing","floor":4,"gold_loss":0},{"damage_healed":0,"gold_gain":0,"cards_transformed":["Defend_R"],"player_choice":"Transformed","damage_taken":0,"max_hp_gain":0,"max_hp_loss":0,"event_name":"Transmorgrifier","floor":7,"gold_loss":0,"cards_obtained":["Flex"]}],"is_beta":false,"boss_relics":[],"items_purged_floors":[5],"is_endless":false,"potions_floor_spawned":[1,3,11,12,13],"killed_by":"Gremlin Nob","ascension_level":10}}