{"host":"6q6idgl71g9ab7at","time":1612576130,"event":{"mods":["BaseMod","Minty Spire (QoL Compilation)","StSLib","SuperFastMode"],"gold_per_floor":[110,121,133,148,148,179,104,104,104,104,117,149,162,178,178,274,274,292,308,308,308],"floor_reached":20,"language":"KOR","playtime":480,"items_purged":["Defend_G"],"score":207,"play_id":"b60fe2fb-e6cb-4458-a248-90a5bea7ac50","local_time":"20210206104850","is_ascension_mode":true,"campfire_choices":[{"data":"Neutralize","floor":8.0,"key":"SMITH"},{"data":"Poisoned Stab","floor":10.0,"key":"SMITH"},{"data":"Terror","floor":15.0,"key":"SMITH"}],"circlet_count":0,"master_deck":["Strike_G","Strike_G","Strike_G","Strike_G","Strike_G","Defend_G","Defend_G","Defend_G","Survivor","Neutralize+1","Cloak And Dagger","Quick Slash","Backstab","Well Laid Plans","Cloak And Dagger","Poisoned Stab+1","Terror+1","Backflip","Tactician","Dodge and Roll","Phantasmal Killer","Cloak And Dagger","Prepared+1"],"relics":["Ring of the Serpent","Orichalcum","PreservedInsect","White Beast Statue"],"acts_visited":["Exordium","TheCity"],"potions_floor_usage":[18],"damage_taken":[{"damage":0.0,"enemies":"2 Louse","floor":1.0,"turns":3.0},{"damage":0.0,"enemies":"Cultist","floor":2.0,"turns":4.0},{"damage":1.0,"enemies":"Jaw Worm","floor":3.0,"turns":2.0},{"damage":5.0,"enemies":"Gremlin Gang","floor":4.0,"turns":6.0},{"damage":6.0,"enemies":"Gremlin Nob","floor":6.0,"turns":4.0},{"damage":2.0,"enemies":"2 Fungi Beasts","floor":11.0,"turns":3.0},{"damage":17.0,"enemies":"Lagavulin","floor":12.0,"turns":4.0},{"damage":1.0,"enemies":"Red Slaver","floor":13.0,"turns":4.0},{"damage":10.0,"enemies":"Lots of Slimes","floor":14.0,"turns":4.0},{"damage":21.0,"enemies":"The Guardian","floor":16.0,"turns":10.0},{"damage":13,"enemies":"2 Thieves","floor":18,"turns":3},{"damage":32,"enemies":"Spheric Guardian","floor":19,"turns":6},{"damage":25,"enemies":"3 Cultists","floor":20,"turns":5}],"seed_played":"-4408258833168561143","potions_obtained":[{"floor":1.0,"key":"DuplicationPotion"},{"floor":4.0,"key":"DistilledChaos"},{"floor":5.0,"key":"PowerPotion"},{"floor":6.0,"key":"SpeedPotion"},{"floor":13.0,"key":"Block Potion"},{"floor":14.0,"key":"Fire Potion"},{"floor":16.0,"key":"Energy Potion"},{"floor":18,"key":"ColorlessPotion"}],"is_trial":false,"path_per_floor":["M","M","M","M","?","E","$","R","T","R","M","E","M","M","R","B",null,"M","M","M"],"character_chosen":"THE_SILENT","items_purchased":[],"campfire_rested":0,"item_purchase_floors":[],"current_hp_per_floor":[70,70,69,64,64,58,58,58,58,58,56,39,38,28,28,7,70,57,25,0,0],"gold":308,"neow_bonus":"TRANSFORM_CARD","is_daily":false,"chose_seed":false,"campfire_upgraded":3,"win_rate":0.0,"timestamp":1612576130,"path_taken":["M","M","M","M","?","E","$","R","T","R","?","E","M","M","R","BOSS","M","M","M"],"items_purchased_type":[],"build_version":"2020-12-22","purchased_purges":1,"victory":false,"max_hp_per_floor":[70,70,70,70,70,70,70,70,70,70,70,70,70,70,70,70,70,70,70,70,70],"card_choices":[{"not_picked":["Expertise","Acrobatics"],"picked":"Quick Slash","floor":1.0},{"not_picked":["Infinite Blades","Noxious Fumes"],"picked":"Backstab","floor":2.0},{"not_picked":["Bouncing Flask","Acrobatics"],"picked":"Well Laid Plans","floor":3.0},{"not_picked":["Backflip","Crippling Poison"],"picked":"Cloak And Dagger","floor":4.0},{"not_picked":["Masterful Stab","Malaise"],"picked":"Poisoned Stab","floor":6.0},{"not_picked":["Leg Sweep","Prepared"],"picked":"Terror","floor":11.0},{"not_picked":["Deflect","Noxious Fumes"],"picked":"Backflip","floor":12.0},{"not_picked":["Skewer","Reflex"],"picked":"Tactician","floor":13.0},{"not_picked":["Eviscerate","Poisoned Stab"],"picked":"Dodge and Roll","floor":14.0},{"not_picked":["Doppelganger","Venomology"],"picked":"Phantasmal Killer","floor":16.0},{"not_picked":["Endless Agony","Bane"],"picked":"Cloak And Dagger","floor":18},{"not_picked":["Backflip+1","All Out Attack"],"picked":"Prepared+1","floor":19}],"player_experience":11851,"relics_obtained":[{"floor":6.0,"key":"Orichalcum"},{"floor":9.0,"key":"PreservedInsect"},{"floor":12.0,"key":"White Beast Statue"}],"event_choices":[{"damage_healed":0.0,"max_hp_gain":0.0,"max_hp_loss":0.0,"gold_gain":0.0,"event_name":"Lab","player_choice":"Got Potions","floor":5.0,"gold_loss":0.0,"damage_taken":0.0}],"is_beta":false,"boss_relics":[{"not_picked":["Fusion Hammer","Ectoplasm"],"picked":"Ring of the Serpent"}],"items_purged_floors":[7],"is_endless":false,"potions_floor_spawned":[1,4,6,13,14,16,18,19],"killed_by":"3 Cultists","ascension_level":2}}