{"host":"j4nfyhit1dl35m08","time":1612655728,"event":{"mods":["BaseMod","Downfall","Highlight Path","Minty Spire (QoL Compilation)","StSLib"],"gold_per_floor":[99,99,99,99,115,142,142,42,69,69,69,86,186,202,217,217,217,217],"floor_reached":16,"language":"ENG","playtime":988,"items_purged":[],"score":162,"play_id":"21828349-e4a5-4e57-94b8-0973cd05fa6b","local_time":"20210206175528","is_ascension_mode":true,"campfire_choices":[{"data":"bronze:Goto","floor":1,"key":"SMITH"},{"floor":8,"key":"REST"}],"circlet_count":0,"master_deck":["AscendersBane","bronze:Strike","bronze:Strike","bronze:Strike","bronze:Strike","bronze:Defend","bronze:Defend","bronze:Defend","bronze:Defend","bronze:Replicate","bronze:Goto+1","bronze:CutThrough","bronze:FineTuning+1","bronze:OilSpill","bronze:Iterate","bronze:Flail","bronze:Terminator+1","Normality","bronze:Constructor","bronze:Overheat","bronze:Constructor"],"relics":["bronze:BronzeCore","downfall:HeartsMalice","Bronze Scales","downfall:HeartBlessingBlue","Oddly Smooth Stone","downfall:BrokenWingStatue"],"acts_visited":["Exordium"],"potions_floor_usage":[6,16],"damage_taken":[{"damage":0,"enemies":"Cultist","floor":2,"turns":1},{"damage":0,"enemies":"Jaw Worm","floor":3,"turns":1},{"damage":0,"enemies":"Small Slimes","floor":4,"turns":1},{"damage":26,"enemies":"Exordium Thugs","floor":5,"turns":5},{"damage":25,"enemies":"Lagavulin","floor":6,"turns":5},{"damage":20,"enemies":"Gremlin Nob","floor":9,"turns":3},{"damage":0,"enemies":"Large Slime","floor":12,"turns":3},{"damage":2,"enemies":"3 Louse","floor":14,"turns":4},{"damage":8,"enemies":"Red Slaver","floor":15,"turns":2},{"damage":24,"enemies":"DF_ARCHETYPE_STREAMLINE","floor":16,"turns":3}],"seed_played":"4895006409592298687","potions_obtained":[{"floor":5,"key":"SteroidPotion"},{"floor":9,"key":"bronze:BurnAndBuffPotion"},{"floor":12,"key":"Swift Potion"},{"floor":15,"key":"Ancient Potion"}],"is_trial":false,"path_per_floor":["R","M","M","M","M","E","T","R","E","?","?","M","?","M","M","B"],"character_chosen":"THE_AUTOMATON","items_purchased":[],"campfire_rested":1,"item_purchase_floors":[],"current_hp_per_floor":[63,63,63,63,37,12,12,46,26,26,26,26,26,24,16,0,0,0],"gold":217,"neow_bonus":"THREE_ENEMY_KILL","is_daily":false,"chose_seed":false,"campfire_upgraded":1,"win_rate":0.0,"timestamp":1612655728,"path_taken":["R","M","M","?","M","E","T","R","E","?","?","?","?","M","M","BOSS"],"items_purchased_type":[],"build_version":"2020-12-22","purchased_purges":0,"victory":false,"max_hp_per_floor":[70,70,70,70,70,70,70,80,80,80,80,80,80,80,80,80,80,80],"card_choices":[{"not_picked":["bronze:DarkDash","bronze:Turbo"],"picked":"bronze:CutThrough","floor":2},{"not_picked":["bronze:ForLoop","bronze:OilSpill"],"picked":"bronze:FineTuning","floor":3},{"not_picked":["bronze:BugBarrage","bronze:ItsAFeature"],"picked":"bronze:OilSpill","floor":4},{"not_picked":["bronze:Turbo","bronze:Backtrace"],"picked":"bronze:Iterate","floor":5},{"not_picked":["bronze:ForLoop","bronze:Shield"],"picked":"bronze:Flail","floor":6},{"not_picked":["bronze:CleanCode","bronze:ChosenStrike"],"picked":"bronze:Terminator","floor":9},{"not_picked":["bronze:Turbo","bronze:ForceShield"],"picked":"bronze:Constructor","floor":12},{"not_picked":["bronze:Allocate","bronze:Iterate"],"picked":"bronze:Overheat","floor":14},{"not_picked":["bronze:BronzeArmor","bronze:Overload"],"picked":"bronze:Constructor","floor":15}],"player_experience":452226,"relics_obtained":[{"floor":6,"key":"Bronze Scales"},{"floor":9,"key":"Oddly Smooth Stone"}],"event_choices":[],"is_beta":false,"boss_relics":[],"items_purged_floors":[],"is_endless":false,"potions_floor_spawned":[5,9,12,15],"killed_by":"DF_ARCHETYPE_STREAMLINE","ascension_level":10}}