{"host":"6to8m083wj0ro91z","time":1612647359,"event":{"mods":["BaseMod","Better Third Choice","BetterRewards","CatGirl Mod","ChefMod","Friendly Minions","Hubris","Mad Scientist","Marisa????????","Minty Spire (QoL Compilation)","Robot Space Explorer","Shade Mod","Spicy Shops","StSLib","The Blackbeard","The Death Knight","The Forsaken","The Gatherer","The Marked","The Mystic","The Necromancer","The Runesmith","The Servant 0.9.4","The Showman","The Vixen","Yohane!"],"gold_per_floor":[119,119,129,139,156,156,181,181,181,211,211,239,239,269,269,371,371,389,389,15,15,28,28,362,83,163,191,191,223,237,271,271,375,375,385,400,245,245,258,258,286,286,340,353,353,386,403,428,428,428,428,428,124,157,157,157,157],"floor_reached":55,"language":"ENG","playtime":3901,"items_purged":["Gatherer:Strike_Gatherer","Gatherer:Strike_Gatherer","Gatherer:Strike_Gatherer","Gatherer:Strike_Gatherer"],"score":1369,"play_id":"64abacab-320b-42fe-aa0d-1bb67f1f8fda","local_time":"20210206223559","is_ascension_mode":true,"metric_token":1681,"campfire_choices":[{"data":"Gatherer:QuickSynthesis","floor":6,"key":"SMITH"},{"data":"Gatherer:Centralize","floor":8,"key":"SMITH"},{"data":"Gatherer:FlowerWhip+1","floor":11,"key":"SMITH"},{"data":"Gatherer:FlowerBeam","floor":15,"key":"SMITH"},{"data":"Gatherer:FlowerBeam+1","floor":23,"key":"SMITH"},{"data":"Gatherer:FlowerShield+1","floor":28,"key":"SMITH"},{"floor":32,"key":"RECALL"},{"data":"Gatherer:TacticalStrike","floor":40,"key":"SMITH"},{"data":"Gatherer:FlowerShield+2","floor":42,"key":"SMITH"},{"data":"Flash of Steel","floor":45,"key":"SMITH"},{"data":"Gatherer:Defend_Gatherer","floor":49,"key":"SMITH"},{"data":"Gatherer:Defend_Gatherer","floor":52,"key":"SMITH"}],"circlet_count":0,"master_deck":["Gatherer:Defend_Gatherer","Gatherer:Defend_Gatherer","Gatherer:Defend_Gatherer","Gatherer:Defend_Gatherer+1","Gatherer:Defend_Gatherer+1","Gatherer:Centralize+1","Gatherer:FlowerWhip+3","Flash of Steel+1","Gatherer:QuickSynthesis+1","Gatherer:FlowerBeam+3","Gatherer:TacticalStrike+1","Trip+1","Gatherer:MiningStrike+1","Gatherer:FlowerShield+3","Flash of Steel+1","Gatherer:Nutrients+1","Gatherer:QuickSynthesis+1","Gatherer:MindSearch+1","Gatherer:FlowerShield+3"],"relics":["Gatherer:AlchemyBag","hubris:GlazedTorus","TheAbacus","Kunai","Lee\u0027s Waffle","Strawberry","Dream Catcher","hubris:BundleOfHerbs","Mercury Hourglass","Velvet Choker","Pear","Old Coin","Whetstone","Toxic Egg 2","Lantern","hubris:MedicalManual","theForsaken:ScaryMask","Black Star","Medical Kit","Runesmith:Nanobots","hubris:TinFlute","Orichalcum","Runesmith:AutoHammer","Bag of Marbles","Potion Belt","hubris:BottledRain","DollysMirror","Vajra","Bag of Preparation","White Beast Statue"],"acts_visited":["Exordium","TheCity","TheBeyond","TheEnding"],"potions_floor_usage":[14,16,55,55,55,55,55],"damage_taken":[{"damage":0,"enemies":"Jaw Worm","floor":1,"turns":3},{"damage":0,"enemies":"2 Louse","floor":3,"turns":3},{"damage":0,"enemies":"Small Slimes","floor":4,"turns":3},{"damage":0,"enemies":"Gremlin Gang","floor":5,"turns":5},{"damage":3,"enemies":"3 Sentries","floor":7,"turns":8},{"damage":0,"enemies":"Gremlin Nob","floor":10,"turns":3},{"damage":0,"enemies":"Lagavulin","floor":12,"turns":6},{"damage":0,"enemies":"Gremlin Nob","floor":14,"turns":4},{"damage":39,"enemies":"Hexaghost","floor":16,"turns":7},{"damage":1,"enemies":"Shell Parasite","floor":18,"turns":3},{"damage":0,"enemies":"3 Byrds","floor":22,"turns":2},{"damage":0,"enemies":"Book of Stabbing","floor":24,"turns":3},{"damage":3,"enemies":"Slavers","floor":27,"turns":2},{"damage":0,"enemies":"Gremlin Leader","floor":29,"turns":3},{"damage":0,"enemies":"Snecko","floor":30,"turns":4},{"damage":4,"enemies":"Slavers","floor":31,"turns":3},{"damage":1,"enemies":"Champ","floor":33,"turns":7},{"damage":0,"enemies":"3 Shapes","floor":35,"turns":2},{"damage":0,"enemies":"3 Darklings","floor":36,"turns":3},{"damage":0,"enemies":"Maw","floor":39,"turns":5},{"damage":0,"enemies":"Reptomancer","floor":41,"turns":5},{"damage":0,"enemies":"Transient","floor":44,"turns":5},{"damage":0,"enemies":"Giant Head","floor":46,"turns":7},{"damage":0,"enemies":"Writhing Mass","floor":47,"turns":4},{"damage":25,"enemies":"Nemesis","floor":48,"turns":5},{"damage":18,"enemies":"Awakened One","floor":50,"turns":9},{"damage":0,"enemies":"Shield and Spear","floor":54,"turns":5},{"damage":93,"enemies":"The Heart","floor":55,"turns":12}],"seed_played":"4310922829448480029","potions_obtained":[{"floor":7,"key":"LiquidBronze"},{"floor":12,"key":"Explosive Potion"},{"floor":14,"key":"Regen Potion"},{"floor":22,"key":"SkillPotion"},{"floor":24,"key":"DuplicationPotion"},{"floor":47,"key":"EssenceOfSteel"},{"floor":48,"key":"SneckoOil"},{"floor":54,"key":"Fire Potion"}],"is_trial":false,"path_per_floor":["M","?","M","M","M","R","E","R","T","E","R","E","?","E","R","B",null,"M","?","$","?","M","R","E","$","T","E","R","E","M","E","R","B",null,"M","M","$","?","M","R","E","R","T","M","R","E","M","E","R","B",null,"R","$","E","B"],"character_chosen":"THE_GATHERER","items_purchased":["hubris:GlazedTorus","TheAbacus","Flash of Steel","Kunai","Lee\u0027s Waffle","Block Potion","Pear","Trip","Whetstone","Flash of Steel","Medical Kit","DollysMirror","Vajra","Dexterity Potion"],"campfire_rested":0,"item_purchase_floors":[0,0,0,0,0,0,20,20,25,25,37,53,53,53],"current_hp_per_floor":[79,79,79,79,79,79,83,83,83,83,83,83,83,83,83,44,86,85,85,95,95,95,95,95,95,95,92,92,92,92,88,88,87,96,96,96,96,91,91,91,91,91,91,91,91,91,91,66,66,48,91,91,91,91,0,0,0],"gold":157,"neow_bonus":"","is_daily":false,"chose_seed":false,"campfire_upgraded":11,"win_rate":0.0,"timestamp":1612647359,"path_taken":["M","?","M","M","M","R","E","R","T","E","R","E","?","E","R","BOSS","M","?","$","?","M","R","E","$","T","E","R","E","M","E","R","BOSS","M","?","$","?","M","R","E","R","T","M","R","E","M","E","R","BOSS","R","$","E","BOSS"],"items_purchased_type":["Relic","Relic","Card","Relic","Relic","Potion","Relic","Card","Relic","Card","Relic","Relic","Relic","Potion"],"build_version":"2020-12-22","purchased_purges":4,"victory":false,"max_hp_per_floor":[79,79,79,79,79,79,86,86,86,86,86,86,86,86,86,86,86,86,86,96,96,96,96,96,96,96,96,96,96,96,96,96,96,96,96,96,96,91,91,91,91,91,91,91,91,91,91,91,91,91,91,91,91,91,91,91,91],"card_choices":[{"not_picked":["Gatherer:Convert","Gatherer:VenomBarrier","Gatherer:Misfortune"],"picked":"SKIP","floor":1},{"not_picked":["Gatherer:CollectorsShot","Gatherer:CarefulStrike","Gatherer:EchoOfNature"],"picked":"SKIP","floor":3},{"not_picked":["Gatherer:AcidicSpray","Gatherer:Pollute","Gatherer:AromaProtection"],"picked":"SKIP","floor":4},{"not_picked":["Gatherer:ScherryThrow","Gatherer:UpgradeBag"],"picked":"Gatherer:QuickSynthesis","floor":5},{"not_picked":["Gatherer:ScherryThrow","Gatherer:AromaProtection","Gatherer:FinishingStrike"],"picked":"SKIP","floor":7},{"not_picked":["Gatherer:TreeGrowth","Gatherer:AlchemyTrial","Gatherer:RecoveryHerb"],"picked":"SKIP","floor":10},{"not_picked":["Gatherer:CursedBlade","Gatherer:FlowerPower","Gatherer:Misfortune"],"picked":"SKIP","floor":12},{"not_picked":["Gatherer:OddSpoils","Gatherer:CarefulStrike"],"picked":"Gatherer:FlowerBeam","floor":14},{"not_picked":["Gatherer:FlowerFalling","Gatherer:PotentialSlash+1"],"picked":"Gatherer:TacticalStrike","floor":18},{"not_picked":["Gatherer:VenomBarrier","Gatherer:Duplicator"],"picked":"Gatherer:MiningStrike+1","floor":22},{"not_picked":["Gatherer:SealedBomb","Gatherer:FruitForce"],"picked":"Gatherer:FlowerShield","floor":24},{"not_picked":["Gatherer:Enchant+1","Gatherer:PotentialSlash"],"picked":"Gatherer:Nutrients+1","floor":27},{"not_picked":["Gatherer:Duality","Gatherer:Liquidism","Gatherer:Photoscythe"],"picked":"SKIP","floor":29},{"not_picked":["Gatherer:FlowerFalling","Gatherer:Convert+1"],"picked":"Gatherer:QuickSynthesis+1","floor":30},{"not_picked":["Gatherer:CarefulStrike+1","Gatherer:EchoOfNature","Gatherer:Convert+1"],"picked":"SKIP","floor":31},{"not_picked":["Gatherer:ScrollOfPurity+1","Gatherer:StoneFence"],"picked":"Gatherer:MindSearch+1","floor":33},{"not_picked":["Gatherer:Frenzy+1","Gatherer:TacticalStrike","Gatherer:SmartManeuver+1"],"picked":"SKIP","floor":35},{"not_picked":["Gatherer:Pollute+1","Gatherer:BalancedGrowth+1","Gatherer:Convert+1"],"picked":"SKIP","floor":36},{"not_picked":["Gatherer:FragileHammer+1","Gatherer:SaveValuables+1","Gatherer:DrugPower+1"],"picked":"SKIP","floor":39},{"not_picked":["Gatherer:CarefulStrike","Gatherer:FinishingStrike","Gatherer:Convert+1"],"picked":"SKIP","floor":41},{"not_picked":["Gatherer:CarefulStrike+1","Gatherer:BigPouch+1","Gatherer:RecoveryHerb+1"],"picked":"SKIP","floor":44},{"not_picked":["Gatherer:FragileHammer+1","Gatherer:GatherMaterial+1","Gatherer:WoolGloves+1"],"picked":"SKIP","floor":46},{"not_picked":["Gatherer:Herbalism+1","Gatherer:AlchemyTrial+1","Gatherer:RottenStipe+1"],"picked":"SKIP","floor":47},{"not_picked":["Gatherer:Herbalism+1","Gatherer:CollectorsShot","Gatherer:SaveValuables+1"],"picked":"SKIP","floor":48},{"not_picked":["Gatherer:GatherMaterial+1","Gatherer:Pollute+1","Gatherer:TacticalStrike"],"picked":"SKIP","floor":54}],"player_experience":1112758,"relics_obtained":[{"floor":7,"key":"Strawberry"},{"floor":10,"key":"Dream Catcher"},{"floor":12,"key":"hubris:BundleOfHerbs"},{"floor":14,"key":"Mercury Hourglass"},{"floor":24,"key":"Old Coin"},{"floor":26,"key":"Toxic Egg 2"},{"floor":27,"key":"Lantern"},{"floor":29,"key":"hubris:MedicalManual"},{"floor":31,"key":"theForsaken:ScaryMask"},{"floor":41,"key":"Runesmith:Nanobots"},{"floor":41,"key":"hubris:TinFlute"},{"floor":43,"key":"Orichalcum"},{"floor":46,"key":"Runesmith:AutoHammer"},{"floor":46,"key":"Bag of Marbles"},{"floor":48,"key":"Potion Belt"},{"floor":48,"key":"hubris:BottledRain"},{"floor":54,"key":"Bag of Preparation"},{"floor":54,"key":"White Beast Statue"}],"event_choices":[{"damage_healed":0,"gold_gain":0,"player_choice":"Ignored","damage_taken":239,"max_hp_gain":0,"max_hp_loss":0,"event_name":"betterThird:BetterSerpent","floor":13,"gold_loss":0},{"cards_removed":["Gatherer:Strike_Gatherer"],"damage_healed":0,"gold_gain":0,"player_choice":"Elegance","damage_taken":0,"max_hp_gain":0,"max_hp_loss":0,"event_name":"betterThird:BetterWriting","floor":19,"gold_loss":0},{"damage_healed":0,"gold_gain":0,"player_choice":"Upgraded","damage_taken":0,"max_hp_gain":0,"max_hp_loss":0,"event_name":"Upgrade Shrine","floor":21,"gold_loss":0,"cards_upgraded":["Trip"]},{"damage_healed":0,"gold_gain":0,"player_choice":"Max HP","damage_taken":0,"max_hp_gain":0,"max_hp_loss":5,"event_name":"Winding Halls","floor":38,"gold_loss":0}],"is_beta":false,"boss_relics":[{"not_picked":["Calling Bell","hubris:CrackedHourglass"],"picked":"Velvet Choker"},{"not_picked":["Astrolabe","Busted Crown"],"picked":"Black Star"}],"items_purged_floors":[0,0,0,20],"is_endless":false,"potions_floor_spawned":[7,12,14,22,24,30,31,33,41,46,47,48,54],"killed_by":"The Heart","ascension_level":1}}