{"host":"nlh1m2716594vj2h","time":1612643616,"event":{"mods":["AchievementEnabler","BaseMod","Beaked The Cultist","BetterRewards","DeckTracker","Downfall","Googly Eyes","Gremlin Mod","Hermit","Hubris","Infinite Spire","Jorbs\u0027s Wanderer Trilogy","Marisa????????","Minty Spire (QoL Compilation)","Replay The Spire","Shop Mod","StSLib","The Animator","The Blackbeard","The Bug Knight","The Cursed","The Gatherer","The Hierophant","The Necromancer","The Poker Player","The Saiyan","The Senshi","The Servant 0.9.4"],"gold_per_floor":[112,112,112,87,106,106,106,106,106,106,106,106,131,151,151,254,254,274,294,310,324,324,356,356,356,356,356,356,356,35,49,49,152,202,217,65,110,182,202,202,213,233,233,261,271,271,271,287,287,287,287,287,35,66,66,66],"floor_reached":55,"language":"ENG","playtime":5801,"items_purged":["Doubt","Sickly","hubris:Disease"],"score":763,"play_id":"a34e339a-9374-4a2c-9145-4be439e0e7e8","local_time":"20210206153336","is_ascension_mode":false,"campfire_choices":[{"floor":6,"key":"REST"},{"floor":10,"key":"REST"},{"data":"theSenshi:MoonCosmicPowerMakeUp","floor":15,"key":"SMITH"},{"floor":32,"key":"DIG"},{"floor":40,"key":"RECALL"},{"floor":49,"key":"REST"},{"data":"theSenshi:SailorPlutoAssists","floor":52,"key":"SMITH"}],"circlet_count":0,"master_deck":["theSenshi:SailorKick+1","theSenshi:SailorKick","theSenshi:SailorKick","theSenshi:SailorKick","theSenshi:SailorBlock","theSenshi:SailorBlock","theSenshi:SailorBlock+1","theSenshi:SailorBlock","theSenshi:RoseThrow","theSenshi:MoonPrismPowerMakeUp","theSenshi:TuxedoSmokingBomber+1","theSenshi:TuxedoSmokingBomber","theSenshi:Sidestep","theSenshi:LunasBite","theSenshi:SailorStarHealerAssists","theSenshi:MoonTwilightFlash","theSenshi:MoonPrincessHalation+1","theSenshi:TallSilhouette","theSenshi:SailorMarsAssists","theSenshi:MoonCosmicPowerMakeUp+1","theSenshi:MoonGorgeousMeditation","theSenshi:IWillPunishYou+1","theSenshi:MoonsReflection","theSenshi:TuxedoMaskAssists+1","theSenshi:OdangoHead+1","theSenshi:SailorStarFighterAssists+1","theSenshi:SailorMercuryAssists","theSenshi:SteeledNerves","theSenshi:SailorChibiMoonAssists+1","theSenshi:StudyParty+1","theSenshi:MoonSpiralHeartAttack","theSenshi:LunasBite+1","theSenshi:MoonCosmicPowerMakeUp+1","theSenshi:MoonPunch","Parasite","theSenshi:SailorPlutoAssists+1","theSenshi:TuxedoMaskAssists+1","theSenshi:RainbowMoonHeartAche","hubris:Wrath","ReplayTheSpireMod:IOU","theSenshi:LunasBite+1","theSenshi:MoonCrisisMakeUp+1","Forethought","theSenshi:InTheNickOfTime","theSenshi:FatedKiss","theSenshi:Sidestep+1"],"relics":["theSenshi:TransformationBroochRelic","Mango","Juzu Bracelet","theSenshi:EternalTiareRelic","Orrery","hubris:Towel","Garlic","downfall:ExtraCursedKey","beaked:ShinyBauble","hubris:GrandSneckoEye","hubris:EmptyBottle","infinitespire:EmpoweringShard","MutagenicStrength","infinitespire:Broken Mirror","Oddly Smooth Stone","Tiny House","CatCart","Bottled Flame","infinitespire:Lucky Rock","hubris:Potato","Replay:Baseball"],"acts_visited":["Exordium","TheCity","TheBeyond","TheEnding"],"potions_floor_usage":[13,31,33,33,33,35,35,37,37,44,48,48,50,50,50,50,50,54,55,55],"damage_taken":[{"damage":0,"enemies":"Jaw Worm","floor":1,"turns":3},{"damage":0,"enemies":"Cultist","floor":5,"turns":3},{"damage":10,"enemies":"Gremlin Nob","floor":13,"turns":3},{"damage":0,"enemies":"Small Slimes","floor":14,"turns":3},{"damage":3,"enemies":"Slime Boss","floor":16,"turns":7},{"damage":0,"enemies":"3 Byrds","floor":18,"turns":4},{"damage":0,"enemies":"Spheric Guardian","floor":19,"turns":3},{"damage":9,"enemies":"Centurion and Healer","floor":20,"turns":3},{"damage":0,"enemies":"Chosen and Byrds","floor":21,"turns":4},{"damage":3,"enemies":"Book of Stabbing","floor":23,"turns":6},{"damage":4,"enemies":"Snecko","floor":31,"turns":4},{"damage":10,"enemies":"Champ","floor":33,"turns":6},{"damage":0,"enemies":"3 Darklings","floor":35,"turns":2},{"damage":0,"enemies":"Orin","floor":37,"turns":5},{"damage":0,"enemies":"3 Shapes","floor":39,"turns":3},{"damage":17,"enemies":"Spire Growth","floor":41,"turns":4},{"damage":9,"enemies":"Sphere and 2 Shapes","floor":42,"turns":3},{"damage":66,"enemies":"Nemesis","floor":44,"turns":7},{"damage":0,"enemies":"3 Darklings","floor":45,"turns":2},{"damage":0,"enemies":"Maw","floor":48,"turns":7},{"damage":75,"enemies":"Awakened One","floor":50,"turns":7},{"damage":32,"enemies":"Shield and Spear","floor":54,"turns":4},{"damage":82,"enemies":"The Heart","floor":55,"turns":8}],"seed_played":"-3098727819512640817","potions_obtained":[{"floor":5,"key":"Explosive Potion"},{"floor":14,"key":"SkillPotion"},{"floor":20,"key":"Explosive Potion"},{"floor":31,"key":"Swift Potion"},{"floor":34,"key":"Adrenaline Potion"},{"floor":37,"key":"Weak Potion"},{"floor":39,"key":"FearPotion"},{"floor":41,"key":"FearPotion"},{"floor":45,"key":"Adrenaline Potion"},{"floor":48,"key":"Fire Potion"}],"is_trial":false,"path_per_floor":["M","?","?","$","M","R","?","?","T","R","?","$","E","M","R","B",null,"M","M","M","M","AVR","E","?","?","T","?","?","?","$","M","R","B",null,"M","$","?","T","M","R","M","M","T","E","M","?","?","M","R","B",null,"R","$","E","B"],"character_chosen":"THE_SENSHI","items_purchased":["Mango","Juzu Bracelet","theSenshi:TuxedoSmokingBomber+1","Orrery","theSenshi:TallSilhouette","infinitespire:Broken Mirror","theSenshi:MoonCosmicPowerMakeUp+1","theSenshi:FatedKiss","ColorlessPotion"],"campfire_rested":3,"item_purchase_floors":[0,0,0,0,4,30,36,53,53],"current_hp_per_floor":[54,54,54,54,54,80,62,62,62,88,88,88,78,83,83,85,89,89,89,80,80,80,77,77,77,77,77,77,77,77,85,85,80,94,94,94,94,94,94,94,77,68,68,7,12,12,12,17,45,52,94,94,94,62,0,0],"gold":66,"neow_bonus":"","is_daily":false,"chose_seed":false,"campfire_upgraded":2,"win_rate":0.0,"timestamp":1612643616,"path_taken":["M","?","?","$","M","R","?","?","T","R","?","?","E","M","R","BOSS","M","M","M","M","AVR","E","?","?","T","?","?","?","?","M","R","BOSS","M","$","?","?","M","R","M","M","T","E","M","?","?","M","R","BOSS","R","$","E","BOSS"],"items_purchased_type":["Relic","Relic","Card","Relic","Card","Relic","Card","Card","Potion"],"build_version":"2020-12-22","purchased_purges":3,"victory":false,"max_hp_per_floor":[89,89,89,89,89,89,89,89,89,89,89,89,89,89,89,89,89,89,89,89,89,89,89,89,89,89,89,89,89,89,89,89,89,94,94,94,94,94,94,94,94,94,94,94,94,94,94,94,94,94,94,94,94,94,94,94],"card_choices":[{"not_picked":["theSenshi:SailorVenusAssists","theSenshi:MoonKick"],"picked":"theSenshi:TuxedoSmokingBomber","floor":0},{"not_picked":["theSenshi:MercurysCunning","theSenshi:SchoolBag"],"picked":"theSenshi:Sidestep","floor":0},{"not_picked":["theSenshi:SchoolBag","theSenshi:MoonPunch"],"picked":"theSenshi:LunasBite","floor":0},{"not_picked":["theSenshi:MoonsReflection","theSenshi:SailorPlanetPower"],"picked":"theSenshi:SailorStarHealerAssists","floor":0},{"not_picked":["theSenshi:SailorStarMakerAssists","theSenshi:MoonTiaraMagic"],"picked":"theSenshi:MoonTwilightFlash","floor":0},{"not_picked":["theSenshi:LateForSchool","theSenshi:Sidestep"],"picked":"theSenshi:MoonPrincessHalation","floor":1},{"not_picked":["theSenshi:SailorMercuryAssists","theSenshi:SchoolBag"],"picked":"theSenshi:SailorMarsAssists","floor":5},{"not_picked":["theSenshi:SailorMercuryAssists","theSenshi:SailorUranusAssists"],"picked":"theSenshi:MoonCosmicPowerMakeUp","floor":13},{"not_picked":["theSenshi:HesSoDreamy","theSenshi:TuxedoMaskAssists"],"picked":"theSenshi:MoonGorgeousMeditation","floor":14},{"not_picked":["theSenshi:LunaSensingAllies","theSenshi:SilverMoonCrystalPowerKiss"],"picked":"theSenshi:IWillPunishYou","floor":16},{"not_picked":["theSenshi:NeptunesGrace","theSenshi:SailorPlanetPower"],"picked":"theSenshi:MoonsReflection","floor":18},{"not_picked":["theSenshi:MoonPunch+1","theSenshi:LunasBite"],"picked":"theSenshi:TuxedoMaskAssists+1","floor":19},{"not_picked":["theSenshi:MoonPunch","theSenshi:MoonsReflection"],"picked":"theSenshi:OdangoHead+1","floor":20},{"not_picked":["theSenshi:TallSilhouette","theSenshi:FatedKiss"],"picked":"theSenshi:SailorStarFighterAssists+1","floor":21},{"not_picked":["theSenshi:TuxedoMaskAssists","theSenshi:JupitersPower"],"picked":"theSenshi:SailorMercuryAssists","floor":23},{"not_picked":["theSenshi:MoonPrincessHalation","theSenshi:SailorMarsAssists"],"picked":"theSenshi:SailorChibiMoonAssists+1","floor":31},{"not_picked":["theSenshi:SailorPlutoAssists","theSenshi:SilverMoonCrystalPowerKiss"],"picked":"theSenshi:StudyParty","floor":33},{"not_picked":["theSenshi:EncouragingSpeech","theSenshi:SailorPlanetPower"],"picked":"theSenshi:MoonSpiralHeartAttack","floor":34},{"not_picked":["theSenshi:MoonKick+1","theSenshi:TuxedoMaskAssists"],"picked":"theSenshi:LunasBite+1","floor":35},{"not_picked":["theSenshi:SailorMercuryAssists","theSenshi:MoonCosmicPowerMakeUp"],"picked":"theSenshi:MoonPunch","floor":37},{"not_picked":["theSenshi:SailorStarMakerAssists+1","theSenshi:MoonKick"],"picked":"theSenshi:SailorPlutoAssists","floor":39},{"not_picked":["theSenshi:GatheringStrength","theSenshi:MoonTiaraMagic"],"picked":"theSenshi:TuxedoMaskAssists+1","floor":41},{"not_picked":["theSenshi:LateForSchool","theSenshi:Sidestep"],"picked":"theSenshi:RainbowMoonHeartAche","floor":42},{"not_picked":["theSenshi:MoonsReflection","theSenshi:SailorVenusAssists"],"picked":"theSenshi:LunasBite+1","floor":44},{"not_picked":["theSenshi:SailorMarsAssists","theSenshi:EncouragingSpeech"],"picked":"theSenshi:MoonCrisisMakeUp+1","floor":45},{"not_picked":["Transmutation","Midas Touch"],"picked":"Forethought","floor":46},{"not_picked":["theSenshi:MoonKick","theSenshi:SailorVenusAssists"],"picked":"theSenshi:InTheNickOfTime","floor":48},{"not_picked":["theSenshi:SailorChibiMoonAssists","theSenshi:MoonCosmicPowerMakeUp"],"picked":"theSenshi:Sidestep+1","floor":54}],"player_experience":458061,"relics_obtained":[{"floor":9,"key":"Garlic"},{"floor":13,"key":"beaked:ShinyBauble"},{"floor":23,"key":"infinitespire:EmpoweringShard"},{"floor":32,"key":"Oddly Smooth Stone"},{"floor":37,"key":"CatCart"},{"floor":38,"key":"Bottled Flame"},{"floor":43,"key":"infinitespire:Lucky Rock"},{"floor":44,"key":"hubris:Potato"},{"floor":54,"key":"Replay:Baseball"}],"event_choices":[{"damage_healed":0,"gold_gain":0,"player_choice":"Bought 0 Potions","damage_taken":0,"max_hp_gain":0,"max_hp_loss":0,"event_name":"The Woman in Blue","floor":2,"gold_loss":0},{"damage_healed":0,"gold_gain":0,"player_choice":"Entered Light","damage_taken":18,"max_hp_gain":0,"max_hp_loss":0,"event_name":"Shining Light","floor":7,"gold_loss":0,"cards_upgraded":["theSenshi:MoonPrincessHalation","theSenshi:SailorKick"]},{"damage_healed":0,"gold_gain":0,"player_choice":"Inject Mutagens","damage_taken":0,"relics_obtained":["MutagenicStrength"],"max_hp_gain":0,"max_hp_loss":0,"event_name":"Drug Dealer","floor":25,"gold_loss":0},{"damage_healed":0,"gold_gain":0,"player_choice":"Ignored","damage_taken":0,"max_hp_gain":0,"max_hp_loss":0,"event_name":"Ghosts","floor":27,"gold_loss":0},{"damage_healed":0,"gold_gain":0,"player_choice":"Upgraded","damage_taken":0,"max_hp_gain":0,"max_hp_loss":0,"event_name":"Upgrade Shrine","floor":28,"gold_loss":0,"cards_upgraded":["theSenshi:IWillPunishYou"]},{"damage_healed":0,"gold_gain":0,"player_choice":"Read","damage_taken":0,"max_hp_gain":0,"max_hp_loss":0,"event_name":"The Library","floor":29,"gold_loss":0,"cards_obtained":["theSenshi:SteeledNerves"]},{"damage_healed":0,"gold_gain":0,"player_choice":"Fight","damage_taken":0,"max_hp_gain":0,"max_hp_loss":0,"event_name":"OrinTheCat","floor":37,"gold_loss":0},{"damage_healed":0,"gold_gain":0,"player_choice":"Memory 1","damage_taken":0,"max_hp_gain":0,"max_hp_loss":0,"event_name":"SensoryStone","floor":46,"gold_loss":0}],"is_beta":false,"boss_relics":[{"not_picked":["hubris:CrackedHourglass","ReplayTheSpireMod:SealedPack"],"picked":"hubris:GrandSneckoEye"},{"not_picked":["SlaversCollar","Black Star"],"picked":"Tiny House"}],"items_purged_floors":[30,36,53],"is_endless":false,"potions_floor_spawned":[5,14,20,31,37,39,41,45,48],"killed_by":"The Heart","ascension_level":0}}