{"host":"yqw1zpryoutrnocq","time":1612571895,"event":{"mods":["2.2 Compatiblity","AchievementEnabler","BaseMod","Colored Map","Custom Start","DeckTracker","Minty Spire (QoL Compilation)","StSLib","SuperFastMode"],"gold_per_floor":[111,38,38,49,49,49,49,69,93,127,139,139,139,153,153,255,255,271,70,81,81,2,30,30,305,305,339,352,352,379,399,399,496,496,511,511,511,77,90,90,117,117,117,167,193,205,205,205,205,205,205,205,2,27,27],"floor_reached":56,"language":"KOR","playtime":1944,"items_purged":["Strike_B","Regret"],"score":1624,"play_id":"ce06c070-511c-45ca-83db-7bdad2e1551d","local_time":"20210205183815","is_ascension_mode":true,"campfire_choices":[{"data":"Zap","floor":7,"key":"SMITH"},{"floor":13,"key":"REST"},{"data":"Capacitor","floor":15,"key":"SMITH"},{"data":"Defragment","floor":24,"key":"SMITH"},{"floor":29,"key":"REST"},{"data":"Seek","floor":32,"key":"SMITH"},{"data":"Amplify","floor":40,"key":"SMITH"},{"data":"Defragment","floor":42,"key":"SMITH"},{"data":"Storm","floor":49,"key":"SMITH"},{"data":"Coolheaded","floor":52,"key":"SMITH"}],"circlet_count":0,"master_deck":["Strike_B+1","Defend_B+1","Zap+1","Dualcast","Self Repair","Loop","Capacitor+1","Genetic Algorithm","Cold Snap+1","Undo","Aggregate","Conserve Battery+1","Amplify+1","Seek+1","Hologram","Storm+1","Coolheaded+1","Leap","Defragment+1","Chill","Darkness+1","Defragment+1","Core Surge","Core Surge","Seek+1","Melter+1","Barrage+1","Static Discharge+1","Flash of Steel","Dark Shackles","Violence","Blizzard","Glacier","Steam Power","Sweeping Beam","Chill+1","Defragment","Ball Lightning","Chaos+1"],"relics":["Cracked Core","Cables","Regal Pillow","Bag of Preparation","Runic Dome","Ancient Tea Set","PreservedInsect","The Courier","Whetstone","Astrolabe","Bird Faced Urn","Blood Vial","Juzu Bracelet","Calipers","Bottled Lightning","Unceasing Top","Boot","Runic Capacitor","Shuriken"],"acts_visited":["Exordium","TheCity","TheBeyond","TheEnding"],"potions_floor_usage":[16,23,55],"damage_taken":[{"damage":9,"enemies":"Cultist","floor":1,"turns":5},{"damage":19,"enemies":"Jaw Worm","floor":4,"turns":5},{"damage":10,"enemies":"Small Slimes","floor":8,"turns":4},{"damage":36,"enemies":"Gremlin Nob","floor":10,"turns":5},{"damage":4,"enemies":"Blue Slaver","floor":11,"turns":4},{"damage":2,"enemies":"3 Louse","floor":14,"turns":5},{"damage":28,"enemies":"Hexaghost","floor":16,"turns":10},{"damage":17,"enemies":"Spheric Guardian","floor":18,"turns":6},{"damage":8,"enemies":"Chosen","floor":20,"turns":5},{"damage":45,"enemies":"Gremlin Leader","floor":23,"turns":7},{"damage":7,"enemies":"Slavers","floor":27,"turns":10},{"damage":23,"enemies":"Snake Plant","floor":28,"turns":4},{"damage":6,"enemies":"Centurion and Healer","floor":31,"turns":11},{"damage":13,"enemies":"Champ","floor":33,"turns":14},{"damage":30,"enemies":"Orb Walker","floor":35,"turns":5},{"damage":0,"enemies":"3 Darklings","floor":39,"turns":4},{"damage":4,"enemies":"Giant Head","floor":41,"turns":6},{"damage":0,"enemies":"Mind Bloom Boss Battle","floor":44,"turns":2},{"damage":0,"enemies":"Nemesis","floor":45,"turns":3},{"damage":27,"enemies":"Sphere and 2 Shapes","floor":46,"turns":3},{"damage":0,"enemies":"Awakened One","floor":50,"turns":9},{"damage":18,"enemies":"Shield and Spear","floor":54,"turns":2},{"damage":45,"enemies":"The Heart","floor":55,"turns":9}],"seed_played":"2582140852112675906","potions_obtained":[{"floor":1,"key":"GamblersBrew"},{"floor":11,"key":"AttackPotion"},{"floor":14,"key":"FocusPotion"},{"floor":16,"key":"Fire Potion"},{"floor":18,"key":"SmokeBomb"},{"floor":27,"key":"SmokeBomb"},{"floor":35,"key":"AttackPotion"},{"floor":39,"key":"DistilledChaos"}],"is_trial":false,"path_per_floor":["M","$","?","M","?","T","R","M","T","E","M","?","R","M","R","B",null,"M","$","M","?","$","E","R","?","T","E","M","R","T","M","R","B",null,"M","?","?","$","M","R","E","R","T","?","E","M","?","?","R","B",null,"R","$","E","B",null],"character_chosen":"DEFECT","items_purchased":["Genetic Algorithm","Storm","Coolheaded","Chill","Blizzard","Blood Vial","Glacier","Juzu Bracelet","Runic Capacitor","Defragment","Ball Lightning"],"campfire_rested":2,"item_purchase_floors":[2,19,19,22,38,38,38,38,53,53,53],"current_hp_per_floor":[73,73,78,66,59,59,59,56,56,27,30,14,53,58,58,37,69,66,66,65,65,65,34,34,34,34,34,18,57,57,58,58,52,73,50,40,40,40,56,56,77,77,77,80,80,68,68,68,68,76,76,76,76,62,46],"gold":27,"neow_bonus":"TRANSFORM_TWO_CARDS","is_daily":false,"chose_seed":false,"campfire_upgraded":8,"win_rate":0.0,"timestamp":1612571895,"path_taken":["M","$","?","M","?","?","R","M","T","E","M","?","R","M","R","BOSS","M","$","M","?","$","E","R","?","T","E","?","R","?","M","R","BOSS","M","?","?","$","M","R","E","R","T","?","E","M","?","?","R","BOSS","R","$","E","BOSS"],"items_purchased_type":["Card","Card","Card","Card","Card","Relic","Card","Relic","Relic","Card","Card"],"build_version":"2020-12-22","purchased_purges":2,"victory":true,"max_hp_per_floor":[75,75,80,80,80,80,80,80,80,80,80,80,80,80,80,80,80,80,80,80,80,80,80,80,80,80,80,80,80,80,80,80,80,80,80,80,80,80,80,80,80,80,80,80,80,80,80,76,76,76,76,76,76,76,76],"card_choices":[{"not_picked":["Go for the Eyes","Turbo"],"picked":"Capacitor","floor":1},{"not_picked":["Reinforced Body","Steam"],"picked":"Cold Snap","floor":4},{"not_picked":["Chaos","Stack"],"picked":"Undo","floor":8},{"not_picked":["Leap","Streamline"],"picked":"Aggregate","floor":10},{"not_picked":["Stack","Barrage"],"picked":"Conserve Battery","floor":11},{"not_picked":["Steam Power","Go for the Eyes"],"picked":"Amplify","floor":14},{"not_picked":["Multi-Cast","Core Surge"],"picked":"Seek","floor":16},{"not_picked":["Beam Cell+1","Rebound"],"picked":"Hologram","floor":18},{"not_picked":["Rebound","Gash"],"picked":"Leap","floor":20},{"not_picked":["Rebound","Chill"],"picked":"Darkness+1","floor":23},{"not_picked":["Cold Snap","Beam Cell"],"picked":"Defragment","floor":27},{"not_picked":["Undo","Self Repair"],"picked":"Core Surge","floor":28},{"not_picked":["Beam Cell","Go for the Eyes","Reprogram"],"picked":"SKIP","floor":31},{"not_picked":["Machine Learning","Hyperbeam"],"picked":"Core Surge","floor":33},{"not_picked":["Doom and Gloom","Rip and Tear+1"],"picked":"Static Discharge+1","floor":35},{"not_picked":["Chrysalis","Thinking Ahead"],"picked":"Flash of Steel","floor":36},{"not_picked":["Enlightenment","Madness"],"picked":"Dark Shackles","floor":36},{"not_picked":["Transmutation","Dramatic Entrance"],"picked":"Violence","floor":36},{"not_picked":["Beam Cell+1","Gash+1","Self Repair+1"],"picked":"SKIP","floor":39},{"not_picked":["Self Repair+1","Go for the Eyes"],"picked":"Steam Power","floor":41},{"not_picked":["Cold Snap","Darkness"],"picked":"Sweeping Beam","floor":45},{"not_picked":["Leap","Multi-Cast"],"picked":"Chill+1","floor":46},{"not_picked":["BootSequence+1","Conserve Battery"],"picked":"Chaos+1","floor":54}],"player_experience":297216,"relics_obtained":[{"floor":6,"key":"Cables"},{"floor":9,"key":"Regal Pillow"},{"floor":10,"key":"Bag of Preparation"},{"floor":23,"key":"Ancient Tea Set"},{"floor":26,"key":"PreservedInsect"},{"floor":27,"key":"The Courier"},{"floor":30,"key":"Whetstone"},{"floor":41,"key":"Calipers"},{"floor":43,"key":"Bottled Lightning"},{"floor":44,"key":"Unceasing Top"},{"floor":45,"key":"Boot"},{"floor":54,"key":"Shuriken"}],"event_choices":[{"damage_healed":0,"gold_gain":0,"player_choice":"Donut","damage_taken":0,"max_hp_gain":5,"max_hp_loss":0,"event_name":"Big Fish","floor":3,"gold_loss":0},{"cards_removed":["Doubt"],"damage_healed":0,"gold_gain":0,"player_choice":"Card Removal","damage_taken":7,"max_hp_gain":0,"max_hp_loss":0,"event_name":"Golden Wing","floor":5,"gold_loss":0},{"damage_healed":0,"gold_gain":0,"player_choice":"Entered Light","damage_taken":16,"max_hp_gain":0,"max_hp_loss":0,"event_name":"Shining Light","floor":12,"gold_loss":0,"cards_upgraded":["Defend_B","Conserve Battery"]},{"damage_healed":0,"gold_gain":0,"player_choice":"Read","damage_taken":0,"max_hp_gain":0,"max_hp_loss":0,"event_name":"The Library","floor":21,"gold_loss":0,"cards_obtained":["Defragment"]},{"damage_healed":0,"gold_gain":275,"player_choice":"Desecrate","damage_taken":0,"max_hp_gain":0,"max_hp_loss":0,"event_name":"Golden Shrine","floor":25,"gold_loss":0,"cards_obtained":["Regret"]},{"damage_healed":0,"gold_gain":0,"player_choice":"Memory 3","damage_taken":10,"max_hp_gain":0,"max_hp_loss":0,"event_name":"SensoryStone","floor":36,"gold_loss":0},{"damage_healed":0,"gold_gain":0,"player_choice":"Gave Potion","damage_taken":0,"relics_obtained":["Bird Faced Urn"],"max_hp_gain":0,"max_hp_loss":0,"event_name":"WeMeetAgain","floor":37,"gold_loss":0},{"damage_healed":0,"gold_gain":0,"player_choice":"Fight","damage_taken":0,"max_hp_gain":0,"max_hp_loss":0,"event_name":"MindBloom","floor":44,"gold_loss":0},{"damage_healed":0,"gold_gain":0,"player_choice":"Got Potions","damage_taken":0,"max_hp_gain":0,"max_hp_loss":0,"event_name":"Lab","floor":47,"gold_loss":0},{"damage_healed":0,"gold_gain":0,"player_choice":"Max HP","damage_taken":0,"max_hp_gain":0,"max_hp_loss":4,"event_name":"Winding Halls","floor":48,"gold_loss":0}],"is_beta":false,"boss_relics":[{"not_picked":["Busted Crown","Velvet Choker"],"picked":"Runic Dome"},{"not_picked":["SacredBark","Fusion Hammer"],"picked":"Astrolabe"}],"items_purged_floors":[19,38],"is_endless":false,"potions_floor_spawned":[1,11,14,16,18,20,27,35,39,46],"ascension_level":5}}