{"host":"1te4apcktyw9778t","time":1612579093,"event":{"mods":["BaseMod","Colored Powertips","Minty Spire (QoL Compilation)","Relic Stats"],"gold_per_floor":[113,43,57,57,132,158,158,185,185],"floor_reached":8,"language":"ENG","playtime":744,"items_purged":[],"score":156,"play_id":"059a8e3e-8c61-4b7f-8b5e-50a9589a7de2","local_time":"20210205213813","is_ascension_mode":true,"campfire_choices":[{"floor":7,"key":"REST"}],"circlet_count":0,"master_deck":["AscendersBane","Strike_B","Strike_B","Strike_B","Strike_B","Defend_B","Defend_B","Defend_B","Defend_B","Zap","Dualcast","Sweeping Beam","Doom and Gloom","Go for the Eyes","Coolheaded"],"relics":["Cracked Core","NeowsBlessing","Thread and Needle","Blood Vial"],"acts_visited":["Exordium"],"potions_floor_usage":[],"damage_taken":[{"damage":0,"enemies":"Cultist","floor":1,"turns":1},{"damage":0,"enemies":"2 Louse","floor":3,"turns":1},{"damage":0,"enemies":"Lagavulin","floor":6,"turns":1},{"damage":30,"enemies":"3 Sentries","floor":8,"turns":8}],"seed_played":"1941466553068427410","potions_obtained":[{"floor":1,"key":"SteroidPotion"},{"floor":3,"key":"SmokeBomb"}],"is_trial":false,"path_per_floor":["M","$","M","?","?","E","R","E"],"character_chosen":"DEFECT","items_purchased":["Doom and Gloom"],"campfire_rested":1,"item_purchase_floors":[2],"current_hp_per_floor":[64,64,64,38,27,27,48,18,18],"gold":185,"neow_bonus":"THREE_ENEMY_KILL","is_daily":false,"chose_seed":false,"campfire_upgraded":0,"win_rate":0.0,"timestamp":1612579093,"path_taken":["M","$","M","?","?","E","R","E"],"items_purchased_type":["Card"],"build_version":"2020-12-22","purchased_purges":0,"victory":false,"max_hp_per_floor":[71,71,71,71,71,71,71,71,71],"relic_stats":{"Blood Vial":0,"counters":[4,11],"obtain_stats":[{"Blood Vial":8,"NeowsBlessing":0,"Thread and Needle":6,"Cracked Core":0},{"Blood Vial":4,"NeowsBlessing":0,"Thread and Needle":3,"Cracked Core":0},{"Blood Vial":11,"NeowsBlessing":0,"Thread and Needle":3,"Cracked Core":0}]},"card_choices":[{"not_picked":["Skim","Gash"],"picked":"Sweeping Beam","floor":1},{"not_picked":["Rebound","Sweeping Beam"],"picked":"Go for the Eyes","floor":3},{"not_picked":["Self Repair","Auto Shields"],"picked":"Coolheaded","floor":6}],"player_experience":1101124,"relics_obtained":[{"floor":6,"key":"Thread and Needle"},{"floor":8,"key":"Blood Vial"}],"event_choices":[{"damage_healed":0,"gold_gain":0,"player_choice":"Fled","damage_taken":26,"max_hp_gain":0,"max_hp_loss":0,"event_name":"Scrap Ooze","floor":4,"gold_loss":0},{"damage_healed":0,"gold_gain":75,"player_choice":"Gather Gold","damage_taken":11,"max_hp_gain":0,"max_hp_loss":0,"event_name":"World of Goop","floor":5,"gold_loss":0}],"is_beta":false,"boss_relics":[],"items_purged_floors":[],"is_endless":false,"potions_floor_spawned":[1,3],"killed_by":"3 Sentries","ascension_level":15}}