{"host":"u7y9frlpoazak2mn","time":1612632196,"event":{"mods":["Act Like it!","Aspiration","BaseMod","Beaked The Cultist","Better Altar","Better Match","Better Note","Better Sensory Stone","Better Skull","Better Third Choice","Colored Map","Colored Powertips","Conspire","Downfall","Energized Spire","GifTheSpireLib","Googly Eyes","Halation","Hermit","Hubris","Infinite Spire","Marked Mod","Mimic Mod","Minty Spire (QoL Compilation)","Permanent Neow","Prisma Mod","Rare Cards Sparkle","Replay The Spire","StSLib","Stuff the Spire","The Construct","Waifu the Spire"],"gold_per_floor":[116,130,17,17,17,17,33,64,64,64,77,9,26,26,26],"floor_reached":14,"language":"ENG","playtime":678,"items_purged":[],"score":90,"play_id":"b4e0751f-2a6f-4f13-9b72-79fedb929bf1","local_time":"20210206122316","is_ascension_mode":false,"campfire_choices":[{"floor":10,"key":"REST"}],"circlet_count":0,"master_deck":["Strike_P","Strike_P","Strike_P","Strike_P","Defend_P","Defend_P","Defend_P","Defend_P","Eruption","Vigilance","ConjureBlade","Replay:Cycle","Wireheading","MarkedMod:GentlePulse+1","Injury","Evaluate","PathToVictory","MarkedMod:FirstStrike","Weave+1"],"relics":["PureWater","Molten Egg 2","halation:PinkSoulGem","halation:AfternoonTea","Lantern"],"acts_visited":["Exordium"],"potions_floor_usage":[8,11,14],"damage_taken":[{"damage":0,"enemies":"Small Slimes","floor":1,"turns":2},{"damage":8,"enemies":"2 Louse","floor":2,"turns":2},{"damage":0,"enemies":"Jaw Worm","floor":7,"turns":3},{"damage":57,"enemies":"Lagavulin","floor":8,"turns":10},{"damage":16,"enemies":"Gremlin Gang","floor":11,"turns":5},{"damage":0,"enemies":"Large Slime","floor":13,"turns":3},{"damage":27,"enemies":"3 Sentries","floor":14,"turns":6}],"seed_played":"2269123198819563854","potions_obtained":[{"floor":2,"key":"BottledMiracle"},{"floor":8,"key":"Fire Potion"},{"floor":11,"key":"Strength Potion"}],"is_trial":false,"path_per_floor":["M","M","$","?","$","?","M","E","T","R","M","$","M","E"],"character_chosen":"WATCHER","items_purchased":["Wireheading","MarkedMod:GentlePulse+1","Weave+1"],"campfire_rested":1,"item_purchase_floors":[3,3,12],"current_hp_per_floor":[72,64,64,64,64,64,64,7,7,28,26,26,26,0,0],"gold":26,"neow_bonus":"ONE_RANDOM_RARE_CARD","is_daily":false,"chose_seed":false,"campfire_upgraded":0,"win_rate":0.0,"timestamp":1612632196,"path_taken":["M","M","$","?","$","?","M","E","T","R","M","$","M","E"],"items_purchased_type":["Card","Card","Card"],"build_version":"2020-12-22","purchased_purges":0,"victory":false,"max_hp_per_floor":[72,72,72,72,72,72,72,72,72,72,72,72,72,72,72],"card_choices":[{"not_picked":["Perseverance","FlyingSleeves","SashWhip"],"picked":"SKIP","floor":1},{"not_picked":["EmptyBody","SignatureMove"],"picked":"Replay:Cycle","floor":2},{"not_picked":["Replay:AtTheReady","Replay:Vibes"],"picked":"Evaluate","floor":7},{"not_picked":["Perseverance","Judgement"],"picked":"PathToVictory","floor":8},{"not_picked":["BattleHymn","CutThroughFate+1"],"picked":"MarkedMod:FirstStrike","floor":11},{"not_picked":["EmptyBody","ClearTheMind","BattleHymn"],"picked":"SKIP","floor":13}],"player_experience":412044,"relics_obtained":[{"floor":8,"key":"halation:AfternoonTea"},{"floor":9,"key":"Lantern"}],"event_choices":[],"is_beta":false,"boss_relics":[],"items_purged_floors":[],"is_endless":false,"potions_floor_spawned":[2,8,11],"killed_by":"3 Sentries","ascension_level":0}}