{"host":"f8toxsj3bk02pkeu","time":1612579136,"event":{"mods":["BaseMod","Minty Spire (QoL Compilation)","Permanent Neow","Quick Restart","StSLib","SuperFastMode"],"gold_per_floor":[118,118,134,284,384,414,414,441,490,161,190,190,207,224,224,301,301,319,333,333,333,57,57,68,82,82,108,119,144,59,78,78,78,78],"floor_reached":33,"language":"ENG","playtime":891,"items_purged":["Doubt"],"score":660,"play_id":"e0155018-5d9f-444a-bde4-a44d54fc8a95","local_time":"20210205193856","is_ascension_mode":true,"campfire_choices":[{"data":"Spot Weakness","floor":7.0,"key":"SMITH"},{"data":"Heavy Blade","floor":12.0,"key":"SMITH"},{"floor":15.0,"key":"RECALL"},{"data":"Barricade","floor":23.0,"key":"SMITH"},{"floor":32,"key":"REST"}],"circlet_count":0,"master_deck":["AscendersBane","Strike_R","Strike_R","Strike_R","Strike_R","Strike_R","Defend_R","Defend_R","Defend_R","Defend_R","Bash","Spot Weakness+1","Heavy Blade+1","Pommel Strike+1","Uppercut+1","Sword Boomerang+1","Barricade+1","Reckless Charge+1","Demon Form+1","Metallicize+1","Heavy Blade+1","Shrug It Off+1"],"relics":["Burning Blood","NeowsBlessing","Bag of Preparation","Molten Egg 2","MealTicket","Happy Flower","FossilizedHelix","Runic Pyramid","Prayer Wheel","Frozen Egg 2","Letter Opener","Ornamental Fan","Unceasing Top","Toy Ornithopter"],"acts_visited":["Exordium","TheCity"],"potions_floor_usage":[31],"damage_taken":[{"damage":0.0,"enemies":"Jaw Worm","floor":1.0,"turns":1.0},{"damage":0.0,"enemies":"Small Slimes","floor":3.0,"turns":1.0},{"damage":0.0,"enemies":"Gremlin Nob","floor":6.0,"turns":1.0},{"damage":25.0,"enemies":"3 Sentries","floor":8.0,"turns":6.0},{"damage":10.0,"enemies":"Lagavulin","floor":11.0,"turns":6.0},{"damage":0.0,"enemies":"Cultist","floor":13.0,"turns":2.0},{"damage":0.0,"enemies":"3 Louse","floor":14.0,"turns":3.0},{"damage":41.0,"enemies":"Slime Boss","floor":16.0,"turns":11.0},{"damage":6.0,"enemies":"Shell Parasite","floor":18.0,"turns":3.0},{"damage":0.0,"enemies":"Chosen","floor":19.0,"turns":3.0},{"damage":16.0,"enemies":"Snake Plant","floor":24.0,"turns":3.0},{"damage":0.0,"enemies":"Shelled Parasite and Fungi","floor":25.0,"turns":2.0},{"damage":26.0,"enemies":"Gremlin Leader","floor":27.0,"turns":6.0},{"damage":15.0,"enemies":"Centurion and Healer","floor":28.0,"turns":5.0},{"damage":25,"enemies":"Book of Stabbing","floor":29,"turns":4},{"damage":12,"enemies":"Snake Plant","floor":31,"turns":3},{"damage":42,"enemies":"Automaton","floor":33,"turns":6}],"seed_played":"5513472780912776545","potions_obtained":[{"floor":1.0,"key":"Energy Potion"},{"floor":3.0,"key":"SkillPotion"},{"floor":16.0,"key":"BlessingOfTheForge"},{"floor":18.0,"key":"DistilledChaos"},{"floor":29,"key":"Weak Potion"}],"is_trial":false,"path_per_floor":["M","$","M","?","?","E","R","E","T","$","E","R","M","M","R","B",null,"M","M","?","?","$","R","M","M","T","E","M","E","?","M","R","B"],"character_chosen":"IRONCLAD","items_purchased":["Happy Flower","Uppercut+1","Frozen Egg 2"],"campfire_rested":1,"item_purchase_floors":[10,10,22],"current_hp_per_floor":[74,74,75,75,75,75,75,56,56,71,67,67,73,75,75,40,66,66,72,51,51,66,66,56,62,62,42,33,14,14,13,37,0,0],"gold":78,"neow_bonus":"THREE_ENEMY_KILL","is_daily":false,"chose_seed":false,"campfire_upgraded":3,"win_rate":0.0,"timestamp":1612579136,"path_taken":["M","$","M","?","?","E","R","E","T","$","E","R","?","M","R","BOSS","M","M","?","?","$","R","M","?","T","E","M","E","?","M","R","BOSS"],"items_purchased_type":["Relic","Card","Relic"],"build_version":"2020-12-22","purchased_purges":1,"victory":false,"max_hp_per_floor":[75,75,75,75,75,75,75,75,75,75,75,75,75,75,75,75,75,75,75,80,80,80,80,80,80,80,80,80,80,80,80,80,80,80],"card_choices":[{"not_picked":["Perfected Strike","Armaments"],"picked":"Spot Weakness","floor":1.0},{"not_picked":["Seeing Red","Disarm","Warcry"],"picked":"SKIP","floor":3.0},{"not_picked":["Dark Embrace","Body Slam"],"picked":"Heavy Blade","floor":6.0},{"not_picked":["Body Slam+1","Thunderclap+1"],"picked":"Pommel Strike+1","floor":8.0},{"not_picked":["Clothesline+1","Blood for Blood+1","Ghostly Armor"],"picked":"SKIP","floor":11.0},{"not_picked":["Clothesline+1","Sever Soul+1","Rupture"],"picked":"SKIP","floor":13.0},{"not_picked":["Inflame","Spot Weakness"],"picked":"Sword Boomerang+1","floor":14.0},{"not_picked":["Fiend Fire+1","Exhume"],"picked":"Barricade","floor":16.0},{"not_picked":["Flex","Wild Strike+1","Havoc"],"picked":"SKIP","floor":18.0},{"not_picked":["Rage","Whirlwind+1"],"picked":"Thunderclap+1","floor":19.0},{"not_picked":["Entrench","Clash+1","Ghostly Armor"],"picked":"SKIP","floor":24.0},{"not_picked":["Perfected Strike+1","Second Wind","Clash+1"],"picked":"SKIP","floor":24.0},{"not_picked":["Rage","Twin Strike+1"],"picked":"Reckless Charge+1","floor":25.0},{"not_picked":["Cleave+1","Flex"],"picked":"Demon Form+1","floor":25.0},{"not_picked":["Sentinel","Pommel Strike+1"],"picked":"Metallicize+1","floor":27.0},{"not_picked":["Twin Strike+1","Feel No Pain+1"],"picked":"Heavy Blade+1","floor":28.0},{"not_picked":["Rampage+1","Pommel Strike+1","Feel No Pain+1"],"picked":"SKIP","floor":28.0},{"not_picked":["Shrug It Off","Exhume","Flex+1"],"picked":"SKIP","floor":29},{"not_picked":["Burning Pact","Sword Boomerang+1"],"picked":"Shrug It Off+1","floor":31},{"not_picked":["Iron Wave+1","Cleave+1","Anger+1"],"picked":"SKIP","floor":31}],"player_experience":975503,"relics_obtained":[{"floor":6.0,"key":"Bag of Preparation"},{"floor":8.0,"key":"Molten Egg 2"},{"floor":9.0,"key":"MealTicket"},{"floor":11.0,"key":"FossilizedHelix"},{"floor":26.0,"key":"Letter Opener"},{"floor":27.0,"key":"Ornamental Fan"},{"floor":29,"key":"Unceasing Top"}],"event_choices":[{"damage_healed":0.0,"max_hp_gain":0.0,"max_hp_loss":0.0,"gold_gain":150.0,"event_name":"Liars Game","player_choice":"AGREE","floor":4.0,"gold_loss":0.0,"damage_taken":0.0,"cards_obtained":["Doubt"]},{"damage_healed":0.0,"max_hp_gain":0.0,"max_hp_loss":0.0,"gold_gain":100.0,"event_name":"Wheel of Change","player_choice":"Gold","floor":5.0,"gold_loss":0.0,"damage_taken":0.0},{"damage_healed":0.0,"max_hp_gain":5.0,"max_hp_loss":0.0,"gold_gain":0.0,"event_name":"Forgotten Altar","player_choice":"Shed Blood","floor":20.0,"gold_loss":0.0,"damage_taken":26.0},{"cards_removed":["Thunderclap"],"damage_healed":0.0,"max_hp_gain":0.0,"max_hp_loss":0.0,"gold_gain":0.0,"event_name":"WeMeetAgain","player_choice":"Gave Card","floor":21.0,"gold_loss":0.0,"damage_taken":0.0,"relics_obtained":["Prayer Wheel"]},{"damage_healed":0,"gold_gain":0,"player_choice":"Obtained Relic","damage_taken":0,"relics_obtained":["Toy Ornithopter"],"max_hp_gain":0,"max_hp_loss":0,"event_name":"Addict","floor":30,"gold_loss":85}],"is_beta":false,"boss_relics":[{"not_picked":["Black Blood","Calling Bell"],"picked":"Runic Pyramid"}],"items_purged_floors":[10],"is_endless":false,"potions_floor_spawned":[1,3,16,18,19,24,29],"killed_by":"Automaton","ascension_level":20}}