{"host":"d61fcf2p3sjwe6yo","time":1612638645,"event":{"mods":["BaseMod","Colored Map","Koishi","Marisa????????","Minty Spire (QoL Compilation)","Reimu??????","StSLib","SuperFastMode","The Servant 0.9.4"],"gold_per_floor":[109,109,109,122,134,167,167,184,209,209,209],"floor_reached":10,"language":"ENG","playtime":484,"items_purged":[],"score":68,"play_id":"56655259-1c63-4482-aeb3-a83711bfaac3","local_time":"20210206221044","is_ascension_mode":false,"campfire_choices":[{"data":"CardOfSanctity:ReiMu","floor":7,"key":"SMITH"}],"circlet_count":0,"master_deck":["Strike_Lin:ReiMu","Strike_Lin:ReiMu","Strike_Lin:ReiMu+1","Strike_Lin:ReiMu+1","Defend_Lin:ReiMu","Defend_Lin:ReiMu","Defend_Lin:ReiMu","Defend_Lin:ReiMu","NB:ReiMu","Stagnation:ReiMu","CardOfSanctity:ReiMu+1","AirManeuver:ReiMu","Revelation:ReiMu","MountainWay:ReiMu","PrepareRite:ReiMu"],"relics":["FlyPower:ReiMu","Bronze Scales","Art of War","MealTicket"],"acts_visited":["Exordium"],"potions_floor_usage":[6],"damage_taken":[{"damage":0,"enemies":"Small Slimes","floor":1,"turns":4},{"damage":0,"enemies":"Jaw Worm","floor":4,"turns":4},{"damage":0,"enemies":"2 Louse","floor":5,"turns":3},{"damage":23,"enemies":"Lagavulin","floor":6,"turns":10},{"damage":7,"enemies":"Lots of Slimes","floor":8,"turns":4},{"damage":0,"enemies":"Gremlin Nob","floor":10,"turns":2}],"seed_played":"85963381576794032","potions_obtained":[{"floor":1,"key":"EssenceOfSteel"},{"floor":6,"key":"Block Potion"}],"is_trial":false,"path_per_floor":["M","?","?","M","M","E","R","M","T","E"],"character_chosen":"REIMU","items_purchased":[],"campfire_rested":0,"item_purchase_floors":[],"current_hp_per_floor":[65,53,40,40,40,17,17,10,10,10,10],"gold":209,"neow_bonus":"ONE_RANDOM_RARE_CARD","is_daily":false,"chose_seed":false,"campfire_upgraded":1,"win_rate":0.0,"timestamp":1612638644,"path_taken":["M","?","?","M","M","E","R","M","T","E"],"items_purchased_type":[],"build_version":"2020-12-22","purchased_purges":0,"victory":false,"max_hp_per_floor":[65,65,65,65,65,65,65,65,65,65,65],"card_choices":[{"not_picked":["AirStrike:ReiMu","PhosphorusFlame:ReiMu","EmergencyTakeOff:ReiMu"],"picked":"SKIP","floor":1},{"not_picked":["CollectionFlower2:ReiMu","AlertArray:ReiMu"],"picked":"AirManeuver:ReiMu","floor":4},{"not_picked":["PassingAway:ReiMu","ShadowOfCrow2:ReiMu"],"picked":"Revelation:ReiMu","floor":5},{"not_picked":["Amulet:ReiMu","SpiritualOutbreak2:ReiMu"],"picked":"MountainWay:ReiMu","floor":6},{"not_picked":["EmergencyTakeOff:ReiMu","SubAcupoint:ReiMu"],"picked":"PrepareRite:ReiMu","floor":8}],"player_experience":267875,"relics_obtained":[{"floor":6,"key":"Art of War"},{"floor":9,"key":"MealTicket"}],"event_choices":[{"damage_healed":0,"gold_gain":0,"player_choice":"Success","damage_taken":12,"relics_obtained":["Bronze Scales"],"max_hp_gain":0,"max_hp_loss":0,"event_name":"Scrap Ooze","floor":2,"gold_loss":0},{"damage_healed":0,"gold_gain":0,"player_choice":"Entered Light","damage_taken":13,"max_hp_gain":0,"max_hp_loss":0,"event_name":"Shining Light","floor":3,"gold_loss":0,"cards_upgraded":["Strike_Lin:ReiMu","Strike_Lin:ReiMu"]}],"is_beta":false,"boss_relics":[],"items_purged_floors":[],"is_endless":false,"potions_floor_spawned":[1,6],"killed_by":"Gremlin Nob","ascension_level":0}}