{"host":"zwezhz46a5cjkxff","time":1612593343,"event":{"mods":["AchievementEnabler","BaseMod","Colored Map","Colored Powertips","DeckTracker","Minty Spire (QoL Compilation)","Permanent Neow","Quick Restart","Rare Cards Sparkle","Relic Stats","StSLib","SuperFastMode"],"gold_per_floor":[114,129,204,216,263,293,303,313,313,331,347,372,372,387,387,488,488,500,500,575,264,284,319,330,330,354,354,27,57,82,82,82,192,192,214,214,233,233,0,39,39,76,85,126,1,42,94,21,21,21,21,21,21,56,56,56],"floor_reached":55,"language":"ENG","playtime":1847,"items_purged":["Strike_G","Defend_G","Doubt"],"score":967,"play_id":"b48fda3a-5df2-4159-baa2-867614bddfd5","local_time":"20210206003543","is_ascension_mode":true,"campfire_choices":[{"floor":13,"key":"REST"},{"floor":15,"key":"RECALL"},{"data":"Catalyst","floor":25,"key":"SMITH"},{"floor":27,"key":"REST"},{"floor":32,"key":"REST"},{"data":"Neutralize","floor":41,"key":"SMITH"},{"floor":49,"key":"REST"},{"data":"Well Laid Plans","floor":52,"key":"SMITH"}],"circlet_count":0,"master_deck":["Strike_G","Strike_G","Strike_G","Strike_G","Defend_G","Defend_G","Defend_G","Defend_G","Survivor","Neutralize+1","Adrenaline","Backstab","Poisoned Stab","Crippling Poison","Well Laid Plans+1","Bouncing Flask","Bane","Footwork","Blur","Catalyst+1","Noxious Fumes","Blur","Crippling Poison","Malaise","Backstab+1","Footwork","Corpse Explosion","Backstab","Terror+1"],"relics":["Ring of the Snake","Anchor","Thread and Needle","HornCleat","Runic Dome","MutagenicStrength","Snake Skull","Nunchaku","Happy Flower","CeramicFish","Pen Nib","Cursed Key","Red Mask","Bottled Flame","Tough Bandages","Singing Bowl","Akabeko","Juzu Bracelet","Ginger","Vajra"],"acts_visited":["Exordium","TheCity","TheBeyond","TheEnding"],"potions_floor_usage":[6,6,12,12,16,18,29,46,47,47,50,55,55],"damage_taken":[{"damage":6,"enemies":"2 Louse","floor":1,"turns":2},{"damage":3,"enemies":"Jaw Worm","floor":2,"turns":4},{"damage":8,"enemies":"Cultist","floor":4,"turns":4},{"damage":10,"enemies":"Lagavulin","floor":6,"turns":7},{"damage":0,"enemies":"Looter","floor":7,"turns":4},{"damage":0,"enemies":"3 Louse","floor":8,"turns":2},{"damage":0,"enemies":"Red Slaver","floor":10,"turns":3},{"damage":13,"enemies":"Exordium Thugs","floor":11,"turns":4},{"damage":4,"enemies":"3 Sentries","floor":12,"turns":8},{"damage":0,"enemies":"2 Fungi Beasts","floor":14,"turns":2},{"damage":4,"enemies":"Hexaghost","floor":16,"turns":7},{"damage":9,"enemies":"Spheric Guardian","floor":18,"turns":5},{"damage":3,"enemies":"Chosen","floor":22,"turns":5},{"damage":13,"enemies":"Gremlin Leader","floor":23,"turns":8},{"damage":11,"enemies":"Centurion and Healer","floor":24,"turns":5},{"damage":1,"enemies":"Slavers","floor":29,"turns":6},{"damage":8,"enemies":"Collector","floor":33,"turns":7},{"damage":0,"enemies":"3 Darklings","floor":35,"turns":4},{"damage":0,"enemies":"Orb Walker","floor":37,"turns":3},{"damage":17,"enemies":"Nemesis","floor":40,"turns":5},{"damage":0,"enemies":"Giant Head","floor":42,"turns":7},{"damage":16,"enemies":"Reptomancer","floor":44,"turns":6},{"damage":0,"enemies":"Giant Head","floor":46,"turns":7},{"damage":0,"enemies":"2 Orb Walkers","floor":47,"turns":3},{"damage":31,"enemies":"Awakened One","floor":50,"turns":12},{"damage":28,"enemies":"Shield and Spear","floor":54,"turns":5},{"damage":42,"enemies":"The Heart","floor":55,"turns":6}],"seed_played":"3207006189601491076","potions_obtained":[{"floor":2,"key":"ColorlessPotion"},{"floor":4,"key":"Poison Potion"},{"floor":10,"key":"Weak Potion"},{"floor":11,"key":"CultistPotion"},{"floor":12,"key":"Swift Potion"},{"floor":14,"key":"LiquidMemories"},{"floor":23,"key":"LiquidBronze"},{"floor":33,"key":"CunningPotion"},{"floor":40,"key":"Swift Potion"},{"floor":42,"key":"LiquidMemories"},{"floor":46,"key":"SteroidPotion"},{"floor":54,"key":"Dexterity Potion"}],"is_trial":false,"path_per_floor":["M","M","?","M","T","E","M","M","T","M","M","E","R","M","R","B",null,"M","?","?","$","M","E","M","R","T","R","$","E","T","?","R","B",null,"M","?","M","?","?","E","R","E","T","E","$","E","?","$","R","B",null,"R","$","E","B"],"character_chosen":"THE_SILENT","items_purchased":["Snake Skull","Footwork","Noxious Fumes","Blur","Crippling Poison","DuplicationPotion"],"campfire_rested":4,"item_purchase_floors":[21,21,28,28,28,48],"current_hp_per_floor":[57,54,43,35,35,25,25,25,25,25,12,8,26,26,26,22,63,54,54,48,48,45,32,21,21,21,39,39,38,38,27,47,39,68,68,65,65,65,65,48,48,48,48,32,32,32,34,34,54,23,67,67,67,41,0,0],"gold":56,"neow_bonus":"THREE_RARE_CARDS","is_daily":false,"chose_seed":false,"campfire_upgraded":3,"win_rate":0.0,"timestamp":1612593343,"path_taken":["M","M","?","M","?","E","M","M","T","M","M","E","R","?","R","BOSS","M","?","?","$","M","E","?","R","T","R","$","E","?","?","R","BOSS","M","?","M","?","?","E","R","E","T","E","?","E","?","$","R","BOSS","R","$","E","BOSS"],"items_purchased_type":["Relic","Card","Card","Card","Card","Potion"],"build_version":"2020-12-22","purchased_purges":3,"victory":false,"max_hp_per_floor":[63,63,63,63,63,63,63,63,63,63,63,63,63,63,63,63,63,63,63,63,63,63,63,63,63,63,63,63,63,63,68,68,68,68,68,65,65,65,65,65,65,65,65,65,65,65,67,67,67,67,67,67,67,69,69,69],"relic_stats":{"Happy Flower":[23],"Singing Bowl":4,"counters":[27,141],"CeramicFish":63,"Snake Skull":[185],"Pen Nib":[11],"Juzu Bracelet":1,"Ginger":[2],"Cursed Key":1,"Nunchaku":[12],"Tough Bandages":[18],"obtain_stats":[{"Happy Flower":26,"Singing Bowl":43,"CeramicFish":29,"Vajra":54,"Thread and Needle":9,"Snake Skull":21,"Pen Nib":30,"Juzu Bracelet":46,"Ginger":47,"Cursed Key":34,"Akabeko":44,"Runic Dome":17,"Anchor":6,"Nunchaku":23,"Bottled Flame":40,"Tough Bandages":42,"HornCleat":12,"MutagenicStrength":19,"Red Mask":39,"Ring of the Snake":0},{"Happy Flower":15,"Singing Bowl":21,"CeramicFish":16,"Vajra":26,"Thread and Needle":6,"Snake Skull":12,"Pen Nib":16,"Juzu Bracelet":23,"Ginger":24,"Cursed Key":17,"Akabeko":22,"Runic Dome":11,"Anchor":4,"Nunchaku":14,"Bottled Flame":20,"Tough Bandages":21,"HornCleat":9,"MutagenicStrength":12,"Red Mask":19,"Ring of the Snake":0},{"Happy Flower":70,"Singing Bowl":102,"CeramicFish":76,"Vajra":135,"Thread and Needle":23,"Snake Skull":52,"Pen Nib":76,"Juzu Bracelet":115,"Ginger":118,"Cursed Key":83,"Akabeko":108,"Runic Dome":47,"Anchor":17,"Nunchaku":65,"Bottled Flame":95,"Tough Bandages":102,"HornCleat":38,"MutagenicStrength":52,"Red Mask":90,"Ring of the Snake":0}],"Ring of the Snake":[54]},"card_choices":[{"not_picked":["Doppelganger","Unload"],"picked":"Adrenaline","floor":0},{"not_picked":["Slice","Quick Slash","Bouncing Flask"],"picked":"SKIP","floor":1},{"not_picked":["Slice","Masterful Stab","Flechettes"],"picked":"SKIP","floor":2},{"not_picked":["Quick Slash","Expertise"],"picked":"Backstab","floor":4},{"not_picked":["Dagger Throw","Dodge and Roll"],"picked":"Poisoned Stab","floor":6},{"not_picked":["Reflex","Quick Slash"],"picked":"Crippling Poison","floor":7},{"not_picked":["Reflex","Expertise"],"picked":"Well Laid Plans","floor":8},{"not_picked":["Predator","Deflect","Masterful Stab"],"picked":"SKIP","floor":10},{"not_picked":["Sucker Punch","Dagger Spray","Accuracy"],"picked":"SKIP","floor":11},{"not_picked":["PiercingWail","Cloak And Dagger"],"picked":"Bouncing Flask","floor":12},{"not_picked":["Backflip","Backstab"],"picked":"Bane","floor":14},{"not_picked":["Quick Slash","Dagger Spray+1","Eviscerate"],"picked":"SKIP","floor":18},{"not_picked":["Flechettes","Dagger Spray","Bane"],"picked":"SKIP","floor":22},{"not_picked":["Acrobatics","Slice"],"picked":"Blur","floor":23},{"not_picked":["Infinite Blades+1","Deadly Poison"],"picked":"Catalyst","floor":24},{"not_picked":["Tactician","Bane","Flechettes"],"picked":"SKIP","floor":29},{"not_picked":["Phantasmal Killer","Tools of the Trade"],"picked":"Malaise","floor":33},{"not_picked":["Flying Knee+1","Catalyst+1"],"picked":"Backstab+1","floor":35},{"not_picked":["Outmaneuver+1","Expertise+1","Dagger Spray+1"],"picked":"SKIP","floor":37},{"not_picked":["Dagger Throw+1","All Out Attack"],"picked":"Footwork","floor":40},{"not_picked":["Bullet Time","Blade Dance"],"picked":"Corpse Explosion","floor":42},{"not_picked":["Slice+1","Choke+1"],"picked":"Backstab","floor":44},{"not_picked":["Outmaneuver","Cloak And Dagger"],"picked":"Terror+1","floor":46},{"not_picked":["Escape Plan+1","Finisher","Deadly Poison"],"picked":"Singing Bowl","floor":47},{"not_picked":["Blade Dance+1","Acrobatics+1","Poisoned Stab"],"picked":"Singing Bowl","floor":54}],"player_experience":75998,"relics_obtained":[{"floor":6,"key":"Anchor"},{"floor":9,"key":"Thread and Needle"},{"floor":12,"key":"HornCleat"},{"floor":23,"key":"Nunchaku"},{"floor":26,"key":"Happy Flower"},{"floor":29,"key":"CeramicFish"},{"floor":30,"key":"Pen Nib"},{"floor":40,"key":"Bottled Flame"},{"floor":42,"key":"Tough Bandages"},{"floor":43,"key":"Singing Bowl"},{"floor":44,"key":"Akabeko"},{"floor":46,"key":"Juzu Bracelet"},{"floor":47,"key":"Ginger"},{"floor":54,"key":"Vajra"}],"event_choices":[{"damage_healed":0,"gold_gain":75,"player_choice":"Gather Gold","damage_taken":11,"max_hp_gain":0,"max_hp_loss":0,"event_name":"World of Goop","floor":3,"gold_loss":0},{"damage_healed":0,"gold_gain":0,"player_choice":"Inject Mutagens","damage_taken":0,"relics_obtained":["MutagenicStrength"],"max_hp_gain":0,"max_hp_loss":0,"event_name":"Drug Dealer","floor":19,"gold_loss":0},{"damage_healed":0,"gold_gain":75,"player_choice":"Touch","damage_taken":6,"max_hp_gain":0,"max_hp_loss":0,"event_name":"FaceTrader","floor":20,"gold_loss":0},{"damage_healed":0,"gold_gain":0,"player_choice":"Shed Blood","damage_taken":16,"max_hp_gain":5,"max_hp_loss":0,"event_name":"Forgotten Altar","floor":31,"gold_loss":0},{"damage_healed":0,"gold_gain":0,"player_choice":"Max HP","damage_taken":0,"max_hp_gain":0,"max_hp_loss":3,"event_name":"Winding Halls","floor":36,"gold_loss":0},{"damage_healed":0,"gold_gain":0,"player_choice":"Memory 1","damage_taken":0,"max_hp_gain":0,"max_hp_loss":0,"event_name":"SensoryStone","floor":38,"gold_loss":0},{"damage_healed":0,"gold_gain":0,"player_choice":"Paid","damage_taken":0,"relics_obtained":["Red Mask"],"max_hp_gain":0,"max_hp_loss":0,"event_name":"Tomb of Lord Red Mask","floor":39,"gold_loss":233},{"damage_healed":0,"gold_gain":0,"player_choice":"Fight","damage_taken":0,"max_hp_gain":0,"max_hp_loss":0,"event_name":"Mysterious Sphere","floor":47,"gold_loss":0}],"is_beta":false,"boss_relics":[{"not_picked":["Empty Cage","Ring of the Serpent"],"picked":"Runic Dome"},{"not_picked":["Pandora\u0027s Box","Black Star"],"picked":"Cursed Key"}],"items_purged_floors":[21,28,45],"is_endless":false,"potions_floor_spawned":[2,4,10,11,12,14,23,33,40,42,46,54],"killed_by":"The Heart","ascension_level":2}}