{"host":"fevvm7bbzuh4s1jc","time":1612650454,"event":{"mods":["BaseMod","Highlight Path","Minty Spire (QoL Compilation)","Relic Stats"],"gold_per_floor":[119,119,131,131,131,131,162,162,187,187,212,225,260,19,19,94,94,113,113,28,28,45,79,0,0,24,52,52,66,97,113,113,184,184,201,201,248,267,267,292,292,323,349,349,367,367,401,401,401,401,401,401,401,36,62,62],"floor_reached":57,"language":"ENG","playtime":10063,"items_purged":["Strike_B","Defend_B"],"score":3020,"play_id":"edbb3cc9-9dfa-4f76-b24b-affb82bf9e38","local_time":"20210206172734","is_ascension_mode":true,"campfire_choices":[{"data":"Lockon","floor":6.0,"key":"SMITH"},{"data":"Zap","floor":8.0,"key":"SMITH"},{"data":"White Noise","floor":10.0,"key":"SMITH"},{"data":"Doom and Gloom","floor":15.0,"key":"SMITH"},{"data":"Biased Cognition","floor":25.0,"key":"SMITH"},{"data":"Defragment","floor":28.0,"key":"SMITH"},{"floor":32.0,"key":"REST"},{"data":"Strike_B","floor":41.0,"key":"PURGE"},{"data":"Seek","floor":44.0,"key":"SMITH"},{"floor":46.0,"key":"RECALL"},{"floor":49.0,"key":"REST"},{"data":"Defend_B","floor":53.0,"key":"PURGE"}],"circlet_count":0,"master_deck":["AscendersBane","Defend_B+1","Zap+1","Dualcast","Reinforced Body","Lockon+1","Double Energy+1","White Noise+1","FTL","Doom and Gloom+1","Hologram","Seek+1","Biased Cognition+1","Loop","Necronomicurse","Hyperbeam","Compile Driver","Coolheaded","Glacier","Defragment+1","Glacier","Echo Form","Multi-Cast","Capacitor","Compile Driver","Defragment+1","BootSequence+1","Echo Form","Hologram"],"relics":["Cracked Core","NeowsBlessing","Question Card","Orichalcum","Gremlin Horn","StoneCalendar","Runic Capacitor","Nuclear Battery","Necronomicon","MealTicket","Strawberry","Anchor","Letter Opener","Cables","Runic Pyramid","Peace Pipe","Akabeko","Pen Nib","Singing Bowl","Bottled Flame","Mummified Hand","War Paint"],"acts_visited":["Exordium","TheCity","TheBeyond","TheEnding"],"potions_floor_usage":[56,56],"damage_taken":[{"damage":0.0,"enemies":"Small Slimes","floor":1.0,"turns":1.0},{"damage":0.0,"enemies":"2 Louse","floor":3.0,"turns":2.0},{"damage":0.0,"enemies":"Lagavulin","floor":7.0,"turns":2.0},{"damage":18.0,"enemies":"3 Sentries","floor":11.0,"turns":8.0},{"damage":0.0,"enemies":"Cultist","floor":12.0,"turns":2.0},{"damage":24.0,"enemies":"Lagavulin","floor":13.0,"turns":5.0},{"damage":0.0,"enemies":"Slime Boss","floor":16.0,"turns":4.0},{"damage":13.0,"enemies":"2 Thieves","floor":18.0,"turns":4.0},{"damage":0.0,"enemies":"Chosen","floor":22.0,"turns":4.0},{"damage":0.0,"enemies":"Gremlin Leader","floor":23.0,"turns":3.0},{"damage":10.0,"enemies":"Book of Stabbing","floor":27.0,"turns":5.0},{"damage":0.0,"enemies":"3 Cultists","floor":29.0,"turns":2.0},{"damage":0.0,"enemies":"Gremlin Leader","floor":30.0,"turns":4.0},{"damage":20.0,"enemies":"Chosen and Byrds","floor":31.0,"turns":5.0},{"damage":26.0,"enemies":"Collector","floor":33.0,"turns":8.0},{"damage":13.0,"enemies":"3 Darklings","floor":35.0,"turns":4.0},{"damage":0.0,"enemies":"2 Orb Walkers","floor":37.0,"turns":3.0},{"damage":0.0,"enemies":"3 Shapes","floor":38.0,"turns":1.0},{"damage":7.0,"enemies":"Giant Head","floor":40.0,"turns":11.0},{"damage":8.0,"enemies":"Reptomancer","floor":42.0,"turns":3.0},{"damage":2.0,"enemies":"3 Darklings","floor":45.0,"turns":4.0},{"damage":7.0,"enemies":"Giant Head","floor":47.0,"turns":7.0},{"damage":6.0,"enemies":"Time Eater","floor":50.0,"turns":20.0},{"damage":32.0,"enemies":"Awakened One","floor":51.0,"turns":15.0},{"damage":12.0,"enemies":"Shield and Spear","floor":55.0,"turns":7.0},{"damage":53,"enemies":"The Heart","floor":56,"turns":12}],"seed_played":"5852352195287357986","potions_obtained":[{"floor":1.0,"key":"Explosive Potion"},{"floor":3.0,"key":"FocusPotion"},{"floor":12.0,"key":"Swift Potion"},{"floor":16.0,"key":"FocusPotion"},{"floor":23.0,"key":"Ancient Potion"},{"floor":29.0,"key":"PowerPotion"},{"floor":35.0,"key":"FocusPotion"}],"is_trial":false,"path_per_floor":["M","?","M","?","?","R","E","R","T","R","E","M","E","$","R","B",null,"M","?","?","?","M","E","$","R","T","E","R","M","E","M","R","B",null,"M","?","?","M","?","E","R","E","T","R","M","R","E","T","R","B","B",null,"R","$","E","B",null],"character_chosen":"DEFECT","items_purchased":["Runic Capacitor","Glacier","Mummified Hand"],"campfire_rested":2,"item_purchase_floors":[14,24,54],"current_hp_per_floor":[64,69,69,69,69,69,69,69,69,69,51,51,27,27,27,27,64,51,30,30,30,30,37,52,52,52,42,42,42,42,22,46,20,67,54,54,54,54,54,47,47,39,39,39,37,37,30,30,53,47,15,63,63,78,66,13],"gold":62,"neow_bonus":"THREE_ENEMY_KILL","is_daily":false,"chose_seed":false,"campfire_upgraded":7,"win_rate":0.0,"timestamp":1612650454,"path_taken":["M","?","M","?","?","R","E","R","T","R","E","M","E","$","R","BOSS","M","?","?","?","M","E","$","R","T","E","R","M","E","M","R","BOSS","M","?","?","M","?","E","R","E","T","R","M","R","E","?","R","BOSS","BOSS","R","$","E","BOSS"],"items_purchased_type":["Relic","Card","Relic"],"build_version":"2020-12-22","purchased_purges":2,"victory":true,"max_hp_per_floor":[71,76,76,76,76,76,76,76,76,76,76,76,76,76,76,76,76,76,76,76,76,76,83,83,83,83,83,83,83,83,83,83,83,83,83,83,83,83,79,79,79,79,79,79,79,79,79,79,79,79,79,79,79,79,79,79],"relic_stats":{"Gremlin Horn":[24,24],"Singing Bowl":0,"counters":[26,146],"StoneCalendar":[237],"Pen Nib":[5],"Letter Opener":[336],"Orichalcum":[168],"War Paint":["Double Energy","Defend_B"],"Question Card":20,"Cables":[89,30,37,11,11],"Peace Pipe":3,"Mummified Hand":[23],"MealTicket":30,"Necronomicon":[21],"obtain_stats":[{"NeowsBlessing":0,"Gremlin Horn":11,"Singing Bowl":47,"StoneCalendar":13,"Pen Nib":42,"Runic Capacitor":14,"Letter Opener":27,"Orichalcum":9,"War Paint":55,"Question Card":7,"Akabeko":40,"Nuclear Battery":17,"Cables":30,"Peace Pipe":37,"Anchor":26,"Bottled Flame":48,"Mummified Hand":54,"Strawberry":23,"MealTicket":20,"Necronomicon":19,"Cracked Core":0,"Runic Pyramid":34},{"NeowsBlessing":0,"Gremlin Horn":4,"Singing Bowl":22,"StoneCalendar":6,"Pen Nib":20,"Runic Capacitor":6,"Letter Opener":11,"Orichalcum":3,"War Paint":25,"Question Card":3,"Akabeko":19,"Nuclear Battery":7,"Cables":13,"Peace Pipe":17,"Anchor":10,"Bottled Flame":22,"Mummified Hand":24,"Strawberry":10,"MealTicket":8,"Necronomicon":8,"Cracked Core":0,"Runic Pyramid":15},{"NeowsBlessing":0,"Gremlin Horn":13,"Singing Bowl":92,"StoneCalendar":20,"Pen Nib":81,"Runic Capacitor":20,"Letter Opener":40,"Orichalcum":5,"War Paint":134,"Question Card":5,"Akabeko":78,"Nuclear Battery":24,"Cables":46,"Peace Pipe":66,"Anchor":35,"Bottled Flame":92,"Mummified Hand":127,"Strawberry":35,"MealTicket":28,"Necronomicon":28,"Cracked Core":0,"Runic Pyramid":59}]},"card_choices":[{"not_picked":["Gash","Reprogram"],"picked":"Reinforced Body","floor":1.0},{"not_picked":["BootSequence","Redo"],"picked":"Lockon","floor":3.0},{"not_picked":["Storm","Streamline"],"picked":"FTL","floor":7.0},{"not_picked":["Genetic Algorithm","Cold Snap","Redo"],"picked":"Doom and Gloom","floor":11.0},{"not_picked":["White Noise","Rebound","Leap"],"picked":"Hologram","floor":12.0},{"not_picked":["Stack","Steam","Redo"],"picked":"Seek","floor":13.0},{"not_picked":["Seek","Meteor Strike","Thunder Strike"],"picked":"Biased Cognition","floor":16.0},{"not_picked":["Aggregate","Ball Lightning","Leap"],"picked":"Loop","floor":18.0},{"not_picked":["Barrage","Conserve Battery","Capacitor"],"picked":"Compile Driver","floor":22.0},{"not_picked":["White Noise+1","Rebound","Gash"],"picked":"Coolheaded","floor":23.0},{"not_picked":["Hello World","Barrage","FTL"],"picked":"Defragment","floor":27.0},{"not_picked":["Barrage","Redo+1","Lockon"],"picked":"Glacier","floor":29.0},{"not_picked":["Sweeping Beam","Steam","Compile Driver"],"picked":"Echo Form","floor":30.0},{"not_picked":["Sweeping Beam","Conserve Battery","FTL","Beam Cell"],"picked":"SKIP","floor":31.0},{"not_picked":["Machine Learning","Electrodynamics","Reboot"],"picked":"Multi-Cast","floor":33.0},{"not_picked":["Loop","Conserve Battery","Rip and Tear","Gash+1"],"picked":"SKIP","floor":35.0},{"not_picked":["Leap+1","Redo","Double Energy"],"picked":"Capacitor","floor":37.0},{"not_picked":["Hologram","Beam Cell","Gash"],"picked":"Compile Driver","floor":38.0},{"not_picked":["Chaos","Skim","Sweeping Beam"],"picked":"Defragment+1","floor":40.0},{"not_picked":["Static Discharge","Leap","Melter","Gash"],"picked":"SKIP","floor":42.0},{"not_picked":["Ball Lightning","Lockon","White Noise"],"picked":"BootSequence+1","floor":45.0},{"not_picked":["Tempest","Ball Lightning","Undo"],"picked":"Echo Form","floor":47.0},{"not_picked":["Redo","Blizzard","Beam Cell+1"],"picked":"Hologram","floor":55.0}],"player_experience":2780393,"relics_obtained":[{"floor":7.0,"key":"Question Card"},{"floor":9.0,"key":"Orichalcum"},{"floor":11.0,"key":"Gremlin Horn"},{"floor":13.0,"key":"StoneCalendar"},{"floor":19.0,"key":"Necronomicon"},{"floor":23.0,"key":"Strawberry"},{"floor":26.0,"key":"Anchor"},{"floor":27.0,"key":"Letter Opener"},{"floor":30.0,"key":"Cables"},{"floor":37.0,"key":"Peace Pipe"},{"floor":40.0,"key":"Akabeko"},{"floor":42.0,"key":"Pen Nib"},{"floor":47.0,"key":"Singing Bowl"},{"floor":48.0,"key":"Bottled Flame"},{"floor":55.0,"key":"War Paint"}],"event_choices":[{"damage_healed":0.0,"max_hp_gain":5.0,"max_hp_loss":0.0,"gold_gain":0.0,"event_name":"Big Fish","player_choice":"Donut","floor":2.0,"gold_loss":0.0,"damage_taken":0.0},{"damage_healed":0.0,"max_hp_gain":0.0,"max_hp_loss":0.0,"gold_gain":0.0,"cards_transformed":["Strike_B"],"event_name":"Living Wall","player_choice":"Change","floor":4.0,"gold_loss":0.0,"damage_taken":0.0,"cards_obtained":["Double Energy"]},{"damage_healed":0.0,"max_hp_gain":0.0,"max_hp_loss":0.0,"gold_gain":0.0,"event_name":"Match and Keep!","player_choice":"1 cards matched","floor":5.0,"gold_loss":0.0,"damage_taken":0.0,"cards_obtained":["White Noise"]},{"damage_healed":0.0,"max_hp_gain":0.0,"max_hp_loss":0.0,"gold_gain":0.0,"event_name":"Cursed Tome","player_choice":"Obtained Book","floor":19.0,"gold_loss":0.0,"damage_taken":21.0},{"damage_healed":0.0,"max_hp_gain":0.0,"max_hp_loss":0.0,"gold_gain":0.0,"event_name":"Addict","player_choice":"Obtained Relic","floor":20.0,"gold_loss":85.0,"damage_taken":0.0,"relics_obtained":["MealTicket"]},{"damage_healed":0.0,"max_hp_gain":0.0,"max_hp_loss":0.0,"gold_gain":0.0,"cards_transformed":["Defend_B","Strike_B"],"event_name":"Drug Dealer","player_choice":"Became Test Subject","floor":21.0,"gold_loss":0.0,"damage_taken":0.0,"cards_obtained":["Hyperbeam","Gash"]},{"cards_removed":["Gash"],"damage_healed":0.0,"max_hp_gain":0.0,"max_hp_loss":0.0,"gold_gain":0.0,"event_name":"Falling","player_choice":"Removed Attack","floor":36.0,"gold_loss":0.0,"damage_taken":0.0},{"damage_healed":0.0,"max_hp_gain":0.0,"max_hp_loss":0.0,"gold_gain":0.0,"event_name":"Mysterious Sphere","player_choice":"Fight","floor":37.0,"gold_loss":0.0,"damage_taken":0.0},{"damage_healed":0.0,"max_hp_gain":0.0,"max_hp_loss":4.0,"gold_gain":0.0,"event_name":"Winding Halls","player_choice":"Max HP","floor":39.0,"gold_loss":0.0,"damage_taken":0.0}],"is_beta":false,"boss_relics":[{"not_picked":["Velvet Choker","Empty Cage"],"picked":"Nuclear Battery"},{"not_picked":["Runic Dome","Philosopher\u0027s Stone"],"picked":"Runic Pyramid"}],"items_purged_floors":[14,54],"is_endless":false,"potions_floor_spawned":[1,3,12,16,23,29,30,31,35,42,45],"ascension_level":20}}