{"host":"8f5cu9y0fpol72qs","time":1612649876,"event":{"mods":["AlwaysNeverKeys","BaseMod","Colored Map","Colored Powertips","Curses Come First","Highlight Path","Key Reminder","Minty Spire (QoL Compilation)","StSLib"],"gold_per_floor":[111,122,137,156,136,170,170,185,185,216,236,249,45,78,78,152,152,163,178,196,208,222,222,256,256,304,304,24,52,52,77,77,150,150,167,167,177,177,177,177,187,187,187,200,212,245,82,113,113,113,113,113,17,50,50,50],"floor_reached":55,"language":"ENG","playtime":3251,"items_purged":["Strike_R+1","Strike_R+1"],"score":1497,"play_id":"61d58278-38aa-4202-b1f0-30e201d85854","local_time":"20210206141756","is_ascension_mode":true,"campfire_choices":[{"data":"Demon Form","floor":7.0,"key":"SMITH"},{"data":"1","floor":15.0,"key":"LIFT"},{"data":"2","floor":23,"key":"LIFT"},{"floor":25,"key":"REST"},{"data":"3","floor":30,"key":"LIFT"},{"floor":32,"key":"REST"},{"floor":40,"key":"RECALL"},{"floor":42,"key":"REST"},{"floor":49,"key":"REST"},{"floor":52,"key":"REST"}],"circlet_count":0,"master_deck":["AscendersBane","Strike_R+1","Defend_R+1","Defend_R+1","Defend_R+1","Defend_R+1","Bash","Ghostly Armor","Demon Form+1","Clothesline","Shrug It Off+1","Iron Wave","Flame Barrier","Uppercut","Cleave","Flame Barrier","Apotheosis+1","Barricade","Battle Trance+1","Double Tap","Warcry+1","Battle Trance+1","Whirlwind","Shrug It Off","Twin Strike","Shrug It Off"],"relics":["Burning Blood","Ice Cream","Meat on the Bone","PreservedInsect","Girya","Busted Crown","The Courier","Regal Pillow","Membership Card","Mummified Hand","Blue Candle","Ancient Tea Set","Fusion Hammer","Letter Opener","Lantern","War Paint","Bronze Scales","Bag of Marbles"],"acts_visited":["Exordium","TheCity","TheBeyond","TheEnding"],"potions_floor_usage":[22,29,37,50,54,55],"damage_taken":[{"damage":0.0,"enemies":"2 Louse","floor":1.0,"turns":5.0},{"damage":0.0,"enemies":"Cultist","floor":2.0,"turns":3.0},{"damage":0.0,"enemies":"Small Slimes","floor":3.0,"turns":6.0},{"damage":5.0,"enemies":"Red Slaver","floor":4.0,"turns":6.0},{"damage":13.0,"enemies":"3 Sentries","floor":6.0,"turns":9.0},{"damage":4.0,"enemies":"Blue Slaver","floor":8.0,"turns":5.0},{"damage":18.0,"enemies":"Gremlin Nob","floor":10.0,"turns":4.0},{"damage":17.0,"enemies":"Lots of Slimes","floor":11.0,"turns":6.0},{"damage":1.0,"enemies":"2 Fungi Beasts","floor":12.0,"turns":3.0},{"damage":13.0,"enemies":"3 Sentries","floor":14.0,"turns":7.0},{"damage":28.0,"enemies":"The Guardian","floor":16.0,"turns":6.0},{"damage":11.0,"enemies":"Shell Parasite","floor":18.0,"turns":6.0},{"damage":11.0,"enemies":"Spheric Guardian","floor":19.0,"turns":6.0},{"damage":14.0,"enemies":"Snake Plant","floor":20.0,"turns":4.0},{"damage":13.0,"enemies":"Centurion and Healer","floor":21.0,"turns":9.0},{"damage":28,"enemies":"Cultist and Chosen","floor":22,"turns":6},{"damage":40,"enemies":"Book of Stabbing","floor":24,"turns":5},{"damage":12,"enemies":"Slavers","floor":29,"turns":4},{"damage":22,"enemies":"Book of Stabbing","floor":31,"turns":4},{"damage":26,"enemies":"Collector","floor":33,"turns":7},{"damage":1,"enemies":"3 Shapes","floor":35,"turns":5},{"damage":3,"enemies":"Orb Walker","floor":37,"turns":4},{"damage":29,"enemies":"Jaw Worm Horde","floor":41,"turns":4},{"damage":13,"enemies":"Writhing Mass","floor":44,"turns":6},{"damage":17,"enemies":"Spire Growth","floor":45,"turns":4},{"damage":0,"enemies":"Giant Head","floor":46,"turns":6},{"damage":11,"enemies":"Reptomancer","floor":48,"turns":4},{"damage":14,"enemies":"Donu and Deca","floor":50,"turns":7},{"damage":0,"enemies":"Shield and Spear","floor":54,"turns":5},{"damage":78,"enemies":"The Heart","floor":55,"turns":9}],"seed_played":"-3449117838404711679","potions_obtained":[{"floor":3.0,"key":"SteroidPotion"},{"floor":4.0,"key":"LiquidBronze"},{"floor":5.0,"key":"Block Potion"},{"floor":8.0,"key":"Strength Potion"},{"floor":11.0,"key":"DistilledChaos"},{"floor":14.0,"key":"FairyPotion"},{"floor":18.0,"key":"EssenceOfSteel"},{"floor":21.0,"key":"Weak Potion"},{"floor":22,"key":"SmokeBomb"},{"floor":24,"key":"Fire Potion"},{"floor":33,"key":"Swift Potion"},{"floor":35,"key":"Dexterity Potion"},{"floor":44,"key":"Explosive Potion"},{"floor":45,"key":"Block Potion"}],"is_trial":false,"path_per_floor":["M","M","M","M","?","E","R","M","T","E","M","M","$","E","R","B",null,"M","M","M","M","M","R","E","R","T","?","$","E","R","E","R","B",null,"M","?","M","?","?","R","M","R","T","M","M","E","$","E","R","B",null,"R","$","E","B"],"character_chosen":"IRONCLAD","items_purchased":["Apotheosis","Membership Card","Mummified Hand","Whirlwind","Lantern","Shrug It Off","Bronze Scales","SpeedPotion","Twin Strike"],"campfire_rested":5,"item_purchase_floors":[13,28,28,47,47,47,53,53,53],"current_hp_per_floor":[56,62,68,69,69,62,62,64,64,52,53,58,58,51,51,41,67,62,57,49,54,44,44,22,44,44,44,44,50,50,46,75,55,70,75,75,75,75,75,75,52,75,75,68,57,63,63,58,75,67,73,75,75,75,0,0],"gold":50,"neow_bonus":"TRANSFORM_TWO_CARDS","is_daily":false,"chose_seed":false,"campfire_upgraded":1,"win_rate":0.0,"timestamp":1612649876,"path_taken":["M","M","M","M","?","E","R","M","T","E","M","M","$","E","R","BOSS","M","?","?","M","?","R","E","R","T","?","$","E","R","E","R","BOSS","M","?","M","?","?","R","M","R","T","M","?","E","$","E","R","BOSS","R","$","E","BOSS"],"items_purchased_type":["Card","Relic","Relic","Card","Relic","Card","Relic","Potion","Card"],"build_version":"2020-12-22","purchased_purges":2,"victory":false,"max_hp_per_floor":[75,75,75,75,75,75,75,75,75,75,75,75,75,75,75,75,75,75,75,75,75,75,75,75,75,75,75,75,75,75,75,75,75,75,75,75,75,75,75,75,75,75,75,75,75,75,75,75,75,75,75,75,75,75,75,75],"card_choices":[{"not_picked":["Power Through","Perfected Strike"],"picked":"Clothesline","floor":1.0},{"not_picked":["Twin Strike","Burning Pact"],"picked":"Shrug It Off","floor":2.0},{"not_picked":["Thunderclap","Heavy Blade"],"picked":"Sword Boomerang","floor":3.0},{"not_picked":["Havoc","Sword Boomerang"],"picked":"Iron Wave","floor":4.0},{"not_picked":["Sentinel","Body Slam"],"picked":"Flame Barrier","floor":6.0},{"not_picked":["Iron Wave","Bludgeon"],"picked":"Uppercut","floor":8.0},{"not_picked":["Thunderclap","Carnage","True Grit"],"picked":"SKIP","floor":10.0},{"not_picked":["Wild Strike","Dark Embrace"],"picked":"Cleave","floor":11.0},{"not_picked":["Combust","Feel No Pain"],"picked":"Flame Barrier","floor":12.0},{"not_picked":["Clash","Armaments","Dropkick"],"picked":"SKIP","floor":14.0},{"not_picked":["Berserk","Fiend Fire"],"picked":"Barricade","floor":16.0},{"not_picked":[],"picked":"Battle Trance","floor":18.0},{"not_picked":["Intimidate"],"picked":"SKIP","floor":19.0},{"not_picked":["Carnage"],"picked":"SKIP","floor":20.0},{"not_picked":["Thunderclap"],"picked":"SKIP","floor":21.0},{"not_picked":["Anger"],"picked":"SKIP","floor":22},{"not_picked":["Rupture"],"picked":"SKIP","floor":24},{"not_picked":["Rupture"],"picked":"SKIP","floor":29},{"not_picked":["Anger"],"picked":"SKIP","floor":31},{"not_picked":[],"picked":"Double Tap","floor":33},{"not_picked":["Iron Wave"],"picked":"SKIP","floor":35},{"not_picked":["Carnage+1"],"picked":"SKIP","floor":37},{"not_picked":["Searing Blow"],"picked":"SKIP","floor":41},{"not_picked":[],"picked":"Warcry+1","floor":44},{"not_picked":["Blood for Blood"],"picked":"SKIP","floor":45},{"not_picked":[],"picked":"Battle Trance+1","floor":46},{"not_picked":["Clothesline"],"picked":"SKIP","floor":48},{"not_picked":[],"picked":"Shrug It Off","floor":54}],"player_experience":1031930,"relics_obtained":[{"floor":6.0,"key":"Ice Cream"},{"floor":9.0,"key":"Meat on the Bone"},{"floor":10.0,"key":"PreservedInsect"},{"floor":14.0,"key":"Girya"},{"floor":24,"key":"The Courier"},{"floor":26,"key":"Regal Pillow"},{"floor":29,"key":"Blue Candle"},{"floor":31,"key":"Ancient Tea Set"},{"floor":46,"key":"Letter Opener"},{"floor":48,"key":"War Paint"},{"floor":54,"key":"Bag of Marbles"}],"event_choices":[{"damage_healed":0.0,"max_hp_gain":0.0,"max_hp_loss":0.0,"gold_gain":0.0,"event_name":"The Woman in Blue","player_choice":"Bought 1 Potion","floor":5.0,"gold_loss":0.0,"damage_taken":0.0},{"damage_healed":0,"gold_gain":0,"player_choice":"Simplicity","damage_taken":0,"max_hp_gain":0,"max_hp_loss":0,"event_name":"Back to Basics","floor":27,"gold_loss":0,"cards_upgraded":["Strike_R","Strike_R","Strike_R","Defend_R","Defend_R","Defend_R","Defend_R"]},{"cards_removed":["Sword Boomerang"],"damage_healed":0,"gold_gain":0,"player_choice":"Removed Attack","damage_taken":0,"max_hp_gain":0,"max_hp_loss":0,"event_name":"Falling","floor":36,"gold_loss":0},{"damage_healed":0,"gold_gain":0,"player_choice":"Ignored","damage_taken":0,"max_hp_gain":0,"max_hp_loss":0,"event_name":"Tomb of Lord Red Mask","floor":38,"gold_loss":0},{"damage_healed":0,"gold_gain":0,"player_choice":"Upgraded","damage_taken":0,"max_hp_gain":0,"max_hp_loss":0,"event_name":"Upgrade Shrine","floor":39,"gold_loss":0,"cards_upgraded":["Apotheosis"]}],"is_beta":false,"boss_relics":[{"not_picked":["SacredBark","Black Star"],"picked":"Busted Crown"},{"not_picked":["Astrolabe","Runic Cube"],"picked":"Fusion Hammer"}],"items_purged_floors":[28,47],"is_endless":false,"potions_floor_spawned":[3,4,8,11,14,18,21,22,24,33,35,44,45,46],"killed_by":"The Heart","ascension_level":17}}