{"host":"mydft8i2zzydgggw","time":1612597173,"event":{"mods":["AchievementEnabler","BaseMod","BetterRewards","Colored Map","Colored Powertips","DeckTracker","Keyboard Shortcuts","Minty Spire (QoL Compilation)","Rare Cards Sparkle","StSLib","SuperFastMode","everything is the same but u backflip on backflip"],"gold_per_floor":[117,130,147,157,257,257,246,246,246,263,263,263,263,37,37,37,37],"floor_reached":16,"language":"KOR","playtime":262,"items_purged":[],"score":124,"play_id":"678b191d-1402-4291-b65b-081d48d1f8e7","local_time":"20210206163933","is_ascension_mode":true,"campfire_choices":[{"data":"Entrench","floor":6,"key":"SMITH"},{"data":"Entrench","floor":8,"key":"SMITH"},{"data":"Berserk","floor":11,"key":"SMITH"},{"floor":15,"key":"REST"}],"circlet_count":0,"master_deck":["Strike_R","Strike_R","Strike_R","Strike_R","Strike_R","Defend_R","Defend_R","Defend_R","Defend_R","Bash","Berserk+1","Entrench+1","Shrug It Off","Entrench+1","Disarm","Power Through","Uppercut"],"relics":["Burning Blood","Pear","StoneCalendar","Golden Idol","Vajra"],"acts_visited":["Exordium"],"potions_floor_usage":[10,10],"damage_taken":[{"damage":17,"enemies":"2 Louse","floor":1,"turns":4},{"damage":27,"enemies":"Cultist","floor":2,"turns":6},{"damage":6,"enemies":"Small Slimes","floor":3,"turns":7},{"damage":23,"enemies":"3 Louse","floor":4,"turns":6},{"damage":11,"enemies":"Exordium Thugs","floor":7,"turns":8},{"damage":14,"enemies":"Large Slime","floor":10,"turns":7},{"damage":26,"enemies":"Slime Boss","floor":16,"turns":3}],"seed_played":"-5349480336244740818","potions_obtained":[{"floor":3,"key":"Fire Potion"},{"floor":7,"key":"ColorlessPotion"},{"floor":10,"key":"Explosive Potion"}],"is_trial":false,"path_per_floor":["M","M","M","M","?","R","M","R","T","M","R","?","?","$","R","B"],"character_chosen":"IRONCLAD","items_purchased":["Uppercut","Vajra"],"campfire_rested":1,"item_purchase_floors":[14,14],"current_hp_per_floor":[61,40,40,23,23,23,18,18,28,20,20,2,2,2,26,0,0],"gold":37,"neow_bonus":"ONE_RANDOM_RARE_CARD","is_daily":false,"chose_seed":false,"campfire_upgraded":3,"win_rate":0.0,"timestamp":1612597173,"path_taken":["M","M","M","M","?","R","?","R","T","M","R","?","?","$","R","BOSS"],"items_purchased_type":["Card","Relic"],"build_version":"2020-12-22","purchased_purges":0,"victory":false,"max_hp_per_floor":[80,80,80,80,80,80,80,80,90,90,90,90,83,83,83,83,83],"card_choices":[{"not_picked":["Shrug It Off","Rupture"],"picked":"Entrench","floor":1},{"not_picked":["Carnage","Perfected Strike"],"picked":"Shrug It Off","floor":2},{"not_picked":["Spot Weakness","Rupture","Cleave"],"picked":"SKIP","floor":3},{"not_picked":["Clash","Armaments"],"picked":"Entrench","floor":4},{"not_picked":["Havoc","Second Wind"],"picked":"Disarm","floor":7},{"not_picked":["Flex","Blood for Blood"],"picked":"Power Through","floor":10}],"player_experience":232975,"relics_obtained":[{"floor":9,"key":"Pear"}],"event_choices":[{"damage_healed":0,"gold_gain":100,"player_choice":"Pray","damage_taken":0,"max_hp_gain":0,"max_hp_loss":0,"event_name":"Golden Shrine","floor":5,"gold_loss":0},{"damage_healed":0,"gold_gain":0,"player_choice":"Success","damage_taken":18,"relics_obtained":["StoneCalendar"],"max_hp_gain":0,"max_hp_loss":0,"event_name":"Scrap Ooze","floor":12,"gold_loss":0},{"damage_healed":0,"gold_gain":0,"player_choice":"Lose Max HP","damage_taken":0,"relics_obtained":["Golden Idol"],"max_hp_gain":0,"max_hp_loss":7,"event_name":"Golden Idol","floor":13,"gold_loss":0}],"is_beta":false,"boss_relics":[],"items_purged_floors":[],"is_endless":false,"potions_floor_spawned":[3,7,10],"killed_by":"Slime Boss","ascension_level":7}}