{"host":"5h6e4l6hpn0p5lap","time":1612580741,"event":{"mods":["AchievementEnabler","BaseMod","Better Altar","Better Match","Better Sensory Stone","Better Skull","Better Third Choice","Colored Map","Filter the Spire","Minty Spire (QoL Compilation)","StSLib"],"gold_per_floor":[119,44,22,40,40,66,66,66,116,116,134,170,193,193,193,318,318,341,341,641,662,662,662],"floor_reached":22,"language":"ENG","playtime":816,"items_purged":[],"score":254,"play_id":"46dae0ca-e1df-4983-9c6f-a3f1ccc2c5ac","local_time":"20210205220541","is_ascension_mode":true,"campfire_choices":[{"data":"CutThroughFate","floor":7.0,"key":"SMITH"},{"data":"Eruption","floor":10.0,"key":"SMITH"},{"data":"ReachHeaven","floor":15,"key":"SMITH"}],"circlet_count":0,"master_deck":["Strike_P","Strike_P","Strike_P","Defend_P","Defend_P","Defend_P","Defend_P","Eruption+1","Vigilance","CutThroughFate+1","Brilliance+1","BowlingBash","CrushJoints","Halt","Prostrate","Weave","ReachHeaven+1","MasterReality","FlurryOfBlows","RitualDagger","BattleHymn+1"],"relics":["PureWater","Ginger","Bottled Flame","Golden Idol","Lantern","Black Star","Old Coin"],"acts_visited":["Exordium","TheCity"],"potions_floor_usage":[21],"damage_taken":[{"damage":5.0,"enemies":"Jaw Worm","floor":1.0,"turns":5.0},{"damage":1.0,"enemies":"Cultist","floor":4.0,"turns":3.0},{"damage":4.0,"enemies":"Lagavulin","floor":6.0,"turns":5.0},{"damage":0.0,"enemies":"Small Slimes","floor":11.0,"turns":1.0},{"damage":16.0,"enemies":"3 Sentries","floor":12.0,"turns":8.0},{"damage":0.0,"enemies":"Blue Slaver","floor":13.0,"turns":1.0},{"damage":0,"enemies":"Slime Boss","floor":16,"turns":4},{"damage":1,"enemies":"3 Byrds","floor":18,"turns":5},{"damage":35,"enemies":"Chosen","floor":21,"turns":5},{"damage":25,"enemies":"Snake Plant","floor":22,"turns":4}],"seed_played":"-8547169896565550105","potions_obtained":[{"floor":4.0,"key":"Weak Potion"},{"floor":21,"key":"Strength Potion"}],"is_trial":false,"path_per_floor":["M","?","$","M","?","E","R","?","T","R","M","E","M","?","R","B",null,"M","?","T","M","M"],"character_chosen":"WATCHER","items_purchased":["BowlingBash"],"campfire_rested":0,"item_purchase_floors":[3],"current_hp_per_floor":[60,60,60,59,59,55,55,55,55,55,55,39,39,70,70,70,70,69,63,63,28,3,3],"gold":662,"neow_bonus":"ONE_RARE_RELIC","is_daily":false,"chose_seed":false,"campfire_upgraded":3,"win_rate":0.0,"timestamp":1612580741,"path_taken":["M","?","$","M","?","E","R","?","T","R","M","E","?","?","R","BOSS","M","?","?","M","?"],"items_purchased_type":["Card"],"build_version":"2020-12-22","purchased_purges":0,"victory":false,"max_hp_per_floor":[65,65,65,65,65,65,65,60,60,60,60,60,60,70,70,70,70,70,70,70,70,70,70],"card_choices":[{"not_picked":["Protect","ReachHeaven"],"picked":"CutThroughFate","floor":1.0},{"not_picked":["Blasphemy+1","Vault+1"],"picked":"Brilliance+1","floor":2.0},{"not_picked":["Sadistic Nature+1","Secret Technique+1"],"picked":"Chrysalis+1","floor":2.0},{"not_picked":["FollowUp","PathToVictory"],"picked":"CrushJoints","floor":4.0},{"not_picked":["Evaluate","Protect"],"picked":"Halt","floor":6.0},{"not_picked":["CutThroughFate","Protect"],"picked":"Prostrate","floor":11.0},{"not_picked":["JustLucky","LikeWater"],"picked":"Weave","floor":12.0},{"not_picked":["LikeWater","Protect"],"picked":"ReachHeaven","floor":13.0},{"not_picked":["LessonLearned","Scrawl"],"picked":"MasterReality","floor":16},{"not_picked":["SashWhip","FlyingSleeves"],"picked":"FlurryOfBlows","floor":18},{"not_picked":["Wallop+1","EmptyBody"],"picked":"BattleHymn+1","floor":21}],"player_experience":1065257,"relics_obtained":[{"floor":6.0,"key":"Bottled Flame"},{"floor":12.0,"key":"Lantern"},{"floor":20,"key":"Old Coin"}],"event_choices":[{"damage_healed":0.0,"max_hp_gain":0.0,"max_hp_loss":0.0,"gold_gain":0.0,"event_name":"betterMatch:BetterMatch","player_choice":"2","floor":2.0,"gold_loss":0.0,"damage_taken":0.0,"cards_obtained":["betterMatch:RareCard","betterMatch:ColorlessRareCard"]},{"cards_removed":["Strike_P"],"damage_healed":0.0,"max_hp_gain":0.0,"max_hp_loss":0.0,"gold_gain":0.0,"event_name":"Living Wall","player_choice":"Forget","floor":5.0,"gold_loss":0.0,"damage_taken":0.0},{"damage_healed":0.0,"max_hp_gain":0.0,"max_hp_loss":5.0,"gold_gain":0.0,"event_name":"Golden Idol","player_choice":"Lose Max HP","floor":8.0,"gold_loss":0.0,"damage_taken":0.0,"relics_obtained":["Golden Idol"]},{"cards_removed":["Chrysalis"],"damage_healed":21,"gold_gain":0,"player_choice":"Offered Rare","damage_taken":0,"max_hp_gain":10,"max_hp_loss":0,"event_name":"Bonfire Elementals","floor":14,"gold_loss":0},{"damage_healed":0,"gold_gain":0,"player_choice":"Dagger","damage_taken":6,"max_hp_gain":0,"max_hp_loss":0,"event_name":"betterThird:BetterNest","floor":19,"gold_loss":0,"cards_obtained":["RitualDagger"]}],"is_beta":false,"boss_relics":[{"not_picked":["Snecko Eye","Velvet Choker"],"picked":"Black Star"}],"items_purged_floors":[],"is_endless":false,"potions_floor_spawned":[4,21],"killed_by":"Snake Plant","ascension_level":1}}