{"host":"630px4nyj50z5id8","time":1612610242,"event":{"mods":["BaseMod","Better Note","Colored Powertips","Good Game Mod","Minty Spire (QoL Compilation)","Quick Restart","Rare Cards Sparkle","Relic Filter Mod","Replay The Spire","StSLib","Waifu the Spire"],"gold_per_floor":[117,117,42,62,62,62,91,104,104,133,55,87,12,41,41,113,113,126,139,139,139],"floor_reached":20,"language":"ZHS","playtime":732,"items_purged":["Strike_G"],"score":428,"play_id":"bfbb506a-f9da-416b-84f7-7a8e47a6b568","local_time":"20210206191722","is_ascension_mode":true,"campfire_choices":[{"data":"Well Laid Plans","floor":6.0,"key":"SMITH"},{"floor":15.0,"key":"REST"}],"circlet_count":0,"master_deck":["AscendersBane","Survivor","Neutralize","Establishment","Well Laid Plans+1","All Out Attack","Atom Bomb","Corpse Explosion","Acrobatics","Prepared","Die Die Die","Blur","Infinite Blades","ReplayTheSpireMod:Speed Training","Poison Darts","Catalyst","Replay:Bag of Tricks","Deflect","Replay:Bag of Tricks","ReplayTheSpireMod:The Works"],"relics":["Ring of the Snake","REME:ComplimentaryCards","NeowsBlessing","MealTicket","StoneCalendar","Blue Candle","Snack Pack","Paper Crane","Blue Doll","Pandora\u0027s Box"],"acts_visited":["Exordium","TheCity"],"potions_floor_usage":[],"damage_taken":[{"damage":0.0,"enemies":"Cultist","floor":1.0,"turns":1.0},{"damage":0.0,"enemies":"2 Louse","floor":4.0,"turns":1.0},{"damage":0.0,"enemies":"Gremlin Nob","floor":7.0,"turns":1.0},{"damage":2.0,"enemies":"Jaw Worm","floor":8.0,"turns":4.0},{"damage":5.0,"enemies":"Lagavulin","floor":10.0,"turns":5.0},{"damage":15.0,"enemies":"3 Sentries","floor":12.0,"turns":4.0},{"damage":47.0,"enemies":"Gremlin Nob","floor":14.0,"turns":5.0},{"damage":20.0,"enemies":"Slime Boss","floor":16.0,"turns":7.0},{"damage":17,"enemies":"Spheric Guardian","floor":18,"turns":4},{"damage":15,"enemies":"Chosen","floor":19,"turns":5},{"damage":10,"enemies":"Shelled Parasite and Fungi","floor":20,"turns":2}],"seed_played":"8280398405270343718","potions_obtained":[{"floor":1.0,"key":"SteroidPotion"},{"floor":8.0,"key":"SpeedPotion"},{"floor":14.0,"key":"Block Potion"}],"is_trial":false,"path_per_floor":["M","?","?","M","$","R","E","M","T","E","$","E","$","E","R","B",null,"M","M","M"],"character_chosen":"THE_SILENT","items_purchased":["Corpse Explosion"],"campfire_rested":1,"item_purchase_floors":[11],"current_hp_per_floor":[59,54,54,54,66,66,66,64,64,59,66,51,66,19,38,22,55,40,25,15,15],"gold":139,"neow_bonus":"THREE_ENEMY_KILL","is_daily":false,"chose_seed":false,"campfire_upgraded":1,"win_rate":0.0,"timestamp":1612610242,"path_taken":["M","?","?","M","$","R","E","M","T","E","$","E","$","E","R","BOSS","M","M","M"],"items_purchased_type":["Card"],"build_version":"2020-12-22","purchased_purges":1,"victory":false,"max_hp_per_floor":[66,66,66,66,66,66,66,66,66,66,66,66,66,66,66,66,66,66,66,66,66],"card_choices":[{"not_picked":["Dagger Spray","ReplayTheSpireMod:The Works"],"picked":"Well Laid Plans","floor":1.0},{"not_picked":["Outmaneuver","Sucker Punch"],"picked":"All Out Attack","floor":4.0},{"not_picked":["Deflect","Bane"],"picked":"Atom Bomb","floor":7.0},{"not_picked":["Underhanded Strike","Flying Knee","Heel Hook"],"picked":"SKIP","floor":8.0},{"not_picked":["Setup","Deadly Poison","Slice"],"picked":"SKIP","floor":10.0},{"not_picked":["Doppelganger","ReplayTheSpireMod:Scrap Shanks"],"picked":"Acrobatics","floor":12.0},{"not_picked":["ReplayTheSpireMod:Tripwire","ReplayTheSpireMod:Shiv Toss"],"picked":"Prepared","floor":14.0},{"not_picked":["Corpse Explosion","Glass Knife"],"picked":"Die Die Die","floor":16.0},{"not_picked":["ReplayTheSpireMod:Tripwire","All Out Attack","Dagger Throw"],"picked":"SKIP","floor":18},{"not_picked":["Dagger Throw","Slice"],"picked":"ReplayTheSpireMod:The Works","floor":19}],"player_experience":407447,"relics_obtained":[{"floor":7.0,"key":"StoneCalendar"},{"floor":9.0,"key":"Blue Candle"},{"floor":10.0,"key":"Snack Pack"},{"floor":12.0,"key":"Paper Crane"},{"floor":14.0,"key":"Blue Doll"}],"event_choices":[{"damage_healed":0.0,"max_hp_gain":0.0,"max_hp_loss":0.0,"gold_gain":0.0,"event_name":"Scrap Ooze","player_choice":"Success","floor":2.0,"gold_loss":0.0,"damage_taken":5.0,"relics_obtained":["MealTicket"]},{"cards_removed":["Strike_G"],"damage_healed":0.0,"max_hp_gain":0.0,"max_hp_loss":0.0,"gold_gain":0.0,"event_name":"The Cleric","player_choice":"Card Removal","floor":3.0,"gold_loss":75.0,"damage_taken":0.0}],"is_beta":false,"boss_relics":[{"not_picked":["SlaversCollar","Replay:Drink Me"],"picked":"Pandora\u0027s Box"}],"items_purged_floors":[13],"is_endless":false,"potions_floor_spawned":[1,8,14],"killed_by":"Shelled Parasite and Fungi","ascension_level":18}}