{"host":"3e3mwsgb9gfqiuxm","time":1612587670,"event":{"mods":["Act Like it!","BaseMod","BetterRewards","Colored Map","Colored Powertips","Downfall","Gensokyo","Hermit","Infinite Spire","Koishi","Marisa????????","Minty Spire (QoL Compilation)","Quick Restart","Reimu??????","Remilia??????","Replay The Spire","Shop Mod","StSLib","SuperFastMode","The Animator","The Bug Knight","The Cursed","The Jungle","The Servant 0.9.4","everything is the same but u backflip on backflip"],"gold_per_floor":[119,165,182,182,357,390,390,390,390],"floor_reached":8,"language":"ENG","playtime":124,"items_purged":[],"score":79,"play_id":"b2fd826c-f601-4f4d-aa89-1bc2e39b821a","local_time":"20210206000110","is_ascension_mode":false,"campfire_choices":[{"data":"Luminosity","floor":7,"key":"SMITH"}],"circlet_count":0,"master_deck":["Strike_S","Strike_S","Strike_S","Strike_S","Defend_S","Defend_S","Defend_S","Defend_S","KidneyShot","Exchange","BottledTime","Luminosity+1","Comet","Doubt","BottledTime"],"relics":["Ring of the Snake","NeowsBlessing","Pantograph","infinitespire:Cubic Diamond","Ornamental Fan"],"acts_visited":["Exordium"],"potions_floor_usage":[],"damage_taken":[{"damage":0,"enemies":"2 Louse","floor":1,"turns":1},{"damage":0,"enemies":"Small Slimes","floor":3,"turns":1},{"damage":0,"enemies":"Gremlin Nob","floor":6,"turns":1},{"damage":0,"enemies":"3 Sentries","floor":8,"turns":1}],"seed_played":"-7943456687868713349","potions_obtained":[{"floor":1,"key":"ColorlessPotion"},{"floor":2,"key":"CultistPotion"}],"is_trial":false,"path_per_floor":["M","?","M","?","?","E","R","E"],"character_chosen":"THE_SERVANT","items_purchased":[],"campfire_rested":0,"item_purchase_floors":[],"current_hp_per_floor":[65,39,39,39,39,39,39,39,39],"gold":390,"neow_bonus":"THREE_ENEMY_KILL","is_daily":false,"chose_seed":false,"campfire_upgraded":1,"win_rate":0.0,"timestamp":1612587670,"path_taken":["M","?","M","?","?","E","R","E"],"items_purchased_type":[],"build_version":"2020-12-22","purchased_purges":0,"victory":false,"max_hp_per_floor":[65,65,65,65,65,65,65,65,65],"card_choices":[{"not_picked":["FastForward","Foresight"],"picked":"BottledTime","floor":1},{"not_picked":["RealityMarble","TimeWarp"],"picked":"Luminosity","floor":2},{"not_picked":["Shuttle","Revamp"],"picked":"Comet","floor":3},{"not_picked":["Defy","Shuttle"],"picked":"BottledTime","floor":6}],"player_experience":1353736,"relics_obtained":[{"floor":2,"key":"Pantograph"},{"floor":6,"key":"Ornamental Fan"}],"event_choices":[{"damage_healed":0,"gold_gain":175,"player_choice":"AGREE","damage_taken":0,"max_hp_gain":0,"max_hp_loss":0,"event_name":"Liars Game","floor":5,"gold_loss":0,"cards_obtained":["Doubt"]}],"is_beta":false,"boss_relics":[],"items_purged_floors":[],"is_endless":false,"potions_floor_spawned":[1],"killed_by":"3 Sentries","ascension_level":0}}