{"host":"1u4f3pkortkfc57w","time":1612617494,"event":{"mods":["BaseMod","Colored Powertips","Minty Spire (QoL Compilation)","StSLib","UnlockEverythingMod"],"gold_per_floor":[218,234,0,11,11,11,11,11,11,25,44,44,54,69,69,170,170,185,185,185,185],"floor_reached":20,"language":"ZHS","playtime":1309,"items_purged":[],"score":166,"play_id":"1ac1d264-2317-4aa7-ba87-f5bf2ef54fb7","local_time":"20210206211814","is_ascension_mode":false,"campfire_choices":[{"data":"Iron Wave","floor":6,"key":"SMITH"},{"data":"Havoc","floor":8,"key":"SMITH"},{"data":"Warcry","floor":12,"key":"SMITH"},{"data":"Shrug It Off","floor":15,"key":"SMITH"}],"circlet_count":0,"master_deck":["Bash","Headbutt","Iron Wave+1","Fire Breathing","Havoc+1","Shrug It Off+1","Warcry+1","Rampage","Clothesline","Juggernaut","Rage","Flame Barrier","Perfected Strike","Battle Trance","Rampage","Exhume","Carnage","Clash","Juggernaut","Dual Wield","RitualDagger"],"relics":["Burning Blood","Frozen Eye","TungstenRod","Gremlin Horn","Pandora\u0027s Box"],"acts_visited":["Exordium","TheCity"],"potions_floor_usage":[14,16,18,20],"damage_taken":[{"damage":1,"enemies":"Cultist","floor":1,"turns":3},{"damage":10,"enemies":"Jaw Worm","floor":2,"turns":4},{"damage":0,"enemies":"2 Louse","floor":4,"turns":2},{"damage":4,"enemies":"Red Slaver","floor":10,"turns":5},{"damage":0,"enemies":"Lots of Slimes","floor":11,"turns":5},{"damage":10,"enemies":"Looter","floor":13,"turns":3},{"damage":7,"enemies":"Exordium Thugs","floor":14,"turns":4},{"damage":25,"enemies":"Slime Boss","floor":16,"turns":7},{"damage":16,"enemies":"2 Thieves","floor":18,"turns":4},{"damage":22,"enemies":"Spheric Guardian","floor":20,"turns":4}],"seed_played":"6407126241823855655","potions_obtained":[{"floor":1,"key":"AttackPotion"},{"floor":4,"key":"DuplicationPotion"},{"floor":11,"key":"LiquidBronze"},{"floor":16,"key":"ColorlessPotion"},{"floor":18,"key":"Energy Potion"}],"is_trial":false,"path_per_floor":["M","M","$","M","?","R","$","R","T","M","M","R","M","M","R","B",null,"M","?","M"],"character_chosen":"IRONCLAD","items_purchased":["Frozen Eye","Iron Wave","Fire Breathing"],"campfire_rested":0,"item_purchase_floors":[3,3,3],"current_hp_per_floor":[80,76,76,80,80,80,80,80,80,80,80,80,76,75,75,56,80,70,65,43,43],"gold":185,"neow_bonus":"HUNDRED_GOLD","is_daily":false,"chose_seed":false,"campfire_upgraded":4,"win_rate":0.0,"timestamp":1612617494,"path_taken":["M","M","$","?","?","R","?","R","T","M","M","R","M","M","R","BOSS","M","?","M"],"items_purchased_type":["Relic","Card","Card"],"build_version":"2020-12-22","purchased_purges":0,"victory":false,"max_hp_per_floor":[80,80,80,80,80,80,80,80,80,80,80,80,80,80,80,80,80,80,80,80,80],"card_choices":[{"not_picked":["Blood for Blood","Cleave","Clash"],"picked":"SKIP","floor":1},{"not_picked":["Warcry","Havoc"],"picked":"Headbutt","floor":2},{"not_picked":["Heavy Blade","Rupture"],"picked":"Havoc","floor":4},{"not_picked":["Dual Wield","Berserk"],"picked":"Shrug It Off","floor":10},{"not_picked":["Clash","Carnage"],"picked":"Warcry","floor":11},{"not_picked":["Wild Strike","Perfected Strike"],"picked":"Rampage","floor":13},{"not_picked":["Heavy Blade","Perfected Strike"],"picked":"Clothesline","floor":14},{"not_picked":["Brutality","Double Tap"],"picked":"Juggernaut","floor":16},{"not_picked":["Hemokinesis","Cleave+1"],"picked":"Dual Wield","floor":18}],"player_experience":36255,"relics_obtained":[{"floor":5,"key":"TungstenRod"},{"floor":9,"key":"Gremlin Horn"}],"event_choices":[{"damage_healed":0,"gold_gain":0,"player_choice":"Relic","damage_taken":0,"max_hp_gain":0,"max_hp_loss":0,"event_name":"Wheel of Change","floor":5,"gold_loss":0},{"damage_healed":0,"gold_gain":0,"player_choice":"Joined the Cult","damage_taken":6,"max_hp_gain":0,"max_hp_loss":0,"event_name":"Nest","floor":19,"gold_loss":0,"cards_obtained":["RitualDagger"]}],"is_beta":false,"boss_relics":[{"not_picked":["Busted Crown","Fusion Hammer"],"picked":"Pandora\u0027s Box"}],"items_purged_floors":[],"is_endless":false,"potions_floor_spawned":[1,4,11,16,18],"killed_by":"Spheric Guardian","ascension_level":0}}