{"host":"17xjy7b7ubl548g2","time":1612589250,"event":{"mods":["2.2 Compatiblity","Act Like it!","Aspiration","Astrologer","Bard","BaseMod","Challenge The Spire","ChefMod","Colored Map","Colored Powertips","Conspire","Elementarium","Energized Spire","Gensokyo","GifTheSpireLib","Halation","Hallownest","Hermit","Hubris","Infinite Spire","Jedi Mod","Jorbs\u0027s Wanderer Trilogy","Marisa（霧雨　魔理沙）","Marked Mod","Menagerie","Minty Spire (QoL Compilation)","Permanent Neow","Reliquary","Replay The Spire","Robot Space Explorer","Spicy Shops","Spire Arcade","StSLib","Stuff the Spire","The Blue Laboratory","The Bug Knight","The Construct","The Disciple","The Hayseed","The Hierophant","The Marked","The Runesmith","The Sage","TheFirefly"],"gold_per_floor":[117,117,130,130,145,145,175,193,193,193,204,233,233,258,258,335,335,355,167,167,178,178,178,196,196,278,313,313,324,335,368,368,445,445,456,456,472,486,55,55,74,104,104,117,145,145,162,38,38,38],"floor_reached":51,"language":"ENG","playtime":6334,"items_purged":["Shame"],"score":1682,"play_id":"2da01ef1-0f80-4a70-afe9-0bc067464253","local_time":"20210206002730","daily_mods":["SealedDeck","Heirloom","Elite Swarm"],"is_ascension_mode":true,"campfire_choices":[{"data":"Go for the Eyes","floor":6,"key":"SMITH"},{"data":"ReplayTheSpireMod:Dual Polarity","floor":10,"key":"SMITH"},{"data":"StuffTheSpire:ForEach","floor":13,"key":"SMITH"},{"data":"StuffTheSpire:ForEach","floor":15,"key":"SMITH"},{"data":"Hologram","floor":23,"key":"SMITH"},{"data":"ReplayTheSpireMod:Calculation Training","floor":25,"key":"SMITH"},{"data":"Biased Cognition","floor":28,"key":"SMITH"},{"data":"Buffer","floor":32,"key":"SMITH"},{"data":"Electrodynamics","floor":40,"key":"SMITH"},{"floor":46,"key":"DIG"},{"floor":49,"key":"DIG"}],"circlet_count":0,"master_deck":["AscendersBane","StuffTheSpire:ForEach+1","Hologram+1","jedi:BurstLightning","BootSequence","ReplayTheSpireMod:Dual Polarity+1","Capacitor","Go for the Eyes+1","jedi:BurstFrost","Cold Snap","Cold Snap","ReplayTheSpireMod:Calculation Training+1","Coolheaded","jedi:blockon","jedi:blockon","Blizzard","Ball Lightning","StuffTheSpire:ForEach+1","Coolheaded","Conserve Battery","Rainbow","Echo Form","Core Surge","StuffTheSpire:Coldhearted","jedi:BurstFrost+1","Biased Cognition+1","Steam+1","Buffer+1","Electrodynamics+1","Ball Lightning","Hologram+1","Cold Snap"],"relics":["Cracked Core","conspire:GiftBox","Bag of Preparation","Du-Vu Doll","reliquary:IridiumChain","StuffTheSpire:HeavyRock","Inserter","OrangePellets","halation:EternalFortune","sagemod:Singing_Vial","Oddly Smooth Stone","jedi:heavyjacket","The Courier","Runesmith:UraniumAnvil","Prayer Wheel","ReplayTheSpireMod:Lightbulb","hubris:RGBLights","reliquary:SharkskinSheath","Shovel","reliquary:TuningFork","conspire:TopHat","infinitespire:Lychee Nut","jedi:laserpointer","infinitespire:Freezer"],"acts_visited":["Exordium","Gensokyo:Gensokyo","Gensokyo:Gensokyoer"],"potions_floor_usage":[7,12,14,27,31,42,50],"damage_taken":[{"damage":0,"enemies":"Gensokyo:3_Fairies","floor":1,"turns":3},{"damage":0,"enemies":"Gensokyo:Gryphon","floor":3,"turns":3},{"damage":0,"enemies":"Gensokyo:Python","floor":5,"turns":3},{"damage":4,"enemies":"Gensokyo:Cirno","floor":7,"turns":6},{"damage":0,"enemies":"Gensokyo:VengefulSpirit","floor":8,"turns":3},{"damage":15,"enemies":"Gensokyo:CorruptedTreant","floor":11,"turns":3},{"damage":0,"enemies":"Gensokyo:Mamizou","floor":12,"turns":4},{"damage":0,"enemies":"Gensokyo:Aya","floor":14,"turns":2},{"damage":0,"enemies":"Gensokyo:Kokoro","floor":16,"turns":6},{"damage":18,"enemies":"Gensokyo:2_Gloops","floor":18,"turns":5},{"damage":0,"enemies":"Gensokyo:Chomper","floor":21,"turns":3},{"damage":12,"enemies":"Gensokyo:Monolith_and_Dog","floor":24,"turns":8},{"damage":15,"enemies":"Gensokyo:Reisen","floor":27,"turns":6},{"damage":5,"enemies":"Gensokyo:Slime_Group","floor":29,"turns":5},{"damage":0,"enemies":"Gensokyo:Swordslinger","floor":30,"turns":4},{"damage":11,"enemies":"Gensokyo:Tenshi","floor":31,"turns":3},{"damage":0,"enemies":"Gensokyo:Eternal_Rivals","floor":33,"turns":6},{"damage":0,"enemies":"Gensokyo:3_Boulders","floor":35,"turns":4},{"damage":0,"enemies":"Gensokyo:3_Bats","floor":37,"turns":3},{"damage":0,"enemies":"Gensokyo:Rafflesia","floor":38,"turns":8},{"damage":0,"enemies":"Gensokyo:3_Boulders","floor":41,"turns":1},{"damage":2,"enemies":"Gensokyo:Marisa","floor":42,"turns":6},{"damage":0,"enemies":"Gensokyo:Dusk_and_Dawn","floor":44,"turns":3},{"damage":0,"enemies":"Gensokyo:Doremy","floor":45,"turns":5},{"damage":0,"enemies":"Gensokyo:Rafflesia","floor":47,"turns":6},{"damage":0,"enemies":"Gensokyo:Yuyuko","floor":50,"turns":4}],"seed_played":"-499545391765381170","potions_obtained":[{"floor":3,"key":"blueLaboratory:BottleOfRum"},{"floor":5,"key":"jedi:StrikingPotion"},{"floor":8,"key":"Elixir"},{"floor":12,"key":"SkillPotion"},{"floor":18,"key":"blueLaboratory:BottleOfVodka"},{"floor":24,"key":"LiquidBronze"},{"floor":27,"key":"blueLaboratory:EnragingPotion"},{"floor":29,"key":"Fire Potion"},{"floor":37,"key":"Regen Potion"},{"floor":38,"key":"Weak Potion"},{"floor":45,"key":"blueLaboratory:BiasPotion"}],"is_trial":true,"path_per_floor":["M","?","M","?","M","R","E","M","T","R","M","E","R","E","R","B",null,"M","COS","?","M","?","R","M","R","T","E","R","M","M","E","R","B",null,"M","?","M","M","$","R","M","E","T","M","E","R","M","$","R","B",null],"character_chosen":"DEFECT","items_purchased":["ReplayTheSpireMod:Lightbulb","hubris:RGBLights","reliquary:SharkskinSheath","jedi:laserpointer"],"campfire_rested":0,"item_purchase_floors":[39,39,39,48],"current_hp_per_floor":[64,64,64,68,68,68,64,64,64,64,49,49,49,49,49,49,66,48,48,52,52,55,55,43,43,43,28,28,23,23,15,15,15,62,62,66,66,66,66,66,69,67,67,67,67,60,60,60,60,60],"gold":38,"neow_bonus":"","is_daily":false,"chose_seed":false,"campfire_upgraded":9,"win_rate":0.0,"timestamp":1612589250,"path_taken":["M","?","M","?","?","R","E","?","T","R","M","E","R","E","R","BOSS","M","COS","?","?","?","R","?","R","T","E","R","M","?","E","R","BOSS","M","?","M","M","$","R","M","E","T","M","E","R","?","?","R","BOSS"],"items_purchased_type":["Relic","Relic","Relic","Relic"],"build_version":"2020-12-22","purchased_purges":1,"victory":true,"max_hp_per_floor":[71,71,71,71,71,71,71,71,71,71,71,71,71,71,71,71,71,71,71,71,71,74,74,74,74,74,74,74,74,74,77,77,77,77,77,77,77,77,77,77,80,80,80,80,80,60,60,60,60,60],"card_choices":[{"not_picked":["jedi:BurstDark","Hyperbeam"],"picked":"StuffTheSpire:ForEach","floor":0},{"not_picked":["Reprogram","StuffTheSpire:LoadUp"],"picked":"Coolheaded","floor":1},{"not_picked":["Beam Cell","Rebound"],"picked":"jedi:blockon","floor":2},{"not_picked":["Go for the Eyes","Panic Button"],"picked":"jedi:blockon","floor":2},{"not_picked":["FIFO Queue","StuffTheSpire:SnapShoot"],"picked":"Blizzard","floor":3},{"not_picked":["Undo","Rebound"],"picked":"Ball Lightning","floor":5},{"not_picked":["All For One","hubris:Prefetch"],"picked":"StuffTheSpire:ForEach","floor":7},{"not_picked":["ReplayTheSpireMod:System Scan","Compile Driver"],"picked":"Coolheaded","floor":8},{"not_picked":["Steam","Ball Lightning"],"picked":"Conserve Battery","floor":11},{"not_picked":["jedi:gatheringstorm","hubris:DoWhile"],"picked":"Rainbow","floor":12},{"not_picked":["StuffTheSpire:Purify","StuffTheSpire:LaunchingStrike"],"picked":"Echo Form","floor":14},{"not_picked":["Machine Learning","jedi:meditation"],"picked":"Core Surge","floor":16},{"not_picked":["Chaos","Panic Button","Redo"],"picked":"SKIP","floor":18},{"not_picked":["Ball Lightning","Genetic Algorithm"],"picked":"StuffTheSpire:Coldhearted","floor":21},{"not_picked":["Turbo","Beam Cell"],"picked":"jedi:BurstFrost+1","floor":24},{"not_picked":["jedi:bruteforce","Multi-Cast"],"picked":"Biased Cognition","floor":27},{"not_picked":["Recycle+1","Compile Driver","Gash"],"picked":"SKIP","floor":29},{"not_picked":["StuffTheSpire:LoadUp","Stack"],"picked":"Steam+1","floor":30},{"not_picked":["Core Surge","hubris:Prefetch"],"picked":"Buffer","floor":31},{"not_picked":["hubris:SpecializedCircuitry","StuffTheSpire:Purify"],"picked":"ReplayTheSpireMod:Fabricate Wheel","floor":33},{"not_picked":["Barrage","StuffTheSpire:LoadUp","jedi:BurstLightning"],"picked":"SKIP","floor":35},{"not_picked":["StuffTheSpire:Plugnplay","Leap"],"picked":"Electrodynamics","floor":37},{"not_picked":["Steam Power","jedi:BurstLightning"],"picked":"Chill+1","floor":38},{"not_picked":["Genetic Algorithm","Redo"],"picked":"Ball Lightning","floor":38},{"not_picked":["Force Field","ReplayGash","Capacitor+1"],"picked":"Singing Bowl","floor":41},{"not_picked":["jedi:BurstFrost","jedi:BurstLightning","Rebound"],"picked":"Singing Bowl","floor":41},{"not_picked":["StuffTheSpire:EventHorizon","Hyperbeam","jedi:darknesscall"],"picked":"SKIP","floor":42},{"not_picked":["Rebound","jedi:blockon+1"],"picked":"Hologram+1","floor":44},{"not_picked":["jedi:BurstFrost+1","BasicCrystalCard","Genetic Algorithm+1"],"picked":"SKIP","floor":44},{"not_picked":["Biased Cognition","Machine Learning","StuffTheSpire:EventHorizon"],"picked":"Singing Bowl","floor":45},{"not_picked":["BasicCrystalCard","Gash"],"picked":"Cold Snap","floor":47},{"not_picked":["StuffTheSpire:LoadUp+1","BasicCrystalCard","Heatsinks"],"picked":"SKIP","floor":47}],"player_experience":2080937,"relics_obtained":[{"floor":7,"key":"Bag of Preparation"},{"floor":9,"key":"Du-Vu Doll"},{"floor":12,"key":"reliquary:IridiumChain"},{"floor":14,"key":"StuffTheSpire:HeavyRock"},{"floor":26,"key":"sagemod:Singing_Vial"},{"floor":27,"key":"jedi:heavyjacket"},{"floor":31,"key":"halation:EternalFortune"},{"floor":31,"key":"The Courier"},{"floor":41,"key":"halation:EternalFortune"},{"floor":42,"key":"Shovel"},{"floor":43,"key":"reliquary:TuningFork"},{"floor":45,"key":"conspire:TopHat"},{"floor":46,"key":"infinitespire:Lychee Nut"},{"floor":49,"key":"infinitespire:Freezer"}],"event_choices":[],"is_beta":false,"boss_relics":[{"not_picked":["jedi:paperlyon","ChewingGum"],"picked":"Inserter"},{"not_picked":["Astrolabe","halation:Prosthetics"],"picked":"Runesmith:UraniumAnvil"}],"items_purged_floors":[39],"is_endless":false,"potions_floor_spawned":[3,5,8,12,18,24,27,29,37,38,45],"ascension_level":15}}