{"host":"xm9adsgm4dq1zj57","time":1612630991,"event":{"mods":["AchievementEnabler","BaseMod","Colored Map","DeckTracker","Highlight Path","Keyboard Shortcuts","Minty Spire (QoL Compilation)","Permanent Neow","Quick Restart","Rare Cards Sparkle","Slay-I","StSLib","SuperFastMode"],"gold_per_floor":[16,30,30,41,41,41,41,51,51,51,61,77,77,92,92,92,92],"floor_reached":16,"language":"KOR","playtime":651,"items_purged":[],"score":188,"play_id":"936b8b00-b5ee-48ac-a42e-7e8ab84529d1","local_time":"20210207020311","is_ascension_mode":true,"campfire_choices":[{"data":"Neutralize","floor":6.0,"key":"SMITH"},{"data":"Dagger Spray","floor":10,"key":"SMITH"},{"data":"Survivor","floor":13,"key":"SMITH"},{"data":"Acrobatics","floor":15,"key":"SMITH"}],"circlet_count":0,"master_deck":["AscendersBane","Strike_G","Strike_G","Strike_G","Strike_G","Defend_G","Defend_G","Defend_G","Survivor+1","Neutralize+1","PiercingWail","Dagger Spray+1","Grand Finale","Acrobatics+1"],"relics":["Ring of the Snake","Singing Bowl"],"acts_visited":["Exordium"],"potions_floor_usage":[16,16],"damage_taken":[{"damage":3.0,"enemies":"Small Slimes","floor":1.0,"turns":5.0},{"damage":6.0,"enemies":"Jaw Worm","floor":2.0,"turns":7.0},{"damage":0.0,"enemies":"2 Louse","floor":4.0,"turns":3.0},{"damage":8,"enemies":"Blue Slaver","floor":8,"turns":5},{"damage":1,"enemies":"2 Fungi Beasts","floor":11,"turns":3},{"damage":3,"enemies":"Looter","floor":12,"turns":3},{"damage":1,"enemies":"3 Louse","floor":14,"turns":3},{"damage":41,"enemies":"The Guardian","floor":16,"turns":14}],"seed_played":"-3801863208400089426","potions_obtained":[{"floor":2.0,"key":"Dexterity Potion"},{"floor":4.0,"key":"SteroidPotion"}],"is_trial":false,"path_per_floor":["M","M","?","M","?","R","?","M","T","R","M","M","R","M","R","B"],"character_chosen":"THE_SILENT","items_purchased":[],"campfire_rested":0,"item_purchase_floors":[],"current_hp_per_floor":[56,50,50,50,50,50,50,42,42,42,43,40,40,39,39,0,0],"gold":92,"neow_bonus":"REMOVE_TWO","is_daily":false,"chose_seed":false,"campfire_upgraded":4,"win_rate":0.0,"timestamp":1612630991,"path_taken":["M","M","?","M","?","R","?","M","T","R","M","?","R","M","R","BOSS"],"items_purchased_type":[],"build_version":"2020-12-22","purchased_purges":0,"victory":false,"max_hp_per_floor":[66,66,66,66,66,66,66,66,66,66,68,68,68,68,68,68,68],"card_choices":[{"not_picked":["Sucker Punch","Deflect"],"picked":"PiercingWail","floor":1.0},{"not_picked":["Expertise","Heel Hook"],"picked":"Dagger Spray","floor":2.0},{"not_picked":["Flying Knee","Endless Agony","PiercingWail"],"picked":"SKIP","floor":4.0},{"not_picked":["Bane","Dagger Spray","Slice"],"picked":"SKIP","floor":8},{"not_picked":["Skewer","Deflect","Crippling Poison"],"picked":"Singing Bowl","floor":11},{"not_picked":["Caltrops","Skewer"],"picked":"Grand Finale","floor":12},{"not_picked":["Riddle With Holes","Outmaneuver"],"picked":"Acrobatics","floor":14}],"player_experience":956458,"relics_obtained":[{"floor":9,"key":"Singing Bowl"}],"event_choices":[{"cards_removed":["Defend_G"],"damage_healed":0.0,"max_hp_gain":0.0,"max_hp_loss":0.0,"gold_gain":0.0,"event_name":"Living Wall","player_choice":"Forget","floor":3.0,"gold_loss":0.0,"damage_taken":0.0},{"damage_healed":0.0,"max_hp_gain":0.0,"max_hp_loss":0.0,"gold_gain":0.0,"event_name":"Liars Game","player_choice":"Ignored","floor":5.0,"gold_loss":0.0,"damage_taken":0.0},{"damage_healed":0,"gold_gain":0,"player_choice":"Searched \u00270\u0027 times","damage_taken":0,"max_hp_gain":0,"max_hp_loss":0,"event_name":"Dead Adventurer","floor":7,"gold_loss":0}],"is_beta":false,"boss_relics":[],"items_purged_floors":[],"is_endless":false,"potions_floor_spawned":[2,4,8,14],"killed_by":"The Guardian","ascension_level":20}}