{"host":"i0m6ffz3lpe3z1ky","time":1612638102,"event":{"mods":["Aspiration","BaseMod","Bestiary","BetterRewards","Colored Map","Conspire","Energized Spire","Highlight Path","Hubris","Ironclad Rager","Minty Spire (QoL Compilation)","Quick Restart","Reliquary","Shop Mod","Spicy Shops","StSLib","Thieving Mod"],"gold_per_floor":[117,131,142,157,167,167,197,217,292,304,304,331,381,396,396,468,468,468,468],"floor_reached":18,"language":"KOR","playtime":650,"items_purged":[],"score":402,"play_id":"a22f1308-f498-4907-9373-e7e646bef40c","local_time":"20210207040142","is_ascension_mode":true,"campfire_choices":[{"floor":6.0,"key":"REST"},{"data":"Perfected Strike","floor":11.0,"key":"SMITH"},{"floor":15,"key":"REST"}],"circlet_count":0,"master_deck":["AscendersBane","Strike_R","Strike_R","Strike_R","Strike_R","Strike_R","Defend_R","Defend_R","Defend_R","Defend_R","Bash","Mayhem+1","Perfected Strike+1","Shrug It Off","Perfected Strike+1","Pommel Strike","Perfected Strike","Evolve"],"relics":["Burning Blood","reliquary:RosewoodLute","reliquary:Buckler","Mummified Hand","reliquary:Knoch","hubris:SphereOfDissonance","reliquary:OuijaBoard","energizedSpire:NeverEndingSparkler"],"acts_visited":["Exordium","TheCity"],"potions_floor_usage":[16,18],"damage_taken":[{"damage":11.0,"enemies":"Small Slimes","floor":1.0,"turns":4.0},{"damage":1.0,"enemies":"Cultist","floor":2.0,"turns":3.0},{"damage":0.0,"enemies":"2 Louse","floor":3.0,"turns":1.0},{"damage":14.0,"enemies":"Lots of Slimes","floor":4.0,"turns":6.0},{"damage":21.0,"enemies":"Exordium Thugs","floor":5.0,"turns":4.0},{"damage":29.0,"enemies":"Lagavulin","floor":7.0,"turns":5.0},{"damage":0.0,"enemies":"2 Fungi Beasts","floor":8.0,"turns":2.0},{"damage":0.0,"enemies":"Blue Slaver","floor":10.0,"turns":1.0},{"damage":0.0,"enemies":"Gremlin Nob","floor":12.0,"turns":2.0},{"damage":0,"enemies":"Looter","floor":14,"turns":1},{"damage":34,"enemies":"Hexaghost","floor":16,"turns":6},{"damage":62,"enemies":"3 Byrds","floor":18,"turns":2}],"seed_played":"-7538296499376757057","potions_obtained":[{"floor":1.0,"key":"CultistPotion"},{"floor":5.0,"key":"AttackPotion"},{"floor":7.0,"key":"SteroidPotion"},{"floor":12.0,"key":"PowerPotion"}],"is_trial":false,"path_per_floor":["M","M","M","M","M","R","E","M","T","M","R","E","?","M","R","B",null,"M"],"character_chosen":"IRONCLAD","items_purchased":["reliquary:RosewoodLute","reliquary:Buckler","Mummified Hand","Mayhem","Perfected Strike","Explosive Potion"],"campfire_rested":2,"item_purchase_floors":[0,0,0,0,0,0],"current_hp_per_floor":[28,33,39,31,16,38,15,21,21,27,27,33,26,32,54,26,63,1,1],"gold":468,"neow_bonus":"","is_daily":false,"chose_seed":false,"campfire_upgraded":1,"win_rate":0.0,"timestamp":1612638102,"path_taken":["M","M","M","M","M","R","E","M","T","M","R","E","?","?","R","BOSS","M"],"items_purchased_type":["Relic","Relic","Relic","Card","Card","Potion"],"build_version":"2020-12-22","purchased_purges":0,"victory":false,"max_hp_per_floor":[75,75,75,75,75,75,75,75,75,75,75,75,75,75,75,75,75,75,75],"card_choices":[{"not_picked":["Flame Barrier","Clothesline"],"picked":"Shrug It Off","floor":1.0},{"not_picked":["Body Slam","Clash","Ghostly Armor"],"picked":"SKIP","floor":2.0},{"not_picked":["Body Slam","Clash","Ghostly Armor"],"picked":"SKIP","floor":2.0},{"not_picked":["Dual Wield","Thunderclap","Spot Weakness"],"picked":"SKIP","floor":3.0},{"not_picked":["Dual Wield","Thunderclap","Spot Weakness"],"picked":"SKIP","floor":3.0},{"not_picked":["Body Slam","hubris:ReadiedAction"],"picked":"Perfected Strike","floor":4.0},{"not_picked":["hubris:ReadiedAction","True Grit"],"picked":"Pommel Strike","floor":5.0},{"not_picked":["Dropkick","Armaments","Rupture"],"picked":"SKIP","floor":7.0},{"not_picked":["Armaments","Havoc"],"picked":"Perfected Strike","floor":8.0},{"not_picked":["Fire Breathing","Clothesline"],"picked":"Evolve","floor":10.0},{"not_picked":["Carnage","Burning Pact","Hemokinesis"],"picked":"SKIP","floor":12.0},{"not_picked":["Rampage","Anger","Entrench"],"picked":"SKIP","floor":14}],"player_experience":511277,"relics_obtained":[{"floor":7.0,"key":"reliquary:Knoch"},{"floor":9.0,"key":"hubris:SphereOfDissonance"},{"floor":12.0,"key":"reliquary:OuijaBoard"}],"event_choices":[{"damage_healed":0,"gold_gain":50,"player_choice":"Touch","damage_taken":7,"max_hp_gain":0,"max_hp_loss":0,"event_name":"FaceTrader","floor":13,"gold_loss":0}],"is_beta":false,"boss_relics":[{"not_picked":["Runic Cube","Ectoplasm"],"picked":"energizedSpire:NeverEndingSparkler"}],"items_purged_floors":[],"is_endless":false,"potions_floor_spawned":[1,5,7,12,14],"killed_by":"3 Byrds","ascension_level":20}}