{"host":"630px4nyj50z5id8","time":1612620276,"event":{"mods":["BaseMod","Better Note","Colored Powertips","Good Game Mod","Minty Spire (QoL Compilation)","Quick Restart","Rare Cards Sparkle","Relic Filter Mod","Replay The Spire","StSLib","Waifu the Spire"],"gold_per_floor":[113,188,198,198,30,60,60,85,85,116,132,132,143,31,31,102,102,77,77,77,77],"floor_reached":20,"language":"ZHS","playtime":813,"items_purged":["Strike_G"],"score":504,"play_id":"078d47c2-a8d5-419a-af58-d29f9571f821","local_time":"20210206220436","is_ascension_mode":true,"campfire_choices":[{"data":"Replay:Bag of Tricks","floor":12,"key":"SMITH"},{"data":"Catalyst","floor":15,"key":"SMITH"}],"circlet_count":0,"master_deck":["AscendersBane","Strike_G","Strike_G","Strike_G","Defend_G","Defend_G","Defend_G","Defend_G","Defend_G","Survivor","Neutralize","Replay:Bag of Tricks+1","Cloak And Dagger","Tools of the Trade","Catalyst+1","Noxious Fumes","Reflex+1","Draining Mist+1","Toxin Wave+1","Concentrate+1","Blur+1","Reflex+1","After Image"],"relics":["Ring of the Snake","REME:ComplimentaryCards","NeowsBlessing","Replay:Wax Seal","Toxic Egg 2","Replay:Bottled Flurry","Replay:Mystery Machine","Toy Ornithopter"],"acts_visited":["Exordium","TheCity"],"potions_floor_usage":[10,10,16,18],"damage_taken":[{"damage":0.0,"enemies":"2 Louse","floor":1.0,"turns":1.0},{"damage":0,"enemies":"Jaw Worm","floor":3,"turns":1},{"damage":0,"enemies":"Gremlin Nob","floor":6,"turns":1},{"damage":10,"enemies":"Lagavulin","floor":8,"turns":7},{"damage":11,"enemies":"3 Sentries","floor":10,"turns":6},{"damage":3,"enemies":"Small Slimes","floor":11,"turns":3},{"damage":3,"enemies":"Blue Slaver","floor":13,"turns":4},{"damage":0,"enemies":"The Guardian","floor":16,"turns":6},{"damage":19,"enemies":"2 Thieves","floor":18,"turns":4},{"damage":0,"enemies":"3 Byrds","floor":20,"turns":3}],"seed_played":"-7308989277019872006","potions_obtained":[{"floor":1.0,"key":"Adrenaline Potion"},{"floor":2,"key":"CultistPotion"},{"floor":10,"key":"Elixir"},{"floor":13,"key":"DistilledChaos"},{"floor":16,"key":"Reflective Coating"}],"is_trial":false,"path_per_floor":["M","?","M","?","$","E","?","E","T","E","M","R","M","$","R","B",null,"M","$","M"],"character_chosen":"THE_SILENT","items_purchased":["Catalyst","Noxious Fumes","Reflex+1"],"campfire_rested":0,"item_purchase_floors":[5,5,14],"current_hp_per_floor":[59,38,38,38,38,38,38,28,28,17,14,14,11,11,11,16,54,40,40,40,40],"gold":77,"neow_bonus":"THREE_ENEMY_KILL","is_daily":false,"chose_seed":false,"campfire_upgraded":2,"win_rate":0.0,"timestamp":1612620276,"path_taken":["M","?","M","?","$","E","?","E","T","E","M","R","M","$","R","BOSS","M","$","M"],"items_purchased_type":["Card","Card","Card"],"build_version":"2020-12-22","purchased_purges":1,"victory":false,"max_hp_per_floor":[66,66,66,66,66,66,66,66,66,66,66,66,66,66,66,66,66,66,66,66,66],"card_choices":[{"not_picked":["Masterful Stab","Backflip","Bane"],"picked":"SKIP","floor":1.0},{"not_picked":["Crippling Poison","Prepared"],"picked":"Cloak And Dagger","floor":2},{"not_picked":["Underhanded Strike","Accuracy"],"picked":"Bouncing Flask","floor":3},{"not_picked":["Dodge and Roll+1","Backstab","All Out Attack"],"picked":"SKIP","floor":6},{"not_picked":["ReplayTheSpireMod:The Works+1","Storm of Steel+1"],"picked":"Draining Mist+1","floor":8},{"not_picked":["PiercingWail+1","Skewer"],"picked":"Toxin Wave+1","floor":10},{"not_picked":["Cloak And Dagger+1","Deflect+1"],"picked":"Concentrate+1","floor":11},{"not_picked":["Setup+1","Poisoned Stab"],"picked":"Blur+1","floor":13},{"not_picked":["Poison Darts+1","ReplayTheSpireMod:From All Sides"],"picked":"After Image","floor":16},{"not_picked":["Underhanded Strike","Finisher","Masterful Stab"],"picked":"SKIP","floor":18}],"player_experience":410799,"relics_obtained":[{"floor":2,"key":"Replay:Wax Seal"},{"floor":6,"key":"Toxic Egg 2"},{"floor":8,"key":"Replay:Bottled Flurry"},{"floor":9,"key":"Replay:Mystery Machine"},{"floor":10,"key":"Toy Ornithopter"}],"event_choices":[{"damage_healed":0,"gold_gain":0,"cards_transformed":["Strike_G"],"player_choice":"Change","damage_taken":0,"max_hp_gain":0,"max_hp_loss":0,"event_name":"Living Wall","floor":4,"gold_loss":0,"cards_obtained":["Tools of the Trade"]}],"is_beta":false,"boss_relics":[{"not_picked":["Replay:Wanted Poster","Snecko Scales","ReplayTheSpireMod:DimensionalGlitch"]}],"items_purged_floors":[14],"is_endless":false,"potions_floor_spawned":[1,10,13,16],"killed_by":"3 Byrds","ascension_level":18}}