{"host":"yuoancq4cku3x8wq","time":1612623526,"event":{"mods":["AchievementEnabler","BaseMod","Minty Spire (QoL Compilation)","Quick Restart","StSLib","SuperFastMode"],"gold_per_floor":[112,112,37,37,37,65,39,54,54,66,81,81,97,108,108,208,208,225,238,238,238,251,251,281,295,366,366,466,466,466,479,479,574,574,592,612,632,643,663,692,300,300,300,311,35,69,69,99,99,99,99,99,99,134,134],"floor_reached":56,"language":"ZHS","playtime":2573,"items_purged":["Strike_R","Strike_R","Strike_R"],"score":1559,"play_id":"df91a923-2f4d-4e6a-af70-776a25459b27","local_time":"20210206225846","is_ascension_mode":false,"campfire_choices":[{"data":"Armaments","floor":12.0,"key":"SMITH"},{"data":"Body Slam","floor":15.0,"key":"SMITH"},{"data":"Shockwave","floor":23.0,"key":"SMITH"},{"data":"Havoc","floor":27.0,"key":"SMITH"},{"data":"1","floor":29.0,"key":"LIFT"},{"data":"Burning Pact","floor":32.0,"key":"SMITH"},{"data":"Offering","floor":42.0,"key":"SMITH"},{"data":"Battle Trance","floor":47.0,"key":"SMITH"},{"floor":49.0,"key":"RECALL"},{"data":"2","floor":52.0,"key":"LIFT"}],"circlet_count":0,"master_deck":["Strike_R+1","Defend_R","Defend_R","Defend_R","Defend_R","Bash+1","Shockwave+1","Body Slam+1","Ghostly Armor","Armaments+1","Pommel Strike","Barricade","Sentinel+1","Second Wind+1","Havoc+1","Bloodletting","Berserk","Burning Pact+1","Rage+1","Feed","Power Through+1","Battle Trance+1","Offering+1","Evolve+1"],"relics":["Burning Blood","NeowsBlessing","Eternal Feather","Gremlin Horn","Shuriken","Sozu","Whetstone","Girya","Question Card","Black Star","Centennial Puzzle","CeramicFish","PreservedInsect","Pantograph","OrangePellets","Toy Ornithopter","Strawberry","Bag of Marbles","Sundial","Boot","Kunai"],"acts_visited":["Exordium","TheCity","TheBeyond","TheEnding"],"potions_floor_usage":[],"damage_taken":[{"damage":0.0,"enemies":"Small Slimes","floor":1.0,"turns":1.0},{"damage":0.0,"enemies":"Lagavulin","floor":6.0,"turns":1.0},{"damage":0.0,"enemies":"Jaw Worm","floor":8.0,"turns":1.0},{"damage":8.0,"enemies":"2 Louse","floor":10.0,"turns":4.0},{"damage":0.0,"enemies":"2 Fungi Beasts","floor":11.0,"turns":6.0},{"damage":9.0,"enemies":"Gremlin Gang","floor":13.0,"turns":4.0},{"damage":0.0,"enemies":"Blue Slaver","floor":14.0,"turns":5.0},{"damage":50.0,"enemies":"Slime Boss","floor":16.0,"turns":13.0},{"damage":0.0,"enemies":"3 Byrds","floor":18.0,"turns":7.0},{"damage":7.0,"enemies":"Shell Parasite","floor":19.0,"turns":6.0},{"damage":16.0,"enemies":"Snake Plant","floor":22.0,"turns":7.0},{"damage":8.0,"enemies":"Book of Stabbing","floor":24.0,"turns":6.0},{"damage":6.0,"enemies":"Centurion and Healer","floor":25.0,"turns":7.0},{"damage":11.0,"enemies":"Colosseum Slavers","floor":28.0,"turns":4.0},{"damage":6.0,"enemies":"Colosseum Nobs","floor":28.0,"turns":6.0},{"damage":9.0,"enemies":"Cultist and Chosen","floor":31.0,"turns":5.0},{"damage":27.0,"enemies":"Automaton","floor":33.0,"turns":7.0},{"damage":1.0,"enemies":"3 Shapes","floor":35.0,"turns":5.0},{"damage":28.0,"enemies":"Orb Walker","floor":36.0,"turns":7.0},{"damage":10.0,"enemies":"Spire Growth","floor":37.0,"turns":7.0},{"damage":26.0,"enemies":"Sphere and 2 Shapes","floor":38.0,"turns":9.0},{"damage":11.0,"enemies":"Jaw Worm Horde","floor":39.0,"turns":6.0},{"damage":21.0,"enemies":"Reptomancer","floor":40.0,"turns":8.0},{"damage":12.0,"enemies":"Transient","floor":44.0,"turns":5.0},{"damage":9.0,"enemies":"Giant Head","floor":46.0,"turns":11.0},{"damage":6.0,"enemies":"Nemesis","floor":48.0,"turns":7.0},{"damage":9.0,"enemies":"Time Eater","floor":50.0,"turns":7.0},{"damage":12.0,"enemies":"Shield and Spear","floor":54.0,"turns":3.0},{"damage":28,"enemies":"The Heart","floor":55,"turns":9}],"seed_played":"-1046214935071038525","potions_obtained":[{"floor":6.0,"key":"Explosive Potion"},{"floor":8.0,"key":"LiquidMemories"},{"floor":14.0,"key":"SneckoOil"},{"floor":16.0,"key":"SkillPotion"}],"is_trial":false,"path_per_floor":["M","?","$","?","T","E","$","M","T","M","M","R","M","M","R","B",null,"M","M","?","?","M","R","E","M","T","R","?","R","?","M","R","B",null,"M","M","M","M","M","E","$","R","T","M","$","E","R","E","R","B",null,"R","$","E","B",null],"character_chosen":"IRONCLAD","items_purchased":["Body Slam","Offering","PreservedInsect","OrangePellets"],"campfire_rested":0,"item_purchase_floors":[7,41,41,45],"current_hp_per_floor":[80,85,85,85,85,85,85,85,85,83,85,85,82,85,85,41,85,85,84,84,84,74,83,81,81,81,85,80,85,85,82,85,64,85,88,69,65,45,43,28,28,40,40,34,34,41,53,56,68,94,111,111,111,105,89],"gold":134,"neow_bonus":"THREE_ENEMY_KILL","is_daily":false,"chose_seed":false,"campfire_upgraded":7,"win_rate":0.0,"timestamp":1612623526,"path_taken":["M","?","$","?","?","E","?","M","T","M","M","R","M","?","R","BOSS","M","M","?","?","?","R","E","M","T","R","?","R","?","M","R","BOSS","M","?","M","M","M","E","$","R","T","M","$","E","R","E","R","BOSS","R","$","E","BOSS"],"items_purchased_type":["Card","Card","Relic","Relic"],"build_version":"2020-12-22","purchased_purges":3,"victory":true,"max_hp_per_floor":[80,85,85,85,85,85,85,85,85,85,85,85,85,85,85,85,85,85,85,85,85,85,85,85,85,85,85,85,85,85,85,85,85,85,88,91,91,91,94,94,94,94,94,94,94,104,104,107,107,111,111,111,111,111,111],"card_choices":[{"not_picked":["Iron Wave","Anger","Perfected Strike"],"picked":"SKIP","floor":1.0},{"not_picked":["Flex","Dual Wield"],"picked":"Shockwave","floor":6.0},{"not_picked":["Combust","Thunderclap","Sword Boomerang"],"picked":"SKIP","floor":8.0},{"not_picked":["Seeing Red","Perfected Strike"],"picked":"Ghostly Armor","floor":10.0},{"not_picked":["Wild Strike","Sword Boomerang"],"picked":"Armaments","floor":11.0},{"not_picked":["Cleave","Flex","Flame Barrier"],"picked":"SKIP","floor":13.0},{"not_picked":["Thunderclap","Rupture"],"picked":"Pommel Strike","floor":14.0},{"not_picked":["Feed","Reaper"],"picked":"Barricade","floor":16.0},{"not_picked":["Perfected Strike+1","Rampage+1"],"picked":"Sentinel+1","floor":18.0},{"not_picked":["Combust","Cleave","Anger"],"picked":"SKIP","floor":19.0},{"not_picked":["Burning Pact","Intimidate"],"picked":"Second Wind+1","floor":22.0},{"not_picked":["Perfected Strike","Headbutt"],"picked":"Havoc","floor":24.0},{"not_picked":["Body Slam","Flame Barrier","Clash"],"picked":"SKIP","floor":25.0},{"not_picked":["Uppercut","Sword Boomerang"],"picked":"Bloodletting","floor":28.0},{"not_picked":["Inflame","Rage+1","Combust","Anger"],"picked":"SKIP","floor":31.0},{"not_picked":["Inflame","Combust","Anger"],"picked":"Rage+1","floor":31.0},{"not_picked":["Double Tap","Limit Break","Reaper"],"picked":"Feed","floor":33.0},{"not_picked":["Thunderclap","Heavy Blade","Uppercut+1","Headbutt"],"picked":"SKIP","floor":35.0},{"not_picked":["Body Slam","Blood for Blood","Intimidate","Flame Barrier+1"],"picked":"SKIP","floor":36.0},{"not_picked":["Headbutt+1","Twin Strike","Perfected Strike+1","Metallicize+1"],"picked":"SKIP","floor":37.0},{"not_picked":["Second Wind","Cleave+1","Bloodletting"],"picked":"Power Through+1","floor":38.0},{"not_picked":["Perfected Strike","Combust+1","Havoc+1"],"picked":"Battle Trance","floor":39.0},{"not_picked":["Heavy Blade","Corruption","Iron Wave+1","Fiend Fire"],"picked":"SKIP","floor":40.0},{"not_picked":["Iron Wave+1","Clash+1","Shockwave+1","Ghostly Armor"],"picked":"SKIP","floor":44.0},{"not_picked":["Flex+1","Heavy Blade+1","Hemokinesis+1","Sword Boomerang"],"picked":"SKIP","floor":46.0},{"not_picked":["Clash+1","Carnage+1","Seeing Red","Ghostly Armor+1"],"picked":"SKIP","floor":48.0},{"not_picked":["Pommel Strike+1","Searing Blow","Cleave"],"picked":"Evolve+1","floor":54.0}],"player_experience":236539,"relics_obtained":[{"floor":5.0,"key":"Eternal Feather"},{"floor":6.0,"key":"Gremlin Horn"},{"floor":9.0,"key":"Shuriken"},{"floor":24.0,"key":"Whetstone"},{"floor":28.0,"key":"Girya"},{"floor":28.0,"key":"Question Card"},{"floor":40.0,"key":"Centennial Puzzle"},{"floor":40.0,"key":"CeramicFish"},{"floor":43.0,"key":"Pantograph"},{"floor":46.0,"key":"Toy Ornithopter"},{"floor":46.0,"key":"Strawberry"},{"floor":48.0,"key":"Bag of Marbles"},{"floor":48.0,"key":"Sundial"},{"floor":54.0,"key":"Boot"},{"floor":54.0,"key":"Kunai"}],"event_choices":[{"damage_healed":0.0,"max_hp_gain":5.0,"max_hp_loss":0.0,"gold_gain":0.0,"event_name":"Big Fish","player_choice":"Donut","floor":2.0,"gold_loss":0.0,"damage_taken":0.0},{"damage_healed":0.0,"max_hp_gain":0.0,"max_hp_loss":0.0,"gold_gain":0.0,"event_name":"The Cleric","player_choice":"Leave","floor":4.0,"gold_loss":0.0,"damage_taken":0.0},{"damage_healed":0.0,"max_hp_gain":0.0,"max_hp_loss":0.0,"gold_gain":0.0,"event_name":"Vampires","player_choice":"Ignored","floor":20.0,"gold_loss":0.0,"damage_taken":0.0},{"cards_removed":["Strike_R"],"damage_healed":0.0,"max_hp_gain":0.0,"max_hp_loss":0.0,"gold_gain":0.0,"event_name":"Bonfire Elementals","player_choice":"Offered Basic","floor":21.0,"gold_loss":0.0,"damage_taken":0.0},{"damage_healed":0.0,"max_hp_gain":0.0,"max_hp_loss":0.0,"gold_gain":0.0,"event_name":"Colosseum","player_choice":"Fight","floor":28.0,"gold_loss":0.0,"damage_taken":0.0},{"damage_healed":0.0,"max_hp_gain":0.0,"max_hp_loss":0.0,"gold_gain":0.0,"event_name":"Colosseum","player_choice":"Fought Nobs","floor":28.0,"gold_loss":0.0,"damage_taken":0.0},{"damage_healed":0.0,"max_hp_gain":0.0,"max_hp_loss":0.0,"gold_gain":0.0,"event_name":"Match and Keep!","player_choice":"2 cards matched","floor":30.0,"gold_loss":0.0,"damage_taken":0.0,"cards_obtained":["Berserk","Burning Pact"]}],"is_beta":false,"boss_relics":[{"not_picked":["Ectoplasm","SacredBark"],"picked":"Sozu"},{"not_picked":["Pandora\u0027s Box","Astrolabe"],"picked":"Black Star"}],"items_purged_floors":[3,41,45],"is_endless":false,"potions_floor_spawned":[6,8,14,16,22,28,28,31,33,38,44,48],"ascension_level":0}}