{"host":"amvb77pwe2wp6zyc","time":1612571878,"event":{"mods":["2.2 Compatiblity","AchievementEnabler","AlwaysNeverKeys","BaseMod","BetterRewards","Downfall","Duelist Mod","GifTheSpireLib","Minty Spire (QoL Compilation)","Permanent Neow","Quick Restart","Relic Filter","Shop Mod","StSLib","SuperFastMode","Trackpad"],"gold_per_floor":[138,38,57,57,57,57,57,57,82,82,111,123,135,182,194,278,290,321,344,291,291,291],"floor_reached":21,"language":"DEU","playtime":827,"items_purged":["theDuelist:NaturiaBeast","theDuelist:Sparks"],"score":360,"play_id":"9c1ac1d3-26b7-43d8-93b1-3b1d639e5bf6","local_time":"20210206013758","is_ascension_mode":true,"campfire_choices":[{"data":"theDuelist:Sparks","floor":6,"key":"PURGE"},{"floor":8,"key":"DIG"},{"floor":10,"key":"DIG"},{"floor":12,"key":"DIG"},{"floor":15,"key":"DIG"}],"circlet_count":0,"master_deck":["AscendersBane","theDuelist:CastleWalls","theDuelist:CastleWalls","theDuelist:CastleWalls","theDuelist:MagicSparks","theDuelist:NaturiaRock","theDuelist:NaturiaTulip+1","theDuelist:NaturiaHorneedle"],"relics":["theDuelist:MillenniumPuzzle","theDuelist:CardPoolRelic","theDuelist:CardPoolBasicRelic","theDuelist:BoosterPackPoolRelic","theDuelist:CardPoolAddRelic","theDuelist:CardPoolMinusRelic","theDuelist:CardPoolSaveRelic","theDuelist:CardPoolOptionsRelic","Peace Pipe","Shovel","trackpad:FieryHotPepper","Medical Kit","theDuelist:WhiteBowlRelic","InkBottle","Paper Crane","Du-Vu Doll","trackpad:Mousetrap","trackpad:AdjectivePendant","SacredBark","MerchantsRug"],"acts_visited":["Exordium","TheCity"],"potions_floor_usage":[],"damage_taken":[{"damage":0.0,"enemies":"Cultist","floor":1.0,"turns":3.0},{"damage":0.0,"enemies":"2 Louse","floor":3.0,"turns":2.0},{"damage":0,"enemies":"Jaw Worm","floor":11,"turns":3},{"damage":0,"enemies":"Gremlin Nob","floor":14,"turns":4},{"damage":13,"enemies":"The Guardian","floor":16,"turns":13},{"damage":0,"enemies":"2 Thieves","floor":18,"turns":3},{"damage":1,"enemies":"Shell Parasite","floor":19,"turns":6},{"damage":70,"enemies":"Shell Parasite","floor":21,"turns":11}],"seed_played":"1065006870656256290","potions_obtained":[{"floor":3.0,"key":"theDuelist:WaterBottle"},{"floor":11,"key":"Energy Potion"}],"is_trial":false,"path_per_floor":["M","$","M","$","?","R","?","R","T","R","M","R","?","E","R","B",null,"M","M","$","?"],"character_chosen":"THE_DUELIST","items_purchased":["Peace Pipe","Shovel","trackpad:FieryHotPepper","Medical Kit","MerchantsRug"],"campfire_rested":0,"item_purchase_floors":[0,0,0,0,20],"current_hp_per_floor":[31,31,31,31,26,26,26,26,26,26,26,26,26,26,26,13,56,56,55,55,0,0],"gold":291,"neow_bonus":"","is_daily":false,"chose_seed":false,"campfire_upgraded":0,"win_rate":0.0,"timestamp":1612571878,"path_taken":["M","?","M","$","?","R","?","R","T","R","?","R","?","E","R","BOSS","M","?","$","?"],"items_purchased_type":["Relic","Relic","Relic","Relic","Relic"],"build_version":"2020-12-22","purchased_purges":2,"victory":false,"max_hp_per_floor":[70,70,70,70,70,70,70,70,70,70,70,70,70,70,70,70,70,70,70,70,70,70],"card_choices":[{"not_picked":["theDuelist:NaturiaEggplant","theDuelist:NaturiaMantis","theDuelist:NaturiaRock","theDuelist:NaturiaMarron","theDuelist:BottomlessTrapHole"],"picked":"SKIP","floor":1.0},{"not_picked":["theDuelist:Pollinosis","theDuelist:NatureReflection","theDuelist:Wiretap","theDuelist:NaturalDisaster","theDuelist:LairWire"],"picked":"SKIP","floor":3.0},{"not_picked":["theDuelist:NaturiaHydrangea","theDuelist:NaturiaEggplant","theDuelist:NaturiaDragonfly","theDuelist:NaturiaCliff","theDuelist:WildNatureRelease"],"picked":"SKIP","floor":11},{"not_picked":["theDuelist:WormBait","theDuelist:NaturiaRagweed","theDuelist:ExterioFang","theDuelist:AfterGenocide","theDuelist:NaturiaMarron"],"picked":"SKIP","floor":14},{"not_picked":["theDuelist:NaturiaForest","theDuelist:DemiseLand","theDuelist:Canyon","theDuelist:HeartUnderdog"],"picked":"theDuelist:NaturiaHorneedle","floor":16},{"not_picked":["theDuelist:NaturiaBambooShoot+1","theDuelist:WormBait","theDuelist:NaturiaCherries+1","theDuelist:NaturiaLadybug","theDuelist:Wildfire"],"picked":"SKIP","floor":18},{"not_picked":["theDuelist:NaturiaHydrangea+1","theDuelist:NaturiaEggplant","theDuelist:NaturiaDragonfly+1","theDuelist:NaturiaCliff","theDuelist:NaturiaExterio"],"picked":"SKIP","floor":19}],"player_experience":408719,"relics_obtained":[{"floor":8,"key":"Paper Crane"},{"floor":10,"key":"MawBank"},{"floor":12,"key":"Du-Vu Doll"},{"floor":14,"key":"trackpad:Mousetrap"},{"floor":15,"key":"trackpad:AdjectivePendant"}],"event_choices":[{"damage_healed":0.0,"max_hp_gain":0.0,"max_hp_loss":0.0,"gold_gain":0.0,"event_name":"Scrap Ooze","player_choice":"Success","floor":5.0,"gold_loss":0.0,"damage_taken":5.0,"relics_obtained":["theDuelist:WhiteBowlRelic"]},{"cards_removed":["theDuelist:NaturiaCliff"],"damage_healed":0,"gold_gain":0,"player_choice":"Gave Card","damage_taken":0,"relics_obtained":["InkBottle"],"max_hp_gain":0,"max_hp_loss":0,"event_name":"WeMeetAgain","floor":7,"gold_loss":0},{"damage_healed":0,"gold_gain":0,"player_choice":"Upgraded","damage_taken":0,"max_hp_gain":0,"max_hp_loss":0,"event_name":"Upgrade Shrine","floor":13,"gold_loss":0,"cards_upgraded":["theDuelist:NaturiaTulip"]},{"damage_healed":0,"gold_gain":0,"player_choice":"Fight","duelist":true,"damage_taken":0,"max_hp_gain":0,"max_hp_loss":0,"event_name":"Battle City","floor":21,"gold_loss":0}],"is_beta":false,"boss_relics":[{"not_picked":["Pandora\u0027s Box","Philosopher\u0027s Stone"],"picked":"SacredBark"}],"items_purged_floors":[0,2],"is_endless":false,"potions_floor_spawned":[3,11,14,19],"killed_by":"Shell Parasite","ascension_level":16}}