{"host":"nskcj6qu6rcsb0l3","time":1612591757,"event":{"mods":["BaseMod","Better Match","Better Note","Minty Spire (QoL Compilation)","StSLib"],"gold_per_floor":[112,122,69,69,85,85,119,133,186,204,223,223,250,263,263,368,368,354,354,369,369,369,369],"floor_reached":22,"language":"ENG","playtime":793,"items_purged":[],"score":198,"play_id":"187ce1e9-8f0e-434c-b484-8782e5fbcb18","local_time":"20210206070917","is_ascension_mode":false,"campfire_choices":[{"data":"Cloak And Dagger","floor":6,"key":"SMITH"},{"floor":12,"key":"REST"},{"data":"Backstab","floor":15,"key":"SMITH"}],"circlet_count":0,"master_deck":["Strike_G","Strike_G","Strike_G","Strike_G","Strike_G","Defend_G","Defend_G","Defend_G","Defend_G","Defend_G","Survivor","Neutralize","Dodge and Roll","Cloak And Dagger+1","Cloak And Dagger","Backstab+1","Dodge and Roll","Envenom","Backstab+1"],"relics":["Ring of the Snake","NeowsBlessing","Singing Bowl","Smiling Mask","Centennial Puzzle","NlothsMask"],"acts_visited":["Exordium","TheCity"],"potions_floor_usage":[7,16,16,16,20],"damage_taken":[{"damage":0,"enemies":"Cultist","floor":1,"turns":1},{"damage":0,"enemies":"Small Slimes","floor":2,"turns":1},{"damage":0,"enemies":"2 Louse","floor":5,"turns":1},{"damage":38,"enemies":"Gremlin Nob","floor":7,"turns":6},{"damage":3,"enemies":"Blue Slaver","floor":8,"turns":6},{"damage":0,"enemies":"Lots of Slimes","floor":10,"turns":6},{"damage":2,"enemies":"Exordium Thugs","floor":11,"turns":7},{"damage":1,"enemies":"3 Sentries","floor":13,"turns":14},{"damage":0,"enemies":"3 Louse","floor":14,"turns":4},{"damage":9,"enemies":"Slime Boss","floor":16,"turns":13},{"damage":21,"enemies":"2 Thieves","floor":18,"turns":4},{"damage":12,"enemies":"Chosen","floor":20,"turns":6},{"damage":44,"enemies":"3 Cultists","floor":22,"turns":6}],"seed_played":"2650272456416852881","potions_obtained":[{"floor":2,"key":"Dexterity Potion"},{"floor":11,"key":"LiquidMemories"},{"floor":13,"key":"Strength Potion"},{"floor":14,"key":"FearPotion"},{"floor":16,"key":"LiquidMemories"}],"is_trial":false,"path_per_floor":["M","M","$","?","M","R","E","M","T","M","M","R","E","M","R","B",null,"M","?","M","?","M"],"character_chosen":"THE_SILENT","items_purchased":["Cloak And Dagger"],"campfire_rested":1,"item_purchase_floors":[3],"current_hp_per_floor":[70,70,70,70,70,70,34,31,31,33,31,53,54,56,56,47,78,57,57,47,41,0,0],"gold":369,"neow_bonus":"THREE_ENEMY_KILL","is_daily":false,"chose_seed":false,"campfire_upgraded":2,"win_rate":0.0,"timestamp":1612591757,"path_taken":["M","M","$","?","M","R","E","M","T","M","M","R","E","M","R","BOSS","M","?","M","?","?"],"items_purchased_type":["Card"],"build_version":"2020-12-22","purchased_purges":0,"victory":false,"max_hp_per_floor":[70,70,70,70,70,70,72,72,72,74,74,74,76,78,78,78,78,78,78,80,80,80,80],"card_choices":[{"not_picked":["Bane","Backflip"],"picked":"Dodge and Roll","floor":1},{"not_picked":["Slice","Outmaneuver"],"picked":"Cloak And Dagger","floor":2},{"not_picked":["Dagger Throw","Bullet Time","Deadly Poison"],"picked":"SKIP","floor":5},{"not_picked":["Dodge and Roll","Skewer","Bouncing Flask"],"picked":"Singing Bowl","floor":7},{"not_picked":["Distraction","Deadly Poison"],"picked":"Backstab","floor":8},{"not_picked":["Calculated Gamble","Setup","Well Laid Plans"],"picked":"Singing Bowl","floor":10},{"not_picked":["Quick Slash","Concentrate"],"picked":"Dodge and Roll","floor":11},{"not_picked":["Dash","Reflex","Bane"],"picked":"Singing Bowl","floor":13},{"not_picked":["Slice","Adrenaline","Terror"],"picked":"Singing Bowl","floor":14},{"not_picked":["Doppelganger","Storm of Steel"],"picked":"Envenom","floor":16},{"not_picked":["Finisher","Flechettes"],"picked":"Backstab+1","floor":18},{"not_picked":["PiercingWail","Calculated Gamble","Underhanded Strike+1"],"picked":"Singing Bowl","floor":20}],"player_experience":997580,"relics_obtained":[{"floor":7,"key":"Singing Bowl"},{"floor":9,"key":"Smiling Mask"},{"floor":13,"key":"Centennial Puzzle"}],"event_choices":[{"damage_healed":0,"gold_gain":0,"player_choice":"Bought 0 Potions","damage_taken":0,"max_hp_gain":0,"max_hp_loss":0,"event_name":"The Woman in Blue","floor":4,"gold_loss":0},{"damage_healed":0,"gold_gain":0,"player_choice":"Trade","damage_taken":0,"relics_obtained":["NlothsMask"],"max_hp_gain":0,"max_hp_loss":0,"event_name":"FaceTrader","floor":19,"gold_loss":0},{"damage_healed":0,"gold_gain":0,"player_choice":"","damage_taken":6,"max_hp_gain":0,"max_hp_loss":0,"event_name":"Knowing Skull","floor":21,"potions_obtained":[],"gold_loss":0,"cards_obtained":[]}],"is_beta":false,"boss_relics":[{"not_picked":["Coffee Dripper","Runic Dome","Velvet Choker"]}],"items_purged_floors":[],"is_endless":false,"potions_floor_spawned":[2,11,13,14,16],"killed_by":"3 Cultists","ascension_level":0}}