{"host":"9slw7l0ws16384qq","time":1612623721,"event":{"mods":["A Penny For Your Troubles","BaseMod","Colored Map","Downfall","Evolution","Hubris","Minty Spire (QoL Compilation)","Replay The Spire","StS++","StSLib"],"gold_per_floor":[99,117,27,27,141,141,168,53,53,53,70,220,120,120,137,137,137,137],"floor_reached":16,"language":"FRA","playtime":565,"items_purged":["Guardian:Defend_Guardian","Guardian:TemporalStrike"],"score":138,"play_id":"a2f0bb7e-b78f-4810-91b0-f4cea527d205","local_time":"20210206160201","is_ascension_mode":true,"campfire_choices":[{"data":"Guardian:PiercingHide","floor":1,"key":"SMITH"},{"floor":6,"key":"RECALL"},{"data":"Guardian:CurlUp","floor":10,"key":"SMITH"},{"data":"Guardian:Defend_Guardian","floor":13,"key":"SMITH"}],"circlet_count":0,"master_deck":["AscendersBane","Guardian:TemporalStrike","Guardian:TemporalStrike","Guardian:TemporalStrike","Guardian:PiercingHide+1","Guardian:Defend_Guardian+1","Guardian:Defend_Guardian","Guardian:CurlUp+1","Guardian:TwinSlam+1","Guardian:Gem_Cyan","downfall:Icky","Guardian:PiercingHide"],"relics":["Guardian:ModeShifter","EVO:Axolotl","hubris:BundleOfHerbs","hubris:Towel","Bronze Scales","downfall:HeartBlessingRed","downfall:BrokenWingStatue"],"acts_visited":["Exordium"],"potions_floor_usage":[],"damage_taken":[{"damage":9,"enemies":"2 Louse","floor":2,"turns":3},{"damage":0,"enemies":"downfall:FleeingMerchant","floor":3,"turns":4},{"damage":10,"enemies":"downfall:FleeingMerchant","floor":8,"turns":4},{"damage":0,"enemies":"Jaw Worm","floor":11,"turns":4},{"damage":0,"enemies":"Small Slimes","floor":15,"turns":3},{"damage":72,"enemies":"DF_ARCHETYPE_STREAMLINE","floor":16,"turns":14}],"seed_played":"-1846671100398425358","potions_obtained":[{"floor":2,"key":"FearPotion"},{"floor":15,"key":"Venom Potion"}],"is_trial":false,"path_per_floor":["R","M","$","?","?","R","T","$","?","R","M","?","R","?","M","B"],"character_chosen":"GUARDIAN","items_purchased":[],"campfire_rested":0,"item_purchase_floors":[],"current_hp_per_floor":[51,42,42,42,42,42,42,32,32,32,32,32,32,32,32,0,0,0],"gold":137,"neow_bonus":"ONE_RARE_RELIC","is_daily":false,"chose_seed":false,"campfire_upgraded":3,"win_rate":0.0,"timestamp":1612623721,"path_taken":["R","M","$","?","?","R","T","$","?","R","?","?","R","?","M","BOSS"],"items_purchased_type":[],"build_version":"2020-12-22","purchased_purges":2,"victory":false,"max_hp_per_floor":[80,80,80,80,80,80,80,80,80,80,80,80,80,80,80,80,80,80],"card_choices":[{"not_picked":["Guardian:EvasiveProtocol","Guardian:CrystalBeam","Guardian:Planning"],"picked":"SKIP","floor":2},{"not_picked":["Guardian:Emergency","Guardian:WalkerClaw","Guardian:VentSteam"],"picked":"SKIP","floor":3},{"not_picked":["Guardian:Gem_Green","Guardian:BronzeArmor"],"picked":"Guardian:Gem_Cyan","floor":5},{"not_picked":["Guardian:RefractedBeam","Guardian:ArmoredProtocol","Guardian:Incinerate"],"picked":"SKIP","floor":8},{"not_picked":["Guardian:Gem_Red","Guardian:Clone"],"picked":"Guardian:Gem_Cyan","floor":11},{"not_picked":["Guardian:Emergency","Guardian:Gem_Red"],"picked":"Guardian:PiercingHide","floor":15}],"player_experience":1629803,"relics_obtained":[{"floor":7,"key":"Bronze Scales"}],"event_choices":[],"is_beta":false,"boss_relics":[],"items_purged_floors":[3,8],"is_endless":false,"potions_floor_spawned":[2,15],"killed_by":"DF_ARCHETYPE_STREAMLINE","ascension_level":12}}