{"host":"2ty4h143nj8vwezc","time":1612638317,"event":{"mods":["BaseMod","Colored Map","Googly Eyes","Highlight Path","Minty Spire (QoL Compilation)","Quick Restart","StSLib"],"gold_per_floor":[116,116,64,81,156,156,190,190,190,190,190],"floor_reached":10,"language":"ENG","playtime":112,"items_purged":[],"score":178,"play_id":"bef0098d-2ee0-49db-8b82-bac0b0d58c55","local_time":"20210206140517","is_ascension_mode":true,"campfire_choices":[{"floor":6,"key":"RECALL"},{"data":"Neutralize","floor":8,"key":"SMITH"}],"circlet_count":0,"master_deck":["AscendersBane","Strike_G","Strike_G","Strike_G","Strike_G","Strike_G","Defend_G","Defend_G","Defend_G","Defend_G","Defend_G","Survivor","Neutralize+1","PiercingWail","PiercingWail"],"relics":["Ring of the Snake","NeowsBlessing","NlothsMask","Bird Faced Urn"],"acts_visited":["Exordium"],"potions_floor_usage":[],"damage_taken":[{"damage":0,"enemies":"Jaw Worm","floor":1,"turns":1},{"damage":0,"enemies":"Cultist","floor":4,"turns":1},{"damage":0,"enemies":"3 Sentries","floor":7,"turns":1},{"damage":8,"enemies":"Gremlin Nob","floor":10,"turns":3}],"seed_played":"3787978181519821942","potions_obtained":[{"floor":4,"key":"SpeedPotion"}],"is_trial":false,"path_per_floor":["M","?","$","M","?","R","E","R","T","E"],"character_chosen":"THE_SILENT","items_purchased":["PiercingWail"],"campfire_rested":0,"item_purchase_floors":[3],"current_hp_per_floor":[59,59,59,59,48,48,48,48,48,40,40],"gold":190,"neow_bonus":"THREE_ENEMY_KILL","is_daily":false,"chose_seed":false,"campfire_upgraded":1,"win_rate":0.0,"timestamp":1612638317,"path_taken":["M","?","?","M","?","R","E","R","T","E"],"items_purchased_type":["Card"],"build_version":"2020-12-22","purchased_purges":0,"victory":false,"max_hp_per_floor":[66,66,66,66,66,66,66,66,66,66,66],"card_choices":[{"not_picked":["Bane","Cloak And Dagger","Poisoned Stab"],"picked":"SKIP","floor":1},{"not_picked":["Choke","Blade Dance","Slice"],"picked":"SKIP","floor":4},{"not_picked":["Cloak And Dagger","Bane"],"picked":"PiercingWail","floor":7}],"player_experience":355336,"relics_obtained":[{"floor":7,"key":"Bird Faced Urn"}],"event_choices":[{"damage_healed":0,"gold_gain":0,"player_choice":"Trade","damage_taken":0,"relics_obtained":["NlothsMask"],"max_hp_gain":0,"max_hp_loss":0,"event_name":"FaceTrader","floor":2,"gold_loss":0},{"damage_healed":0,"gold_gain":75,"player_choice":"Gather Gold","damage_taken":11,"max_hp_gain":0,"max_hp_loss":0,"event_name":"World of Goop","floor":5,"gold_loss":0}],"is_beta":false,"boss_relics":[],"items_purged_floors":[],"is_endless":false,"potions_floor_spawned":[4],"killed_by":"Gremlin Nob","ascension_level":20}}