{"host":"f1ywytio1xmbwkwz","time":1612595686,"event":{"mods":["BaseMod","Minty Spire (QoL Compilation)","Relic Stats","StSLib"],"gold_per_floor":[118,118,193,207,172,205,205,232,282,298,314,14,30,59,59,158,208,224,184,203,203,213,213,233,266,266,266,266,266,294,294,294,294,294],"floor_reached":33,"language":"ENG","playtime":1075,"items_purged":[],"score":394,"play_id":"9256fd6d-5425-4216-926b-1e80f4e31fb6","local_time":"20210206001446","is_ascension_mode":true,"campfire_choices":[{"data":"Carnage","floor":7,"key":"SMITH"},{"data":"Flame Barrier","floor":15,"key":"SMITH"},{"data":"Bludgeon","floor":23,"key":"SMITH"},{"floor":27,"key":"REST"},{"data":"Flex","floor":29,"key":"SMITH"},{"floor":32,"key":"REST"}],"circlet_count":0,"master_deck":["Strike_R+1","Strike_R+1","Strike_R+1","Strike_R+1","Strike_R+1","Defend_R+1","Defend_R+1","Defend_R+1","Defend_R+1","Bash","Carnage+1","Cleave","Rampage","Thunderclap","Sentinel","Flame Barrier+1","Anger","Immolate+1","Bludgeon+1","Ghostly Armor","Reckless Charge","Rage","Cleave+1","Flex+1","Second Wind","Havoc+1","Decay","Pummel","Offering"],"relics":["Burning Blood","CaptainsWheel","MealTicket","Letter Opener","Smiling Mask","Medical Kit","Red Skull","Juzu Bracelet","Tiny House","Dream Catcher","Du-Vu Doll","Anchor"],"acts_visited":["Exordium","TheCity"],"potions_floor_usage":[8,13,14,16,22,25,30,33],"damage_taken":[{"damage":6,"enemies":"Cultist","floor":1,"turns":3},{"damage":8,"enemies":"Small Slimes","floor":4,"turns":2},{"damage":14,"enemies":"Gremlin Nob","floor":6,"turns":4},{"damage":30,"enemies":"Lagavulin","floor":8,"turns":7},{"damage":0,"enemies":"2 Louse","floor":10,"turns":2},{"damage":0,"enemies":"Exordium Wildlife","floor":11,"turns":2},{"damage":0,"enemies":"Large Slime","floor":13,"turns":4},{"damage":10,"enemies":"3 Sentries","floor":14,"turns":6},{"damage":39,"enemies":"Slime Boss","floor":16,"turns":8},{"damage":20,"enemies":"Chosen","floor":18,"turns":5},{"damage":34,"enemies":"2 Thieves","floor":20,"turns":3},{"damage":4,"enemies":"3 Cultists","floor":22,"turns":4},{"damage":10,"enemies":"Snecko","floor":24,"turns":3},{"damage":18,"enemies":"Gremlin Leader","floor":25,"turns":6},{"damage":23,"enemies":"Book of Stabbing","floor":30,"turns":5},{"damage":69,"enemies":"Champ","floor":33,"turns":9}],"seed_played":"-6670408785944196586","potions_obtained":[{"floor":4,"key":"SkillPotion"},{"floor":8,"key":"SpeedPotion"},{"floor":11,"key":"FearPotion"},{"floor":14,"key":"ElixirPotion"},{"floor":16,"key":"SpeedPotion"},{"floor":17,"key":"Strength Potion"},{"floor":18,"key":"PowerPotion"},{"floor":25,"key":"ColorlessPotion"}],"is_trial":false,"path_per_floor":["M","?","?","M","?","E","R","E","T","M","M","$","M","E","R","B",null,"M","?","M","?","M","R","M","E","T","R","?","R","E","?","R","B"],"character_chosen":"IRONCLAD","items_purchased":["Medical Kit","Red Skull"],"campfire_rested":2,"item_purchase_floors":[12,12],"current_hp_per_floor":[72,65,54,52,72,64,64,40,40,46,52,67,73,69,69,36,74,60,60,32,32,34,34,30,18,18,43,43,43,26,26,51,0,0],"gold":294,"neow_bonus":"ONE_RARE_RELIC","is_daily":false,"chose_seed":false,"campfire_upgraded":4,"win_rate":0.0,"timestamp":1612595686,"path_taken":["M","?","?","M","?","E","R","E","T","M","M","$","?","E","R","BOSS","M","?","M","?","M","R","M","E","T","R","?","R","E","?","R","BOSS"],"items_purchased_type":["Relic","Relic"],"build_version":"2020-12-22","purchased_purges":0,"victory":false,"max_hp_per_floor":[80,80,80,80,80,80,80,80,80,80,80,80,80,80,80,80,85,85,85,85,85,85,85,85,85,85,85,85,85,85,85,85,85,85],"relic_stats":{"Dream Catcher":2,"counters":[16,73],"MealTicket":15,"Juzu Bracelet":1,"Letter Opener":[20],"Smiling Mask":0,"Medical Kit":[6],"obtain_stats":[{"Du-Vu Doll":26,"CaptainsWheel":0,"Dream Catcher":25,"Anchor":30,"Tiny House":17,"MealTicket":6,"Juzu Bracelet":14,"Letter Opener":8,"Smiling Mask":9,"Medical Kit":12,"Burning Blood":0,"Red Skull":12},{"Du-Vu Doll":14,"CaptainsWheel":0,"Dream Catcher":14,"Anchor":15,"Tiny House":9,"MealTicket":3,"Juzu Bracelet":8,"Letter Opener":4,"Smiling Mask":4,"Medical Kit":6,"Burning Blood":0,"Red Skull":6},{"Du-Vu Doll":59,"CaptainsWheel":0,"Dream Catcher":59,"Anchor":64,"Tiny House":38,"MealTicket":9,"Juzu Bracelet":30,"Letter Opener":16,"Smiling Mask":16,"Medical Kit":20,"Burning Blood":0,"Red Skull":20}],"Burning Blood":90},"card_choices":[{"not_picked":["True Grit","Searing Blow"],"picked":"Carnage","floor":1},{"not_picked":["Disarm","Thunderclap"],"picked":"Cleave","floor":4},{"not_picked":["Shrug It Off","Armaments"],"picked":"Rampage","floor":6},{"not_picked":["Shockwave","Battle Trance"],"picked":"Thunderclap","floor":8},{"not_picked":["Brutality","Sword Boomerang"],"picked":"Sentinel","floor":10},{"not_picked":["Clothesline","Rupture"],"picked":"Flame Barrier","floor":11},{"not_picked":["Havoc","Headbutt"],"picked":"Anger","floor":13},{"not_picked":["Dual Wield","Havoc"],"picked":"Immolate","floor":14},{"not_picked":["Brutality","Immolate"],"picked":"Bludgeon","floor":16},{"not_picked":["Perfected Strike","Twin Strike"],"picked":"Ghostly Armor","floor":17},{"not_picked":["Carnage","Headbutt"],"picked":"Reckless Charge","floor":18},{"not_picked":["Sentinel","Twin Strike+1"],"picked":"Rage","floor":20},{"not_picked":["Dark Embrace","Combust"],"picked":"Cleave+1","floor":22},{"not_picked":["Burning Pact","Corruption"],"picked":"Flex","floor":24},{"not_picked":["Bludgeon","Sever Soul"],"picked":"Second Wind","floor":25},{"not_picked":["Heavy Blade","Twin Strike"],"picked":"Havoc+1","floor":27},{"not_picked":["Anger","Twin Strike"],"picked":"Pummel","floor":30}],"player_experience":300675,"relics_obtained":[{"floor":6,"key":"MealTicket"},{"floor":8,"key":"Letter Opener"},{"floor":9,"key":"Smiling Mask"},{"floor":14,"key":"Juzu Bracelet"},{"floor":25,"key":"Dream Catcher"},{"floor":26,"key":"Du-Vu Doll"},{"floor":30,"key":"Anchor"}],"event_choices":[{"cards_removed":["Normality"],"damage_healed":0,"gold_gain":0,"player_choice":"Card Removal","damage_taken":7,"max_hp_gain":0,"max_hp_loss":0,"event_name":"Golden Wing","floor":2,"gold_loss":0},{"damage_healed":0,"gold_gain":75,"player_choice":"Gather Gold","damage_taken":11,"max_hp_gain":0,"max_hp_loss":0,"event_name":"World of Goop","floor":3,"gold_loss":0},{"damage_healed":20,"gold_gain":0,"player_choice":"Healed","damage_taken":0,"max_hp_gain":0,"max_hp_loss":0,"event_name":"The Cleric","floor":5,"gold_loss":35},{"damage_healed":0,"gold_gain":0,"player_choice":"Upgrade","damage_taken":0,"max_hp_gain":0,"max_hp_loss":0,"event_name":"Designer","floor":19,"gold_loss":40,"cards_upgraded":["Immolate"]},{"damage_healed":0,"gold_gain":0,"player_choice":"Simplicity","damage_taken":0,"max_hp_gain":0,"max_hp_loss":0,"event_name":"Back to Basics","floor":21,"gold_loss":0,"cards_upgraded":["Strike_R","Strike_R","Strike_R","Strike_R","Defend_R","Defend_R","Defend_R","Defend_R"]},{"damage_healed":0,"gold_gain":0,"player_choice":"Smashed Altar","damage_taken":0,"max_hp_gain":0,"max_hp_loss":0,"event_name":"Forgotten Altar","floor":28,"gold_loss":0,"cards_obtained":["Decay"]},{"damage_healed":0,"gold_gain":0,"player_choice":"1 cards matched","damage_taken":0,"max_hp_gain":0,"max_hp_loss":0,"event_name":"Match and Keep!","floor":31,"gold_loss":0,"cards_obtained":["Offering"]}],"is_beta":false,"boss_relics":[{"not_picked":["Velvet Choker","Empty Cage"],"picked":"Tiny House"}],"items_purged_floors":[],"is_endless":false,"potions_floor_spawned":[4,8,11,14,16,18,20,25],"killed_by":"Champ","ascension_level":6}}