{"host":"uv5ws9rdk87e8i5k","time":1612637339,"event":{"mods":["AchievementEnabler","BaseMod","Colored Map","Minty Spire (QoL Compilation)","Permanent Neow","Quick Restart","StSLib","SuperFastMode","The Necromancer"],"gold_per_floor":[113,11,27,37,51,84,84,102,102,136,152,170,203,218,218,314,314,314],"floor_reached":17,"language":"ENG","playtime":398,"items_purged":["Injury"],"score":277,"play_id":"92dbd6b6-bfaf-466a-a2d4-fee12b3fd235","local_time":"20210206124859","is_ascension_mode":true,"campfire_choices":[{"data":"Perfected Strike","floor":7.0,"key":"SMITH"},{"data":"Hemokinesis","floor":15.0,"key":"SMITH"}],"circlet_count":0,"master_deck":["Strike_R","Strike_R","Strike_R","Strike_R","Defend_R","Defend_R","Defend_R","Defend_R","Bash","Pommel Strike","Pommel Strike","Havoc","Battle Trance","Warcry","Double Tap","Armaments","Hemokinesis+1","Reaper","Immolate","Dual Wield+1","Fiend Fire+1","Second Wind+1"],"relics":["Burning Blood","Incense Burner","Blue Candle","FossilizedHelix","Prayer Wheel","Gremlin Horn","Astrolabe"],"acts_visited":["Exordium","TheCity"],"potions_floor_usage":[],"damage_taken":[{"damage":0.0,"enemies":"Small Slimes","floor":1.0,"turns":3.0},{"damage":1.0,"enemies":"Cultist","floor":3.0,"turns":3.0},{"damage":7.0,"enemies":"2 Louse","floor":4.0,"turns":3.0},{"damage":14.0,"enemies":"Red Slaver","floor":5.0,"turns":4.0},{"damage":20.0,"enemies":"Lagavulin","floor":6.0,"turns":6.0},{"damage":9.0,"enemies":"3 Louse","floor":8.0,"turns":3.0},{"damage":0.0,"enemies":"3 Sentries","floor":10.0,"turns":3.0},{"damage":0.0,"enemies":"Large Slime","floor":11.0,"turns":4.0},{"damage":0.0,"enemies":"Blue Slaver","floor":12.0,"turns":2.0},{"damage":0.0,"enemies":"Gremlin Nob","floor":13.0,"turns":2.0},{"damage":0.0,"enemies":"2 Fungi Beasts","floor":14.0,"turns":2.0},{"damage":55,"enemies":"Hexaghost","floor":16,"turns":7}],"seed_played":"8790943824225628947","potions_obtained":[{"floor":5.0,"key":"Ancient Potion"},{"floor":6.0,"key":"AttackPotion"},{"floor":8.0,"key":"Block Potion"},{"floor":10.0,"key":"SteroidPotion"},{"floor":12.0,"key":"Energy Potion"},{"floor":14.0,"key":"EssenceOfSteel"}],"is_trial":false,"path_per_floor":["M","$","M","M","M","E","R","M","T","E","M","M","E","M","R","B",null],"character_chosen":"IRONCLAD","items_purchased":["Pommel Strike"],"campfire_rested":0,"item_purchase_floors":[2],"current_hp_per_floor":[80,80,80,79,71,57,57,54,54,60,66,72,78,80,80,31,80,80],"gold":314,"neow_bonus":"ONE_RARE_RELIC","is_daily":false,"chose_seed":false,"campfire_upgraded":2,"win_rate":0.0,"timestamp":1612637339,"path_taken":["M","$","M","M","M","E","R","M","T","E","M","M","E","M","R","BOSS"],"items_purchased_type":["Card"],"build_version":"2020-12-22","purchased_purges":1,"victory":false,"max_hp_per_floor":[80,80,80,80,80,80,80,80,80,80,80,80,80,80,80,80,80,80],"card_choices":[{"not_picked":["Havoc","Flex"],"picked":"Perfected Strike","floor":1.0},{"not_picked":["Dual Wield","Brutality"],"picked":"Clash","floor":3.0},{"not_picked":["Perfected Strike","Rupture"],"picked":"Pommel Strike","floor":4.0},{"not_picked":["Cleave","Clothesline"],"picked":"Havoc","floor":5.0},{"not_picked":["Searing Blow","Barricade"],"picked":"Battle Trance","floor":6.0},{"not_picked":["Heavy Blade","Feel No Pain"],"picked":"Warcry","floor":8.0},{"not_picked":["Searing Blow","Rupture"],"picked":"Double Tap","floor":10.0},{"not_picked":["Intimidate","Flex"],"picked":"Armaments","floor":11.0},{"not_picked":["Entrench","Sentinel","Dual Wield"],"picked":"SKIP","floor":11.0},{"not_picked":["Warcry","Flex"],"picked":"Hemokinesis","floor":12.0},{"not_picked":["Carnage","Evolve","Anger"],"picked":"SKIP","floor":12.0},{"not_picked":["Reckless Charge","Flex","Clothesline"],"picked":"SKIP","floor":13.0},{"not_picked":["Intimidate","Pommel Strike"],"picked":"Reaper","floor":14.0},{"not_picked":["Iron Wave","Flex","Body Slam"],"picked":"SKIP","floor":14.0},{"not_picked":["Corruption","Brutality"],"picked":"Immolate","floor":16}],"player_experience":243692,"relics_obtained":[{"floor":6.0,"key":"Blue Candle"},{"floor":9.0,"key":"FossilizedHelix"},{"floor":10.0,"key":"Prayer Wheel"},{"floor":13.0,"key":"Gremlin Horn"}],"event_choices":[],"is_beta":false,"boss_relics":[{"not_picked":["Runic Cube","Empty Cage"],"picked":"Astrolabe"}],"items_purged_floors":[2],"is_endless":false,"potions_floor_spawned":[5,6,8,10,12,14],"ascension_level":4}}