{"host":"szp1d6dso4pv7ddl","time":1612636750,"event":{"mods":["AchievementEnabler","Alarm Clock","BaseMod","Bestiary","Block Reminder","Colored Map","Colored Powertips","Curses Come First","Dark Map","Displayed Cursed Tome","Highlight Path","Minty Spire (QoL Compilation)","Permanent Neow","Quick Restart","Relic Sorter","Relic Stats","StSLib","Synergy Search"],"gold_per_floor":[119,35,185,185,9,42,75,75,75,75,89,89,89,103,103,192,192,217,233,55,55,55,55,55,55],"floor_reached":24,"language":"ENG","playtime":1249,"items_purged":["Doubt","Bash"],"score":475,"play_id":"6da52ebf-a614-4363-8452-969ac5483318","local_time":"20210206103910","is_ascension_mode":true,"campfire_choices":[{"data":"Entrench","floor":8,"key":"SMITH"},{"data":"Body Slam","floor":12,"key":"SMITH"},{"data":"Iron Wave","floor":15,"key":"SMITH"},{"floor":23,"key":"REST"}],"circlet_count":0,"master_deck":["AscendersBane","Strike_R","Strike_R","Strike_R","Strike_R","Defend_R","Defend_R","Defend_R","Defend_R","Cleave","Entrench+1","Inflame","True Grit+1","True Grit+1","Body Slam+1","Dual Wield","Headbutt","Iron Wave+1","Offering","Disarm","Body Slam+1"],"relics":["Burning Blood","NeowsBlessing","Golden Idol","WingedGreaves","War Paint","Black Star"],"acts_visited":["Exordium","TheCity"],"potions_floor_usage":[19,24],"damage_taken":[{"damage":0,"enemies":"Small Slimes","floor":1,"turns":2},{"damage":0,"enemies":"3 Sentries","floor":6,"turns":1},{"damage":0,"enemies":"Gremlin Nob","floor":7,"turns":1},{"damage":0,"enemies":"2 Louse","floor":11,"turns":4},{"damage":6,"enemies":"Cultist","floor":14,"turns":3},{"damage":43,"enemies":"The Guardian","floor":16,"turns":14},{"damage":41,"enemies":"Spheric Guardian","floor":18,"turns":6},{"damage":16,"enemies":"Shell Parasite","floor":19,"turns":9},{"damage":42,"enemies":"Book of Stabbing","floor":24,"turns":5}],"seed_played":"-6873421807415769107","potions_obtained":[{"floor":1,"key":"EssenceOfSteel"},{"floor":6,"key":"Ancient Potion"},{"floor":19,"key":"Swift Potion"}],"is_trial":false,"path_per_floor":["M","$","?","?","$","E","E","R","T","?","M","R","$","M","R","B",null,"M","M","$","?","?","R","E"],"character_chosen":"IRONCLAD","items_purchased":["Entrench","Inflame","True Grit","Disarm"],"campfire_rested":1,"item_purchase_floors":[2,5,5,20],"current_hp_per_floor":[74,74,74,48,48,54,60,60,60,60,66,66,66,66,66,29,64,29,19,19,19,19,41,0,0],"gold":55,"neow_bonus":"THREE_ENEMY_KILL","is_daily":false,"chose_seed":false,"campfire_upgraded":3,"win_rate":0.0,"timestamp":1612636750,"path_taken":["M","$","?","?","$","E","E","R","T","?","?","R","$","?","R","BOSS","M","M","$","?","?","R","E"],"items_purchased_type":["Card","Card","Card","Card"],"build_version":"2020-12-22","purchased_purges":2,"victory":false,"max_hp_per_floor":[75,75,75,75,75,75,75,75,75,75,75,75,75,75,75,75,75,75,75,75,75,75,75,75,75],"relic_stats":{"counters":[9,45],"Golden Idol":46,"Black Star":0,"War Paint":["True Grit","True Grit"],"obtain_stats":[{"NeowsBlessing":0,"Golden Idol":4,"WingedGreaves":6,"Black Star":17,"War Paint":7,"Burning Blood":0},{"NeowsBlessing":0,"Golden Idol":1,"WingedGreaves":2,"Black Star":6,"War Paint":3,"Burning Blood":0},{"NeowsBlessing":0,"Golden Idol":2,"WingedGreaves":3,"Black Star":25,"War Paint":4,"Burning Blood":0}],"Burning Blood":48},"card_choices":[{"not_picked":["Perfected Strike","Pommel Strike"],"picked":"Cleave","floor":1},{"not_picked":["Sword Boomerang","Corruption"],"picked":"True Grit","floor":6},{"not_picked":["Seeing Red","Iron Wave"],"picked":"Body Slam","floor":7},{"not_picked":["Clothesline","Sever Soul"],"picked":"Headbutt","floor":11},{"not_picked":["Fiend Fire","Twin Strike"],"picked":"Iron Wave","floor":14},{"not_picked":["Exhume","Feed"],"picked":"Offering","floor":16},{"not_picked":["Hemokinesis","Flex","Havoc"],"picked":"SKIP","floor":18},{"not_picked":["Armaments","Uppercut+1","Dropkick"],"picked":"SKIP","floor":19}],"player_experience":1379580,"relics_obtained":[{"floor":6,"key":"WingedGreaves"},{"floor":7,"key":"War Paint"}],"event_choices":[{"damage_healed":0,"gold_gain":150,"player_choice":"AGREE","damage_taken":0,"max_hp_gain":0,"max_hp_loss":0,"event_name":"Liars Game","floor":3,"gold_loss":0,"cards_obtained":["Doubt"]},{"damage_healed":0,"gold_gain":0,"player_choice":"Take Damage","damage_taken":26,"relics_obtained":["Golden Idol"],"max_hp_gain":0,"max_hp_loss":0,"event_name":"Golden Idol","floor":4,"gold_loss":0},{"damage_healed":0,"gold_gain":0,"cards_transformed":["Strike_R"],"player_choice":"Transformed","damage_taken":0,"max_hp_gain":0,"max_hp_loss":0,"event_name":"Transmorgrifier","floor":10,"gold_loss":0,"cards_obtained":["Dual Wield"]},{"damage_healed":0,"gold_gain":0,"player_choice":"Ignored","damage_taken":0,"max_hp_gain":0,"max_hp_loss":0,"event_name":"Vampires","floor":21,"gold_loss":0},{"damage_healed":0,"gold_gain":0,"player_choice":"Copied","damage_taken":0,"max_hp_gain":0,"max_hp_loss":0,"event_name":"Duplicator","floor":22,"gold_loss":0,"cards_obtained":["Body Slam"]}],"is_beta":false,"boss_relics":[{"not_picked":["Philosopher\u0027s Stone","Ectoplasm"],"picked":"Black Star"}],"items_purged_floors":[5,20],"is_endless":false,"potions_floor_spawned":[1,6,14,19],"killed_by":"Book of Stabbing","ascension_level":18}}