{"host":"u7bb6mvzuirwfcqo","time":1612625577,"event":{"mods":["2.2 Compatiblity","AchievementEnabler","BaseMod","Card Forge","Downfall","Hermit","Minty Spire (QoL Compilation)","Relic Stats","Replay The Spire","StSLib"],"gold_per_floor":[99,109,129,145,159,172,172,198,212,212,49,67,81,96,110,110,110,110],"floor_reached":16,"language":"ENG","playtime":1425,"items_purged":[],"score":100,"play_id":"e6ea53bc-47a3-4ccf-befb-3f4ce779add9","local_time":"20210206103257","is_ascension_mode":false,"campfire_choices":[{"data":"Guardian:TwinSlam","floor":1.0,"key":"SMITH"}],"circlet_count":0,"master_deck":["Guardian:Strike_Guardian","Guardian:Strike_Guardian","Guardian:Strike_Guardian","Guardian:Strike_Guardian","Guardian:Defend_Guardian+1","Guardian:Defend_Guardian","Guardian:Defend_Guardian","Guardian:Defend_Guardian","Guardian:CurlUp","Guardian:TwinSlam+1","Guardian:GuardianWhirl","Guardian:CrystalBeam","Guardian:RollAttack","Guardian:Clone","Guardian:BronzeOrb","Guardian:Gem_Cyan","Guardian:PrimingBeam","Guardian:Gem_White","Guardian:SpikerProtocol","Guardian:Gem_Red","Guardian:Gem_Green","Guardian:BronzeOrb","Guardian:Gem_Cyan"],"relics":["Guardian:ModeShifter","Hammer of Thor","Seething Fire","Anvil of the Gods","Divine Protection","Odd Mushroom"],"acts_visited":["Exordium"],"potions_floor_usage":[16,16,16],"damage_taken":[{"damage":1.0,"enemies":"Cultist","floor":2.0,"turns":3.0},{"damage":11,"enemies":"Small Slimes","floor":3,"turns":4},{"damage":9,"enemies":"2 Louse","floor":4,"turns":4},{"damage":7,"enemies":"Blue Slaver","floor":5,"turns":3},{"damage":8,"enemies":"Red Slaver","floor":6,"turns":3},{"damage":14,"enemies":"The Mushroom Lair","floor":8,"turns":4},{"damage":1,"enemies":"Large Slime","floor":9,"turns":8},{"damage":0,"enemies":"downfall:FleeingMerchant","floor":11,"turns":4},{"damage":0,"enemies":"Exordium Wildlife","floor":12,"turns":3},{"damage":0,"enemies":"Large Slime","floor":13,"turns":5},{"damage":7,"enemies":"Exordium Thugs","floor":14,"turns":6},{"damage":0,"enemies":"2 Fungi Beasts","floor":15,"turns":4},{"damage":41,"enemies":"WA_ARCHETYPE_RETAIN","floor":16,"turns":7}],"seed_played":"-90037953878315825","potions_obtained":[{"floor":2,"key":"FearPotion"},{"floor":3,"key":"Swift Potion"},{"floor":6,"key":"Adrenaline Potion"}],"is_trial":false,"path_per_floor":["R","M","M","M","M","M","T","?","M","?","$","M","M","M","M","B"],"character_chosen":"GUARDIAN","items_purchased":["Guardian:Gem_White","Guardian:SpikerProtocol"],"campfire_rested":0,"item_purchase_floors":[11,11],"current_hp_per_floor":[88,87,76,67,60,52,52,38,37,37,37,37,37,30,30,0,0,0],"gold":110,"neow_bonus":"TEN_PERCENT_HP_BONUS","is_daily":false,"chose_seed":false,"campfire_upgraded":1,"win_rate":0.0,"timestamp":1612625577,"path_taken":["R","M","M","M","?","M","T","?","M","?","$","M","M","M","M","BOSS"],"items_purchased_type":["Card","Card"],"build_version":"2020-12-22","purchased_purges":0,"victory":false,"max_hp_per_floor":[88,88,88,88,88,88,88,88,88,88,88,88,88,88,88,88,88,88],"relic_stats":{"counters":[13,58],"obtain_stats":[{"Divine Protection":7,"Anvil of the Gods":0,"Guardian:ModeShifter":0,"Hammer of Thor":0,"Seething Fire":0,"Odd Mushroom":8},{"Divine Protection":5,"Anvil of the Gods":0,"Guardian:ModeShifter":0,"Hammer of Thor":0,"Seething Fire":0,"Odd Mushroom":6},{"Divine Protection":17,"Anvil of the Gods":0,"Guardian:ModeShifter":0,"Hammer of Thor":0,"Seething Fire":0,"Odd Mushroom":21}]},"card_choices":[{"not_picked":["Guardian:ShieldSpikes","Guardian:Preprogram"],"picked":"Guardian:GuardianWhirl","floor":2},{"not_picked":["Guardian:Preprogram","Guardian:ShieldCharger","Guardian:Recover"],"picked":"SKIP","floor":3},{"not_picked":["Guardian:Preprogram","Guardian:ShieldCharger"],"picked":"Guardian:CrystalBeam","floor":4},{"not_picked":["Guardian:Planning","Guardian:Recover"],"picked":"Guardian:RollAttack","floor":5},{"not_picked":["Guardian:Suspension","Guardian:Repulse"],"picked":"Guardian:Clone","floor":6},{"not_picked":["Guardian:ShieldCharger","Guardian:BaubleBeam"],"picked":"Guardian:BronzeOrb","floor":8},{"not_picked":["Guardian:ChargeCore","Guardian:Recover"],"picked":"Guardian:Gem_Cyan","floor":9},{"not_picked":["Guardian:Repulse","Guardian:PrismaticBeam"],"picked":"Guardian:PrimingBeam","floor":11},{"not_picked":["Guardian:TimeCapacitor","Guardian:Gem_Cyan"],"picked":"Guardian:Gem_Red","floor":12},{"not_picked":["Guardian:Gem_Red","Guardian:Incinerate"],"picked":"Guardian:Gem_Green","floor":13},{"not_picked":["Guardian:Gem_Cyan","Guardian:GuardianWhirl"],"picked":"Guardian:BronzeOrb","floor":14},{"not_picked":["Guardian:PrismaticBarrier","Guardian:HyperBeam_Guardian"],"picked":"Guardian:Gem_Cyan","floor":15}],"player_experience":16737,"relics_obtained":[{"floor":7,"key":"Divine Protection"},{"floor":8,"key":"Odd Mushroom"}],"event_choices":[{"damage_healed":0,"gold_gain":0,"player_choice":"Fought Mushrooms","damage_taken":0,"max_hp_gain":0,"max_hp_loss":0,"event_name":"Mushrooms","floor":8,"gold_loss":0}],"is_beta":false,"boss_relics":[],"items_purged_floors":[],"is_endless":false,"potions_floor_spawned":[2,3,6,12,13,15],"killed_by":"WA_ARCHETYPE_RETAIN","ascension_level":0}}