{"host":"wfy07lporsqrbz3r","time":1612612859,"event":{"mods":["BaseMod","Minty Spire (QoL Compilation)","Replay The Spire","StSLib"],"gold_per_floor":[111,111,36,36,36,36,61,61,106,131,131,141,141,472,472,547,547,561,486,486,576,576,611,611,643,697,710,710,740,755,770,770,844,844,854,866,920,538,596,596,596,630,630,661,686,712,987,1021,1021,1093,1169,1169,1189,1189,1189,907,916,950,970,1005,1038,1058,1088,1104,1116,1150,1150,1232,1259,1272,1197,1197,777,786,817,836,870,904,904,931,941,968,793,793,872,872,883,883,883,902,955,955,982,982,1016,1016,1050,530,557,571,571,654,731,731,750,750,825,600,600,600,636,636,671,671,713,298,298,127,127,205,205,222,137,199,226,238,278,290,138,182,193,193,193,206,236,236,308,308,308],"floor_reached":138,"language":"ZHS","playtime":7904,"items_purged":["Regret","Metallicize","Normality","Regret","Normality","Regret","Spot Weakness+1","Armaments+1"],"score":9887,"play_id":"bd7b1aaa-f273-4a11-ba63-9cafbb1b0e5d","local_time":"20210206200059","daily_mods":["SealedDeck","Heirloom","Elite Swarm","Lethality"],"is_ascension_mode":true,"campfire_choices":[{"data":"Metallicize","floor":6.0,"key":"SMITH"},{"floor":15.0,"key":"REST"},{"floor":24.0,"key":"REST"},{"floor":28.0,"key":"REST"},{"data":"Inflame","floor":32.0,"key":"SMITH"},{"data":"ReplayTheSpireMod:Limb From Limb","floor":40.0,"key":"SMITH"},{"data":"Armaments","floor":49.0,"key":"SMITH"},{"data":"Replay:Undeath\u0027s Touch","floor":67.0,"key":"SMITH"},{"floor":84.0,"key":"DIG"},{"floor":92.0,"key":"DIG"},{"data":"Writhe","floor":94.0,"key":"PURGE"},{"floor":96.0,"key":"DIG"},{"floor":101.0,"key":"DIG"},{"data":"Replay:Undeath\u0027s Touch","floor":110.0,"key":"SMITH"},{"floor":112.0,"key":"REST"},{"floor":128.0,"key":"REST"},{"data":"Feed+1","floor":132,"key":"PURGE"},{"floor":136,"key":"REST"}],"circlet_count":0,"master_deck":["AscendersBane","Replay:Undeath\u0027s Touch+1","Replay:Undeath\u0027s Touch+1","Limit Break+1","Limit Break+1","Offering+1","Reaper+1","Fiend Fire+1","Offering+1","ReplayTheSpireMod:Limb From Limb+1","Offering+1","Sword Boomerang+1","Double Tap+1","Feed+1","Limit Break+1","Offering+1","Feed+1","Feed+1","Feed+1","Limit Break+1","Limit Break+1","Limit Break+1","Limit Break+1"],"relics":["Black Blood","Charon\u0027s Ashes","Golden Egg","Juzu Bracelet","Paper Frog","King of Hearts","Replay:Baseball","Old Coin","SlaversCollar","PreservedInsect","InkBottle","Blood Vial","Pen Nib","Sozu","FossilizedHelix","Toxic Egg 2","Anchor","Kunai","Frozen Egg 2","Mummified Hand","Magic Flower","Self Forming Clay","Dream Catcher","Electric Blood","Ring of Fury","CeramicFish","Prayer Wheel","Odd Mushroom","Replay:Ancient Bell","Replay:Wax Seal","Replay:Bottled Snecko","Champion Belt","Question Card","Replay:Multitool","TungstenRod","Durian","War Paint","ReplayTheSpireMod:Spearhead","Strawberry","Strange Spoon","Another Sword","Bronze Scales","HandDrill","Omamori","Replay:Grab Bag","Philosopher\u0027s Stone","Cursed Key","Ring of Chaos","MawBank","Brimstone","Runic Pyramid"],"acts_visited":["Exordium","TheCity","TheBeyond","Exordium","TheCity","TheBeyond","Exordium","TheCity","TheBeyond"],"potions_floor_usage":[],"damage_taken":[{"damage":3.0,"enemies":"Cultist","floor":1.0,"turns":3.0},{"damage":11.0,"enemies":"Lagavulin","floor":7.0,"turns":5.0},{"damage":1.0,"enemies":"Gremlin Nob","floor":10.0,"turns":2.0},{"damage":16.0,"enemies":"Jaw Worm","floor":12.0,"turns":2.0},{"damage":2.0,"enemies":"Lagavulin","floor":14.0,"turns":3.0},{"damage":6.0,"enemies":"The Guardian","floor":16.0,"turns":4.0},{"damage":26.0,"enemies":"2 Thieves","floor":18.0,"turns":3.0},{"damage":27.0,"enemies":"Gremlin Leader","floor":23.0,"turns":3.0},{"damage":54.0,"enemies":"Slavers","floor":25.0,"turns":3.0},{"damage":6.0,"enemies":"Spheric Guardian","floor":27.0,"turns":2.0},{"damage":23.0,"enemies":"Book of Stabbing","floor":29.0,"turns":2.0},{"damage":12.0,"enemies":"Centurion and Healer","floor":30.0,"turns":1.0},{"damage":8.0,"enemies":"Snecko","floor":31.0,"turns":4.0},{"damage":37.0,"enemies":"Pondfish","floor":33.0,"turns":2.0},{"damage":25.0,"enemies":"3 Darklings","floor":35.0,"turns":2.0},{"damage":12.0,"enemies":"3 Shapes","floor":36.0,"turns":1.0},{"damage":40.0,"enemies":"2 Orb Walkers","floor":37.0,"turns":2.0},{"damage":0.0,"enemies":"R_Hoarder","floor":42.0,"turns":4.0},{"damage":0.0,"enemies":"Reptomancer","floor":44.0,"turns":2.0},{"damage":0.0,"enemies":"Mind Bloom Boss Battle","floor":45.0,"turns":1.0},{"damage":0.0,"enemies":"Giant Head","floor":46.0,"turns":1.0},{"damage":0.0,"enemies":"R_Hoarder","floor":48.0,"turns":1.0},{"damage":12.0,"enemies":"Donu and Deca","floor":50.0,"turns":1.0},{"damage":12.0,"enemies":"Replay:Hell Engine","floor":51.0,"turns":1.0},{"damage":2.0,"enemies":"Small Slimes","floor":53.0,"turns":1.0},{"damage":3.0,"enemies":"Gremlin Nob","floor":58.0,"turns":1.0},{"damage":29.0,"enemies":"The Mushroom Lair","floor":59.0,"turns":2.0},{"damage":2.0,"enemies":"3 Sentries","floor":60.0,"turns":2.0},{"damage":0.0,"enemies":"Gremlin Nob","floor":61.0,"turns":2.0},{"damage":0.0,"enemies":"2 Louse","floor":62.0,"turns":1.0},{"damage":3.0,"enemies":"Lagavulin","floor":63.0,"turns":1.0},{"damage":0.0,"enemies":"Jaw Worm","floor":64.0,"turns":1.0},{"damage":22.0,"enemies":"2 Fungi Beasts","floor":65.0,"turns":1.0},{"damage":17.0,"enemies":"Gremlin Nob","floor":66.0,"turns":1.0},{"damage":19.0,"enemies":"The Guardian","floor":68.0,"turns":1.0},{"damage":10.0,"enemies":"3 Byrds","floor":70.0,"turns":1.0},{"damage":29.0,"enemies":"Gremlin Leader","floor":75.0,"turns":2.0},{"damage":6.0,"enemies":"Spheric Guardian","floor":76.0,"turns":1.0},{"damage":3.0,"enemies":"Book of Stabbing","floor":77.0,"turns":1.0},{"damage":17.0,"enemies":"Gremlin Leader","floor":78.0,"turns":3.0},{"damage":11.0,"enemies":"Slavers","floor":80.0,"turns":1.0},{"damage":18.0,"enemies":"Centurion and Healer","floor":81.0,"turns":2.0},{"damage":8.0,"enemies":"Gremlin Leader","floor":82.0,"turns":1.0},{"damage":10.0,"enemies":"Champ","floor":85.0,"turns":2.0},{"damage":5.0,"enemies":"3 Darklings","floor":87.0,"turns":2.0},{"damage":12.0,"enemies":"Orb Walker","floor":90.0,"turns":2.0},{"damage":5.0,"enemies":"2 Orb Walkers","floor":91.0,"turns":1.0},{"damage":45.0,"enemies":"Nemesis","floor":93.0,"turns":3.0},{"damage":6.0,"enemies":"R_Hoarder","floor":95.0,"turns":1.0},{"damage":5.0,"enemies":"Reptomancer","floor":97.0,"turns":1.0},{"damage":5.0,"enemies":"Giant Head","floor":99.0,"turns":1.0},{"damage":0.0,"enemies":"Sphere and 2 Shapes","floor":100.0,"turns":1.0},{"damage":5.0,"enemies":"Awakened One","floor":102.0,"turns":3.0},{"damage":5.0,"enemies":"Time Eater","floor":103.0,"turns":1.0},{"damage":0.0,"enemies":"Jaw Worm","floor":105.0,"turns":2.0},{"damage":24.0,"enemies":"3 Sentries","floor":111.0,"turns":2.0},{"damage":0.0,"enemies":"Lagavulin","floor":113.0,"turns":1.0},{"damage":5.0,"enemies":"Gremlin Nob","floor":115.0,"turns":3.0},{"damage":5.0,"enemies":"The Guardian","floor":120.0,"turns":1.0},{"damage":34.0,"enemies":"Shell Parasite","floor":122.0,"turns":2.0},{"damage":5.0,"enemies":"Chosen","floor":125.0,"turns":1.0},{"damage":54.0,"enemies":"Slavers","floor":127.0,"turns":2.0},{"damage":0.0,"enemies":"Gremlin Leader","floor":130.0,"turns":2.0},{"damage":0.0,"enemies":"Snecko","floor":131.0,"turns":2.0},{"damage":0,"enemies":"3 Cultists","floor":134,"turns":1},{"damage":5,"enemies":"Slavers","floor":135,"turns":1},{"damage":0,"enemies":"Automaton","floor":137,"turns":1}],"seed_played":"3185603280795242311","potions_obtained":[{"floor":1.0,"key":"LiquidBronze"},{"floor":16.0,"key":"Elixir"},{"floor":18.0,"key":"HeartOfIron"},{"floor":25.0,"key":"SkillPotion"},{"floor":29.0,"key":"Weak Potion"},{"floor":31.0,"key":"AttackPotion"}],"is_trial":true,"path_per_floor":["M","?","$","?","?","R","E","?","T","E","$","M","?","E","R","B",null,"M","?","$","?","?","E","R","E","T","M","R","E","M","M","R","B",null,"M","M","?","$","?","R","?","E","T","E","?","E","?","E","R","B","B",null,"M","?","?","$","?","E","?","E","E","M","E","M","M","E","R","B",null,"M","?","?","$","?","E","M","E","E","?","E","M","E","$","R","B",null,"M","?","?","M","?","R","E","R","E","R","E","$","E","M","R","B","B",null,"M","?","?","$","?","R","E","R","E","?","E","$","?","$","R","B",null,"M","?","?","M","$","E","R","$","E","M","R","?","M","E","R","B",null],"character_chosen":"IRONCLAD","items_purchased":["Toxic Egg 2","CeramicFish","Question Card","Strawberry","Strange Spoon","HandDrill","Omamori","Brimstone"],"campfire_rested":6,"item_purchase_floors":[38,56,73,98,98,116,118,129],"current_hp_per_floor":[71,71,71,71,45,45,40,40,40,45,45,35,35,39,61,61,72,52,52,52,40,40,19,41,27,27,29,51,75,69,69,69,40,66,75,75,75,75,51,51,51,59,59,75,75,75,75,75,75,72,75,75,75,68,68,68,68,75,55,75,75,75,79,79,72,87,87,87,87,86,86,86,86,86,73,79,88,89,89,90,96,106,106,106,111,111,115,115,115,118,128,128,128,128,128,128,132,139,139,139,139,147,147,147,151,151,141,141,141,141,156,163,167,167,167,167,167,167,161,171,171,175,175,175,179,179,143,179,179,179,183,183,183,195,207,207,207,207,207],"gold":308,"neow_bonus":"","is_daily":false,"chose_seed":false,"campfire_upgraded":6,"win_rate":0.0,"timestamp":1612612859,"path_taken":["M","?","$","?","?","R","E","?","T","E","$","M","?","E","R","BOSS","M","?","$","?","?","E","R","E","T","M","R","E","M","M","R","BOSS","M","M","?","$","?","R","?","E","T","E","?","E","?","E","R","BOSS","BOSS","M","?","?","$","?","E","?","E","E","M","E","M","M","E","R","BOSS","M","?","?","$","?","E","M","E","E","?","E","M","E","?","R","BOSS","M","?","?","M","?","R","E","R","E","R","E","$","E","M","R","BOSS","BOSS","M","?","?","$","?","R","E","R","E","?","E","$","?","?","R","BOSS","M","?","?","M","?","E","R","$","E","M","R","?","M","E","R","BOSS"],"items_purchased_type":["Relic","Relic","Relic","Relic","Relic","Relic","Relic","Relic"],"build_version":"2020-12-22","purchased_purges":8,"victory":false,"max_hp_per_floor":[75,75,75,75,75,75,75,75,75,75,75,75,75,75,75,75,75,75,75,75,75,75,75,75,75,75,75,75,75,75,75,75,75,75,75,75,75,75,75,75,75,75,75,75,75,75,75,75,75,75,75,75,75,75,75,75,75,75,75,75,75,75,79,79,83,87,87,87,87,87,87,87,87,87,91,91,91,95,95,95,103,107,107,107,111,111,115,115,115,119,128,128,128,128,128,128,132,139,139,139,139,147,147,147,151,151,151,151,151,151,163,163,167,167,167,167,167,167,167,171,171,175,175,175,179,179,179,179,179,179,183,183,183,195,207,207,207,207,207],"card_choices":[{"not_picked":["Clash","Havoc","Inflame"],"picked":"SKIP","floor":1.0},{"not_picked":["Demon Form","Juggernaut"],"picked":"Limit Break","floor":7.0},{"not_picked":["Corruption","Bludgeon"],"picked":"Limit Break","floor":10.0},{"not_picked":["Inflame","Intimidate","Headbutt"],"picked":"SKIP","floor":12.0},{"not_picked":["Brutality","Demonic Infusion","Corruption"],"picked":"SKIP","floor":14.0},{"not_picked":["Replay:Many Hands","Exhume"],"picked":"Offering","floor":16.0},{"not_picked":["Seeing Red","Anger","ReplayTheSpireMod:LeadingStrike"],"picked":"SKIP","floor":18.0},{"not_picked":["Offering","Demonic Infusion"],"picked":"Reaper","floor":23.0},{"not_picked":["Brutality","Barricade"],"picked":"Fiend Fire","floor":25.0},{"not_picked":["Flex","Twin Strike","Wild Strike"],"picked":"SKIP","floor":27.0},{"not_picked":["Replay:Many Hands","Berserk"],"picked":"Offering","floor":29.0},{"not_picked":["Body Slam","Wild Strike","Perfected Strike+1"],"picked":"SKIP","floor":30.0},{"not_picked":["Armaments","Bludgeon","Thunderclap"],"picked":"SKIP","floor":31.0},{"not_picked":["Barricade","Double Tap"],"picked":"Impervious","floor":33.0},{"not_picked":["Perfected Strike+1","Body Slam+1","Evolve"],"picked":"SKIP","floor":35.0},{"not_picked":["Cleave","Run Through","Iron Wave"],"picked":"SKIP","floor":36.0},{"not_picked":["Pommel Strike","ReplayTheSpireMod:Muscle Training"],"picked":"ReplayTheSpireMod:Limb From Limb","floor":37.0},{"not_picked":["Impervious+1","Demonic Infusion+1","Brutality"],"picked":"SKIP","floor":42.0},{"not_picked":["Bludgeon","Exhume+1"],"picked":"Offering+1","floor":44.0},{"not_picked":["Pummel","Run Through+1"],"picked":"Sword Boomerang+1","floor":45.0},{"not_picked":["Demonic Infusion+1","Hemogenesis"],"picked":"Double Tap+1","floor":46.0},{"not_picked":["Bludgeon","Reaper","Barricade+1"],"picked":"SKIP","floor":48.0},{"not_picked":["Demon Form+1","Juggernaut+1"],"picked":"Feed","floor":50.0},{"not_picked":["Demonic Infusion+1","Brutality+1"],"picked":"Limit Break+1","floor":51.0},{"not_picked":["Clothesline","Heavy Blade","Fire Breathing+1"],"picked":"SKIP","floor":53.0},{"not_picked":["Brutality+1","Demon Form+1"],"picked":"Offering+1","floor":58.0},{"not_picked":["Offering+1","Berserk+1","Hemogenesis"],"picked":"SKIP","floor":60.0},{"not_picked":["Brutality+1","Corruption+1","Reaper"],"picked":"SKIP","floor":61.0},{"not_picked":["Infernal Blade+1","Warcry+1","Uppercut"],"picked":"SKIP","floor":62.0},{"not_picked":["Dark Embrace+1","Warcry+1","ReplayTheSpireMod:Limb From Limb"],"picked":"SKIP","floor":62.0},{"not_picked":["Hemogenesis","Brutality+1","Berserk+1"],"picked":"SKIP","floor":63.0},{"not_picked":["Heavy Blade","Perfected Strike","Clash"],"picked":"SKIP","floor":64.0},{"not_picked":["Run Through","ReplayTheSpireMod:Stacked+1","Warcry+1"],"picked":"SKIP","floor":64.0},{"not_picked":["Perfected Strike","Run Through","Rage+1"],"picked":"SKIP","floor":65.0},{"not_picked":["Iron Wave","Rampage","True Grit+1"],"picked":"SKIP","floor":65.0},{"not_picked":["Exhume+1","Hemogenesis","Demon Form+1"],"picked":"SKIP","floor":66.0},{"not_picked":["Demonic Infusion+1","Immolate"],"picked":"Feed","floor":68.0},{"not_picked":["Decay","Shame"],"picked":"Regret","floor":69.0},{"not_picked":["ReplayTheSpireMod:Splinters","CurseOfTheBell"],"picked":"Pain","floor":69.0},{"not_picked":["Normality","Shame"],"picked":"Writhe","floor":69.0},{"not_picked":["Twin Strike","ReplayTheSpireMod:Strike From Hell","Carnage"],"picked":"SKIP","floor":70.0},{"not_picked":["Whirlwind","True Grit+1","Ghostly Armor+1"],"picked":"SKIP","floor":70.0},{"not_picked":["Offering+1","Juggernaut+1","Berserk+1","Impervious+1"],"picked":"SKIP","floor":75.0},{"not_picked":["Body Slam","Entrench+1","Seeing Red+1","Armaments+1"],"picked":"SKIP","floor":76.0},{"not_picked":["Havoc+1","Heavy Blade+1","Exhume+1","Shrug It Off+1"],"picked":"SKIP","floor":76.0},{"not_picked":["Offering+1","Impervious+1","Immolate"],"picked":"Feed","floor":77.0},{"not_picked":["Barricade+1","Demonic Infusion+1","Juggernaut+1"],"picked":"Feed","floor":78.0},{"not_picked":["Reaper","Eclipse+1","Demonic Infusion+1","Feed"],"picked":"SKIP","floor":80.0},{"not_picked":["Rampage+1","Pommel Strike","Disarm+1","Sword Boomerang"],"picked":"SKIP","floor":81.0},{"not_picked":["Wild Strike","Heavy Blade","Armaments+1","Headbutt+1"],"picked":"SKIP","floor":81.0},{"not_picked":["Corruption+1","Impervious+1","Berserk+1","Hemogenesis"],"picked":"SKIP","floor":82.0},{"not_picked":["Whirlwind","Body Slam","Sever Soul+1","Thunderclap"],"picked":"SKIP","floor":87.0},{"not_picked":["Ghostly Armor+1","Thunderclap","Anger","Twin Strike+1"],"picked":"SKIP","floor":87.0},{"not_picked":["Evolve+1","Sentinel+1","Flex+1","Inflame+1"],"picked":"SKIP","floor":90.0},{"not_picked":["Ghostly Armor+1","Iron Wave","ReplayTheSpireMod:Corrosion Curse+1","Warcry+1"],"picked":"SKIP","floor":90.0},{"not_picked":["Bludgeon","Replay:Many Hands+1","Eclipse+1","Exhume+1"],"picked":"SKIP","floor":93.0},{"not_picked":["Corruption+1","Barricade+1","Exhume+1","Offering+1"],"picked":"SKIP","floor":95.0},{"not_picked":["Replay:Many Hands+1","Barricade+1","Demon Form+1"],"picked":"Limit Break+1","floor":97.0},{"not_picked":["Feed","Double Tap+1","Eclipse+1","Bludgeon"],"picked":"SKIP","floor":99.0},{"not_picked":["ReplayTheSpireMod:Limb From Limb","Iron Wave+1","Intimidate+1","ReplayTheSpireMod:Strike From Hell+1"],"picked":"SKIP","floor":100.0},{"not_picked":["ReplayTheSpireMod:Strike From Hell","Heavy Blade","True Grit+1","ReplayTheSpireMod:Limb From Limb+1"],"picked":"SKIP","floor":100.0},{"not_picked":["Barricade+1","Fiend Fire","Immolate"],"picked":"Limit Break+1","floor":102.0},{"not_picked":["Twin Strike","Sever Soul","Headbutt","Second Wind+1"],"picked":"SKIP","floor":105.0},{"not_picked":["Havoc+1","Iron Wave","Run Through","Heavy Blade"],"picked":"SKIP","floor":105.0},{"not_picked":["Juggernaut+1","Brutality+1","Replay:Many Hands+1"],"picked":"Limit Break+1","floor":111.0},{"not_picked":["Berserk+1","Immolate","Fiend Fire","Corruption+1"],"picked":"SKIP","floor":113.0},{"not_picked":["Brutality+1","Berserk+1","Demonic Infusion+1"],"picked":"Limit Break+1","floor":115.0},{"not_picked":["Second Wind+1","Abandon+1","Combust+1","Havoc+1"],"picked":"SKIP","floor":122.0},{"not_picked":["Perfected Strike+1","Dual Wield+1","Metallicize+1","Searing Blow"],"picked":"SKIP","floor":122.0},{"not_picked":["Body Slam","Iron Wave","Run Through","Barricade+1"],"picked":"SKIP","floor":125.0},{"not_picked":["Inflame+1","Clothesline","Warcry+1","ReplayTheSpireMod:Strike From Hell"],"picked":"SKIP","floor":125.0},{"not_picked":["Eclipse+1","Barricade+1","Bludgeon","Double Tap+1"],"picked":"SKIP","floor":127.0},{"not_picked":["Offering+1","Double Tap+1","Demonic Infusion+1"],"picked":"Feed","floor":130.0},{"not_picked":["ReplayTheSpireMod:LeadingStrike","True Grit+1","Flex+1","Run Through"],"picked":"SKIP","floor":131.0},{"not_picked":["Cleave","Entrench+1","Perfected Strike+1","Inflame+1"],"picked":"SKIP","floor":131.0},{"not_picked":["Wild Strike","Clothesline","Twin Strike","Reckless Charge"],"picked":"SKIP","floor":134},{"not_picked":["Twin Strike","Blood for Blood+1","Thunderclap","Berserk+1"],"picked":"SKIP","floor":134},{"not_picked":["Hemogenesis","Juggernaut+1","Brutality+1","Berserk+1"],"picked":"SKIP","floor":135}],"player_experience":829532,"relics_obtained":[{"floor":7.0,"key":"Paper Frog"},{"floor":9.0,"key":"King of Hearts"},{"floor":10.0,"key":"Replay:Baseball"},{"floor":14.0,"key":"Old Coin"},{"floor":23.0,"key":"PreservedInsect"},{"floor":25.0,"key":"InkBottle"},{"floor":26.0,"key":"Blood Vial"},{"floor":29.0,"key":"Pen Nib"},{"floor":37.0,"key":"FossilizedHelix"},{"floor":39.0,"key":"Anchor"},{"floor":42.0,"key":"Kunai"},{"floor":43.0,"key":"Frozen Egg 2"},{"floor":44.0,"key":"Mummified Hand"},{"floor":45.0,"key":"Magic Flower"},{"floor":46.0,"key":"Self Forming Clay"},{"floor":48.0,"key":"Dream Catcher"},{"floor":55.0,"key":"Ring of Fury"},{"floor":59.0,"key":"Odd Mushroom"},{"floor":84.0,"key":"TungstenRod"},{"floor":91.0,"key":"Durian"},{"floor":92.0,"key":"War Paint"},{"floor":96.0,"key":"ReplayTheSpireMod:Spearhead"},{"floor":101.0,"key":"Another Sword"}],"event_choices":[{"damage_healed":0.0,"max_hp_gain":0.0,"max_hp_loss":0.0,"gold_gain":0.0,"event_name":"Big Fish","player_choice":"Box","floor":2.0,"gold_loss":0.0,"damage_taken":0.0,"relics_obtained":["Golden Egg"],"cards_obtained":["Regret"]},{"damage_healed":0.0,"max_hp_gain":0.0,"max_hp_loss":0.0,"gold_gain":0.0,"event_name":"Scrap Ooze","player_choice":"Success","floor":5.0,"gold_loss":0.0,"damage_taken":26.0,"relics_obtained":["Juzu Bracelet"]},{"damage_healed":0.0,"max_hp_gain":0.0,"max_hp_loss":0.0,"gold_gain":0.0,"cards_transformed":["Wild Strike"],"event_name":"Transmorgrifier","player_choice":"Transformed","floor":8.0,"gold_loss":0.0,"damage_taken":0.0,"cards_obtained":["Brutality"]},{"damage_healed":0.0,"max_hp_gain":0.0,"max_hp_loss":0.0,"gold_gain":0.0,"event_name":"Shining Light","player_choice":"Ignored","floor":13.0,"gold_loss":0.0,"damage_taken":0.0},{"cards_removed":["Brutality"],"damage_healed":0.0,"max_hp_gain":0.0,"max_hp_loss":0.0,"gold_gain":0.0,"event_name":"Beggar","player_choice":"Gave Gold","floor":19.0,"gold_loss":75.0,"damage_taken":0.0},{"damage_healed":0.0,"max_hp_gain":0.0,"max_hp_loss":0.0,"gold_gain":90.0,"event_name":"Knowing Skull","player_choice":"GOLD ","floor":21.0,"potions_obtained":[],"gold_loss":0.0,"damage_taken":12.0,"cards_obtained":[]},{"cards_removed":["Anger"],"damage_healed":0.0,"max_hp_gain":0.0,"max_hp_loss":0.0,"gold_gain":0.0,"event_name":"Back to Basics","player_choice":"Elegance","floor":22.0,"gold_loss":0.0,"damage_taken":0.0},{"damage_healed":0.0,"max_hp_gain":0.0,"max_hp_loss":0.0,"gold_gain":0.0,"event_name":"Mysterious Sphere","player_choice":"Fight","floor":37.0,"gold_loss":0.0,"damage_taken":0.0},{"damage_healed":0.0,"max_hp_gain":0.0,"max_hp_loss":0.0,"gold_gain":0.0,"event_name":"Lab","player_choice":"Got Potions","floor":41.0,"gold_loss":0.0,"damage_taken":0.0},{"damage_healed":0.0,"max_hp_gain":0.0,"max_hp_loss":0.0,"gold_gain":0.0,"event_name":"MindBloom","player_choice":"Fight","floor":45.0,"gold_loss":0.0,"damage_taken":0.0},{"damage_healed":0.0,"max_hp_gain":0.0,"max_hp_loss":0.0,"gold_gain":275.0,"event_name":"Golden Shrine","player_choice":"Desecrate","floor":47.0,"gold_loss":0.0,"damage_taken":0.0,"cards_obtained":["Regret"]},{"cards_removed":["Regret"],"damage_healed":0.0,"max_hp_gain":0.0,"max_hp_loss":0.0,"gold_gain":0.0,"event_name":"Golden Wing","player_choice":"Card Removal","floor":54.0,"gold_loss":0.0,"damage_taken":7.0},{"damage_healed":0.0,"max_hp_gain":0.0,"max_hp_loss":0.0,"gold_gain":0.0,"event_name":"Big Fish","player_choice":"Box","floor":57.0,"gold_loss":0.0,"damage_taken":0.0,"relics_obtained":["Prayer Wheel"],"cards_obtained":["Regret"]},{"damage_healed":0.0,"max_hp_gain":0.0,"max_hp_loss":0.0,"gold_gain":0.0,"event_name":"Mushrooms","player_choice":"Fought Mushrooms","floor":59.0,"gold_loss":0.0,"damage_taken":0.0},{"cards_removed":["Pain"],"damage_healed":0.0,"max_hp_gain":0.0,"max_hp_loss":0.0,"gold_gain":0.0,"event_name":"Beggar","player_choice":"Gave Gold","floor":71.0,"gold_loss":75.0,"damage_taken":0.0},{"damage_healed":0.0,"max_hp_gain":0.0,"max_hp_loss":0.0,"gold_gain":0.0,"event_name":"Ghosts","player_choice":"Ignored","floor":72.0,"gold_loss":0.0,"damage_taken":0.0},{"damage_healed":0.0,"max_hp_gain":0.0,"max_hp_loss":0.0,"gold_gain":0.0,"event_name":"Vampires","player_choice":"Ignored","floor":79.0,"gold_loss":0.0,"damage_taken":0.0},{"cards_removed":["Metallicize"],"damage_healed":0.0,"max_hp_gain":0.0,"max_hp_loss":0.0,"gold_gain":0.0,"event_name":"Falling","player_choice":"Removed Power","floor":88.0,"gold_loss":0.0,"damage_taken":0.0},{"damage_healed":0.0,"max_hp_gain":0.0,"max_hp_loss":0.0,"gold_gain":0.0,"event_name":"Tomb of Lord Red Mask","player_choice":"Ignored","floor":89.0,"gold_loss":0.0,"damage_taken":0.0},{"damage_healed":0.0,"max_hp_gain":0.0,"max_hp_loss":0.0,"gold_gain":0.0,"event_name":"Mysterious Sphere","player_choice":"Fight","floor":91.0,"gold_loss":0.0,"damage_taken":0.0},{"damage_healed":0.0,"max_hp_gain":0.0,"max_hp_loss":0.0,"gold_gain":75.0,"event_name":"World of Goop","player_choice":"Gather Gold","floor":107.0,"gold_loss":0.0,"damage_taken":11.0},{"damage_healed":0.0,"max_hp_gain":0.0,"max_hp_loss":0.0,"gold_gain":0.0,"event_name":"WeMeetAgain","player_choice":"Gave Potion","floor":109.0,"gold_loss":0.0,"damage_taken":0.0,"relics_obtained":["Bronze Scales"]},{"damage_healed":0.0,"max_hp_gain":0.0,"max_hp_loss":0.0,"gold_gain":0.0,"event_name":"Transmorgrifier","player_choice":"Ignored","floor":114.0,"gold_loss":0.0,"damage_taken":0.0},{"damage_healed":0.0,"max_hp_gain":0.0,"max_hp_loss":0.0,"gold_gain":0.0,"event_name":"Upgrade Shrine","player_choice":"Ignored","floor":117.0,"gold_loss":0.0,"damage_taken":0.0},{"cards_removed":["Inflame"],"damage_healed":0.0,"max_hp_gain":0.0,"max_hp_loss":0.0,"gold_gain":0.0,"event_name":"Golden Wing","player_choice":"Card Removal","floor":119.0,"gold_loss":0.0,"damage_taken":7.0},{"damage_healed":0.0,"max_hp_gain":0.0,"max_hp_loss":0.0,"gold_gain":0.0,"event_name":"Addict","player_choice":"Obtained Relic","floor":123.0,"gold_loss":85.0,"damage_taken":0.0,"relics_obtained":["MawBank"]},{"damage_healed":0.0,"max_hp_gain":0.0,"max_hp_loss":0.0,"gold_gain":50.0,"event_name":"Nest","player_choice":"Stole From Cult","floor":124.0,"gold_loss":0.0,"damage_taken":0.0},{"cards_removed":["Impervious"],"damage_healed":0,"gold_gain":0,"player_choice":"Elegance","damage_taken":0,"max_hp_gain":0,"max_hp_loss":0,"event_name":"Back to Basics","floor":133,"gold_loss":0}],"is_beta":false,"boss_relics":[{"not_picked":["Tiny House","ChewingGum"],"picked":"SlaversCollar"},{"not_picked":["Calling Bell","Snecko Heart"],"picked":"Sozu"},{"not_picked":["Cursed Key","ReplayTheSpireMod:DimensionalGlitch"],"picked":"Electric Blood"},{"not_picked":["Black Star","Calling Bell"],"picked":"Replay:Ancient Bell"},{"not_picked":["Akabeko","Bronze Scales"],"picked":"Replay:Wax Seal"},{"not_picked":["StrikeDummy","HornCleat"],"picked":"Replay:Bottled Snecko"},{"not_picked":["Bird Faced Urn","Dead Branch"],"picked":"Champion Belt"},{"not_picked":["Ring of Chaos","ReplayTheSpireMod:DimensionalGlitch","Replay:Drink Me"]},{"not_picked":["Snecko Eye","Runic Dome"],"picked":"Black Blood"},{"not_picked":["Coffee Dripper","Busted Crown"],"picked":"Replay:Grab Bag"},{"not_picked":["ChewingGum","Ooze Armor"],"picked":"Philosopher\u0027s Stone"},{"not_picked":["Fusion Hammer","Velvet Choker"],"picked":"Cursed Key"},{"not_picked":["Calling Bell","Mark of Pain"],"picked":"Ring of Chaos"},{"not_picked":["Abe\u0027s Treasure","Replay:Wanted Poster"],"picked":"Runic Pyramid"}],"items_purged_floors":[3,38,56,73,83,98,108,116],"is_endless":true,"potions_floor_spawned":[1,16,18,25,29,31,37,42,45,46,50,53,58,63,65,68,76,78,81,87,91,97,99,105,115,120,127,135,137],"ascension_level":20}}