{"host":"j1eo1fqrqta44853","time":1612639772,"event":{"mods":["Act Like it!","Bartender","BaseMod","CatGirl Mod","Custom Start","Downfall","Elementarium","Gensokyo","GungeonMod","HololiveMod","Hubris","Infinite Spire","KinomotoSakuraMod(????)","Koishi","Lobotomy","LobotomyExtend","Marisa????????","Minty Spire (QoL Compilation)","Pale of the Ancients","Rare Cards Sparkle","Reimu??????","Reliquary","Replay The Spire","SIMod","Shedinja","Spire Arcade","StSLib","The Alterego","The Jungle","The Marked","The Mystic","The Runesmith","The Senshi","The Vixen","TheBandit","Waifu the Spire","WarShipGirlsR/????R mod","Yakumo Yukari mod"],"gold_per_floor":[369,469,469,469,481,481,321,321,321],"floor_reached":8,"language":"ENG","playtime":698,"items_purged":[],"score":44,"play_id":"fce17fe2-1c1c-4ffe-be5c-7ab7b81bc745","local_time":"20210206132932","is_ascension_mode":false,"campfire_choices":[{"floor":6,"key":"RECALL"}],"circlet_count":0,"master_deck":["Koishi:BasicStrike","Koishi:BasicStrike","Koishi:BasicStrike","Koishi:BasicStrike","Koishi:BasicDefend","Koishi:BasicDefend","Koishi:BasicDefend","Koishi:BasicDefend","Koishi:Provoke","Koishi:HauntingSlash","Koishi:VengefulSpirit","Koishi:EmbersOfLove"],"relics":["Koishi:ImaginaryFriend","hubris:Towel","Enchiridion"],"acts_visited":["Gensokyo:Gensokyo"],"potions_floor_usage":[8],"damage_taken":[{"damage":1,"enemies":"Gensokyo:Python","floor":1,"turns":5},{"damage":2,"enemies":"Gensokyo:3_Fairies","floor":5,"turns":6},{"damage":47,"enemies":"Gensokyo:Aya","floor":8,"turns":9}],"seed_played":"-5090426826520014767","potions_obtained":[{"floor":5,"key":"Fire Potion"}],"is_trial":false,"path_per_floor":["M","?","?","$","M","R","?","E"],"character_chosen":"KOISHI","items_purchased":[],"campfire_rested":0,"item_purchase_floors":[],"current_hp_per_floor":[44,44,44,44,44,44,44,0,0],"gold":321,"neow_bonus":"TWO_FIFTY_GOLD","is_daily":false,"chose_seed":false,"campfire_upgraded":0,"win_rate":0.0,"timestamp":1612639772,"path_taken":["M","?","?","?","M","R","?","E"],"items_purchased_type":[],"build_version":"2020-12-22","purchased_purges":0,"victory":false,"max_hp_per_floor":[60,60,60,60,60,60,60,60,60],"card_choices":[{"not_picked":["Koishi:EmbryosDream","Koishi:DreadfulBlow"],"picked":"Koishi:VengefulSpirit","floor":1},{"not_picked":["Koishi:GhostParty","Koishi:PhantomBarrier"],"picked":"Koishi:EmbersOfLove","floor":5}],"player_experience":1142416,"relics_obtained":[],"event_choices":[],"is_beta":false,"boss_relics":[],"items_purged_floors":[],"is_endless":false,"potions_floor_spawned":[5],"killed_by":"Gensokyo:Aya","ascension_level":0}}