{"host":"mo4d2vii2wc3uyp7","time":1612598180,"event":{"mods":["AchievementEnabler","BaseMod","Colored Map","Highlight Path","Keyboard Shortcuts","Minty Spire (QoL Compilation)","Permanent Neow","Quick Restart","Shop Mod","StSLib","SuperFastMode","everything is the same but u backflip on backflip"],"gold_per_floor":[112,131,149,149,170,170,194,230,230,2,2,27,27,52,52,175,175,200,200,200],"floor_reached":19,"language":"KOR","playtime":827,"items_purged":["Defend_G"],"score":257,"play_id":"80803eef-97c7-4a72-bb55-f68ce986965e","local_time":"20210206165620","is_ascension_mode":true,"campfire_choices":[{"data":"Footwork","floor":6.0,"key":"SMITH"},{"floor":11.0,"key":"REST"},{"data":"Dagger Throw","floor":13.0,"key":"SMITH"},{"floor":15.0,"key":"REST"}],"circlet_count":0,"master_deck":["AscendersBane","Strike_G","Strike_G","Strike_G","Strike_G","Defend_G","Defend_G","Defend_G","Defend_G","Survivor","Neutralize","Footwork+1","Sucker Punch","Quick Slash","Injury","Cloak And Dagger","Backflip","Dagger Throw+1","Heel Hook","All Out Attack","Envenom","Well Laid Plans"],"relics":["Ring of the Serpent","Golden Idol","Letter Opener","Question Card","TwistedFunnel"],"acts_visited":["Exordium","TheCity"],"potions_floor_usage":[18],"damage_taken":[{"damage":2.0,"enemies":"2 Louse","floor":1.0,"turns":3.0},{"damage":5.0,"enemies":"Small Slimes","floor":2.0,"turns":6.0},{"damage":2.0,"enemies":"Jaw Worm","floor":3.0,"turns":6.0},{"damage":29.0,"enemies":"Exordium Wildlife","floor":5.0,"turns":11.0},{"damage":3.0,"enemies":"Blue Slaver","floor":7.0,"turns":4.0},{"damage":12.0,"enemies":"Lagavulin","floor":8.0,"turns":10.0},{"damage":7.0,"enemies":"Gremlin Gang","floor":12.0,"turns":4.0},{"damage":0.0,"enemies":"Lots of Slimes","floor":14.0,"turns":2.0},{"damage":40.0,"enemies":"The Guardian","floor":16.0,"turns":18.0},{"damage":18,"enemies":"Chosen","floor":18,"turns":5},{"damage":27,"enemies":"Spheric Guardian","floor":19,"turns":7}],"seed_played":"4676738272668249482","potions_obtained":[{"floor":2.0,"key":"Swift Potion"},{"floor":5.0,"key":"EntropicBrew"},{"floor":8.0,"key":"EntropicBrew"}],"is_trial":false,"path_per_floor":["M","M","M","?","M","R","M","E","T","$","R","M","R","M","R","B",null,"M","M"],"character_chosen":"THE_SILENT","items_purchased":["TwistedFunnel"],"campfire_rested":2,"item_purchase_floors":[10],"current_hp_per_floor":[61,56,54,54,25,25,22,10,10,10,31,24,24,24,45,5,54,36,9,9],"gold":200,"neow_bonus":"REMOVE_CARD","is_daily":false,"chose_seed":false,"campfire_upgraded":2,"win_rate":0.0,"timestamp":1612598180,"path_taken":["M","M","M","?","M","R","M","E","T","$","R","M","R","M","R","BOSS","M","M"],"items_purchased_type":["Relic"],"build_version":"2020-12-22","purchased_purges":1,"victory":false,"max_hp_per_floor":[70,70,70,70,70,70,70,70,70,70,70,70,70,70,70,70,70,70,70,70],"card_choices":[{"not_picked":["Acrobatics","Deadly Poison"],"picked":"Footwork","floor":1.0},{"not_picked":["Underhanded Strike","Prepared"],"picked":"Sucker Punch","floor":2.0},{"not_picked":["Outmaneuver","Deflect"],"picked":"Quick Slash","floor":3.0},{"not_picked":["Outmaneuver","Underhanded Strike"],"picked":"Cloak And Dagger","floor":5.0},{"not_picked":["Sucker Punch","Wraith Form v2"],"picked":"Backflip","floor":7.0},{"not_picked":["Burst","Slice"],"picked":"Dagger Throw","floor":8.0},{"not_picked":["Sucker Punch","Riddle With Holes","Outmaneuver"],"picked":"Heel Hook","floor":12.0},{"not_picked":["Skewer","Deflect","Deadly Poison"],"picked":"All Out Attack","floor":14.0},{"not_picked":["Doppelganger","Tools of the Trade","Bullet Time"],"picked":"Envenom","floor":16.0},{"not_picked":["Backflip","Outmaneuver","Poisoned Stab"],"picked":"Well Laid Plans","floor":18}],"player_experience":601801,"relics_obtained":[{"floor":8.0,"key":"Letter Opener"},{"floor":9.0,"key":"Question Card"}],"event_choices":[{"damage_healed":0.0,"max_hp_gain":0.0,"max_hp_loss":0.0,"gold_gain":0.0,"event_name":"Golden Idol","player_choice":"Take Wound","floor":4.0,"gold_loss":0.0,"damage_taken":0.0,"relics_obtained":["Golden Idol"],"cards_obtained":["Injury"]}],"is_beta":false,"boss_relics":[{"not_picked":["Tiny House","Coffee Dripper"],"picked":"Ring of the Serpent"}],"items_purged_floors":[10],"is_endless":false,"potions_floor_spawned":[2,5,8],"killed_by":"Spheric Guardian","ascension_level":10}}