{"host":"kq5z4hx2798lxd5l","time":1612621397,"event":{"mods":["BaseMod","Better Note","BetterRewards","Colored Map","Colored Powertips","Downfall","Hermit","Hubris","Infinite Spire","Jorbs\u0027s Wanderer Trilogy","Marisa????????","Minty Spire (QoL Compilation)","Rare Cards Sparkle","Reliquary","Replay The Spire","StSLib","The Cursed","The Disciple","The Hierophant","The Necromancer","The Runesmith","The Servant 0.9.4"],"gold_per_floor":[114,134,144,157,172,172,202,216,265,265,285,285,310,310,310,411,411,423,78,96,371,391,391,491,521,545,555,574,604,604,635,635,739,739,749,803,816,830,302,302,302,302,377,393,426,426,460,460,460,558,558,569,744,740,752,752,765,765,762,809,809,809,815,820,1095,1146,1200,1200,1195,1195,1195,1194,1189,1189,1189,1189,1259,1259,1266,1366,1366,732,732,786,786,789,789,816,816,813,804,803,803,803,785,789,789,777,769,769,760,760],"floor_reached":101,"language":"SPA","playtime":7132,"items_purged":["Regret","Regret","downfall:Aged"],"score":2002,"play_id":"864f2b53-d0d5-400d-8ded-c537d61b36a0","local_time":"20210206142317","is_ascension_mode":false,"campfire_choices":[{"data":"hermit:Vantage","floor":6,"key":"SMITH"},{"data":"hermit:Maintenance","floor":10,"key":"SMITH"},{"data":"hermit:Cheat","floor":15,"key":"SMITH"},{"data":"hermit:FlashPowder","floor":23,"key":"SMITH"},{"floor":40,"key":"RECALL"},{"floor":42,"key":"REST"},{"floor":46,"key":"REST"},{"floor":49,"key":"REST"},{"floor":58,"key":"REST"},{"floor":61,"key":"REST"},{"floor":74,"key":"REST"},{"floor":76,"key":"REST"},{"floor":81,"key":"REST"},{"floor":83,"key":"REST"},{"floor":93,"key":"REST"},{"floor":100,"key":"REST"}],"circlet_count":0,"master_deck":["hermit:Defend_Hermit","hermit:Defend_Hermit+1","hermit:Defend_Hermit","hermit:Defend_Hermit","hermit:Snapshot+1","hermit:Covet","hermit:Deadeye","hermit:CalledShot+1","hermit:WideOpen+1","hermit:Vantage+1","hermit:Grudge","hermit:Maintenance+1","hermit:LuckOfTheDraw+1","hermit:Vantage+1","hermit:Cheat+1","hermit:FinalCanter","hermit:BigShot+1","Master of Strategy+1","hermit:FlashPowder+1","hermit:HighNoon","hermit:Combo+1","hermit:BodyArmor+1","hermit:Roughhouse","hermit:Quickdraw+1","hermit:BodyArmor+1","hermit:Glare+1","Panache","hermit:Brawl","hermit:DeadMansHand","hermit:TakeAim","hermit:Virtue","hermit:Coalescence","hermit:Determination","Amnesia","downfall:Haunted","downfall:Haunted","Pain","Overencumbered","Apotheosis","hermit:Reprieve","Replay:Sssssssssshield","Sadistic Nature","Replay:Sssssssssshield","infinitespire:TheBestDefense","hubris:Sloth","hubris:Compulsion","Parasite","hermit:Dissolve"],"relics":["hermit:Momento","Ancient Tea Set","reliquary:SharkskinSheath","hermit:RyeStalk","hubris:ScarierMask","reliquary:Buckler","Runesmith:Nanobots","Replay:Wanted Poster","ReplayTheSpireMod:Shallot","reliquary:PartyBalloon","hubris:BundleOfHerbs","hermit:Horseshoe","MutagenicStrength","Fusion Hammer","ReplayTheSpireMod:Ninjato","Matryoshka","Ring of Searing","Ring of Fury","Smiling Mask","War Paint","reliquary:SilkGlove","infinitespire:EmpoweringShard","reliquary:TatteredRug","Replay:Grab Bag","Cursed Key","ReplayTheSpireMod:DimensionalGlitch","Kintsugi","Replay:Mystery Machine","reliquary:RosewoodLute","hubris:AstralHammer","SlaversCollar","reliquary:QuartzCube","Gremlin Horn","White Beast Statue","Tiny Chest","infinitespire:PuzzleCube","Du-Vu Doll","Membership Card","reliquary:QuartzCube","Incense Burner","hubris:BlackHole","reliquary:ExpiredCoupon","Mango","Letter Opener","reliquary:RoseTintedGlasses"],"acts_visited":["Exordium","TheCity","TheBeyond","Exordium","TheCity","TheBeyond"],"potions_floor_usage":[7,13,16,25,29,33,33,45,47,47,50,57,67,79,79,90,91,91,91,95,97,97,98,99,101,101],"damage_taken":[{"damage":1,"enemies":"Cultist","floor":1,"turns":3},{"damage":0,"enemies":"2 Louse","floor":2,"turns":2},{"damage":0,"enemies":"Small Slimes","floor":3,"turns":3},{"damage":6,"enemies":"3 Louse","floor":4,"turns":3},{"damage":7,"enemies":"Blue Slaver","floor":5,"turns":3},{"damage":14,"enemies":"Gremlin Nob","floor":7,"turns":3},{"damage":3,"enemies":"Exordium Wildlife","floor":8,"turns":4},{"damage":0,"enemies":"3 Louse","floor":11,"turns":3},{"damage":1,"enemies":"Replay:BlueRogue","floor":13,"turns":7},{"damage":45,"enemies":"Fading Forest","floor":16,"turns":11},{"damage":0,"enemies":"2 Thieves","floor":18,"turns":4},{"damage":10,"enemies":"Spheric Guardian","floor":20,"turns":3},{"damage":16,"enemies":"Shelled Parasite and Fungi","floor":22,"turns":8},{"damage":18,"enemies":"Book of Stabbing","floor":25,"turns":5},{"damage":0,"enemies":"Centurion and Healer","floor":27,"turns":5},{"damage":0,"enemies":"Cultist and Chosen","floor":28,"turns":3},{"damage":5,"enemies":"Slavers","floor":29,"turns":4},{"damage":0,"enemies":"Replay:Snechameleon","floor":31,"turns":4},{"damage":56,"enemies":"Champ","floor":33,"turns":7},{"damage":0,"enemies":"3 Shapes","floor":35,"turns":3},{"damage":2,"enemies":"3 Darklings","floor":37,"turns":3},{"damage":0,"enemies":"Maw","floor":38,"turns":5},{"damage":22,"enemies":"Writhing Mass","floor":44,"turns":4},{"damage":7,"enemies":"Giant Head","floor":45,"turns":4},{"damage":33,"enemies":"Nightmare","floor":47,"turns":6},{"damage":44,"enemies":"Awakened One","floor":50,"turns":10},{"damage":0,"enemies":"2 Louse","floor":52,"turns":1},{"damage":16,"enemies":"Cultist","floor":54,"turns":3},{"damage":8,"enemies":"Small Slimes","floor":55,"turns":2},{"damage":19,"enemies":"3 Sentries","floor":57,"turns":4},{"damage":0,"enemies":"2 Fungi Beasts","floor":59,"turns":2},{"damage":16,"enemies":"Lagavulin","floor":63,"turns":3},{"damage":1,"enemies":"3 Louse","floor":64,"turns":3},{"damage":36,"enemies":"The Guardian","floor":67,"turns":5},{"damage":16,"enemies":"3 Byrds","floor":69,"turns":3},{"damage":20,"enemies":"Shell Parasite","floor":72,"turns":4},{"damage":0,"enemies":"Snecko","floor":73,"turns":2},{"damage":16,"enemies":"Gremlin Leader","floor":75,"turns":4},{"damage":16,"enemies":"Book of Stabbing","floor":79,"turns":3},{"damage":27,"enemies":"Champ","floor":84,"turns":5},{"damage":8,"enemies":"Orb Walker","floor":86,"turns":2},{"damage":9,"enemies":"3 Shapes","floor":90,"turns":5},{"damage":4,"enemies":"Giant Head","floor":91,"turns":3},{"damage":10,"enemies":"Sphere and 2 Shapes","floor":92,"turns":3},{"damage":20,"enemies":"Writhing Mass","floor":95,"turns":3},{"damage":0,"enemies":"3 Darklings","floor":96,"turns":3},{"damage":17,"enemies":"R_Hoarder","floor":97,"turns":4},{"damage":17,"enemies":"Spire Growth","floor":98,"turns":2},{"damage":26,"enemies":"Writhing Mass","floor":99,"turns":4},{"damage":51,"enemies":"infinitespire:MassOfShapes","floor":101,"turns":2}],"seed_played":"1525872422496746456","potions_obtained":[{"floor":2,"key":"SteroidPotion"},{"floor":3,"key":"SteroidPotion"},{"floor":8,"key":"Elixir"},{"floor":11,"key":"hermit:Tonic"},{"floor":16,"key":"Guardian:BlockOnCardUsePotion"},{"floor":20,"key":"Ancient Potion"},{"floor":25,"key":"Elixir"},{"floor":27,"key":"Death Potion"},{"floor":29,"key":"Block Potion"},{"floor":37,"key":"FearPotion"},{"floor":44,"key":"Reflective Coating"},{"floor":45,"key":"Venom Potion"},{"floor":50,"key":"CultistPotion"},{"floor":52,"key":"BlessingOfTheForge"},{"floor":63,"key":"Slimebound:ThreeZeroPotion"},{"floor":67,"key":"Guardian:BlockOnCardUsePotion"},{"floor":73,"key":"DuplicationPotion"},{"floor":75,"key":"hexamod:SoulburnPotion"},{"floor":79,"key":"FearPotion"},{"floor":84,"key":"PowerPotion"},{"floor":90,"key":"Weak Potion"},{"floor":91,"key":"EssenceOfSteel"},{"floor":92,"key":"champ:CounterPotion"},{"floor":95,"key":"Weak Potion"},{"floor":96,"key":"BlessingOfTheForge"},{"floor":97,"key":"ColorlessPotion"},{"floor":98,"key":"ColorlessPotion"},{"floor":99,"key":"Dexterity Potion"}],"is_trial":false,"path_per_floor":["M","M","M","M","M","R","E","M","T","R","M","?","E","?","R","B",null,"M","$","M","?","M","R","AVR","E","T","M","M","E","?","E","R_BF","B",null,"M","?","M","M","$","R","?","R","T","M","E","R","NM","T","R","B",null,"M","?","M","M","?","E","R","M","T","R","?","E","M","?","R_BF","B",null,"M","?","AVR","M","M","R","E","R","T","T","E","?","R","$","R","B",null,"M","?","T","?","M","E","M","R","T","M","M","E","M","M","R","B"],"character_chosen":"HERMIT","items_purchased":["reliquary:Buckler","Master of Strategy","Panache","Matryoshka","hermit:Brawl","Apotheosis","Membership Card","reliquary:QuartzCube","Incense Burner"],"campfire_rested":11,"item_purchase_floors":[19,19,39,39,39,82,82,82,82],"current_hp_per_floor":[81,81,81,75,68,68,54,51,51,51,51,51,50,50,50,5,82,82,82,72,72,56,56,56,38,38,38,38,33,82,82,82,26,82,82,82,80,80,80,80,80,82,82,60,53,77,44,44,68,30,82,82,82,66,58,42,23,47,47,47,71,71,55,54,54,54,18,82,66,66,66,46,46,70,54,78,78,78,62,67,87,87,87,60,87,79,64,64,64,55,65,55,85,85,69,69,52,47,21,51,0,0],"gold":760,"neow_bonus":"TEN_PERCENT_HP_BONUS","is_daily":false,"chose_seed":false,"campfire_upgraded":4,"win_rate":0.0,"timestamp":1612621397,"path_taken":["M","M","M","M","M","R","E","M","T","R","M","?","E","?","R","BOSS","M","$","M","?","M","R","AVR","E","T","M","M","E","?","E","R_BF","BOSS","M","?","M","?","$","R","?","R","T","M","E","R","NM","?","R","BOSS","M","?","M","M","?","E","R","M","T","R","?","E","?","?","R_BF","BOSS","M","?","AVR","?","M","R","E","R","T","?","E","?","R","?","R","BOSS","M","?","?","?","M","E","M","R","T","M","M","E","M","?","R","BOSS"],"items_purchased_type":["Relic","Card","Card","Relic","Card","Card","Relic","Relic","Relic"],"build_version":"2020-12-22","purchased_purges":3,"victory":false,"max_hp_per_floor":[82,82,82,82,82,82,82,82,82,82,82,82,82,82,82,82,82,82,82,82,82,82,82,82,82,82,82,82,82,82,82,82,82,82,82,82,82,82,82,82,82,82,82,82,82,82,82,82,82,82,82,82,82,82,82,82,82,82,82,82,82,82,82,82,82,82,82,82,82,82,82,82,82,82,82,82,82,82,82,87,87,87,87,87,87,87,87,87,87,87,101,101,101,101,101,101,101,101,101,101,101,101],"card_choices":[{"not_picked":["hermit:TrackingShot","hermit:Cheat"],"picked":"hermit:Deadeye","floor":1},{"not_picked":["hermit:Snipe","hermit:Manifest"],"picked":"hermit:CalledShot","floor":2},{"not_picked":["hermit:GhostlyPresence","hermit:HighCaliber"],"picked":"hermit:WideOpen","floor":3},{"not_picked":["hermit:Misfire","hermit:BodyArmor"],"picked":"hermit:Vantage","floor":4},{"not_picked":["hermit:PistolWhip","hermit:Showdown"],"picked":"hermit:Grudge","floor":5},{"not_picked":["hermit:Showdown","hermit:Purgatory"],"picked":"hermit:Maintenance","floor":7},{"not_picked":["hermit:HoleUp","hermit:Cheat"],"picked":"hermit:LuckOfTheDraw","floor":8},{"not_picked":["hermit:ItchyTrigger","hermit:Roulette"],"picked":"hermit:Vantage","floor":11},{"not_picked":["hermit:Glare","hermit:Reprieve"],"picked":"hermit:Cheat","floor":13},{"not_picked":["hermit:Magnum","hermit:EternalForm"],"picked":"hermit:FinalCanter","floor":16},{"not_picked":["hermit:Coalescence+1","hermit:Maintenance"],"picked":"hermit:BigShot+1","floor":18},{"not_picked":["hermit:Grudge","hermit:Feint"],"picked":"hermit:FlashPowder","floor":20},{"not_picked":["hermit:Vantage","hermit:HighCaliber"],"picked":"hermit:Showdown+1","floor":22},{"not_picked":["hermit:NoHoldsBarred+1","hermit:BodyArmor"],"picked":"hermit:HighNoon","floor":25},{"not_picked":["hermit:LowProfile","hermit:Quickdraw"],"picked":"hermit:Combo+1","floor":27},{"not_picked":["hermit:HoleUp","hermit:TakeCover+1"],"picked":"hermit:BodyArmor+1","floor":28},{"not_picked":["hermit:ItchyTrigger","hermit:HoleUp","hermit:Ricochet+1"],"picked":"SKIP","floor":29},{"not_picked":["hermit:Vantage","hermit:Midnight","hermit:Coalescence"],"picked":"SKIP","floor":31},{"not_picked":["hermit:FinalCanter","hermit:RoundhouseKick"],"picked":"hermit:Roughhouse","floor":33},{"not_picked":["hermit:ItchyTrigger+1","hermit:Misfire+1"],"picked":"hermit:Quickdraw+1","floor":35},{"not_picked":["hermit:GoldenBullet","hermit:Purgatory"],"picked":"hermit:BodyArmor+1","floor":36},{"not_picked":["hermit:TrackingShot+1","hermit:Ricochet+1"],"picked":"hermit:Glare+1","floor":37},{"not_picked":["hermit:Roulette","hermit:WideOpen+1","hermit:BodyArmor"],"picked":"SKIP","floor":38},{"not_picked":["hermit:Showdown+1","hermit:Vantage","hermit:Glare+1"],"picked":"SKIP","floor":44},{"not_picked":["hermit:EyeOfTheStorm","hermit:Malice","hermit:Dive+1"],"picked":"SKIP","floor":45},{"not_picked":["hermit:Maintenance+1","hermit:LowProfile"],"picked":"hermit:DeadMansHand","floor":47},{"not_picked":["hermit:FullyLoaded","hermit:Gestalt"],"picked":"hermit:TakeAim","floor":52},{"not_picked":["hermit:BodyArmor","hermit:Vantage"],"picked":"hermit:Virtue","floor":54},{"not_picked":["hermit:Shortfuse","hermit:SprayPray","hermit:BodyArmor"],"picked":"SKIP","floor":55},{"not_picked":["hermit:Dissolve","hermit:CalledShot"],"picked":"hermit:Coalescence","floor":57},{"not_picked":["hermit:Glare","hermit:EyeOfTheStorm"],"picked":"hermit:Determination","floor":59},{"not_picked":["hermit:SprayPray","hermit:CalledShot","hermit:CursedWeapon"],"picked":"SKIP","floor":63},{"not_picked":["hermit:Desperado","hermit:LoneWolf","hermit:Shortfuse"],"picked":"SKIP","floor":64},{"not_picked":["hermit:TakeAim","hermit:Quickdraw+1","hermit:Brawl"],"picked":"SKIP","floor":69},{"not_picked":["hermit:Shortfuse+1","hermit:CursedWeapon","hermit:SprayPray"],"picked":"SKIP","floor":72},{"not_picked":["hermit:Shortfuse","hermit:Vantage","hermit:Brawl"],"picked":"SKIP","floor":73},{"not_picked":["hermit:Headshot","hermit:Feint","hermit:Coalescence"],"picked":"SKIP","floor":75},{"not_picked":["hermit:Spite+1","hermit:GoldenBullet","hermit:Feint"],"picked":"SKIP","floor":79},{"not_picked":["hermit:RoundhouseKick","hermit:HighNoon"],"picked":"hermit:Reprieve","floor":84},{"not_picked":["hermit:Glare+1","hermit:Deadeye+1","hermit:Brawl"],"picked":"SKIP","floor":86},{"not_picked":["ReplayTheSpireMod:Private Reserves","Blind"],"picked":"Replay:Sssssssssshield","floor":87},{"not_picked":["ReplayTheSpireMod:Uncanny Aura","Deep Breath"],"picked":"Sadistic Nature","floor":87},{"not_picked":["Flash of Steel","Impatience"],"picked":"Replay:Sssssssssshield","floor":87},{"not_picked":["infinitespire:Collect","infinitespire:Starlight"],"picked":"infinitespire:TheBestDefense","floor":87},{"not_picked":["hermit:Vantage","hermit:BodyArmor+1","hermit:FullyLoaded"],"picked":"SKIP","floor":90},{"not_picked":["hermit:Brawl","hermit:CalledShot","hermit:Scavenge"],"picked":"SKIP","floor":91},{"not_picked":["hermit:Determination+1","hermit:ItchyTrigger+1","hermit:BigShot+1"],"picked":"SKIP","floor":92},{"not_picked":["hermit:Quickdraw","hermit:ItchyTrigger","hermit:Roulette+1"],"picked":"SKIP","floor":95},{"not_picked":["hermit:Shortfuse+1","hermit:Ricochet+1","hermit:Magnum"],"picked":"SKIP","floor":96},{"not_picked":["hermit:Purgatory","hermit:Horror","hermit:Determination+1"],"picked":"SKIP","floor":97},{"not_picked":["hermit:Dive","hermit:SprayPray","hermit:ItchyTrigger+1"],"picked":"SKIP","floor":98},{"not_picked":["hermit:Dive","hermit:SprayPray","hermit:ItchyTrigger+1"],"picked":"SKIP","floor":98},{"not_picked":["hermit:Headshot+1","hermit:Vantage+1"],"picked":"hermit:Dissolve","floor":99}],"player_experience":495936,"relics_obtained":[{"floor":7,"key":"Ancient Tea Set"},{"floor":9,"key":"reliquary:SharkskinSheath"},{"floor":13,"key":"hermit:RyeStalk"},{"floor":25,"key":"ReplayTheSpireMod:Shallot"},{"floor":26,"key":"reliquary:PartyBalloon"},{"floor":29,"key":"hubris:BundleOfHerbs"},{"floor":31,"key":"hermit:Horseshoe"},{"floor":36,"key":"ReplayTheSpireMod:Ninjato"},{"floor":41,"key":"Ring of Searing"},{"floor":41,"key":"Ring of Fury"},{"floor":43,"key":"Smiling Mask"},{"floor":45,"key":"War Paint"},{"floor":47,"key":"reliquary:SilkGlove"},{"floor":48,"key":"infinitespire:EmpoweringShard"},{"floor":48,"key":"reliquary:TatteredRug"},{"floor":57,"key":"Replay:Mystery Machine"},{"floor":60,"key":"reliquary:RosewoodLute"},{"floor":63,"key":"hubris:AstralHammer"},{"floor":75,"key":"Gremlin Horn"},{"floor":77,"key":"White Beast Statue"},{"floor":78,"key":"Tiny Chest"},{"floor":79,"key":"infinitespire:PuzzleCube"},{"floor":88,"key":"reliquary:ExpiredCoupon"},{"floor":91,"key":"Mango"},{"floor":94,"key":"Letter Opener"},{"floor":97,"key":"reliquary:RoseTintedGlasses"}],"event_choices":[{"damage_healed":0,"gold_gain":0,"player_choice":"Grow","damage_taken":0,"max_hp_gain":0,"max_hp_loss":0,"event_name":"Living Wall","floor":12,"gold_loss":0,"cards_upgraded":["hermit:CalledShot"]},{"damage_healed":0,"gold_gain":275,"player_choice":"Desecrate","damage_taken":0,"max_hp_gain":0,"max_hp_loss":0,"event_name":"Golden Shrine","floor":21,"gold_loss":0,"cards_obtained":["Regret"]},{"damage_healed":49,"gold_gain":0,"player_choice":"Full Heal","damage_taken":0,"max_hp_gain":0,"max_hp_loss":0,"event_name":"Wheel of Change","floor":30,"gold_loss":0},{"damage_healed":0,"gold_gain":0,"player_choice":"Inject Mutagens","damage_taken":0,"relics_obtained":["MutagenicStrength"],"max_hp_gain":0,"max_hp_loss":0,"event_name":"Drug Dealer","floor":32,"gold_loss":0},{"damage_healed":0,"gold_gain":175,"player_choice":"AGREE","damage_taken":0,"max_hp_gain":0,"max_hp_loss":0,"event_name":"Liars Game","floor":53,"gold_loss":0,"cards_obtained":["Doubt"]},{"damage_healed":0,"gold_gain":0,"player_choice":"Entered Light","damage_taken":16,"max_hp_gain":0,"max_hp_loss":0,"event_name":"Shining Light","floor":56,"gold_loss":0,"cards_upgraded":["hermit:Vantage","Master of Strategy"]},{"cards_removed":["Amnesia","Doubt","Amnesia","Pain","Hallucinations","ReplayTheSpireMod:Splinters"],"damage_healed":0,"gold_gain":0,"player_choice":"Removed Curses","damage_taken":0,"max_hp_gain":0,"max_hp_loss":0,"event_name":"Fountain of Cleansing","floor":62,"gold_loss":0},{"damage_healed":0,"gold_gain":275,"player_choice":"Desecrate","damage_taken":0,"max_hp_gain":0,"max_hp_loss":0,"event_name":"Golden Shrine","floor":65,"gold_loss":0,"cards_obtained":["Regret"]},{"damage_healed":0,"gold_gain":0,"player_choice":"0 cards matched","damage_taken":0,"max_hp_gain":0,"max_hp_loss":0,"event_name":"Match and Keep!","floor":70,"gold_loss":0,"cards_obtained":[]},{"damage_healed":0,"gold_gain":0,"player_choice":"Memory 3","damage_taken":10,"max_hp_gain":0,"max_hp_loss":0,"event_name":"SensoryStone","floor":87,"gold_loss":0},{"cards_removed":["hermit:Vantage"],"damage_healed":0,"gold_gain":0,"player_choice":"Give","damage_taken":0,"max_hp_gain":0,"max_hp_loss":0,"event_name":"betterNote:BetterNote","floor":89,"gold_loss":0,"cards_obtained":["Iron Wave"]}],"is_beta":false,"boss_relics":[{"not_picked":["reliquary:Ember","Ring of Chaos"],"picked":"hubris:ScarierMask"},{"not_picked":["SacredBark","hubris:HollowSoul"],"picked":"Fusion Hammer"},{"not_picked":["hubris:VirtuousBlindfold","Astrolabe"],"picked":"Replay:Grab Bag"},{"not_picked":["ChewingGum","Velvet Choker"],"picked":"Cursed Key"},{"not_picked":["hubris:RunicObelisk","hubris:CrackedHourglass"],"picked":"ReplayTheSpireMod:DimensionalGlitch"},{"not_picked":["Empty Cage","SlaversCollar"],"picked":"Kintsugi"},{"not_picked":["Astrolabe","Empty Cage"],"picked":"SlaversCollar"},{"not_picked":["Runesmith:UraniumAnvil","hubris:HollowSoul"],"picked":"hubris:BlackHole"}],"items_purged_floors":[24,71,82],"is_endless":true,"potions_floor_spawned":[2,3,8,11,16,20,25,27,29,37,44,45,50,52,63,67,73,75,79,84,86,90,91,92,95,96,97,98,99],"killed_by":"infinitespire:MassOfShapes","ascension_level":0}}