{"host":"uc9rcmnrswh1l0kc","time":1612642345,"event":{"mods":["2.2 Compatiblity","A Magickal Journey","Aspiration","BaseMod","Bestiary","Better Altar","Better Third Choice","BetterRewards","Block Reminder","Bossed Relics","Colorless Booster Pack","Conspire","Curses Come First","Custom Start","Defective Defect","Defuse TimeMaze Blight","Displayed Cursed Tome","Ekko","Energized Spire","Evolution","Fox Events","GifTheSpireLib","Good Game Mod","Infinite Spire","Ironclad Rager","Marked Mod","Minty Spire (QoL Compilation)","Poor People Problems","Prisma Mod","Rare Cards Sparkle","Red Circlet Mod","Relic Filter Mod","Relic Stats","Reliquary","Replay The Spire","Ryuuou??","SacredBarkPlus","Shop Mod","Smile Girya","Spicy Shops","StS++","StSLib","Stuff the Spire","The Blackbeard","The Bladedancer","The Blue Laboratory","The Cursed","The Death Knight","The Edgeheg","The Necromancer","Uncapped","Useless Jewels Mod","Wide Potions","everything is the same but u backflip on backflip"],"gold_per_floor":[115,39,51,51,226,256,37,37,84,96,96,208,26,166,166,261,261,277,24,43,43,43,43,163,182,209,209,209,345,345,380,380,496,496,535,535,559,559,591,745,775,901,927,927,927,927,927,927,968,1110,1110,1118],"floor_reached":53,"language":"ENG","playtime":2648,"items_purged":[],"score":1001,"play_id":"8f669564-e484-4565-a46f-eca07d9c1f7e","local_time":"20210206151225","is_ascension_mode":true,"campfire_choices":[{"data":"blademaster:DeadlyDance","floor":11,"key":"SMITH"},{"floor":15,"key":"REST"},{"data":"blademaster:Stability","floor":23,"key":"SMITH"},{"data":"Replay:Bag of Tricks","floor":30,"key":"SMITH"},{"data":"blademaster:Frontflip","floor":32,"key":"SMITH"},{"data":"StuffTheSpire:Ambrosia","floor":44,"key":"SMITH"},{"data":"StuffTheSpire:CelestialWarden","floor":46,"key":"SMITH"},{"data":"StuffTheSpire:ReptileScales","floor":51,"key":"SMITH"}],"circlet_count":0,"master_deck":["blademaster:Strike","blademaster:Strike","blademaster:Strike","blademaster:Strike","blademaster:Defend","blademaster:Defend","blademaster:Defend","blademaster:Defend","blademaster:RagingBlow+1","blademaster:HighVoltage","Feel No Pain","blademaster:RagingBlow+1","blademaster:DeadlyDance+1","blademaster:AspectOfLightning","Doubt","TheCursedMod:DoubleShield","blademaster:KiBarrier","blackbeard:Revenge","TheCursedMod:WearCloak","blademaster:DaggerAndCloak+1","Replay:Bag of Tricks+1","TheCursedMod:ShockAndAwe","ekkoTheBoyWhoShatteredTime:NeedlesslyLargeRod","blademaster:Stability+1","blademaster:Frontflip+1","blademaster:AspectOfWind","blackbeard:SmithingHammer+1","Survey Options+1","Hellfire+1","CurseOfTheBell","StuffTheSpire:CelestialWarden+1","Magicka:SnowballCard+1","StuffTheSpire:CelestialWarden","PrismaMod:ChloeCaladbolg+1","Writhe","StuffTheSpire:Ambrosia+1","blackbeard:GoldenRain+1","StuffTheSpire:ReptileScales+1","PrismaMod:IllyaUncommonEvoke+1","blademaster:AncestralHealing","Bandage Up","PrismaMod:ChloeExcalibur+1","Blood_for_Blood+1"],"relics":["blademaster:DancersAmulet","StuffTheSpire:OccultApparatus","REME:ComplimentaryCards","PrismaticShard","Pondfish Scales","StuffTheSpire:Saxophone","StuffTheSpire:TintedRock","Replay:Bottled Snecko","conspire:GlowingRock","StSpp:GiftCard","aspiration:RitualDagger","reliquary:Firecrackers","Pen Nib","reliquary:SharkskinSheath","energizedSpire:RedRose","Molten Egg 2","Orichalcum","DeathKnight:SindragosasSkull","Replay:Bandana","Calling Bell","White Beast Statue","Juzu Bracelet","Incense Burner","DollysMirror","Replay:Accelerometer","infinitespire:WardingShard","reliquary:RoseTintedGlasses","Gambling Chip"],"acts_visited":["Exordium","TheCity","TheBeyond"],"potions_floor_usage":[6,20,24,33,39,40,41,42,49],"damage_taken":[{"damage":3,"enemies":"conspire:RoseBush","floor":1,"turns":4},{"damage":3,"enemies":"2 Louse","floor":3,"turns":2},{"damage":34,"enemies":"Lagavulin","floor":6,"turns":10},{"damage":0,"enemies":"Small Slimes","floor":10,"turns":2},{"damage":20,"enemies":"3 Sentries","floor":12,"turns":6},{"damage":4,"enemies":"Gremlin Nob","floor":14,"turns":3},{"damage":14,"enemies":"The Guardian","floor":16,"turns":8},{"damage":30,"enemies":"2 Thieves","floor":18,"turns":3},{"damage":13,"enemies":"conspire:FuzzyDice","floor":20,"turns":4},{"damage":29,"enemies":"Gremlin Leader","floor":24,"turns":6},{"damage":14,"enemies":"Centurion and Healer","floor":25,"turns":3},{"damage":18,"enemies":"conspire:SneckoGhost","floor":29,"turns":4},{"damage":6,"enemies":"Snake Plant","floor":31,"turns":2},{"damage":19,"enemies":"conspire:MysteriousRune","floor":33,"turns":6},{"damage":23,"enemies":"3 Darklings","floor":35,"turns":5},{"damage":6,"enemies":"Orb Walker","floor":37,"turns":3},{"damage":41,"enemies":"4 Shapes","floor":39,"turns":4},{"damage":45,"enemies":"Reptomancer","floor":40,"turns":4},{"damage":10,"enemies":"Writhing Mass","floor":41,"turns":4},{"damage":27,"enemies":"Nightmare","floor":42,"turns":7},{"damage":9,"enemies":"Transient","floor":49,"turns":5},{"damage":13,"enemies":"Giant Head","floor":50,"turns":6},{"damage":52,"enemies":"Time Eater","floor":52,"turns":9}],"seed_played":"-7553279732077388605","potions_obtained":[{"floor":1,"key":"Block Potion"},{"floor":12,"key":"blueLaboratory:BubblePotion"},{"floor":16,"key":"AttackPotion"},{"floor":20,"key":"ColorlessPotion"},{"floor":25,"key":"DistilledChaos"},{"floor":31,"key":"blueLaboratory:FrostheartPotion"},{"floor":33,"key":"blueLaboratory:BottleOfVodka"},{"floor":35,"key":"blueLaboratory:RememoryPotion"},{"floor":37,"key":"Dexterity Potion"},{"floor":39,"key":"Fire Potion"},{"floor":40,"key":"SneckoOil"},{"floor":41,"key":"LiquidMemories"},{"floor":42,"key":"blueLaboratory:AbyssPotion"},{"floor":49,"key":"Elixir"},{"floor":50,"key":"GamblersBrew"}],"is_trial":false,"path_per_floor":["M","$","M","?","?","E","$","?","T","M","R","E","$","E","R","B",null,"M","$","M","?","AVR","R","E","M","T","?","T","E","R","M","R","B",null,"M","AVR","M","?","M","E","M","NM","T","R","?","R","PTL","PTL","M","E","R","B",null],"character_chosen":"THE_BLADEMASTER","items_purchased":["blademaster:DeadlyDance","StuffTheSpire:Saxophone","blademaster:KiBarrier","conspire:GlowingRock","blademaster:DaggerAndCloak+1","blademaster:Stability","blademaster:Frontflip","blademaster:AspectOfWind","reliquary:Firecrackers","Block Potion"],"campfire_rested":1,"item_purchase_floors":[2,7,7,13,13,19,19,19,19,19],"current_hp_per_floor":[72,72,69,69,69,35,35,35,35,35,35,15,15,11,33,19,75,45,45,32,32,32,32,3,75,75,75,75,74,74,75,75,74,75,66,66,70,75,47,37,44,49,49,49,49,49,49,49,81,83,83,85],"gold":1118,"neow_bonus":"UPGRADE_CARD","is_daily":false,"chose_seed":false,"campfire_upgraded":7,"win_rate":0.0,"timestamp":1612642345,"path_taken":["M","$","M","?","?","E","$","?","T","M","R","E","?","E","R","BOSS","M","$","M","?","AVR","R","E","?","T","?","?","E","R","M","R","BOSS","M","AVR","M","?","M","E","M","NM","T","R","?","R","PTL","PTL","M","E","R","BOSS"],"items_purchased_type":["Card","Relic","Card","Relic","Card","Card","Card","Card","Relic","Potion"],"build_version":"2020-12-22","purchased_purges":0,"victory":true,"max_hp_per_floor":[75,75,75,75,75,75,75,75,75,75,75,75,75,75,75,75,75,75,75,75,75,75,75,75,75,75,75,75,75,75,75,75,75,75,75,75,75,75,76,77,78,79,79,79,79,79,79,79,81,83,83,85],"relic_stats":{"counters":[23,110],"Gambling Chip":[1],"Pen Nib":[17],"Juzu Bracelet":1,"Orichalcum":[12],"obtain_stats":[{"Replay:Accelerometer":40,"reliquary:Firecrackers":19,"blademaster:BonusFuryPerk":40,"Juzu Bracelet":34,"Incense Burner":34,"EVO:Axolotl":0,"StSpp:GiftCard":14,"PrismaticShard":4,"StuffTheSpire:OccultApparatus":27,"conspire:GlowingRock":13,"Replay:Bandana":29,"DollysMirror":36,"Gambling Chip":50,"reliquary:RoseTintedGlasses":43,"blademaster:FinisherDrawCardPerk":42,"Replay:Bottled Snecko":12,"blademaster:DextrousPerk":24,"blademaster:BleedingLaceratePerk":14,"reliquary:SharkskinSheath":22,"StuffTheSpire:TintedRock":9,"energizedSpire:RedRose":22,"blademaster:StrongPerk":6,"blademaster:BonusComboPerk":12,"StuffTheSpire:Saxophone":7,"Pen Nib":21,"blademaster:RandomBladePerk":29,"Orichalcum":26,"White Beast Statue":34,"Calling Bell":34,"REME:ComplimentaryCards":0,"Pondfish Scales":6,"infinitespire:WardingShard":42,"Molten Egg 2":24,"blademaster:StanceHealPerk":50,"blademaster:DancersAmulet":0,"aspiration:RitualDagger":17,"DeathKnight:SindragosasSkull":28},{"Replay:Accelerometer":18,"reliquary:Firecrackers":8,"blademaster:BonusFuryPerk":18,"Juzu Bracelet":14,"Incense Burner":14,"EVO:Axolotl":0,"StSpp:GiftCard":6,"PrismaticShard":2,"StuffTheSpire:OccultApparatus":11,"conspire:GlowingRock":5,"Replay:Bandana":12,"DollysMirror":15,"Gambling Chip":22,"reliquary:RoseTintedGlasses":20,"blademaster:FinisherDrawCardPerk":20,"Replay:Bottled Snecko":5,"blademaster:DextrousPerk":10,"blademaster:BleedingLaceratePerk":6,"reliquary:SharkskinSheath":9,"StuffTheSpire:TintedRock":3,"energizedSpire:RedRose":9,"blademaster:StrongPerk":3,"blademaster:BonusComboPerk":5,"StuffTheSpire:Saxophone":3,"Pen Nib":9,"blademaster:RandomBladePerk":12,"Orichalcum":11,"White Beast Statue":14,"Calling Bell":14,"REME:ComplimentaryCards":0,"Pondfish Scales":3,"infinitespire:WardingShard":20,"Molten Egg 2":10,"blademaster:StanceHealPerk":22,"blademaster:DancersAmulet":0,"aspiration:RitualDagger":7,"DeathKnight:SindragosasSkull":11},{"Replay:Accelerometer":79,"reliquary:Firecrackers":38,"blademaster:BonusFuryPerk":79,"Juzu Bracelet":63,"Incense Burner":63,"EVO:Axolotl":0,"StSpp:GiftCard":27,"PrismaticShard":6,"StuffTheSpire:OccultApparatus":51,"conspire:GlowingRock":24,"Replay:Bandana":55,"DollysMirror":68,"Gambling Chip":101,"reliquary:RoseTintedGlasses":90,"blademaster:FinisherDrawCardPerk":90,"Replay:Bottled Snecko":24,"blademaster:DextrousPerk":48,"blademaster:BleedingLaceratePerk":27,"reliquary:SharkskinSheath":42,"StuffTheSpire:TintedRock":16,"energizedSpire:RedRose":42,"blademaster:StrongPerk":16,"blademaster:BonusComboPerk":24,"StuffTheSpire:Saxophone":16,"Pen Nib":42,"blademaster:RandomBladePerk":55,"Orichalcum":51,"White Beast Statue":63,"Calling Bell":63,"REME:ComplimentaryCards":0,"Pondfish Scales":16,"infinitespire:WardingShard":90,"Molten Egg 2":48,"blademaster:StanceHealPerk":101,"blademaster:DancersAmulet":0,"aspiration:RitualDagger":35,"DeathKnight:SindragosasSkull":51}]},"card_choices":[{"not_picked":["blademaster:Safeguard","blademaster:WindSlash"],"picked":"blademaster:RagingBlow","floor":1},{"not_picked":["blademaster:Hailwind","blademaster:Discharge"],"picked":"blademaster:AspectOfLightning","floor":3},{"not_picked":["PrismaMod:MiyuCheapChannelVul","blademaster:DragonStrike"],"picked":"TheCursedMod:DoubleShield","floor":6},{"not_picked":["DeathKnight:RaiseAlly","blackbeard:Intoxication"],"picked":"blackbeard:Revenge","floor":10},{"not_picked":["Shackles_Of_Pain","Havoc"],"picked":"TheCursedMod:WearCloak","floor":12},{"not_picked":["ekkoTheBoyWhoShatteredTime:NashorsTooth","StSpp:Vengeance"],"picked":"Replay:Bag of Tricks","floor":14},{"not_picked":["Bullet Time","blackbeard:Murder"],"picked":"TheCursedMod:ShockAndAwe","floor":16},{"not_picked":["blackbeard:ArmorUp","Skewer"],"picked":"ekkoTheBoyWhoShatteredTime:NeedlesslyLargeRod","floor":18},{"not_picked":["blackbeard:Upgrade","DeathKnight:MindFreeze"],"picked":"blackbeard:SmithingHammer+1","floor":20},{"not_picked":["StSpp:SpareBlade","PrismaMod:MiyuCheapChannelHeal","ekkoTheBoyWhoShatteredTime:FeelIt+1"],"picked":"SKIP","floor":24},{"not_picked":["StuffTheSpire:Slingshot+1","Panic Button+1","Leap"],"picked":"SKIP","floor":25},{"not_picked":["theEdgeheg:BloodyNodachi+1","theEdgeheg:PlayRandomCard"],"picked":"Survey Options+1","floor":29},{"not_picked":["blademaster:Rupture","Cleave+1","Vampiric_Strike+1"],"picked":"SKIP","floor":31},{"not_picked":["Vault","blademaster:UnrelentingWind"],"picked":"Hellfire+1","floor":33},{"not_picked":["MarkedMod:FirstStrike+1","Sucker Punch+1"],"picked":"Magicka:SnowballCard+1","floor":35},{"not_picked":["ekkoTheBoyWhoShatteredTime:NeedlesslyLargeRod","ekkoTheBoyWhoShatteredTime:NaggingBlow+1"],"picked":"PrismaMod:ChloeCaladbolg+1","floor":37},{"not_picked":["blademaster:DaggerAndCloak","TheCursedMod:Mangle+1"],"picked":"blackbeard:GoldenRain+1","floor":39},{"not_picked":["PrismaMod:MiyuCheapAttack2+1","blademaster:SharpBlades"],"picked":"StuffTheSpire:ReptileScales","floor":40},{"not_picked":["PrismaMod:IllyaRussianRoulette","StSpp:CounterStrike"],"picked":"PrismaMod:IllyaUncommonEvoke+1","floor":41},{"not_picked":["theEdgeheg:Shotgun+1","theEdgeheg:TimmyBackflip"],"picked":"blademaster:AncestralHealing","floor":42},{"not_picked":["StSpp:MakeshiftWeapon+1","StuffTheSpire:PlasmaPulse"],"picked":"Bandage Up","floor":45},{"not_picked":["blademaster:Sunder+1","Magicka:ShieldBoost"],"picked":"PrismaMod:ChloeExcalibur+1","floor":49},{"not_picked":["DeathKnight:UnholyPresence","ekkoTheBoyWhoShatteredTime:IceBreak+1"],"picked":"Blood_for_Blood+1","floor":50}],"player_experience":477028,"relics_obtained":[{"floor":6,"key":"Pondfish Scales"},{"floor":6,"key":"blademaster:StrongPerk"},{"floor":9,"key":"StuffTheSpire:TintedRock"},{"floor":12,"key":"Replay:Bottled Snecko"},{"floor":12,"key":"blademaster:BonusComboPerk"},{"floor":14,"key":"StSpp:GiftCard"},{"floor":14,"key":"blademaster:BleedingLaceratePerk"},{"floor":24,"key":"Molten Egg 2"},{"floor":24,"key":"blademaster:DextrousPerk"},{"floor":26,"key":"Orichalcum"},{"floor":28,"key":"DeathKnight:SindragosasSkull"},{"floor":29,"key":"Replay:Bandana"},{"floor":29,"key":"blademaster:RandomBladePerk"},{"floor":34,"key":"White Beast Statue"},{"floor":34,"key":"Juzu Bracelet"},{"floor":34,"key":"Incense Burner"},{"floor":40,"key":"Replay:Accelerometer"},{"floor":40,"key":"blademaster:BonusFuryPerk"},{"floor":42,"key":"infinitespire:WardingShard"},{"floor":42,"key":"blademaster:FinisherDrawCardPerk"},{"floor":43,"key":"reliquary:RoseTintedGlasses"},{"floor":50,"key":"Gambling Chip"},{"floor":50,"key":"blademaster:StanceHealPerk"}],"event_choices":[{"damage_healed":0,"gold_gain":175,"player_choice":"AGREE","damage_taken":51,"max_hp_gain":0,"max_hp_loss":0,"event_name":"betterThird:BetterSerpent","floor":5,"gold_loss":0},{"damage_healed":0,"gold_gain":0,"player_choice":"Gave Potion","damage_taken":0,"relics_obtained":["Pen Nib"],"max_hp_gain":0,"max_hp_loss":0,"event_name":"WeMeetAgain","floor":21,"gold_loss":0},{"damage_healed":19,"gold_gain":0,"player_choice":"Writhe","damage_taken":0,"max_hp_gain":0,"max_hp_loss":0,"event_name":"Winding Halls","floor":38,"gold_loss":0,"cards_obtained":["Writhe"]},{"damage_healed":0,"gold_gain":0,"player_choice":"Memory 1","damage_taken":0,"max_hp_gain":0,"max_hp_loss":0,"event_name":"SensoryStone","floor":45,"gold_loss":0}],"is_beta":false,"boss_relics":[{"not_picked":["conspire:SpecialSausage","Fusion Hammer"],"picked":"aspiration:RitualDagger"},{"not_picked":["Astrolabe","aspiration:SilentSkillbook"],"picked":"Calling Bell"}],"items_purged_floors":[],"is_endless":true,"potions_floor_spawned":[1,12,16,20,25,31,33,35,37,39,40,41,42,49,50],"ascension_level":2}}