{"host":"vyjryxuuuxkt43k4","time":1612570858,"event":{"mods":["AchievementEnabler","BaseMod","Colored Map","DeckTracker","Highlight Path","Keyboard Shortcuts","Minty Spire (QoL Compilation)","Permanent Neow","Quick Restart","Relic Stats","StSLib","SuperFastMode","everything is the same but u backflip on backflip"],"gold_per_floor":[112,112,129,54,73,73,91,126,126,126,142,174,174,192,192,192,192],"floor_reached":16,"language":"KOR","playtime":609,"items_purged":["Strike_P"],"score":253,"play_id":"543d6881-7a51-4c78-bd0c-ba118675a004","local_time":"20210206092058","is_ascension_mode":true,"campfire_choices":[{"data":"Eruption","floor":6,"key":"SMITH"},{"data":"Worship","floor":10,"key":"SMITH"},{"data":"TalkToTheHand","floor":13,"key":"SMITH"},{"data":"CutThroughFate","floor":15,"key":"SMITH"}],"circlet_count":0,"master_deck":["AscendersBane","Strike_P","Strike_P","Strike_P","Defend_P","Defend_P","Defend_P","Defend_P","Eruption+1","Vigilance","Worship+1","EmptyFist","TalkToTheHand+1","FearNoEvil","Swivel","CutThroughFate+1","Prostrate"],"relics":["SacredBark","Akabeko","Blue Candle","Art of War","Strawberry"],"acts_visited":["Exordium"],"potions_floor_usage":[7,8,14,16],"damage_taken":[{"damage":2,"enemies":"Small Slimes","floor":1,"turns":4},{"damage":1,"enemies":"2 Louse","floor":3,"turns":2},{"damage":2,"enemies":"Jaw Worm","floor":5,"turns":3},{"damage":0,"enemies":"3 Louse","floor":7,"turns":1},{"damage":0,"enemies":"Lagavulin","floor":8,"turns":4},{"damage":16,"enemies":"Exordium Wildlife","floor":11,"turns":5},{"damage":10,"enemies":"Gremlin Nob","floor":12,"turns":3},{"damage":0,"enemies":"Exordium Thugs","floor":14,"turns":3},{"damage":33,"enemies":"Hexaghost","floor":16,"turns":11}],"seed_played":"-928637416073466866","potions_obtained":[{"floor":1,"key":"Explosive Potion"},{"floor":5,"key":"Strength Potion"},{"floor":8,"key":"Dexterity Potion"},{"floor":14,"key":"SkillPotion"}],"is_trial":false,"path_per_floor":["M","?","M","$","M","R","M","E","T","R","M","E","R","M","R","B"],"character_chosen":"WATCHER","items_purchased":[],"campfire_rested":0,"item_purchase_floors":[],"current_hp_per_floor":[59,54,53,53,51,51,51,51,51,51,35,32,32,32,32,0,0],"gold":192,"neow_bonus":"BOSS_RELIC","is_daily":false,"chose_seed":false,"campfire_upgraded":4,"win_rate":0.0,"timestamp":1612570858,"path_taken":["M","?","M","$","M","R","M","E","T","R","M","E","R","M","R","BOSS"],"items_purchased_type":[],"build_version":"2020-12-22","purchased_purges":1,"victory":false,"max_hp_per_floor":[68,68,68,68,68,68,68,68,68,68,68,75,75,75,75,75,75],"relic_stats":{"counters":[9,36],"Blue Candle":[0],"Art of War":[4],"obtain_stats":[{"SacredBark":0,"Blue Candle":8,"Strawberry":12,"Art of War":9,"PureWater":0,"Akabeko":2},{"SacredBark":0,"Blue Candle":5,"Strawberry":7,"Art of War":5,"PureWater":0,"Akabeko":1},{"SacredBark":0,"Blue Candle":14,"Strawberry":22,"Art of War":14,"PureWater":0,"Akabeko":4}]},"card_choices":[{"not_picked":["Fasting2","SignatureMove"],"picked":"Worship","floor":1},{"not_picked":["PathToVictory","ClearTheMind"],"picked":"EmptyFist","floor":3},{"not_picked":["FlyingSleeves","EmptyFist"],"picked":"TalkToTheHand","floor":5},{"not_picked":["Fasting2","Worship","FearNoEvil"],"picked":"SKIP","floor":7},{"not_picked":["Fasting2","Worship"],"picked":"FearNoEvil","floor":7},{"not_picked":["FlyingSleeves","BattleHymn"],"picked":"Swivel","floor":8},{"not_picked":["Halt","WindmillStrike"],"picked":"CutThroughFate","floor":11},{"not_picked":["EmptyMind","BowlingBash","Consecrate"],"picked":"SKIP","floor":12},{"not_picked":["FollowUp","FearNoEvil"],"picked":"Prostrate","floor":14}],"player_experience":770983,"relics_obtained":[{"floor":8,"key":"Blue Candle"},{"floor":9,"key":"Art of War"},{"floor":12,"key":"Strawberry"}],"event_choices":[{"damage_healed":0,"gold_gain":0,"player_choice":"Success","damage_taken":5,"relics_obtained":["Akabeko"],"max_hp_gain":0,"max_hp_loss":0,"event_name":"Scrap Ooze","floor":2,"gold_loss":0}],"is_beta":false,"boss_relics":[],"items_purged_floors":[4],"is_endless":false,"potions_floor_spawned":[1,5,8,14],"killed_by":"Hexaghost","ascension_level":17}}