{"host":"d4km6p8r92tm3vpl","time":1612648636,"event":{"mods":["AchievementEnabler","BaseMod","Colored Map","Colored Powertips","DeckTracker","Minty Spire (QoL Compilation)","Relic Stats","StSLib"],"gold_per_floor":[113,124,141,16,16,16,26,26,101,114,143,143,157,219,219,293,293,282,146,156,231,251,251,251,251],"floor_reached":24,"language":"ENG","playtime":850,"items_purged":["Strike_G","Strike_G"],"score":337,"play_id":"b3d4b2ba-c9a5-4de7-b202-be008f5e7ee0","local_time":"20210206165716","is_ascension_mode":true,"campfire_choices":[{"data":"Neutralize","floor":6,"key":"SMITH"},{"floor":8,"key":"REST"},{"floor":12,"key":"REST"},{"data":"Bouncing Flask","floor":15,"key":"SMITH"},{"floor":23,"key":"REST"}],"circlet_count":0,"master_deck":["AscendersBane","Strike_G","Strike_G","Defend_G","Defend_G","Defend_G","Defend_G","Defend_G","Survivor","Neutralize+1","Deadly Poison","Dagger Throw","Quick Slash","Terror","Bouncing Flask+1","Blade Dance","Predator+1","Poisoned Stab+1","Burst","CurseOfTheBell","Flechettes+1","Deflect","Well Laid Plans"],"relics":["Ring of the Snake","Molten Egg 2","Smiling Mask","Regal Pillow","Calling Bell","Anchor","Gremlin Horn","TungstenRod"],"acts_visited":["Exordium","TheCity"],"potions_floor_usage":[11,14,22],"damage_taken":[{"damage":3,"enemies":"2 Louse","floor":1,"turns":4},{"damage":5,"enemies":"Cultist","floor":2,"turns":4},{"damage":1,"enemies":"Small Slimes","floor":3,"turns":3},{"damage":23,"enemies":"Exordium Thugs","floor":7,"turns":8},{"damage":3,"enemies":"Looter","floor":10,"turns":3},{"damage":19,"enemies":"Gremlin Nob","floor":11,"turns":4},{"damage":4,"enemies":"Red Slaver","floor":13,"turns":4},{"damage":13,"enemies":"Gremlin Nob","floor":14,"turns":3},{"damage":21,"enemies":"Hexaghost","floor":16,"turns":7},{"damage":8,"enemies":"2 Thieves","floor":18,"turns":4},{"damage":0,"enemies":"Chosen","floor":20,"turns":3},{"damage":41,"enemies":"Shelled Parasite and Fungi","floor":22,"turns":7},{"damage":33,"enemies":"Slavers","floor":24,"turns":3}],"seed_played":"8988023911127148547","potions_obtained":[{"floor":2,"key":"FearPotion"},{"floor":11,"key":"Poison Potion"},{"floor":16,"key":"DuplicationPotion"}],"is_trial":false,"path_per_floor":["M","M","M","$","?","R","M","R","T","M","E","R","M","?","R","B",null,"M","$","M","?","M","R","E"],"character_chosen":"THE_SILENT","items_purchased":["Poison Potion","Deflect","Well Laid Plans"],"campfire_rested":3,"item_purchase_floors":[4,19,19],"current_hp_per_floor":[62,57,56,56,56,56,33,54,54,51,32,53,49,36,36,15,58,50,50,50,44,3,39,6,6],"gold":251,"neow_bonus":"TEN_PERCENT_HP_BONUS","is_daily":false,"chose_seed":false,"campfire_upgraded":2,"win_rate":0.0,"timestamp":1612648636,"path_taken":["M","M","M","$","?","R","M","R","T","M","E","R","M","?","R","BOSS","M","$","M","?","M","R","E"],"items_purchased_type":["Potion","Card","Card"],"build_version":"2020-12-22","purchased_purges":2,"victory":false,"max_hp_per_floor":[72,72,72,72,72,72,72,72,72,72,72,72,72,72,72,72,72,72,72,72,72,72,72,72,72],"relic_stats":{"Regal Pillow":15,"Gremlin Horn":[2,2],"counters":[13,57],"Smiling Mask":50,"obtain_stats":[{"Calling Bell":17,"Regal Pillow":14,"Anchor":17,"Gremlin Horn":17,"Molten Egg 2":9,"Smiling Mask":11,"TungstenRod":17,"Ring of the Snake":0},{"Calling Bell":9,"Regal Pillow":7,"Anchor":9,"Gremlin Horn":9,"Molten Egg 2":4,"Smiling Mask":6,"TungstenRod":9,"Ring of the Snake":0},{"Calling Bell":40,"Regal Pillow":30,"Anchor":40,"Gremlin Horn":40,"Molten Egg 2":19,"Smiling Mask":26,"TungstenRod":40,"Ring of the Snake":0}],"TungstenRod":13,"Ring of the Snake":[26]},"card_choices":[{"not_picked":["Slice","Skewer"],"picked":"Deadly Poison","floor":1},{"not_picked":["All Out Attack","Dodge and Roll"],"picked":"Dagger Throw","floor":2},{"not_picked":["Calculated Gamble","Deadly Poison"],"picked":"Quick Slash","floor":3},{"not_picked":["Sucker Punch","Underhanded Strike"],"picked":"Bouncing Flask","floor":7},{"not_picked":["Outmaneuver","Deadly Poison"],"picked":"Blade Dance","floor":10},{"not_picked":["Blade Dance","Underhanded Strike+1"],"picked":"Predator+1","floor":11},{"not_picked":["Dodge and Roll","Outmaneuver"],"picked":"Poisoned Stab+1","floor":13},{"not_picked":["Tools of the Trade","After Image"],"picked":"Burst","floor":16},{"not_picked":["Quick Slash+1","Infinite Blades"],"picked":"Flechettes+1","floor":18},{"not_picked":["Distraction","Riddle With Holes+1","Deadly Poison"],"picked":"SKIP","floor":20},{"not_picked":["Backflip","Quick Slash+1","Terror"],"picked":"SKIP","floor":22}],"player_experience":845661,"relics_obtained":[{"floor":9,"key":"Molten Egg 2"},{"floor":11,"key":"Smiling Mask"},{"floor":17,"key":"Anchor"},{"floor":17,"key":"Gremlin Horn"},{"floor":17,"key":"TungstenRod"}],"event_choices":[{"damage_healed":0,"gold_gain":0,"cards_transformed":["Strike_G"],"player_choice":"Change","damage_taken":0,"max_hp_gain":0,"max_hp_loss":0,"event_name":"Living Wall","floor":5,"gold_loss":0,"cards_obtained":["Terror"]},{"damage_healed":0,"gold_gain":0,"player_choice":"Searched \u00272\u0027 times","damage_taken":0,"relics_obtained":["Regal Pillow"],"max_hp_gain":0,"max_hp_loss":0,"event_name":"Dead Adventurer","floor":14,"gold_loss":0},{"damage_healed":0,"gold_gain":75,"player_choice":"Touch","damage_taken":7,"max_hp_gain":0,"max_hp_loss":0,"event_name":"FaceTrader","floor":21,"gold_loss":0}],"is_beta":false,"boss_relics":[{"not_picked":["Black Star","SacredBark"],"picked":"Calling Bell"}],"items_purged_floors":[4,19],"is_endless":false,"potions_floor_spawned":[2,7,10,11,16],"killed_by":"Slavers","ascension_level":14}}