{"host":"1ooxfz79hmpvpehx","time":1612581549,"event":{"mods":["BaseMod","Minty Spire (QoL Compilation)","Quick Restart","Replay The Spire","StSLib","SuperFastMode"],"gold_per_floor":[116,41,41,41,59,97,97,133,159,59,79,103,119,119,119,119,119],"floor_reached":16,"language":"ENG","playtime":312,"items_purged":["ReplayTheSpireMod:Restless Dread","Strike_B"],"score":116,"play_id":"d2d75fcf-f492-4672-a18e-1a7b7b66f812","local_time":"20210206001909","is_ascension_mode":true,"campfire_choices":[{"data":"White Noise","floor":7,"key":"SMITH"},{"floor":15,"key":"REST"}],"circlet_count":0,"master_deck":["Strike_B","Strike_B","Strike_B","Defend_B","Defend_B","Zap","Dualcast","Genetic Algorithm+1","White Noise+1"],"relics":["Cracked Core","Golden Idol","Pet Ghost","Replay:Kaleidoscope"],"acts_visited":["Exordium"],"potions_floor_usage":[6,8,16],"damage_taken":[{"damage":9,"enemies":"Small Slimes","floor":1,"turns":3},{"damage":10,"enemies":"2 Louse","floor":5,"turns":2},{"damage":14,"enemies":"Lagavulin","floor":6,"turns":6},{"damage":20,"enemies":"3 Sentries","floor":8,"turns":6},{"damage":1,"enemies":"Cultist","floor":11,"turns":4},{"damage":0,"enemies":"2 Fungi Beasts","floor":12,"turns":3},{"damage":0,"enemies":"Exordium Wildlife","floor":13,"turns":4},{"damage":25,"enemies":"Slime Boss","floor":16,"turns":3}],"seed_played":"-5160470794769713822","potions_obtained":[{"floor":1,"key":"EssenceOfSteel"},{"floor":5,"key":"Explosive Potion"},{"floor":6,"key":"Swift Potion"}],"is_trial":false,"path_per_floor":["M","$","?","?","M","E","R","E","T","$","M","M","M","?","R","B"],"character_chosen":"DEFECT","items_purchased":[],"campfire_rested":1,"item_purchase_floors":[],"current_hp_per_floor":[66,66,48,48,38,24,24,4,4,4,3,3,3,3,25,0,0],"gold":119,"neow_bonus":"TRANSFORM_TWO_CARDS","is_daily":false,"chose_seed":false,"campfire_upgraded":1,"win_rate":0.0,"timestamp":1612581549,"path_taken":["M","$","?","?","M","E","R","E","T","$","M","M","?","?","R","BOSS"],"items_purchased_type":[],"build_version":"2020-12-22","purchased_purges":2,"victory":false,"max_hp_per_floor":[75,75,75,75,75,75,75,75,75,75,75,75,75,75,75,75,75],"card_choices":[{"not_picked":["Double Energy","Panic Button","Skim"],"picked":"SKIP","floor":1},{"not_picked":["ReplayTheSpireMod:GoodbyeWorld","Leap","Heatsinks"],"picked":"SKIP","floor":5},{"not_picked":["Hologram","Redo","Coolheaded"],"picked":"SKIP","floor":6},{"not_picked":["Recycle","Ball Lightning","Cold Snap"],"picked":"SKIP","floor":8},{"not_picked":["Beam Cell","Barrage","Glacier"],"picked":"SKIP","floor":11},{"not_picked":["BasicCrystalCard","Streamline","Coolheaded"],"picked":"SKIP","floor":12},{"not_picked":["BasicCrystalCard","Panic Button","Multi-Cast"],"picked":"SKIP","floor":13}],"player_experience":14984,"relics_obtained":[{"floor":6,"key":"Pet Ghost"},{"floor":8,"key":"Replay:Kaleidoscope"}],"event_choices":[{"damage_healed":0,"gold_gain":0,"player_choice":"Take Damage","damage_taken":18,"relics_obtained":["Golden Idol"],"max_hp_gain":0,"max_hp_loss":0,"event_name":"Golden Idol","floor":3,"gold_loss":0},{"damage_healed":0,"gold_gain":0,"player_choice":"Upgraded","damage_taken":0,"max_hp_gain":0,"max_hp_loss":0,"event_name":"Upgrade Shrine","floor":4,"gold_loss":0,"cards_upgraded":["Genetic Algorithm"]},{"damage_healed":0,"gold_gain":0,"player_choice":"Fled","damage_taken":0,"max_hp_gain":0,"max_hp_loss":0,"event_name":"Scrap Ooze","floor":14,"gold_loss":0}],"is_beta":false,"boss_relics":[],"items_purged_floors":[2,10],"is_endless":false,"potions_floor_spawned":[1,5,6],"killed_by":"Slime Boss","ascension_level":1}}