{"host":"c95txy58ipbu969e","time":1612588760,"event":{"mods":["Act Like it!","BaseMod","Downfall","Minty Spire (QoL Compilation)","Quick Restart","StSLib"],"gold_per_floor":[99,117,129,143,153,163,213,144,144,175,192,192,192,192],"floor_reached":12,"language":"ZHS","playtime":704,"items_purged":[],"score":98,"play_id":"91ff0083-40f9-4a66-a1c6-b0717867713f","local_time":"20210206131920","is_ascension_mode":true,"campfire_choices":[{"data":"champ:Taunt","floor":1.0,"key":"SMITH"}],"circlet_count":0,"master_deck":["champ:Strike","champ:Strike","champ:Strike","champ:Strike","champ:Defend","champ:Defend","champ:Defend","champ:Defend","champ:Execute","champ:Taunt+1","Clumsy","champ:LastStand","champ:AdrenalArmor","champ:FancyFootwork","champ:BerserkersShout","champ:EndlessRage","champ:PreciseThrust","champ:AdrenalArmor","champ:Lariat"],"relics":["champ:ChampionCrown","downfall:BrokenWingStatue","Eternal Feather"],"acts_visited":[],"potions_floor_usage":[12,12],"damage_taken":[{"damage":35.0,"enemies":"Small Slimes","floor":2.0,"turns":5.0},{"damage":20.0,"enemies":"Cultist","floor":3.0,"turns":3.0},{"damage":12.0,"enemies":"2 Louse","floor":4.0,"turns":3.0},{"damage":33.0,"enemies":"Red Slaver","floor":5.0,"turns":5.0},{"damage":50.0,"enemies":"Large Slime","floor":6.0,"turns":7.0},{"damage":25.0,"enemies":"downfall:FleeingMerchant","floor":8.0,"turns":4.0},{"damage":76.0,"enemies":"Gremlin Nob","floor":10.0,"turns":5.0},{"damage":18.0,"enemies":"3 Louse","floor":11.0,"turns":3.0},{"damage":23,"enemies":"3 Sentries","floor":12,"turns":2}],"seed_played":"-3760902407477287878","potions_obtained":[{"floor":3.0,"key":"Regen Potion"},{"floor":6.0,"key":"BlessingOfTheForge"},{"floor":10.0,"key":"Weak Potion"}],"is_trial":false,"path_per_floor":["R","M","M","M","M","M","T","$","?","E","M","E"],"character_chosen":"THE_CHAMP","items_purchased":["champ:AdrenalArmor"],"campfire_rested":0,"item_purchase_floors":[8],"current_hp_per_floor":[90,75,75,73,60,60,60,55,55,19,9,0,0,0],"gold":192,"neow_bonus":"THREE_RARE_CARDS","is_daily":false,"chose_seed":false,"campfire_upgraded":1,"win_rate":0.0,"timestamp":1612588760,"path_taken":["R","M","M","M","M","M","T","$","?","E","M","E"],"items_purchased_type":["Card"],"build_version":"2020-12-22","purchased_purges":0,"victory":false,"max_hp_per_floor":[90,90,90,90,90,90,90,90,90,90,90,90,90,90],"card_choices":[{"not_picked":["champ:EnchantCrown","champ:EnchantShield"],"picked":"champ:LastStand","floor":0.0},{"not_picked":["champ:Circumvent","champ:BerserkersShout"],"picked":"champ:AdrenalArmor","floor":2.0},{"not_picked":["champ:TornadoPunch","champ:Shatter"],"picked":"champ:FancyFootwork","floor":3.0},{"not_picked":["champ:Duel","champ:SetATrap","champ:BerserkersShout"],"picked":"SKIP","floor":4.0},{"not_picked":["champ:Duel","champ:SetATrap"],"picked":"champ:BerserkersShout","floor":4.0},{"not_picked":["champ:ShieldSigil","champ:ArenaPreparation"],"picked":"champ:EndlessRage","floor":5.0},{"not_picked":["champ:GutPunch","champ:DefensiveShout"],"picked":"champ:PreciseThrust","floor":6.0},{"not_picked":["champ:ShieldSlam","champ:SetATrap","champ:FlashCut"],"picked":"SKIP","floor":8.0},{"not_picked":["champ:RageSigil","champ:BerserkersShout","champ:ShieldWall"],"picked":"SKIP","floor":10.0},{"not_picked":["champ:FlashCut","champ:PreemptiveStrike"],"picked":"champ:Lariat","floor":11.0}],"player_experience":553456,"relics_obtained":[{"floor":10.0,"key":"Eternal Feather"}],"event_choices":[],"is_beta":false,"boss_relics":[],"items_purged_floors":[],"is_endless":false,"potions_floor_spawned":[3,6,10,11],"killed_by":"3 Sentries","ascension_level":4}}