{"host":"5icjlaq41ghjcr7h","time":1612611942,"event":{"mods":["AchievementEnabler","BaseMod","Colored Map","Minty Spire (QoL Compilation)","SuperFastMode","everything is the same but u backflip on backflip"],"gold_per_floor":[109,126,143,159,183,183,80,80,80,80,80,115,129,129,129,229,229,247,247,247,247,41,41,71,71,71,71,83,111,127,143,143,240,240,251,264,18,31,41,74,74,105,173,183,183,195,195,206,206,206,206,206,50,80,80],"floor_reached":56,"language":"KOR","playtime":4881,"items_purged":["Strike_B","Defend_B"],"score":1446,"play_id":"43b4d025-6793-43d0-aef8-e3ad2c22f6f0","local_time":"20210206204542","is_ascension_mode":true,"campfire_choices":[{"data":"Defragment","floor":6.0,"key":"SMITH"},{"data":"Zap","floor":8.0,"key":"SMITH"},{"data":"Turbo","floor":10.0,"key":"SMITH"},{"data":"Blizzard","floor":15.0,"key":"SMITH"},{"data":"Capacitor","floor":23.0,"key":"SMITH"},{"floor":25.0,"key":"REST"},{"data":"Blizzard","floor":27.0,"key":"SMITH"},{"data":"Echo Form","floor":32.0,"key":"SMITH"},{"floor":41.0,"key":"REST"},{"floor":45.0,"key":"RECALL"},{"data":"Defragment","floor":49.0,"key":"SMITH"},{"data":"Hologram","floor":52.0,"key":"SMITH"}],"circlet_count":0,"master_deck":["Defend_B","Defend_B","Zap+1","Dualcast","Defragment+1","Reinforced Body","Undo","Self Repair","Turbo+1","Amplify","Blizzard+1","Reboot","Blizzard+1","Reinforced Body","Seek","Capacitor+1","Hologram+1","Turbo","Glacier","Conserve Battery","Stack","Echo Form+1","Biased Cognition","Redo+1","Defragment+1","Chill","White Noise+1","Skim+1","Coolheaded","Glacier","Seek","Defragment"],"relics":["FrozenCore","NeowsBlessing","Regal Pillow","Nunchaku","Art of War","Blue Candle","Tiny Chest","Nuclear Battery","ClockworkSouvenir","Shuriken","Torii","White Beast Statue","Bronze Scales"],"acts_visited":["TheEnding"],"potions_floor_usage":[54,55,55,55],"damage_taken":[{"damage":0.0,"enemies":"Cultist","floor":1.0,"turns":1.0},{"damage":0.0,"enemies":"Jaw Worm","floor":2.0,"turns":1.0},{"damage":0.0,"enemies":"Small Slimes","floor":3.0,"turns":1.0},{"damage":0.0,"enemies":"Looter","floor":4.0,"turns":3.0},{"damage":12.0,"enemies":"Lagavulin","floor":12.0,"turns":9.0},{"damage":4.0,"enemies":"Exordium Thugs","floor":13.0,"turns":5.0},{"damage":18.0,"enemies":"The Guardian","floor":16.0,"turns":14.0},{"damage":30.0,"enemies":"3 Byrds","floor":18.0,"turns":7.0},{"damage":43.0,"enemies":"Slavers","floor":24.0,"turns":13.0},{"damage":0.0,"enemies":"Spheric Guardian","floor":28.0,"turns":7.0},{"damage":1.0,"enemies":"Book of Stabbing","floor":29.0,"turns":10.0},{"damage":8.0,"enemies":"Centurion and Healer","floor":30.0,"turns":8.0},{"damage":0.0,"enemies":"Sentry and Sphere","floor":31.0,"turns":7.0},{"damage":0.0,"enemies":"Collector","floor":33.0,"turns":11.0},{"damage":17.0,"enemies":"3 Darklings","floor":35.0,"turns":6.0},{"damage":5.0,"enemies":"Orb Walker","floor":36.0,"turns":5.0},{"damage":3.0,"enemies":"Jaw Worm Horde","floor":38.0,"turns":4.0},{"damage":3.0,"enemies":"Spire Growth","floor":39.0,"turns":10.0},{"damage":64.0,"enemies":"Reptomancer","floor":40.0,"turns":7.0},{"damage":7.0,"enemies":"Giant Head","floor":42.0,"turns":13.0},{"damage":8.0,"enemies":"Writhing Mass","floor":44.0,"turns":10.0},{"damage":0.0,"enemies":"3 Darklings","floor":46.0,"turns":6.0},{"damage":0.0,"enemies":"Maw","floor":48.0,"turns":7.0},{"damage":21.0,"enemies":"Time Eater","floor":50.0,"turns":12.0},{"damage":75,"enemies":"Shield and Spear","floor":54,"turns":7},{"damage":15,"enemies":"The Heart","floor":55,"turns":11}],"seed_played":"4419997028077068081","potions_obtained":[{"floor":1.0,"key":"LiquidBronze"},{"floor":2.0,"key":"SteroidPotion"},{"floor":13.0,"key":"SteroidPotion"},{"floor":24.0,"key":"FearPotion"},{"floor":29.0,"key":"ColorlessPotion"},{"floor":30.0,"key":"PotionOfCapacity"},{"floor":33.0,"key":"Weak Potion"},{"floor":38.0,"key":"DuplicationPotion"},{"floor":39.0,"key":"EssenceOfSteel"},{"floor":42.0,"key":"FearPotion"},{"floor":44.0,"key":"ColorlessPotion"},{"floor":46.0,"key":"DistilledChaos"},{"floor":48.0,"key":"Regen Potion"},{"floor":54,"key":"Ancient Potion"}],"is_trial":false,"path_per_floor":["M","M","M","M","T","R","$","R","T","R","?","E","M","?","R","B",null,"M","?","?","?","$","R","E","R","T","R","M","E","M","M","R","B",null,"M","M","$","M","M","E","R","E","T","M","R","M","?","M","R","B",null,"R","$","E","B",null],"character_chosen":"DEFECT","items_purchased":["Self Repair","Turbo","Capacitor","Hologram","Turbo","ClockworkSouvenir","Seek"],"campfire_rested":2,"item_purchase_floors":[7,7,22,22,22,37,53],"current_hp_per_floor":[75,75,75,75,75,75,75,75,75,75,68,63,73,73,73,62,75,52,52,52,52,52,52,23,60,60,60,67,73,72,75,75,75,75,65,67,67,64,68,11,48,48,48,47,47,54,54,61,61,47,75,75,75,21,13],"gold":80,"neow_bonus":"THREE_ENEMY_KILL","is_daily":false,"chose_seed":false,"campfire_upgraded":9,"win_rate":0.0,"timestamp":1612611942,"path_taken":["M","M","?","?","?","R","?","R","T","R","?","E","M","?","R","BOSS","M","?","?","?","$","R","E","R","T","R","M","E","M","M","R","BOSS","M","M","$","M","M","E","R","E","T","M","R","M","?","M","R","BOSS","R","$","E","BOSS"],"items_purchased_type":["Card","Card","Card","Card","Card","Relic","Card"],"build_version":"2020-12-22","purchased_purges":2,"victory":true,"max_hp_per_floor":[75,75,75,75,75,75,75,75,75,75,75,75,75,75,75,75,75,75,75,75,75,75,75,75,75,75,75,75,75,75,75,75,75,75,75,75,75,75,75,75,75,75,75,75,75,75,75,75,75,75,75,75,75,75,75],"card_choices":[{"not_picked":["Fusion","Cold Snap"],"picked":"Defragment","floor":1.0},{"not_picked":["Streamline","Consume"],"picked":"Reinforced Body","floor":2.0},{"not_picked":["Barrage","Rip and Tear"],"picked":"Undo","floor":3.0},{"not_picked":["Ball Lightning","Barrage"],"picked":"Cold Snap","floor":4.0},{"not_picked":["Machine Learning","Meteor Strike"],"picked":"Amplify","floor":12.0},{"not_picked":["Coolheaded","Streamline"],"picked":"Blizzard","floor":13.0},{"not_picked":["Echo Form","Amplify"],"picked":"Reboot","floor":16.0},{"not_picked":["Ball Lightning","Redo+1"],"picked":"Blizzard","floor":18.0},{"not_picked":["Redo","Compile Driver"],"picked":"Glacier","floor":24.0},{"not_picked":["Beam Cell","Recycle"],"picked":"Conserve Battery","floor":28.0},{"not_picked":["Leap","Redo","Ball Lightning+1"],"picked":"SKIP","floor":29.0},{"not_picked":["Darkness","Sunder"],"picked":"Stack","floor":30.0},{"not_picked":["Beam Cell","Aggregate+1"],"picked":"Echo Form","floor":31.0},{"not_picked":["Hyperbeam","Thunder Strike"],"picked":"Biased Cognition","floor":33.0},{"not_picked":["Rebound+1","Turbo"],"picked":"Redo+1","floor":35.0},{"not_picked":["Beam Cell","Stack","Redo+1"],"picked":"SKIP","floor":36.0},{"not_picked":["Redo+1","Beam Cell","Go for the Eyes"],"picked":"SKIP","floor":38.0},{"not_picked":["Genetic Algorithm","Hello World"],"picked":"Defragment","floor":39.0},{"not_picked":["Cold Snap","Genetic Algorithm+1"],"picked":"Chill","floor":40.0},{"not_picked":["Streamline","Electrodynamics"],"picked":"White Noise+1","floor":42.0},{"not_picked":["White Noise+1","FTL+1"],"picked":"Skim+1","floor":44.0},{"not_picked":["Go for the Eyes+1","Cold Snap+1"],"picked":"Coolheaded","floor":46.0},{"not_picked":["Leap","Conserve Battery+1"],"picked":"Glacier","floor":48.0},{"not_picked":["Compile Driver+1","Lockon+1"],"picked":"Defragment","floor":54}],"player_experience":157437,"relics_obtained":[{"floor":9.0,"key":"Regal Pillow"},{"floor":12.0,"key":"Nunchaku"},{"floor":24.0,"key":"Art of War"},{"floor":26.0,"key":"Blue Candle"},{"floor":29.0,"key":"Tiny Chest"},{"floor":40.0,"key":"Shuriken"},{"floor":42.0,"key":"Torii"},{"floor":43.0,"key":"White Beast Statue"},{"floor":54,"key":"Bronze Scales"}],"event_choices":[{"cards_removed":["Strike_B"],"damage_healed":0.0,"max_hp_gain":0.0,"max_hp_loss":0.0,"gold_gain":0.0,"event_name":"Golden Wing","player_choice":"Card Removal","floor":11.0,"gold_loss":0.0,"damage_taken":7.0},{"cards_removed":["Strike_B"],"damage_healed":0.0,"max_hp_gain":0.0,"max_hp_loss":0.0,"gold_gain":0.0,"event_name":"Purifier","player_choice":"Purged","floor":14.0,"gold_loss":0.0,"damage_taken":0.0},{"damage_healed":0.0,"max_hp_gain":0.0,"max_hp_loss":0.0,"gold_gain":0.0,"event_name":"Vampires","player_choice":"Ignored","floor":19.0,"gold_loss":0.0,"damage_taken":0.0},{"damage_healed":0.0,"max_hp_gain":0.0,"max_hp_loss":0.0,"gold_gain":0.0,"event_name":"The Mausoleum","player_choice":"Ignored","floor":20.0,"gold_loss":0.0,"damage_taken":0.0},{"damage_healed":0.0,"max_hp_gain":0.0,"max_hp_loss":0.0,"gold_gain":0.0,"cards_transformed":["Defend_B","Strike_B"],"event_name":"Drug Dealer","player_choice":"Became Test Subject","floor":21.0,"gold_loss":0.0,"damage_taken":0.0,"cards_obtained":["Reinforced Body","Seek"]},{"cards_removed":["Cold Snap"],"damage_healed":0.0,"max_hp_gain":0.0,"max_hp_loss":0.0,"gold_gain":0.0,"event_name":"Falling","player_choice":"Removed Attack","floor":47.0,"gold_loss":0.0,"damage_taken":0.0}],"is_beta":false,"boss_relics":[{"not_picked":["Fusion Hammer","Cursed Key"],"picked":"FrozenCore"},{"not_picked":["Runic Dome","Runic Pyramid"],"picked":"Nuclear Battery"}],"items_purged_floors":[22,37],"is_endless":false,"potions_floor_spawned":[1,2,13,24,29,30,33,38,39,42,44,46,48,54],"ascension_level":4}}