{"host":"vyjryxuuuxkt43k4","time":1612631812,"event":{"mods":["AchievementEnabler","BaseMod","Colored Map","DeckTracker","Highlight Path","Keyboard Shortcuts","Minty Spire (QoL Compilation)","Permanent Neow","Quick Restart","StSLib","SuperFastMode","everything is the same but u backflip on backflip"],"gold_per_floor":[112,127,127,179,179,179,200,244,244,244,260,326,326,362,362,452,452,476,476,476,476,501,532,190,208,235,260,294,294,327,327,327,416,416,436,436,450,183,208,208,242,242,267,0,0,14,49,73,73,73,73],"floor_reached":50,"language":"KOR","playtime":2328,"items_purged":["Strike_P","Strike_P"],"score":1170,"play_id":"dc42ba75-1436-446c-941e-9d140a9205d3","local_time":"20210207021652","is_ascension_mode":true,"campfire_choices":[{"data":"WheelKick","floor":6.0,"key":"SMITH"},{"data":"Adaptation","floor":10.0,"key":"SMITH"},{"data":"CrushJoints","floor":13.0,"key":"SMITH"},{"data":"Meditate","floor":15.0,"key":"SMITH"},{"floor":29.0,"key":"REST"},{"floor":32.0,"key":"REST"},{"data":"Tantrum","floor":40.0,"key":"SMITH"},{"floor":42.0,"key":"REST"},{"data":"Ragnarok","floor":45.0,"key":"SMITH"},{"floor":49.0,"key":"REST"}],"circlet_count":0,"master_deck":["AscendersBane","Defend_P+1","Defend_P","Eruption+1","Vigilance+1","WheelKick+1","EmptyBody","Adaptation+1","CutThroughFate","CrushJoints+1","Meditate+1","DevaForm+1","FearNoEvil+1","ClearTheMind+1","FlurryOfBlows+1","InnerPeace","Vengeance+1","LessonLearned","Ragnarok+1","TalkToTheHand+1","Tantrum+1","Adaptation"],"relics":["PureWater","Golden Idol","Bronze Scales","Turnip","PreservedInsect","Mercury Hourglass","Bag of Preparation","Astrolabe","Letter Opener","Kunai","Vajra","Bird Faced Urn","Ice Cream","Runic Pyramid","Potion Belt","Happy Flower","MawBank","TeardropLocket","Torii"],"acts_visited":["Exordium","TheCity","TheBeyond"],"potions_floor_usage":[50],"damage_taken":[{"damage":2.0,"enemies":"2 Louse","floor":1.0,"turns":5.0},{"damage":4.0,"enemies":"Jaw Worm","floor":2.0,"turns":4.0},{"damage":0.0,"enemies":"Small Slimes","floor":7.0,"turns":1.0},{"damage":8.0,"enemies":"Gremlin Nob","floor":8.0,"turns":3.0},{"damage":11.0,"enemies":"3 Louse","floor":11.0,"turns":2.0},{"damage":0.0,"enemies":"Gremlin Nob","floor":12.0,"turns":2.0},{"damage":10.0,"enemies":"3 Sentries","floor":14.0,"turns":4.0},{"damage":15.0,"enemies":"Hexaghost","floor":16.0,"turns":5.0},{"damage":0.0,"enemies":"Shell Parasite","floor":18.0,"turns":1.0},{"damage":11.0,"enemies":"Spheric Guardian","floor":22.0,"turns":3.0},{"damage":9.0,"enemies":"Book of Stabbing","floor":23.0,"turns":3.0},{"damage":10.0,"enemies":"Snake Plant","floor":25.0,"turns":2.0},{"damage":0.0,"enemies":"Centurion and Healer","floor":27.0,"turns":2.0},{"damage":1.0,"enemies":"Gremlin Leader","floor":28.0,"turns":2.0},{"damage":0.0,"enemies":"Book of Stabbing","floor":30.0,"turns":2.0},{"damage":28.0,"enemies":"Automaton","floor":33.0,"turns":6.0},{"damage":6.0,"enemies":"Orb Walker","floor":35.0,"turns":2.0},{"damage":0.0,"enemies":"3 Darklings","floor":37.0,"turns":3.0},{"damage":11.0,"enemies":"Maw","floor":39.0,"turns":4.0},{"damage":11.0,"enemies":"Reptomancer","floor":41.0,"turns":3.0},{"damage":22.0,"enemies":"Spire Growth","floor":46.0,"turns":3.0},{"damage":0.0,"enemies":"Nemesis","floor":47.0,"turns":1.0},{"damage":17.0,"enemies":"Transient","floor":48.0,"turns":6.0},{"damage":58,"enemies":"Time Eater","floor":50,"turns":5}],"seed_played":"-5822580830380929502","potions_obtained":[{"floor":1.0,"key":"PowerPotion"},{"floor":2.0,"key":"LiquidBronze"},{"floor":14.0,"key":"LiquidMemories"},{"floor":16.0,"key":"SkillPotion"},{"floor":23.0,"key":"PowerPotion"},{"floor":35.0,"key":"Fire Potion"},{"floor":36.0,"key":"StancePotion"},{"floor":47.0,"key":"AttackPotion"}],"is_trial":false,"path_per_floor":["M","M","?","T","?","R","M","E","T","R","M","?","R","E","R","B",null,"M","?","?","?","M","E","$","M","T","M","E","R","E","?","R","B",null,"M","?","M","$","M","R","E","R","T","$","R","M","E","M","R","B"],"character_chosen":"WATCHER","items_purchased":["Kunai","Potion Belt","TeardropLocket"],"campfire_rested":4,"item_purchase_floors":[24,38,44],"current_hp_per_floor":[59,55,32,32,54,54,54,46,46,46,35,35,35,25,25,10,54,54,54,54,54,43,34,34,24,24,24,23,43,45,45,65,41,61,57,57,57,57,50,50,41,61,61,61,61,43,43,30,50,0,0],"gold":73,"neow_bonus":"UPGRADE_CARD","is_daily":false,"chose_seed":false,"campfire_upgraded":6,"win_rate":0.0,"timestamp":1612631812,"path_taken":["M","M","?","?","?","R","M","E","T","R","M","?","R","E","R","BOSS","M","?","?","?","?","E","$","M","T","M","E","R","E","?","R","BOSS","M","?","M","$","M","R","E","R","T","$","R","M","E","M","R","BOSS"],"items_purchased_type":["Relic","Relic","Relic"],"build_version":"2020-12-22","purchased_purges":2,"victory":false,"max_hp_per_floor":[68,68,68,68,68,68,68,68,68,68,68,68,68,68,68,68,68,68,68,68,68,68,68,68,68,68,68,68,68,68,68,68,68,68,68,68,68,68,68,68,68,68,68,68,68,68,68,68,68,68,68],"card_choices":[{"not_picked":["FlyingSleeves","ClearTheMind"],"picked":"WheelKick","floor":1.0},{"not_picked":["Halt","Crescendo"],"picked":"EmptyBody","floor":2.0},{"not_picked":["Protect","LikeWater"],"picked":"Adaptation","floor":7.0},{"not_picked":["ForeignInfluence","DevaForm"],"picked":"CutThroughFate","floor":8.0},{"not_picked":["Pray","Vengeance","PathToVictory"],"picked":"SKIP","floor":11.0},{"not_picked":["FollowUp","BattleHymn"],"picked":"CrushJoints","floor":12.0},{"not_picked":["Protect","Sanctity"],"picked":"Meditate","floor":14.0},{"not_picked":["Devotion","ConjureBlade"],"picked":"DevaForm","floor":16.0},{"not_picked":["FlyingSleeves","SashWhip+1"],"picked":"InnerPeace","floor":18.0},{"not_picked":["Evaluate","Protect","BowlingBash"],"picked":"SKIP","floor":22.0},{"not_picked":["Evaluate","CutThroughFate","ThirdEye"],"picked":"SKIP","floor":23.0},{"not_picked":["Evaluate","CutThroughFate","ThirdEye"],"picked":"SKIP","floor":23.0},{"not_picked":["EmptyFist","Crescendo","ThirdEye"],"picked":"SKIP","floor":25.0},{"not_picked":["CrushJoints","BowlingBash","EmptyMind"],"picked":"SKIP","floor":27.0},{"not_picked":["ThirdEye","CrushJoints"],"picked":"Vengeance+1","floor":28.0},{"not_picked":["Vengeance+1","PathToVictory"],"picked":"LessonLearned","floor":30.0},{"not_picked":["MasterReality","SpiritShield"],"picked":"Ragnarok","floor":33.0},{"not_picked":["Conclude","Collect"],"picked":"TalkToTheHand+1","floor":35.0},{"not_picked":["SandsOfTime+1","FollowUp","Meditate"],"picked":"SKIP","floor":37.0},{"not_picked":["SandsOfTime+1","FollowUp","Meditate"],"picked":"SKIP","floor":37.0},{"not_picked":["BowlingBash","Wallop"],"picked":"Tantrum","floor":39.0},{"not_picked":["JustLucky","Indignation","CrushJoints"],"picked":"SKIP","floor":41.0},{"not_picked":["Sanctity","EmptyBody","PathToVictory"],"picked":"SKIP","floor":46.0},{"not_picked":["DeceiveReality","Indignation"],"picked":"Adaptation","floor":47.0},{"not_picked":["BowlingBash","Prostrate+1","FlyingSleeves+1"],"picked":"SKIP","floor":48.0}],"player_experience":811085,"relics_obtained":[{"floor":4.0,"key":"Bronze Scales"},{"floor":8.0,"key":"Turnip"},{"floor":9.0,"key":"PreservedInsect"},{"floor":12.0,"key":"Mercury Hourglass"},{"floor":14.0,"key":"Bag of Preparation"},{"floor":23.0,"key":"Letter Opener"},{"floor":26.0,"key":"Vajra"},{"floor":28.0,"key":"Bird Faced Urn"},{"floor":30.0,"key":"Ice Cream"},{"floor":41.0,"key":"Happy Flower"},{"floor":43.0,"key":"MawBank"},{"floor":47.0,"key":"Torii"}],"event_choices":[{"damage_healed":0.0,"max_hp_gain":0.0,"max_hp_loss":0.0,"gold_gain":0.0,"event_name":"Golden Idol","player_choice":"Take Damage","floor":3.0,"gold_loss":0.0,"damage_taken":23.0,"relics_obtained":["Golden Idol"]},{"damage_healed":22.0,"max_hp_gain":0.0,"max_hp_loss":0.0,"gold_gain":0.0,"event_name":"Big Fish","player_choice":"Banana","floor":5.0,"gold_loss":0.0,"damage_taken":0.0},{"damage_healed":0.0,"max_hp_gain":0.0,"max_hp_loss":0.0,"gold_gain":30.0,"event_name":"Dead Adventurer","player_choice":"Searched \u00273\u0027 times","floor":12.0,"gold_loss":0.0,"damage_taken":0.0},{"damage_healed":0.0,"max_hp_gain":0.0,"max_hp_loss":0.0,"gold_gain":0.0,"event_name":"Ghosts","player_choice":"Ignored","floor":19.0,"gold_loss":0.0,"damage_taken":0.0},{"cards_removed":["Defend_P"],"damage_healed":0.0,"max_hp_gain":0.0,"max_hp_loss":0.0,"gold_gain":0.0,"event_name":"Back to Basics","player_choice":"Elegance","floor":20.0,"gold_loss":0.0,"damage_taken":0.0},{"damage_healed":0.0,"max_hp_gain":0.0,"max_hp_loss":0.0,"gold_gain":0.0,"event_name":"Accursed Blacksmith","player_choice":"Forge","floor":21.0,"gold_loss":0.0,"damage_taken":0.0,"cards_upgraded":["DevaForm"]},{"damage_healed":0.0,"max_hp_gain":0.0,"max_hp_loss":0.0,"gold_gain":0.0,"event_name":"N\u0027loth","player_choice":"Ignored","floor":31.0,"gold_loss":0.0,"damage_taken":0.0},{"damage_healed":0.0,"max_hp_gain":0.0,"max_hp_loss":0.0,"gold_gain":0.0,"event_name":"Lab","player_choice":"Got Potions","floor":36.0,"gold_loss":0.0,"damage_taken":0.0}],"is_beta":false,"boss_relics":[{"not_picked":["Busted Crown","SacredBark"],"picked":"Astrolabe"},{"not_picked":["Pandora\u0027s Box","Runic Dome"],"picked":"Runic Pyramid"}],"items_purged_floors":[24,38],"is_endless":false,"potions_floor_spawned":[1,2,14,16,22,23,25,35,37,47],"killed_by":"Time Eater","ascension_level":18}}