{"host":"lg52aq764g9v2r4m","time":1612590862,"event":{"mods":["2.2 Compatiblity","BaseMod","Minty Spire (QoL Compilation)"],"gold_per_floor":[118,118,118,132,146,146,173,173,173,183,199,212,62,62,62,182,182,197,112,39,39,39,83,83,106,106,106,106],"floor_reached":27,"language":"ENG","playtime":3211,"items_purged":[],"score":296,"play_id":"e6683777-966e-4e4e-84e4-d17989f62535","local_time":"20210206005422","is_ascension_mode":false,"campfire_choices":[{"data":"Perfected Strike","floor":6,"key":"SMITH"},{"floor":8,"key":"REST"},{"floor":15,"key":"REST"},{"floor":24,"key":"REST"}],"circlet_count":0,"master_deck":["Defend_R+1","Defend_R+1","Defend_R+1","Defend_R+1","Bash","Warcry","Spot Weakness","Perfected Strike+1","Thunderclap","Anger","Perfected Strike","Limit Break","Thunderclap","Bite","Bite","Bite","Bite","Bite","Dual Wield"],"relics":["Burning Blood","Odd Mushroom","Kunai","Happy Flower","Golden Idol","Busted Crown","Ice Cream","Sundial","InkBottle"],"acts_visited":["Exordium","TheCity"],"potions_floor_usage":[16,16,23],"damage_taken":[{"damage":8,"enemies":"Jaw Worm","floor":1,"turns":4},{"damage":7,"enemies":"2 Louse","floor":4,"turns":3},{"damage":10,"enemies":"Cultist","floor":5,"turns":4},{"damage":22,"enemies":"The Mushroom Lair","floor":7,"turns":4},{"damage":10,"enemies":"Looter","floor":10,"turns":3},{"damage":11,"enemies":"Blue Slaver","floor":11,"turns":4},{"damage":14,"enemies":"3 Louse","floor":12,"turns":3},{"damage":0,"enemies":"Slime Boss","floor":16,"turns":5},{"damage":34,"enemies":"3 Byrds","floor":18,"turns":4},{"damage":61,"enemies":"Gremlin Leader","floor":23,"turns":6},{"damage":26,"enemies":"Shell Parasite","floor":25,"turns":4},{"damage":44,"enemies":"Sentry and Sphere","floor":27,"turns":6}],"seed_played":"9010229932046294731","potions_obtained":[{"floor":1,"key":"FearPotion"},{"floor":7,"key":"Strength Potion"},{"floor":11,"key":"BlessingOfTheForge"}],"is_trial":false,"path_per_floor":["M","?","?","M","M","R","?","R","T","M","M","M","$","?","R","B",null,"M","?","$","?","?","E","R","M","T","M"],"character_chosen":"IRONCLAD","items_purchased":["Happy Flower","SteroidPotion","Thunderclap"],"campfire_rested":3,"item_purchase_floors":[13,20,20],"current_hp_per_floor":[86,86,86,85,81,81,65,88,88,84,79,71,71,49,75,81,88,60,60,60,60,60,18,36,26,26,0,0],"gold":106,"neow_bonus":"TEN_PERCENT_HP_BONUS","is_daily":false,"chose_seed":false,"campfire_upgraded":1,"win_rate":0.0,"timestamp":1612590862,"path_taken":["M","?","?","M","?","R","?","R","T","M","M","M","$","?","R","BOSS","M","?","$","?","?","E","R","M","T","M"],"items_purchased_type":["Relic","Potion","Card"],"build_version":"2020-12-22","purchased_purges":0,"victory":false,"max_hp_per_floor":[88,88,88,88,88,88,88,88,88,88,88,88,88,88,88,88,88,88,88,88,61,61,61,61,61,61,61,61],"card_choices":[{"not_picked":["Ghostly Armor","Hemokinesis"],"picked":"Warcry","floor":1},{"not_picked":["True Grit","Sword Boomerang"],"picked":"Spot Weakness","floor":4},{"not_picked":["Impervious","Anger"],"picked":"Perfected Strike","floor":5},{"not_picked":["True Grit","Cleave"],"picked":"Thunderclap","floor":7},{"not_picked":["Warcry","Dark Embrace"],"picked":"Anger","floor":10},{"not_picked":["Pommel Strike","Fire Breathing"],"picked":"Perfected Strike","floor":11},{"not_picked":["Perfected Strike","Armaments"],"picked":"Limit Break","floor":12},{"not_picked":["Body Slam"],"picked":"SKIP","floor":18},{"not_picked":[],"picked":"Dual Wield","floor":23},{"not_picked":["Dark Embrace+1"],"picked":"SKIP","floor":25}],"player_experience":42858,"relics_obtained":[{"floor":7,"key":"Odd Mushroom"},{"floor":9,"key":"Kunai"},{"floor":23,"key":"Sundial"},{"floor":26,"key":"InkBottle"}],"event_choices":[{"damage_healed":0,"gold_gain":0,"player_choice":"Ignored","damage_taken":0,"max_hp_gain":0,"max_hp_loss":0,"event_name":"Shining Light","floor":2,"gold_loss":0},{"damage_healed":0,"gold_gain":0,"player_choice":"0 cards matched","damage_taken":0,"max_hp_gain":0,"max_hp_loss":0,"event_name":"Match and Keep!","floor":3,"gold_loss":0,"cards_obtained":[]},{"damage_healed":0,"gold_gain":0,"player_choice":"Fought Mushrooms","damage_taken":0,"max_hp_gain":0,"max_hp_loss":0,"event_name":"Mushrooms","floor":7,"gold_loss":0},{"damage_healed":0,"gold_gain":0,"player_choice":"Take Damage","damage_taken":22,"relics_obtained":["Golden Idol"],"max_hp_gain":0,"max_hp_loss":0,"event_name":"Golden Idol","floor":14,"gold_loss":0},{"damage_healed":0,"gold_gain":0,"player_choice":"Obtained Relic","damage_taken":0,"relics_obtained":["Ice Cream"],"max_hp_gain":0,"max_hp_loss":0,"event_name":"Addict","floor":19,"gold_loss":85},{"damage_healed":0,"gold_gain":0,"player_choice":"Became a vampire","damage_taken":0,"max_hp_gain":0,"max_hp_loss":27,"event_name":"Vampires","floor":21,"gold_loss":0,"cards_obtained":["Bite","Bite","Bite","Bite","Bite"]},{"damage_healed":0,"gold_gain":0,"player_choice":"Simplicity","damage_taken":0,"max_hp_gain":0,"max_hp_loss":0,"event_name":"Back to Basics","floor":22,"gold_loss":0,"cards_upgraded":["Defend_R","Defend_R","Defend_R","Defend_R"]}],"is_beta":false,"boss_relics":[{"not_picked":["Velvet Choker","Tiny House"],"picked":"Busted Crown"}],"items_purged_floors":[],"is_endless":false,"potions_floor_spawned":[1,7,11],"killed_by":"Sentry and Sphere","ascension_level":0}}