{"host":"rolltorest","time":1612598302,"event":{"mods":["BaseMod","Minty Spire (QoL Compilation)","Relic Stats","Slay the Relics Exporter","StSLib"],"gold_per_floor":[119,194,206,217,367,394,394,420,420,430,430,430,460,45,45,122,122,122,122],"floor_reached":18,"language":"ENG","playtime":578,"items_purged":[],"score":356,"play_id":"710be883-ba3c-4b10-aa08-7fcf45eb6902","local_time":"20210205235822","is_ascension_mode":true,"campfire_choices":[{"data":"Streamline","floor":7,"key":"SMITH"},{"floor":11,"key":"REST"},{"floor":15,"key":"REST"}],"circlet_count":0,"master_deck":["AscendersBane","Strike_B","Strike_B","Strike_B","Strike_B","Defend_B","Defend_B","Defend_B","Defend_B","Zap","Dualcast","Streamline+1","Coolheaded","Doubt","Seek","Aggregate","Leap","Capacitor","Glacier","Creative AI"],"relics":["Busted Crown","Bag of Preparation","Blue Candle","Nunchaku","Sundial","Pocketwatch","Nuclear Battery"],"acts_visited":["Exordium","TheCity"],"potions_floor_usage":[6,8,8,10,16],"damage_taken":[{"damage":2,"enemies":"Cultist","floor":1,"turns":4},{"damage":0,"enemies":"Jaw Worm","floor":3,"turns":3},{"damage":7,"enemies":"2 Louse","floor":4,"turns":3},{"damage":13,"enemies":"Lagavulin","floor":6,"turns":10},{"damage":18,"enemies":"3 Sentries","floor":8,"turns":6},{"damage":6,"enemies":"Large Slime","floor":10,"turns":6},{"damage":33,"enemies":"Gremlin Nob","floor":13,"turns":4},{"damage":24,"enemies":"Slime Boss","floor":16,"turns":10},{"damage":32,"enemies":"3 Byrds","floor":18,"turns":5}],"seed_played":"8809180265352759224","potions_obtained":[{"floor":3,"key":"AttackPotion"},{"floor":4,"key":"Ancient Potion"},{"floor":6,"key":"Explosive Potion"},{"floor":8,"key":"DistilledChaos"},{"floor":13,"key":"Block Potion"}],"is_trial":false,"path_per_floor":["M","?","M","M","?","E","R","E","T","M","R","?","E","$","R","B",null,"M"],"character_chosen":"DEFECT","items_purchased":["Glacier","Pocketwatch"],"campfire_rested":2,"item_purchase_floors":[14,14],"current_hp_per_floor":[62,51,51,44,44,31,31,13,13,7,28,51,18,18,39,15,57,25,25],"gold":122,"neow_bonus":"BOSS_RELIC","is_daily":false,"chose_seed":false,"campfire_upgraded":1,"win_rate":0.0,"timestamp":1612598302,"path_taken":["M","?","M","M","?","E","R","E","T","M","R","?","E","$","R","BOSS","M"],"items_purchased_type":["Card","Relic"],"build_version":"2020-12-18","purchased_purges":0,"victory":false,"max_hp_per_floor":[71,71,71,71,71,71,71,71,71,71,71,71,71,71,71,71,71,71,71],"relic_stats":{"Nunchaku":[3],"Busted Crown":16,"counters":[9,51],"Sundial":[2],"Blue Candle":[4],"Bag of Preparation":[10],"obtain_stats":[{"Nunchaku":9,"Busted Crown":0,"Sundial":13,"Blue Candle":8,"Bag of Preparation":6,"Cracked Core":0,"Pocketwatch":14,"Nuclear Battery":17},{"Nunchaku":5,"Busted Crown":0,"Sundial":7,"Blue Candle":5,"Bag of Preparation":4,"Cracked Core":0,"Pocketwatch":7,"Nuclear Battery":8},{"Nunchaku":26,"Busted Crown":0,"Sundial":36,"Blue Candle":26,"Bag of Preparation":20,"Cracked Core":0,"Pocketwatch":36,"Nuclear Battery":46}],"Pocketwatch":[18]},"card_choices":[{"not_picked":[],"picked":"Streamline","floor":1},{"not_picked":["Storm"],"picked":"SKIP","floor":3},{"not_picked":[],"picked":"Coolheaded","floor":4},{"not_picked":[],"picked":"Seek","floor":6},{"not_picked":[],"picked":"Aggregate","floor":8},{"not_picked":[],"picked":"Leap","floor":10},{"not_picked":[],"picked":"Capacitor","floor":13},{"not_picked":[],"picked":"Creative AI","floor":16}],"player_experience":1885326,"relics_obtained":[{"floor":6,"key":"Bag of Preparation"},{"floor":8,"key":"Blue Candle"},{"floor":9,"key":"Nunchaku"},{"floor":13,"key":"Sundial"}],"event_choices":[{"damage_healed":0,"gold_gain":75,"player_choice":"Gather Gold","damage_taken":11,"max_hp_gain":0,"max_hp_loss":0,"event_name":"World of Goop","floor":2,"gold_loss":0},{"damage_healed":0,"gold_gain":150,"player_choice":"AGREE","damage_taken":0,"max_hp_gain":0,"max_hp_loss":0,"event_name":"Liars Game","floor":5,"gold_loss":0,"cards_obtained":["Doubt"]},{"damage_healed":23,"gold_gain":0,"player_choice":"Banana","damage_taken":0,"max_hp_gain":0,"max_hp_loss":0,"event_name":"Big Fish","floor":12,"gold_loss":0}],"is_beta":true,"boss_relics":[{"not_picked":["Tiny House","Runic Dome"],"picked":"Nuclear Battery"}],"items_purged_floors":[],"is_endless":false,"potions_floor_spawned":[3,4,6,8,13],"killed_by":"3 Byrds","ascension_level":20}}