{"host":"746m694if73h3gai","time":1612641252,"event":{"mods":["2.2 Compatiblity","AchievementEnabler","Act Like it!","BaseMod","Colored Map","Colored Powertips","Minty Spire (QoL Compilation)","Quick Restart","Rare Cards Sparkle","Relic Stats","StSLib","everything is the same but u backflip on backflip","slay the spire mod where everything is the same but ironclad has a cowboy hat"],"gold_per_floor":[110,185,199,374,389,389,416,416,416,416,416,432,444,464,464,567,567,585,261,176,209,219,254,273,273,273,273,273],"floor_reached":27,"language":"ENG","playtime":1450,"items_purged":["Defend_P"],"score":271,"play_id":"6bb89377-1862-45e3-8f35-5c834757ff27","local_time":"20210206205412","is_ascension_mode":true,"campfire_choices":[{"data":"Conclude","floor":6,"key":"SMITH"},{"data":"LessonLearned","floor":8,"key":"SMITH"},{"floor":15,"key":"REST"}],"circlet_count":0,"master_deck":["Strike_P+1","Strike_P+1","Strike_P","Defend_P+1","Defend_P+1","Defend_P","Eruption","Vigilance+1","Conclude+1","Halt","ThirdEye+1","LessonLearned+1","FollowUp+1","ConjureBlade+1","Halt+1","Crescendo+1","FollowUp+1","EmptyBody"],"relics":["Runic Pyramid","Letter Opener","War Paint","MealTicket","Art of War","Empty Cage","Pear","Gremlin Horn","Red Mask","Gambling Chip","Bottled Lightning"],"acts_visited":["Exordium","TheCity"],"potions_floor_usage":[12,16,27],"damage_taken":[{"damage":1,"enemies":"Jaw Worm","floor":1,"turns":3},{"damage":10,"enemies":"2 Louse","floor":3,"turns":3},{"damage":2,"enemies":"Small Slimes","floor":5,"turns":3},{"damage":19,"enemies":"Lagavulin","floor":7,"turns":9},{"damage":3,"enemies":"Looter","floor":12,"turns":3},{"damage":3,"enemies":"Lots of Slimes","floor":13,"turns":3},{"damage":4,"enemies":"2 Fungi Beasts","floor":14,"turns":4},{"damage":20,"enemies":"The Guardian","floor":16,"turns":10},{"damage":22,"enemies":"Shell Parasite","floor":18,"turns":3},{"damage":53,"enemies":"Masked Bandits","floor":21,"turns":5},{"damage":5,"enemies":"3 Byrds","floor":22,"turns":2},{"damage":0,"enemies":"Gremlin Leader","floor":23,"turns":5},{"damage":6,"enemies":"Snake Plant","floor":24,"turns":4},{"damage":28,"enemies":"Book of Stabbing","floor":27,"turns":6}],"seed_played":"7069453289861797667","potions_obtained":[{"floor":3,"key":"SkillPotion"},{"floor":5,"key":"Regen Potion"},{"floor":13,"key":"StancePotion"},{"floor":16,"key":"LiquidBronze"},{"floor":21,"key":"Ancient Potion"}],"is_trial":false,"path_per_floor":["M","?","M","?","M","R","E","R","T","?","T","M","M","M","R","B",null,"M","$","?","?","M","E","M","?","T","E"],"character_chosen":"WATCHER","items_purchased":["Pear"],"campfire_rested":1,"item_purchase_floors":[19],"current_hp_per_floor":[71,60,50,50,48,48,29,29,29,17,17,14,11,7,28,8,72,50,75,75,22,17,17,11,11,11,0,0],"gold":273,"neow_bonus":"BOSS_RELIC","is_daily":false,"chose_seed":false,"campfire_upgraded":2,"win_rate":0.0,"timestamp":1612641252,"path_taken":["M","?","M","?","M","R","E","R","T","?","?","?","M","M","R","BOSS","M","$","?","?","M","E","M","?","T","E"],"items_purchased_type":["Relic"],"build_version":"2020-12-22","purchased_purges":1,"victory":false,"max_hp_per_floor":[72,72,72,72,72,72,72,72,72,72,72,72,72,72,72,72,72,72,82,82,82,82,82,82,82,82,82,82],"relic_stats":{"Gremlin Horn":[9,9],"counters":[14,63],"Gambling Chip":[5],"MealTicket":15,"Art of War":[8],"Letter Opener":[56],"War Paint":["Defend_P","Vigilance"],"obtain_stats":[{"Pear":19,"Gremlin Horn":20,"Gambling Chip":23,"MealTicket":10,"Art of War":11,"Red Mask":21,"Letter Opener":7,"Bottled Lightning":26,"PureWater":0,"War Paint":9,"Empty Cage":17,"Runic Pyramid":0},{"Pear":9,"Gremlin Horn":9,"Gambling Chip":12,"MealTicket":4,"Art of War":4,"Red Mask":10,"Letter Opener":4,"Bottled Lightning":13,"PureWater":0,"War Paint":4,"Empty Cage":8,"Runic Pyramid":0},{"Pear":41,"Gremlin Horn":41,"Gambling Chip":53,"MealTicket":18,"Art of War":18,"Red Mask":46,"Letter Opener":18,"Bottled Lightning":57,"PureWater":0,"War Paint":18,"Empty Cage":38,"Runic Pyramid":0}]},"card_choices":[{"not_picked":["JustLucky","Protect"],"picked":"Conclude","floor":1},{"not_picked":["SignatureMove","CutThroughFate"],"picked":"Halt","floor":3},{"not_picked":["MentalFortress","Evaluate"],"picked":"ThirdEye","floor":5},{"not_picked":["Meditate","JustLucky"],"picked":"LessonLearned","floor":7},{"not_picked":["WheelKick","DeceiveReality","FlyingSleeves"],"picked":"SKIP","floor":12},{"not_picked":["Protect","PathToVictory"],"picked":"FollowUp","floor":13},{"not_picked":["ForeignInfluence","JustLucky","FollowUp"],"picked":"SKIP","floor":14},{"not_picked":["Omniscience","LessonLearned"],"picked":"ConjureBlade","floor":16},{"not_picked":["SignatureMove","Protect"],"picked":"Halt","floor":18},{"not_picked":["Vengeance","FollowUp"],"picked":"Crescendo+1","floor":21},{"not_picked":["WindmillStrike","JustLucky","Conclude"],"picked":"SKIP","floor":22},{"not_picked":["Meditate","CutThroughFate"],"picked":"FollowUp+1","floor":23},{"not_picked":["Evaluate+1","SignatureMove"],"picked":"EmptyBody","floor":24}],"player_experience":88396,"relics_obtained":[{"floor":7,"key":"Letter Opener"},{"floor":9,"key":"War Paint"},{"floor":11,"key":"Art of War"},{"floor":21,"key":"Red Mask"},{"floor":23,"key":"Gambling Chip"},{"floor":26,"key":"Bottled Lightning"}],"event_choices":[{"damage_healed":0,"gold_gain":75,"player_choice":"Gather Gold","damage_taken":11,"max_hp_gain":0,"max_hp_loss":0,"event_name":"World of Goop","floor":2,"gold_loss":0},{"damage_healed":0,"gold_gain":175,"player_choice":"AGREE","damage_taken":0,"max_hp_gain":0,"max_hp_loss":0,"event_name":"Liars Game","floor":4,"gold_loss":0,"cards_obtained":["Doubt"]},{"damage_healed":0,"gold_gain":0,"player_choice":"Success","damage_taken":12,"relics_obtained":["MealTicket"],"max_hp_gain":0,"max_hp_loss":0,"event_name":"Scrap Ooze","floor":10,"gold_loss":0},{"damage_healed":0,"gold_gain":0,"player_choice":"Obtained Relic","damage_taken":0,"relics_obtained":["Gremlin Horn"],"max_hp_gain":0,"max_hp_loss":0,"event_name":"Addict","floor":20,"gold_loss":85},{"damage_healed":0,"gold_gain":0,"player_choice":"Fought Bandits","damage_taken":0,"max_hp_gain":0,"max_hp_loss":0,"event_name":"Masked Bandits","floor":21,"gold_loss":0},{"damage_healed":0,"gold_gain":0,"player_choice":"Ignored","damage_taken":0,"max_hp_gain":0,"max_hp_loss":0,"event_name":"Ghosts","floor":25,"gold_loss":0}],"is_beta":false,"boss_relics":[{"not_picked":["Philosopher\u0027s Stone","Black Star"],"picked":"Empty Cage"}],"items_purged_floors":[19],"is_endless":false,"potions_floor_spawned":[3,5,13,16,21],"killed_by":"Book of Stabbing","ascension_level":1}}