{"host":"0rw6szqh3yi1u2jw","time":1612590323,"event":{"mods":["BaseMod","Bestiary","Minty Spire (QoL Compilation)"],"gold_per_floor":[118,118,133,133,157,157,157,190,236,236,236,236,279,257,257,377,377,392,307,323,598,313,313,349,349,375,375,390,433,452,471,471,590,590,609,942,962,638,649,703,321,350,350,350,350,350],"floor_reached":45,"language":"ENG","playtime":2717,"items_purged":["Regret","Strike_R","Defend_R"],"score":536,"play_id":"47bf4a88-4323-4200-9356-b2765c54e312","local_time":"20210206004523","is_ascension_mode":true,"campfire_choices":[{"data":"True Grit","floor":6.0,"key":"SMITH"},{"floor":10.0,"key":"REST"},{"data":"Flex","floor":12.0,"key":"SMITH"},{"floor":15.0,"key":"REST"},{"data":"Apotheosis","floor":23.0,"key":"SMITH"},{"data":"Uppercut","floor":25.0,"key":"SMITH"},{"data":"Shrug It Off","floor":27.0,"key":"SMITH"},{"data":"Immolate","floor":32,"key":"SMITH"},{"floor":44,"key":"REST"}],"circlet_count":0,"master_deck":["Strike_R","Defend_R","Bash","Clothesline","Second Wind","Wild Strike","True Grit+1","Flex+1","Disarm","Shrug It Off+1","Uppercut+1","Disarm","Immolate+1","Flame Barrier+1","Seeing Red+1","Iron Wave+1","Body Slam+1","Apotheosis+1","Rampage","Impervious","Burning Pact+1","Infernal Blade+1","Seeing Red+1","Demon Form","Shrug It Off+1","Inflame","Shockwave+1","Ghostly Armor+1"],"relics":["Burning Blood","Blue Candle","Bottled Lightning","Dream Catcher","White Beast Statue","Red Skull","Astrolabe","Vajra","Bag of Preparation","Tiny Chest","Paper Frog","Sozu","TheAbacus","Kunai","Torii","Bird Faced Urn"],"acts_visited":["Exordium","TheCity","TheBeyond"],"potions_floor_usage":[33,33,45],"damage_taken":[{"damage":0.0,"enemies":"Cultist","floor":1.0,"turns":4.0},{"damage":7.0,"enemies":"Small Slimes","floor":3.0,"turns":5.0},{"damage":11.0,"enemies":"Jaw Worm","floor":5.0,"turns":2.0},{"damage":23.0,"enemies":"Gremlin Nob","floor":8.0,"turns":5.0},{"damage":31.0,"enemies":"Lagavulin","floor":13.0,"turns":8.0},{"damage":21.0,"enemies":"Hexaghost","floor":16.0,"turns":12.0},{"damage":0.0,"enemies":"Chosen","floor":18.0,"turns":6.0},{"damage":15.0,"enemies":"Spheric Guardian","floor":20.0,"turns":5.0},{"damage":30.0,"enemies":"Gremlin Leader","floor":24.0,"turns":6.0},{"damage":19.0,"enemies":"Snake Plant","floor":28.0,"turns":4.0},{"damage":10.0,"enemies":"Slavers","floor":29.0,"turns":7.0},{"damage":0.0,"enemies":"3 Cultists","floor":30.0,"turns":3.0},{"damage":1,"enemies":"Centurion and Healer","floor":31,"turns":4},{"damage":24,"enemies":"Collector","floor":33,"turns":7},{"damage":28,"enemies":"3 Darklings","floor":35,"turns":7},{"damage":6,"enemies":"Orb Walker","floor":37,"turns":3},{"damage":20,"enemies":"3 Darklings","floor":39,"turns":5},{"damage":34,"enemies":"Nemesis","floor":42,"turns":9},{"damage":44,"enemies":"Reptomancer","floor":45,"turns":3}],"seed_played":"-1734191125251135623","potions_obtained":[{"floor":3.0,"key":"Regen Potion"},{"floor":4.0,"key":"Swift Potion"},{"floor":4.0,"key":"Ancient Potion"},{"floor":13.0,"key":"Weak Potion"},{"floor":18.0,"key":"Strength Potion"},{"floor":20.0,"key":"Ancient Potion"},{"floor":24.0,"key":"DuplicationPotion"},{"floor":29.0,"key":"SpeedPotion"},{"floor":30.0,"key":"BlessingOfTheForge"},{"floor":31,"key":"Strength Potion"},{"floor":33,"key":"Explosive Potion"}],"is_trial":false,"path_per_floor":["M","?","M","?","M","R","T","E","T","R","?","R","E","?","R","B",null,"M","?","M","?","$","R","E","R","T","R","M","E","M","M","R","B",null,"M","?","M","$","M","T","$","E","T","R","E"],"character_chosen":"IRONCLAD","items_purchased":["Apotheosis","Rampage","TheAbacus","Inflame","Kunai"],"campfire_rested":3,"item_purchase_floors":[22,22,38,38,41],"current_hp_per_floor":[62,42,41,41,36,36,36,19,19,43,40,40,15,15,39,24,80,80,80,76,76,76,76,52,52,52,52,39,35,41,46,46,28,80,58,58,58,58,44,44,44,16,16,40,0,0],"gold":350,"neow_bonus":"TRANSFORM_TWO_CARDS","is_daily":false,"chose_seed":false,"campfire_upgraded":6,"win_rate":0.0,"timestamp":1612590323,"path_taken":["M","?","M","?","?","R","?","E","T","R","?","R","E","?","R","BOSS","M","?","M","?","$","R","E","R","T","R","?","E","M","M","R","BOSS","M","?","M","$","M","?","$","E","T","R","E"],"items_purchased_type":["Card","Card","Relic","Card","Relic"],"build_version":"2020-12-22","purchased_purges":3,"victory":false,"max_hp_per_floor":[80,80,80,80,80,80,80,80,80,80,80,80,80,80,80,80,80,80,80,80,80,80,80,80,80,80,80,80,80,80,80,80,80,80,80,80,80,80,80,80,80,80,80,80,80,80],"card_choices":[{"not_picked":["Heavy Blade","Thunderclap"],"picked":"Wild Strike","floor":1.0},{"not_picked":["Blood for Blood","Uppercut"],"picked":"True Grit","floor":3.0},{"not_picked":["Wild Strike","Cleave"],"picked":"Flex","floor":5.0},{"not_picked":["Body Slam","Wild Strike"],"picked":"Disarm","floor":8.0},{"not_picked":["Thunderclap","Perfected Strike"],"picked":"Shrug It Off","floor":10.0},{"not_picked":["Dark Embrace","Disarm"],"picked":"Uppercut","floor":13.0},{"not_picked":["Pummel","Warcry"],"picked":"Disarm","floor":15.0},{"not_picked":["Feed","Offering"],"picked":"Immolate","floor":16.0},{"not_picked":["Pommel Strike","Thunderclap","Iron Wave"],"picked":"SKIP","floor":18.0},{"not_picked":["Perfected Strike","Iron Wave+1"],"picked":"Body Slam+1","floor":20.0},{"not_picked":["Second Wind","Immolate"],"picked":"Impervious","floor":24.0},{"not_picked":["Twin Strike","Heavy Blade"],"picked":"Burning Pact+1","floor":28.0},{"not_picked":["Warcry","Twin Strike"],"picked":"Infernal Blade+1","floor":29.0},{"not_picked":["Ghostly Armor","Twin Strike","Anger+1"],"picked":"SKIP","floor":30.0},{"not_picked":["Armaments","Clothesline"],"picked":"Seeing Red+1","floor":31},{"not_picked":["Brutality","Feed"],"picked":"Demon Form","floor":33},{"not_picked":["Rampage","Twin Strike"],"picked":"Shrug It Off+1","floor":35},{"not_picked":["Clash+1","Twin Strike","Sever Soul"],"picked":"SKIP","floor":37},{"not_picked":["Burning Pact","Iron Wave+1"],"picked":"Shockwave+1","floor":39},{"not_picked":["Clothesline","Dark Embrace"],"picked":"Ghostly Armor+1","floor":42}],"player_experience":120450,"relics_obtained":[{"floor":7.0,"key":"Blue Candle"},{"floor":8.0,"key":"Bottled Lightning"},{"floor":9.0,"key":"Dream Catcher"},{"floor":13.0,"key":"Red Skull"},{"floor":24.0,"key":"Bag of Preparation"},{"floor":26.0,"key":"Tiny Chest"},{"floor":29.0,"key":"Paper Frog"},{"floor":42,"key":"Torii"},{"floor":43,"key":"Bird Faced Urn"}],"event_choices":[{"damage_healed":0.0,"max_hp_gain":0.0,"max_hp_loss":0.0,"gold_gain":0.0,"event_name":"Golden Idol","player_choice":"Take Damage","floor":2.0,"gold_loss":0.0,"damage_taken":20.0,"relics_obtained":["Golden Idol"]},{"damage_healed":0.0,"max_hp_gain":0.0,"max_hp_loss":0.0,"gold_gain":0.0,"event_name":"Lab","player_choice":"Got Potions","floor":4.0,"gold_loss":0.0,"damage_taken":0.0},{"damage_healed":0.0,"max_hp_gain":0.0,"max_hp_loss":0.0,"gold_gain":0.0,"event_name":"Scrap Ooze","player_choice":"Success","floor":11.0,"gold_loss":0.0,"damage_taken":3.0,"relics_obtained":["White Beast Statue"]},{"damage_healed":0.0,"max_hp_gain":0.0,"max_hp_loss":0.0,"gold_gain":0.0,"event_name":"World of Goop","player_choice":"Left Gold","floor":14.0,"gold_loss":22.0,"damage_taken":0.0},{"damage_healed":0.0,"max_hp_gain":0.0,"max_hp_loss":0.0,"gold_gain":0.0,"event_name":"Addict","player_choice":"Obtained Relic","floor":19.0,"gold_loss":85.0,"damage_taken":0.0,"relics_obtained":["Vajra"]},{"damage_healed":0.0,"max_hp_gain":0.0,"max_hp_loss":0.0,"gold_gain":275.0,"event_name":"Golden Shrine","player_choice":"Desecrate","floor":21.0,"gold_loss":0.0,"damage_taken":0.0,"cards_obtained":["Regret"]},{"damage_healed":0,"gold_gain":333,"player_choice":"Gave Idol","damage_taken":0,"max_hp_gain":0,"max_hp_loss":0,"event_name":"The Moai Head","floor":36,"relics_lost":["Golden Idol"],"gold_loss":0}],"is_beta":false,"boss_relics":[{"not_picked":["Empty Cage","Mark of Pain"],"picked":"Astrolabe"},{"not_picked":["Black Blood","Runic Cube"],"picked":"Sozu"}],"items_purged_floors":[22,38,41],"is_endless":false,"potions_floor_spawned":[3,13,16,18,20,24,28,29,30,31,33,35,37,39,42],"killed_by":"Reptomancer","ascension_level":1}}