{"host":"d42v9a78iaxjks5w","time":1612583118,"event":{"mods":["BaseMod","BetterRewards","Colored Map","Colored Powertips","Downfall","Infinite Spire","Minty Spire (QoL Compilation)","Replay The Spire","StSLib"],"gold_per_floor":[110,110,110,56,74,23,23,23,33,58,58,69,69,80,92,109,109,211,211,223,237,237,250,250,250,250],"floor_reached":25,"language":"ENG","playtime":1141,"items_purged":[],"score":251,"play_id":"7099b06e-f872-47fd-879c-0e23f8994842","local_time":"20210205214518","is_ascension_mode":true,"campfire_choices":[],"circlet_count":0,"master_deck":["Strike_G","Strike_G","Strike_G","Strike_G","Defend_G","Defend_G","Defend_G","Defend_G","Defend_G","Survivor","Neutralize","Poisoned Stab","Poisoned Stab","Quick Slash","Cloak And Dagger","Backflip","Poison Darts","Blur","infinitespire:Collect+1","Cloak And Dagger","Draining Mist","Hidden Blade","Adrenaline","Poisoned Stab","Poisoned Stab","Bane"],"relics":["Ring of the Snake","Blue Candle","Vampiric Spirits","Bird Faced Urn","Black Star","Ancient Tea Set"],"acts_visited":["Exordium","TheCity"],"potions_floor_usage":[10,10,14,18,23,25,25],"damage_taken":[{"damage":5,"enemies":"Cultist","floor":1,"turns":6},{"damage":2,"enemies":"Jaw Worm","floor":5,"turns":3},{"damage":0,"enemies":"2 Louse","floor":9,"turns":2},{"damage":16,"enemies":"Gremlin Nob","floor":10,"turns":3},{"damage":5,"enemies":"Blue Slaver","floor":12,"turns":4},{"damage":0,"enemies":"Large Slime","floor":14,"turns":4},{"damage":8,"enemies":"3 Louse","floor":15,"turns":4},{"damage":2,"enemies":"2 Fungi Beasts","floor":16,"turns":3},{"damage":10,"enemies":"The Guardian","floor":18,"turns":10},{"damage":3,"enemies":"3 Byrds","floor":20,"turns":5},{"damage":26,"enemies":"Shell Parasite","floor":21,"turns":5},{"damage":27,"enemies":"Snake Plant","floor":23,"turns":4},{"damage":13,"enemies":"Gremlin Leader","floor":25,"turns":6}],"seed_played":"1350849743278955756","potions_obtained":[{"floor":5,"key":"SkillPotion"},{"floor":9,"key":"SkillPotion"},{"floor":10,"key":"Toxic Potion"},{"floor":14,"key":"hexamod:SoulburnPotion"},{"floor":18,"key":"BlessingOfTheForge"},{"floor":20,"key":"Poison Potion"},{"floor":21,"key":"sneckomod:MuddlingPotion"}],"is_trial":false,"path_per_floor":["M","?","?","$","M","$","PTL","PTL","M","E","T","M","?","M","M","M","R_BF","B",null,"M","M","?","M","?","E"],"character_chosen":"THE_SILENT","items_purchased":["Poisoned Stab","Cloak And Dagger"],"campfire_rested":0,"item_purchase_floors":[4,6],"current_hp_per_floor":[65,60,65,65,63,63,63,63,63,47,47,44,27,32,27,25,47,37,75,72,46,46,20,6,0,0],"gold":250,"neow_bonus":"REMOVE_CARD","is_daily":false,"chose_seed":false,"campfire_upgraded":0,"win_rate":0.0,"timestamp":1612583118,"path_taken":["M","?","?","$","M","$","PTL","PTL","M","E","T","M","?","M","M","M","R_BF","BOSS","M","M","?","M","?","E"],"items_purchased_type":["Card","Card"],"build_version":"2020-12-22","purchased_purges":0,"victory":false,"max_hp_per_floor":[70,70,75,75,75,75,75,75,75,75,75,75,75,75,75,75,75,75,75,75,75,75,75,80,80,80],"card_choices":[{"not_picked":["Flying Knee","Setup"],"picked":"Poisoned Stab","floor":1},{"not_picked":["Prepared","Catalyst"],"picked":"Quick Slash","floor":5},{"not_picked":["Sucker Punch","ReplayTheSpireMod:The Works"],"picked":"Backflip","floor":9},{"not_picked":["Blade Dance","Prepared"],"picked":"Poison Darts","floor":10},{"not_picked":["Flying Knee","Dodge and Roll"],"picked":"Blur","floor":12},{"not_picked":["ReplayTheSpireMod:Haul","ReplayTheSpireMod:Echoes of Time"],"picked":"infinitespire:Collect","floor":13},{"not_picked":["Caltrops","Acrobatics"],"picked":"Cloak And Dagger","floor":14},{"not_picked":["Dagger Throw","Underhanded Strike"],"picked":"Draining Mist","floor":15},{"not_picked":["Slice","Prepared"],"picked":"Hidden Blade","floor":16},{"not_picked":["Atom Bomb","Tools of the Trade"],"picked":"Adrenaline","floor":18},{"not_picked":["Footwork","Bouncing Flask"],"picked":"Poisoned Stab","floor":20},{"not_picked":["Sucker Punch","Blade Dance+1"],"picked":"Poisoned Stab","floor":21},{"not_picked":["Concentrate","Well Laid Plans"],"picked":"Bane","floor":23}],"player_experience":94922,"relics_obtained":[{"floor":10,"key":"Vampiric Spirits"},{"floor":11,"key":"Bird Faced Urn"}],"event_choices":[{"damage_healed":0,"gold_gain":0,"player_choice":"Donut","damage_taken":0,"max_hp_gain":5,"max_hp_loss":0,"event_name":"Big Fish","floor":3,"gold_loss":0},{"damage_healed":0,"gold_gain":0,"player_choice":"Shed Blood","damage_taken":19,"max_hp_gain":5,"max_hp_loss":0,"event_name":"Forgotten Altar","floor":24,"gold_loss":0}],"is_beta":false,"boss_relics":[{"not_picked":["Replay:Ancient Bell","Fusion Hammer"],"picked":"Black Star"}],"items_purged_floors":[],"is_endless":false,"potions_floor_spawned":[5,9,10,14,18,20,21],"killed_by":"Gremlin Leader","ascension_level":2}}