{"host":"0tiuc76yumknr6qf","time":1612575210,"event":{"mods":["BaseMod","Bestiary","Colored Map","DeckTracker","Highlight Path","Jedi Mod","Minty Spire (QoL Compilation)","StSLib"],"gold_per_floor":[119,138,154,167,187,187,216,216,216,216,236,257,257,257,257,348,348,361,361,380,398,8,8,8],"floor_reached":23,"language":"ENG","playtime":1250,"items_purged":["Strike_G"],"score":390,"play_id":"0f3a571a-1e24-40a5-9cb4-479e23964ab9","local_time":"20210205193330","is_ascension_mode":true,"campfire_choices":[{"data":"Dagger Spray","floor":6,"key":"SMITH"},{"data":"jedi:pocketpoison","floor":8,"key":"SMITH"},{"floor":15,"key":"REST"},{"data":"Phantasmal Killer","floor":19,"key":"SMITH"}],"circlet_count":0,"master_deck":["AscendersBane","Strike_G","Strike_G","Strike_G","Strike_G","Defend_G","Defend_G","Defend_G","Defend_G","Defend_G","Survivor","Neutralize","Dagger Throw","Dagger Spray+1","Quick Slash","Cloak And Dagger","Adrenaline","jedi:pocketpoison+1","Backflip","Masterful Stab","Malaise","Phantasmal Killer+1","Corpse Explosion","Terror","Blade Dance","Well Laid Plans"],"relics":["Ring of the Snake","NeowsBlessing","jedi:heavyjacket","jedi:arcanewood","Golden Idol","Black Star","Potion Belt"],"acts_visited":["Exordium","TheCity"],"potions_floor_usage":[7,16,16,23,23,23],"damage_taken":[{"damage":0,"enemies":"Cultist","floor":1,"turns":1},{"damage":0,"enemies":"2 Louse","floor":2,"turns":1},{"damage":0,"enemies":"Jaw Worm","floor":3,"turns":1},{"damage":0,"enemies":"2 Fungi Beasts","floor":4,"turns":4},{"damage":0,"enemies":"Red Slaver","floor":5,"turns":4},{"damage":44,"enemies":"Lagavulin","floor":7,"turns":7},{"damage":1,"enemies":"Exordium Thugs","floor":11,"turns":6},{"damage":0,"enemies":"3 Louse","floor":12,"turns":2},{"damage":23,"enemies":"Slime Boss","floor":16,"turns":10},{"damage":5,"enemies":"Shell Parasite","floor":18,"turns":7},{"damage":16,"enemies":"Spheric Guardian","floor":20,"turns":7},{"damage":25,"enemies":"Cultist and Chosen","floor":21,"turns":5},{"damage":3,"enemies":"Gremlin Leader","floor":23,"turns":3}],"seed_played":"-6770445361062232062","potions_obtained":[{"floor":2,"key":"jedi:tentaclejuice"},{"floor":5,"key":"CunningPotion"},{"floor":7,"key":"CunningPotion"},{"floor":14,"key":"jedi:hoardpotion"},{"floor":20,"key":"FearPotion"},{"floor":21,"key":"Dexterity Potion"}],"is_trial":false,"path_per_floor":["M","M","M","M","M","R","E","R","T","?","M","M","?","?","R","B",null,"M","R","M","M","$","E"],"character_chosen":"THE_SILENT","items_purchased":["Potion Belt","SkillPotion","Well Laid Plans"],"campfire_rested":1,"item_purchase_floors":[22,22,22],"current_hp_per_floor":[59,59,59,59,59,59,15,15,15,15,14,14,14,14,32,9,47,42,42,26,1,1,0,0],"gold":8,"neow_bonus":"THREE_ENEMY_KILL","is_daily":false,"chose_seed":false,"campfire_upgraded":3,"win_rate":0.0,"timestamp":1612575210,"path_taken":["M","M","M","?","M","R","E","R","T","?","?","M","?","?","R","BOSS","M","?","?","M","$","E"],"items_purchased_type":["Relic","Potion","Card"],"build_version":"2020-12-22","purchased_purges":1,"victory":false,"max_hp_per_floor":[66,66,66,66,66,66,66,66,66,60,60,60,60,60,60,60,60,60,60,60,60,60,60,60],"card_choices":[{"not_picked":["Sucker Punch","Outmaneuver"],"picked":"Dagger Throw","floor":1},{"not_picked":["Deflect","Slice"],"picked":"Dagger Spray","floor":2},{"not_picked":["Distraction","Dodge and Roll"],"picked":"Quick Slash","floor":3},{"not_picked":["Outmaneuver","Deadly Poison"],"picked":"Cloak And Dagger","floor":4},{"not_picked":["Leg Sweep","Eviscerate"],"picked":"Adrenaline","floor":5},{"not_picked":["Heel Hook","Slice"],"picked":"jedi:pocketpoison","floor":7},{"not_picked":["Poisoned Stab","Heel Hook"],"picked":"Backflip","floor":11},{"not_picked":["Setup","All Out Attack"],"picked":"Masterful Stab","floor":12},{"not_picked":["Bane","Sucker Punch"],"picked":"Terror","floor":18},{"not_picked":["Dagger Throw","Predator","Distraction"],"picked":"SKIP","floor":20},{"not_picked":["Reflex","Dagger Spray"],"picked":"Blade Dance","floor":21}],"player_experience":1951416,"relics_obtained":[{"floor":7,"key":"jedi:heavyjacket"},{"floor":9,"key":"jedi:arcanewood"}],"event_choices":[{"damage_healed":0,"gold_gain":0,"player_choice":"Lose Max HP","damage_taken":0,"relics_obtained":["Golden Idol"],"max_hp_gain":0,"max_hp_loss":6,"event_name":"Golden Idol","floor":10,"gold_loss":0},{"damage_healed":0,"gold_gain":0,"player_choice":"Fled","damage_taken":0,"max_hp_gain":0,"max_hp_loss":0,"event_name":"Scrap Ooze","floor":13,"gold_loss":0},{"damage_healed":0,"gold_gain":0,"player_choice":"Got Potions","damage_taken":0,"max_hp_gain":0,"max_hp_loss":0,"event_name":"Lab","floor":14,"gold_loss":0}],"is_beta":false,"boss_relics":[{"not_picked":["Velvet Choker","Cursed Key"],"picked":"Black Star"}],"items_purged_floors":[22],"is_endless":false,"potions_floor_spawned":[2,5,7,11,20,21],"killed_by":"Gremlin Leader","ascension_level":20}}