{"host":"13o02hya6v6rzuva","time":1612634897,"event":{"mods":["BaseMod","Minty Spire (QoL Compilation)","Relic Stats"],"gold_per_floor":[114,130,140,140,140,173,187,187,187],"floor_reached":8,"language":"ENG","playtime":323,"items_purged":[],"score":90,"play_id":"8af3a7f8-7f50-41cf-b4e2-18a13a0c7129","local_time":"20210206190817","is_ascension_mode":true,"campfire_choices":[],"circlet_count":0,"master_deck":["AscendersBane","Strike_G","Strike_G","Strike_G","Strike_G","Defend_G","Defend_G","Defend_G","Defend_G","Defend_G","Survivor","Neutralize","Heel Hook","Bouncing Flask","Cloak And Dagger"],"relics":["Snecko Eye","Regal Pillow","Pen Nib"],"acts_visited":["Exordium"],"potions_floor_usage":[6],"damage_taken":[{"damage":1,"enemies":"Cultist","floor":1,"turns":5},{"damage":0,"enemies":"Small Slimes","floor":2,"turns":5},{"damage":0,"enemies":"2 Louse","floor":3,"turns":3},{"damage":10,"enemies":"Lagavulin","floor":6,"turns":4},{"damage":1,"enemies":"2 Fungi Beasts","floor":7,"turns":4},{"damage":26,"enemies":"Gremlin Nob","floor":8,"turns":3}],"seed_played":"-2350360583052968431","potions_obtained":[{"floor":1,"key":"Strength Potion"},{"floor":2,"key":"AttackPotion"}],"is_trial":false,"path_per_floor":["M","M","M","?","?","E","M","E"],"character_chosen":"THE_SILENT","items_purchased":[],"campfire_rested":0,"item_purchase_floors":[],"current_hp_per_floor":[62,62,62,44,37,27,26,0,0],"gold":187,"neow_bonus":"BOSS_RELIC","is_daily":false,"chose_seed":false,"campfire_upgraded":0,"win_rate":0.0,"timestamp":1612634897,"path_taken":["M","M","M","?","?","E","M","E"],"items_purchased_type":[],"build_version":"2020-12-22","purchased_purges":0,"victory":false,"max_hp_per_floor":[70,70,70,70,70,70,70,70,70],"relic_stats":{"Regal Pillow":0,"counters":[6,24],"Snecko Eye":[48,45,42,29],"Pen Nib":[1],"obtain_stats":[{"Regal Pillow":4,"Snecko Eye":0,"Pen Nib":6,"Ring of the Snake":0},{"Regal Pillow":3,"Snecko Eye":0,"Pen Nib":4,"Ring of the Snake":0},{"Regal Pillow":13,"Snecko Eye":0,"Pen Nib":17,"Ring of the Snake":0}]},"card_choices":[{"not_picked":["Setup","All Out Attack"],"picked":"Heel Hook","floor":1},{"not_picked":["Infinite Blades","Outmaneuver"],"picked":"Bouncing Flask","floor":2},{"not_picked":["Dagger Spray","Underhanded Strike"],"picked":"Cloak And Dagger","floor":3},{"not_picked":["Setup","Acrobatics","Reflex"],"picked":"SKIP","floor":6},{"not_picked":["Tactician","Infinite Blades","Outmaneuver"],"picked":"SKIP","floor":7}],"player_experience":1190375,"relics_obtained":[{"floor":6,"key":"Pen Nib"}],"event_choices":[{"damage_healed":0,"gold_gain":0,"player_choice":"Success","damage_taken":18,"relics_obtained":["Regal Pillow"],"max_hp_gain":0,"max_hp_loss":0,"event_name":"Scrap Ooze","floor":4,"gold_loss":0},{"cards_removed":["Strike_G"],"damage_healed":0,"gold_gain":0,"player_choice":"Card Removal","damage_taken":7,"max_hp_gain":0,"max_hp_loss":0,"event_name":"Golden Wing","floor":5,"gold_loss":0}],"is_beta":false,"boss_relics":[],"items_purged_floors":[],"is_endless":false,"potions_floor_spawned":[1,2,3],"killed_by":"Gremlin Nob","ascension_level":11}}