{"host":"3y33rrrkia6pkpow","time":1612611417,"event":{"mods":["2.2 Compatiblity","AchievementEnabler","Act Like it!","BaseMod","BetterRewards","Block Reminder","Colored Map","Colored Powertips","DeckTracker","Faster Ascension Climbing","Gensokyo","Highlight Path","Infinite Spire","Minty Spire (QoL Compilation)","Quick Restart","Rare Cards Sparkle","Replay The Spire","Shop Mod","Spicy Shops","StSLib","Synergy Search","The Animator","The Blue Laboratory","Unknown Chances"],"gold_per_floor":[112,112,122,122,138,185,185,216,263,307,324,324,359,370,370,497,497,516,529,278,377,377,377,412,436,436,462,553,567,567,567,567,670,770,781,797,797,816,816,850,860,860,860,860,880,914,924,246,246,246],"floor_reached":51,"language":"ENG","playtime":8508,"items_purged":["Amnesia"],"score":1263,"play_id":"ba78ef4d-b482-4065-b5a5-581401e13b03","local_time":"20210206053657","is_ascension_mode":true,"campfire_choices":[{"data":"animator:KyokoSakura","floor":7.0,"key":"SMITH"},{"data":"animator:Hinaichigo","floor":12.0,"key":"SMITH"},{"data":"animator:FielNirvalen","floor":15.0,"key":"SMITH"},{"data":"animator:Hibiki","floor":23.0,"key":"SMITH"},{"floor":30.0,"key":"REST"},{"data":"infinitespire:Fortify","floor":32.0,"key":"SMITH"},{"floor":42.0,"key":"REST"},{"data":"animator:HinaKagiyama","floor":44.0,"key":"SMITH"},{"floor":49,"key":"REST"}],"circlet_count":0,"master_deck":["AscendersBane","animator:Strike_RozenMaiden+1","animator:Defend_RozenMaiden","animator:Strike","animator:Strike","animator:Strike+1","animator:Defend","animator:Defend","animator:Defend","animator:Souseiseki+1","animator:Hinaichigo+1","animator:Sora+1","animator:Jibril+1","animator:KyokoSakura+1","animator:YamaiSisters","animator:Mikaela+1","animator:Suiseiseki","animator:MeguKakizaki","animator:JunSakurada+10","animator:YamaiSisters+1","animator:Shirosaki","animator:FielNirvalen+1","animator:Kanaria","animator:Mikaela","animator:NaoTomori","animator:NaoTomori","animator:Hibiki+1","animator:CrowleyEusford+1","Decay","animator:MioTakamiya","animator:ElricEdward","animator:YamaiSisters","ReplayTheSpireMod:Splinters","animator:Shizu","animator:ElricEdward+1","animator:Kaijin","infinitespire:Fortify+1","animator:Shinku","animator:Kaijin","animator:Mikaela+1","animator:HinaKagiyama+1","animator:Curse_Dizziness","animator:Sora","animator:Gluttony+1","animator:Gluttony+1","animator:LimeBell","animator:TanyaDegurechaff"],"relics":["animator:LivingPicture","animator:TheMissingPiece","animator:PurgingStone","animator:MantleOfTheStrategist","Guide Book","PreservedInsect","Blood Vial","infinitespire:Bottled Soul","Replay:Baseball","infinitespire:PuzzleCube","Whetstone","ReplayTheSpireMod:DimensionalGlitch","ReplayTheSpireMod:ShopPack","Divine Protection","animator:CursedGlyph","animator:WornHelmet","Regal Pillow","Toolbox","Replay:Wanted Poster","animator:PurpleTeddyBear","Durian","Prayer Wheel","Boot","Replay:Rubber Ducky","HandDrill"],"acts_visited":["Exordium","TheCity","TheBeyond"],"potions_floor_usage":[50],"damage_taken":[{"damage":9.0,"enemies":"Jaw Worm","floor":1.0,"turns":2.0},{"damage":0.0,"enemies":"Small Slimes","floor":3.0,"turns":2.0},{"damage":0.0,"enemies":"2 Louse","floor":5.0,"turns":1.0},{"damage":7.0,"enemies":"Lagavulin","floor":6.0,"turns":6.0},{"damage":6.0,"enemies":"3 Sentries","floor":8.0,"turns":3.0},{"damage":11.0,"enemies":"Gremlin Nob","floor":10.0,"turns":3.0},{"damage":7.0,"enemies":"Large Slime","floor":11.0,"turns":5.0},{"damage":14.0,"enemies":"3 Sentries","floor":13.0,"turns":4.0},{"damage":3.0,"enemies":"Exordium Thugs","floor":14.0,"turns":4.0},{"damage":11.0,"enemies":"Hexaghost","floor":16.0,"turns":6.0},{"damage":4.0,"enemies":"Spheric Guardian","floor":18.0,"turns":3.0},{"damage":2.0,"enemies":"3 Byrds","floor":19.0,"turns":4.0},{"damage":20.0,"enemies":"Book of Stabbing","floor":24.0,"turns":4.0},{"damage":10.0,"enemies":"Snake Plant","floor":25.0,"turns":9.0},{"damage":35.0,"enemies":"Gremlin Leader","floor":27.0,"turns":7.0},{"damage":5.0,"enemies":"Snecko","floor":29.0,"turns":5.0},{"damage":4.0,"enemies":"Champ","floor":33.0,"turns":9.0},{"damage":7.0,"enemies":"3 Darklings","floor":35.0,"turns":7.0},{"damage":14.0,"enemies":"3 Shapes","floor":36.0,"turns":4.0},{"damage":18.0,"enemies":"Jaw Worm Horde","floor":38.0,"turns":6.0},{"damage":0.0,"enemies":"Reptomancer","floor":40.0,"turns":7.0},{"damage":0.0,"enemies":"Maw","floor":41.0,"turns":9.0},{"damage":9,"enemies":"Writhing Mass","floor":45,"turns":5},{"damage":0,"enemies":"R_Hoarder","floor":46,"turns":7},{"damage":26,"enemies":"Jaw Worm Horde","floor":47,"turns":6},{"damage":32,"enemies":"Donu and Deca","floor":50,"turns":10}],"seed_played":"-5697014032314201013","potions_obtained":[{"floor":1.0,"key":"animator:FalseLifePotion"},{"floor":6.0,"key":"animator:FalseLifePotion"},{"floor":8.0,"key":"SkillPotion"},{"floor":11.0,"key":"blueLaboratory:BottledHope"},{"floor":16.0,"key":"blueLaboratory:PolymorphPotion"},{"floor":24.0,"key":"blueLaboratory:FrostheartPotion"},{"floor":33.0,"key":"blueLaboratory:HummingbirdPotion"},{"floor":38.0,"key":"SkillPotion"},{"floor":40.0,"key":"BlessingOfTheForge"},{"floor":46,"key":"Cursed Concoction"}],"is_trial":false,"path_per_floor":["M","?","M","?","M","E","R","E","T","E","M","R","E","M","R","B",null,"M","M","$","?","?","R","E","M","T","E","?","M","R","AVR","R","B",null,"M","M","?","M","?","E","M","R","T","R","M","E","M","$","R","B",null],"character_chosen":"THE_ANIMATOR","items_purchased":["animator:MantleOfTheStrategist","animator:Sora","Guide Book","PreservedInsect","animator:Jibril+1","ReplayTheSpireMod:ShopPack","animator:CrowleyEusford+1","Boot","Replay:Rubber Ducky","HandDrill","blueLaboratory:BottleOfVodka","animator:LimeBell","animator:TanyaDegurechaff"],"campfire_rested":3,"item_purchase_floors":[0,0,0,0,0,20,20,48,48,48,48,48,48],"current_hp_per_floor":[36,36,36,66,66,59,59,56,56,53,54,54,49,54,54,51,64,64,66,66,66,66,66,50,44,44,13,13,9,43,43,43,45,61,58,48,48,34,34,38,42,66,71,71,66,70,48,48,72,40],"gold":246,"neow_bonus":"","is_daily":false,"chose_seed":true,"campfire_upgraded":6,"win_rate":0.0,"timestamp":1612611417,"path_taken":["M","?","M","?","M","E","R","E","T","E","M","R","E","M","R","BOSS","M","M","$","?","?","R","E","M","T","E","?","M","R","AVR","R","BOSS","M","M","?","?","?","E","M","R","T","R","M","E","M","$","R","BOSS"],"items_purchased_type":["Relic","Card","Relic","Relic","Card","Relic","Card","Relic","Relic","Relic","Potion","Card","Card"],"build_version":"2020-12-22","purchased_purges":1,"victory":true,"max_hp_per_floor":[66,66,66,66,66,66,66,67,67,67,67,67,68,68,68,68,68,68,68,68,68,68,68,64,64,64,64,64,64,64,64,64,66,66,66,66,66,66,66,66,66,66,71,71,72,72,72,72,72,72],"card_choices":[{"not_picked":["animator:Jibril","animator:NoriSakurada"],"picked":"animator:KyokoSakura","floor":1.0},{"not_picked":["animator:Millim","animator:PandorasActor"],"picked":"animator:YamaiSisters","floor":3.0},{"not_picked":["animator:NagisaMomoe","animator:Hakurou"],"picked":"animator:Mikaela","floor":5.0},{"not_picked":["animator:TomoeKashiwaba","animator:Suigintou"],"picked":"animator:Suiseiseki","floor":6.0},{"not_picked":["animator:KrulTepes","animator:ElricAlphonse"],"picked":"animator:MeguKakizaki","floor":8.0},{"not_picked":["animator:MeguKakizaki","animator:FeridBathory"],"picked":"animator:JunSakurada","floor":10.0},{"not_picked":["animator:NoriSakurada","animator:TomoeKashiwaba"],"picked":"animator:YamaiSisters","floor":11.0},{"not_picked":["animator:TomoeKashiwaba","animator:Suiseiseki"],"picked":"animator:Shirosaki","floor":13.0},{"not_picked":["animator:FeridBathory","animator:Darkness"],"picked":"animator:FielNirvalen","floor":14.0},{"not_picked":["animator:Eris","animator:Enju"],"picked":"animator:Kanaria","floor":16.0},{"not_picked":["animator:NarberalGamma","animator:Evileye+1"],"picked":"animator:Mikaela","floor":18.0},{"not_picked":["animator:Sebas","animator:OrikoMikuni+1","animator:Scar"],"picked":"SKIP","floor":19.0},{"not_picked":["animator:TakanashiRikka","animator:Emilia"],"picked":"animator:NaoTomori","floor":20.0},{"not_picked":["animator:MisaKurobane","animator:Rorona"],"picked":"animator:NaoTomori","floor":20.0},{"not_picked":["animator:Kuroyukihime","animator:Zero"],"picked":"animator:Hibiki","floor":20.0},{"not_picked":["animator:NiaHonjou","animator:ShidoItsuka"],"picked":"animator:MioTakamiya","floor":24.0},{"not_picked":["animator:Souseiseki","animator:Aqua"],"picked":"animator:ElricEdward","floor":25.0},{"not_picked":["animator:YoshinoHimekawa","animator:NoriSakurada+1"],"picked":"animator:YamaiSisters","floor":27.0},{"not_picked":["animator:Darkness","animator:Shion"],"picked":"animator:Shizu","floor":28.0},{"not_picked":["animator:Mitsuba","animator:Kazuma"],"picked":"animator:ElricEdward+1","floor":28.0},{"not_picked":["animator:NiaHonjou","animator:YachiyoNanami"],"picked":"animator:Kaijin","floor":28.0},{"not_picked":["animator:OrikoMikuni+1","animator:Souei","animator:Hinaichigo"],"picked":"SKIP","floor":29.0},{"not_picked":["animator:MadokaKaname","animator:Enju"],"picked":"animator:Shinku","floor":33.0},{"not_picked":["animator:Yoichi+1","animator:NagisaMomoe+1"],"picked":"animator:Kaijin","floor":36.0},{"not_picked":["animator:FeridBathory","animator:MikuIzayoi"],"picked":"animator:Mikaela+1","floor":38.0},{"not_picked":["animator:Mitsuba","animator:KyokoSakura"],"picked":"animator:Sora","floor":40.0},{"not_picked":["animator:Hinaichigo","animator:Suiseiseki"],"picked":"animator:JunSakurada","floor":41.0},{"not_picked":["animator:MaesHughes","animator:Vanir+1"],"picked":"animator:Gluttony+1","floor":45},{"not_picked":["animator:NagisaMomoe","animator:Vanir","animator:YuiTsuruno"],"picked":"SKIP","floor":46},{"not_picked":["animator:Aqua","animator:NiaHonjou"],"picked":"animator:Gluttony+1","floor":47},{"not_picked":["animator:DolaRiku+1","animator:Benimaru","animator:ShidoItsuka+1"],"picked":"SKIP","floor":47}],"player_experience":979261,"relics_obtained":[{"floor":6.0,"key":"Blood Vial"},{"floor":8.0,"key":"infinitespire:Bottled Soul"},{"floor":9.0,"key":"Replay:Baseball"},{"floor":10.0,"key":"infinitespire:PuzzleCube"},{"floor":13.0,"key":"Whetstone"},{"floor":24.0,"key":"Divine Protection"},{"floor":24.0,"key":"animator:CursedGlyph"},{"floor":26.0,"key":"animator:WornHelmet"},{"floor":27.0,"key":"Regal Pillow"},{"floor":40.0,"key":"animator:PurpleTeddyBear"},{"floor":43.0,"key":"Durian"},{"floor":46,"key":"Prayer Wheel"}],"event_choices":[{"damage_healed":0.0,"max_hp_gain":0.0,"max_hp_loss":0.0,"gold_gain":99.0,"event_name":"Nest","player_choice":"Stole From Cult","floor":21.0,"gold_loss":0.0,"damage_taken":0.0},{"damage_healed":0.0,"max_hp_gain":0.0,"max_hp_loss":0.0,"gold_gain":0.0,"event_name":"Forgotten Altar","player_choice":"Smashed Altar","floor":22.0,"gold_loss":0.0,"damage_taken":0.0,"cards_obtained":["Decay"]},{"damage_healed":0.0,"max_hp_gain":0.0,"max_hp_loss":0.0,"gold_gain":0.0,"event_name":"Match and Keep!","player_choice":"0 cards matched","floor":37.0,"gold_loss":0.0,"damage_taken":0.0,"cards_obtained":[]}],"is_beta":false,"boss_relics":[{"not_picked":["animator:VividPicture","Empty Cage"],"picked":"ReplayTheSpireMod:DimensionalGlitch"},{"not_picked":["Black Star","ChewingGum"],"picked":"Replay:Wanted Poster"}],"items_purged_floors":[20],"is_endless":false,"potions_floor_spawned":[1,6,8,11,16,24,33,38,40,41,46],"ascension_level":10}}