{"host":"hf83sijwe64ts2lm","time":1612645855,"event":{"mods":["2.2 Compatiblity","BaseMod","Better Altar","Better Match","Better Note","Better Sensory Stone","Better Skull","Better Third Choice","Colored Map","Colored Powertips","Highlight Path","Hubris","Infinite Spire","Minty Spire (QoL Compilation)","Quick Restart","Rare Cards Sparkle","Relic Stats","Reliquary","Replay The Spire","Shop Mod","Spicy Shops","Spire Arcade","StSLib","Thieving Mod"],"gold_per_floor":[110,110,125,143,156,156,9,9,55,66,66,94,94,107,107,202,202,212,182,199,6,6,39,39,51,51,71,71,71],"floor_reached":28,"language":"ENG","playtime":728,"items_purged":[],"score":276,"play_id":"58730ae2-befb-45e7-b526-df9b651fda12","local_time":"20210206161055","is_ascension_mode":true,"campfire_choices":[{"floor":6.0,"key":"REST"},{"floor":8.0,"key":"RECALL"},{"floor":11.0,"key":"REST"},{"floor":13.0,"key":"REST"},{"floor":15.0,"key":"REST"},{"floor":24.0,"key":"REST"}],"circlet_count":0,"master_deck":["Strike_G","Strike_G","Strike_G","Strike_G","Strike_G","Defend_G","Defend_G","Defend_G","Defend_G","Defend_G","Survivor","Neutralize","Enlightenment","Catalyst","Catalyst","Blade Dance","Deadly Poison","Hidden Blade","Bouncing Flask","Deflect","Corpse Explosion","Hidden Blade","PiercingWail+1","Footwork","Discovery","Bane","Backflip","infinitespire:Neurotoxin"],"relics":["Ring of the Snake","reliquary:WeakTea","Replay:Bottled Snecko","hubris:Backtick","hubris:GlazedTorus","infinitespire:Eraser","Ginger"],"acts_visited":["Exordium","TheCity"],"potions_floor_usage":[25],"damage_taken":[{"damage":1.0,"enemies":"Jaw Worm","floor":1.0,"turns":3.0},{"damage":13.0,"enemies":"Cultist","floor":3.0,"turns":6.0},{"damage":6.0,"enemies":"2 Louse","floor":4.0,"turns":5.0},{"damage":6.0,"enemies":"Lots of Slimes","floor":5.0,"turns":5.0},{"damage":14.0,"enemies":"3 Louse","floor":10.0,"turns":4.0},{"damage":41.0,"enemies":"Lagavulin","floor":12.0,"turns":6.0},{"damage":8.0,"enemies":"Large Slime","floor":14.0,"turns":6.0},{"damage":29.0,"enemies":"Hexaghost","floor":16.0,"turns":8.0},{"damage":11.0,"enemies":"Shell Parasite","floor":18.0,"turns":5.0},{"damage":3.0,"enemies":"3 Byrds","floor":20.0,"turns":3.0},{"damage":39.0,"enemies":"Gremlin Leader","floor":23.0,"turns":7.0},{"damage":25,"enemies":"Centurion and Healer","floor":25,"turns":3},{"damage":12,"enemies":"Snecko","floor":27,"turns":4},{"damage":5,"enemies":"Shelled Parasite and Fungi","floor":28,"turns":1}],"seed_played":"242966511896318030","potions_obtained":[{"floor":3.0,"key":"SkillPotion"},{"floor":4.0,"key":"AttackPotion"},{"floor":10.0,"key":"PowerPotion"},{"floor":16.0,"key":"Explosive Potion"},{"floor":19.0,"key":"Adrenaline Potion"},{"floor":19.0,"key":"EntropicBrew"},{"floor":23.0,"key":"DuplicationPotion"}],"is_trial":false,"path_per_floor":["M","?","M","M","M","R","$","R","T","M","R","E","R","M","R","B",null,"M","?","M","$","?","E","R","M","T","M","M"],"character_chosen":"THE_SILENT","items_purchased":["reliquary:WeakTea","Footwork","Discovery"],"campfire_rested":5,"item_purchase_floors":[7,21,21],"current_hp_per_floor":[69,69,56,50,44,65,65,65,65,51,70,29,50,42,63,34,70,59,59,56,56,56,17,38,13,13,1,0,0],"gold":71,"neow_bonus":"RANDOM_COLORLESS","is_daily":false,"chose_seed":false,"campfire_upgraded":0,"win_rate":0.0,"timestamp":1612645855,"path_taken":["M","?","M","M","?","R","$","R","T","M","R","E","R","M","R","BOSS","M","?","?","$","?","E","R","M","T","?","M"],"items_purchased_type":["Relic","Card","Card"],"build_version":"2020-12-22","purchased_purges":0,"victory":false,"max_hp_per_floor":[70,70,70,70,70,70,70,70,70,70,70,70,70,70,70,70,70,70,70,70,70,70,70,70,70,70,70,70,70],"relic_stats":{"counters":[14,66],"Ginger":[0],"obtain_stats":[{"hubris:Backtick":17,"reliquary:WeakTea":7,"Replay:Bottled Snecko":12,"Ginger":26,"infinitespire:Eraser":23,"Ring of the Snake":0,"hubris:GlazedTorus":17},{"hubris:Backtick":8,"reliquary:WeakTea":4,"Replay:Bottled Snecko":6,"Ginger":12,"infinitespire:Eraser":11,"Ring of the Snake":0,"hubris:GlazedTorus":8},{"hubris:Backtick":43,"reliquary:WeakTea":19,"Replay:Bottled Snecko":29,"Ginger":61,"infinitespire:Eraser":58,"Ring of the Snake":0,"hubris:GlazedTorus":43}],"Ring of the Snake":[28]},"card_choices":[{"not_picked":["Replay:Bootleg Shield Generator","Dark Shackles"],"picked":"Enlightenment","floor":0.0},{"not_picked":["PiercingWail","Underhanded Strike"],"picked":"Replay:Poison Smokescreen","floor":1.0},{"not_picked":["Hidden Blade","Slice"],"picked":"Catalyst","floor":3.0},{"not_picked":["Quick Slash","Underhanded Strike"],"picked":"Blade Dance","floor":4.0},{"not_picked":["Prepared","Flechettes"],"picked":"Deadly Poison","floor":5.0},{"not_picked":["Poisoned Stab","ReplayTheSpireMod:Tripwire"],"picked":"Hidden Blade","floor":10.0},{"not_picked":["Poisoned Stab","PiercingWail"],"picked":"Bouncing Flask","floor":12.0},{"not_picked":["Blur","ReplayTheSpireMod:Tripwire"],"picked":"Deflect","floor":14.0},{"not_picked":["Storm of Steel","Night Terror"],"picked":"Corpse Explosion","floor":16.0},{"not_picked":["ReplayTheSpireMod:The Works","Tactician"],"picked":"Hidden Blade","floor":18.0},{"not_picked":["Concentrate","Backflip"],"picked":"PiercingWail+1","floor":20.0},{"not_picked":["Poisoned Stab","Heel Hook"],"picked":"Bane","floor":23.0},{"not_picked":["Skewer+1","Reflex"],"picked":"Backflip","floor":25},{"not_picked":["Dagger Throw","Flying Knee"],"picked":"infinitespire:Neurotoxin","floor":27}],"player_experience":146914,"relics_obtained":[{"floor":12.0,"key":"Replay:Bottled Snecko"},{"floor":23.0,"key":"infinitespire:Eraser"},{"floor":26,"key":"Ginger"}],"event_choices":[{"damage_healed":0.0,"max_hp_gain":0.0,"max_hp_loss":0.0,"gold_gain":0.0,"cards_transformed":["Replay:Poison Smokescreen"],"event_name":"Transmorgrifier","player_choice":"Transformed","floor":2.0,"gold_loss":0.0,"damage_taken":0.0,"cards_obtained":["Catalyst"]},{"damage_healed":0.0,"max_hp_gain":0.0,"max_hp_loss":0.0,"gold_gain":0.0,"event_name":"The Woman in Blue","player_choice":"Bought 2 Potions","floor":19.0,"gold_loss":0.0,"damage_taken":0.0},{"damage_healed":0.0,"max_hp_gain":0.0,"max_hp_loss":0.0,"gold_gain":0.0,"event_name":"Purifier","player_choice":"Ignored","floor":22.0,"gold_loss":0.0,"damage_taken":0.0}],"is_beta":false,"boss_relics":[{"not_picked":["reliquary:Craggleroot","Snecko Scales"],"picked":"hubris:Backtick"}],"items_purged_floors":[],"is_endless":false,"potions_floor_spawned":[3,4,10,16,23],"killed_by":"Shelled Parasite and Fungi","ascension_level":3}}