{"host":"jn2qdns2nxijvlnt","time":1612649121,"event":{"mods":["BaseMod","Minty Spire (QoL Compilation)","Quick Restart"],"gold_per_floor":[218,493,506,517,39,68,68,98,122,147,159,159,174,201,201,300,300,317,69,79,179,194,194,214,214,267,267,349,364,364,15,15,119,119,119,119,119],"floor_reached":36,"language":"ENG","playtime":4007,"items_purged":["Regret","Pain"],"score":636,"play_id":"c1fc91dd-86d9-4464-9f36-bed137a7604e","local_time":"20210206170521","is_ascension_mode":true,"campfire_choices":[{"floor":7.0,"key":"REST"},{"floor":12.0,"key":"REST"},{"floor":15.0,"key":"REST"},{"floor":23.0,"key":"REST"},{"floor":30.0,"key":"REST"},{"data":"Accuracy","floor":32.0,"key":"SMITH"}],"circlet_count":0,"master_deck":["AscendersBane","Strike_G","Strike_G","Strike_G","Strike_G","Strike_G","Defend_G","Defend_G","Defend_G","Defend_G","Defend_G","Survivor","Neutralize","Backflip","Accuracy+1","Die Die Die","Catalyst","Catalyst","Sucker Punch","Poisoned Stab","Die Die Die","Deadly Poison","Blade Dance","Cloak And Dagger","Poisoned Stab","Shame","Envenom"],"relics":["Ring of the Snake","Vajra","Lantern","Odd Mushroom","Bronze Scales","Gremlin Horn","TungstenRod","Cursed Key","Juzu Bracelet","Centennial Puzzle","Molten Egg 2","Lee\u0027s Waffle","HoveringKite"],"acts_visited":["Exordium","TheCity","TheBeyond"],"potions_floor_usage":[35],"damage_taken":[{"damage":4.0,"enemies":"Small Slimes","floor":1.0,"turns":5.0},{"damage":9.0,"enemies":"Cultist","floor":3.0,"turns":5.0},{"damage":0.0,"enemies":"2 Louse","floor":4.0,"turns":5.0},{"damage":5.0,"enemies":"3 Sentries","floor":6.0,"turns":5.0},{"damage":0.0,"enemies":"The Mushroom Lair","floor":8.0,"turns":1.0},{"damage":49.0,"enemies":"Lagavulin","floor":10.0,"turns":8.0},{"damage":0.0,"enemies":"Looter","floor":11.0,"turns":2.0},{"damage":3.0,"enemies":"Exordium Thugs","floor":13.0,"turns":3.0},{"damage":2.0,"enemies":"3 Sentries","floor":14.0,"turns":5.0},{"damage":42.0,"enemies":"Hexaghost","floor":16.0,"turns":13.0},{"damage":19.0,"enemies":"Shell Parasite","floor":18.0,"turns":4.0},{"damage":5.0,"enemies":"2 Thieves","floor":20.0,"turns":3.0},{"damage":22.0,"enemies":"Snecko","floor":22.0,"turns":5.0},{"damage":13.0,"enemies":"Shelled Parasite and Fungi","floor":24.0,"turns":4.0},{"damage":10.0,"enemies":"Snake Plant","floor":29.0,"turns":2.0},{"damage":90,"enemies":"Automaton","floor":33,"turns":10},{"damage":0,"enemies":"3 Darklings","floor":35,"turns":1},{"damage":65,"enemies":"2 Orb Walkers","floor":36,"turns":4}],"seed_played":"2340201806883047598","potions_obtained":[{"floor":3.0,"key":"ColorlessPotion"},{"floor":6.0,"key":"SteroidPotion"},{"floor":8.0,"key":"CunningPotion"},{"floor":14.0,"key":"Fire Potion"},{"floor":16.0,"key":"LiquidBronze"},{"floor":24.0,"key":"ColorlessPotion"},{"floor":33,"key":"SmokeBomb"}],"is_trial":false,"path_per_floor":["M","?","M","M","$","E","R","?","T","E","M","R","M","E","R","B",null,"M","$","M","?","M","R","M","?","T","?","T","M","R","$","R","B",null,"M","?"],"character_chosen":"THE_SILENT","items_purchased":["Vajra","Accuracy","Die Die Die","Catalyst","Juzu Bracelet","Blade Dance","CunningPotion","Lee\u0027s Waffle","FairyPotion"],"campfire_rested":5,"item_purchase_floors":[5,5,5,5,19,19,19,31,31],"current_hp_per_floor":[59,59,50,50,50,45,66,66,66,17,17,38,35,33,54,12,56,37,37,32,32,10,31,18,18,18,18,18,8,29,77,77,23,64,64,0,0],"gold":119,"neow_bonus":"HUNDRED_GOLD","is_daily":false,"chose_seed":false,"campfire_upgraded":1,"win_rate":0.0,"timestamp":1612649121,"path_taken":["M","?","M","?","$","E","R","?","T","E","M","R","M","E","R","BOSS","M","$","M","?","M","R","M","?","T","?","?","M","R","$","R","BOSS","M","?"],"items_purchased_type":["Relic","Card","Card","Card","Relic","Card","Potion","Relic","Potion"],"build_version":"2020-12-22","purchased_purges":2,"victory":false,"max_hp_per_floor":[70,70,70,70,70,70,70,70,70,70,70,70,70,70,70,70,70,70,70,70,70,70,70,70,70,70,70,70,70,70,77,77,77,77,77,77,77],"card_choices":[{"not_picked":["Underhanded Strike","Outmaneuver","Well Laid Plans"],"picked":"SKIP","floor":1.0},{"not_picked":["Deadly Poison","Dash"],"picked":"Backflip","floor":3.0},{"not_picked":["Acrobatics","Deflect","Reflex"],"picked":"SKIP","floor":4.0},{"not_picked":["Well Laid Plans","Sucker Punch","Outmaneuver"],"picked":"SKIP","floor":6.0},{"not_picked":["Slice","Well Laid Plans"],"picked":"Catalyst","floor":8.0},{"not_picked":["Slice","Acrobatics"],"picked":"Sucker Punch","floor":10.0},{"not_picked":["Choke","Backflip","Dash"],"picked":"SKIP","floor":11.0},{"not_picked":["Tactician","Night Terror"],"picked":"Poisoned Stab","floor":13.0},{"not_picked":["Expertise","Deadly Poison","All Out Attack"],"picked":"SKIP","floor":14.0},{"not_picked":["Tools of the Trade","Glass Knife"],"picked":"Die Die Die","floor":16.0},{"not_picked":["Quick Slash","Finisher"],"picked":"Deadly Poison","floor":18.0},{"not_picked":["PiercingWail","Deadly Poison"],"picked":"Cloak And Dagger","floor":20.0},{"not_picked":["Sucker Punch","Riddle With Holes","Prepared+1"],"picked":"SKIP","floor":22.0},{"not_picked":["Sucker Punch","Bane"],"picked":"Poisoned Stab","floor":24.0},{"not_picked":["Deflect","Flechettes+1","Calculated Gamble"],"picked":"SKIP","floor":29.0},{"not_picked":["A Thousand Cuts","Doppelganger"],"picked":"Envenom","floor":33}],"player_experience":580386,"relics_obtained":[{"floor":6.0,"key":"Lantern"},{"floor":8.0,"key":"Odd Mushroom"},{"floor":9.0,"key":"Bronze Scales"},{"floor":10.0,"key":"Gremlin Horn"},{"floor":14.0,"key":"TungstenRod"},{"floor":26.0,"key":"Centennial Puzzle"},{"floor":28.0,"key":"Molten Egg 2"}],"event_choices":[{"damage_healed":0.0,"max_hp_gain":0.0,"max_hp_loss":0.0,"gold_gain":275.0,"event_name":"Golden Shrine","player_choice":"Desecrate","floor":2.0,"gold_loss":0.0,"damage_taken":0.0,"cards_obtained":["Regret"]},{"damage_healed":0.0,"max_hp_gain":0.0,"max_hp_loss":0.0,"gold_gain":0.0,"event_name":"Mushrooms","player_choice":"Fought Mushrooms","floor":8.0,"gold_loss":0.0,"damage_taken":0.0},{"damage_healed":0.0,"max_hp_gain":0.0,"max_hp_loss":0.0,"gold_gain":100.0,"event_name":"Golden Shrine","player_choice":"Pray","floor":21.0,"gold_loss":0.0,"damage_taken":0.0},{"damage_healed":0.0,"max_hp_gain":0.0,"max_hp_loss":0.0,"gold_gain":0.0,"event_name":"Vampires","player_choice":"Ignored","floor":25.0,"gold_loss":0.0,"damage_taken":0.0},{"damage_healed":0.0,"max_hp_gain":0.0,"max_hp_loss":0.0,"gold_gain":0.0,"event_name":"Ghosts","player_choice":"Ignored","floor":27.0,"gold_loss":0.0,"damage_taken":0.0},{"damage_healed":0,"gold_gain":0,"player_choice":"Fight","damage_taken":0,"max_hp_gain":0,"max_hp_loss":0,"event_name":"Mysterious Sphere","floor":36,"gold_loss":0}],"is_beta":false,"boss_relics":[{"not_picked":["Ring of the Serpent","Tiny House"],"picked":"Cursed Key"},{"not_picked":["Sozu","Runic Pyramid"],"picked":"HoveringKite"}],"items_purged_floors":[5,31],"is_endless":false,"potions_floor_spawned":[3,6,8,14,16,24,33,35],"killed_by":"2 Orb Walkers","ascension_level":12}}