{"host":"osk2oboccoevp2u5","time":1612576682,"event":{"mods":["AchievementEnabler","Alarm Clock","BaseMod","Colored Powertips","Disable Question Mark Monsters","Displayed Cursed Tome","FoggyMod","Key Reminder","Minty Spire (QoL Compilation)","Potion Indicator Mod","Quick Restart","Rare Cards Sparkle","Reorder Act Four","StSLib","The Senshi","Useless Jewels Mod"],"gold_per_floor":[117,117,15,15,15,15,42,62,62,62,74,74,149,14,14,133,133,117,117,117,117,21,21,21,21,75,75,26,26,26,40,40,142,142,162,162,14,41,57,57,57,57,57,57,4,4,4,4],"floor_reached":47,"language":"ENG","playtime":3049,"items_purged":["theSenshi:SailorKick","theSenshi:SailorBlock"],"score":604,"play_id":"047bb2a8-aed1-4dc1-9753-9a3351487cef","local_time":"20210205215802","is_ascension_mode":false,"campfire_choices":[{"floor":6,"key":"REST"},{"floor":10,"key":"REST"},{"floor":15,"key":"REST"},{"data":"J.A.X.","floor":25,"key":"SMITH"},{"data":"theSenshi:MoonPrincessHalation","floor":27,"key":"SMITH"},{"data":"theSenshi:MoonCrystalPowerMakeUp","floor":29,"key":"SMITH"},{"data":"theSenshi:SailorVenusAssists","floor":32,"key":"SMITH"},{"floor":40,"key":"RECALL"},{"data":"theSenshi:CrisisMakeUp","floor":46,"key":"SMITH"}],"circlet_count":0,"master_deck":["theSenshi:SailorKick+1","theSenshi:SailorBlock+1","theSenshi:RoseThrow","theSenshi:MoonPrismPowerMakeUp","theSenshi:MoonPrincessHalation+1","theSenshi:SailorChibiMoonAssists+1","theSenshi:LateForSchool","theSenshi:LateForSchool","theSenshi:CrisisMakeUp+1","theSenshi:MoonCrystalPowerMakeUp+1","theSenshi:ChibiMoonsLove","theSenshi:SailorMarsAssists","J.A.X.+1","RitualDagger","theSenshi:SchoolBag","theSenshi:MoonSpiralHeartAttack","theSenshi:SailorVenusAssists+1","theSenshi:MoonGorgeousMeditation","theSenshi:MoonsReflection","theSenshi:SchoolBag"],"relics":["theSenshi:TransformationBroochRelic","theSenshi:CrisisMoonCompactRelic","theSenshi:EternalTiareRelic","Bloody Idol","SlaversCollar","Regal Pillow","Runic Pyramid","theSenshi:RedHairPiecesRelic"],"acts_visited":["Exordium","TheCity","TheBeyond","TheEnding"],"potions_floor_usage":[16,16,24],"damage_taken":[{"damage":3,"enemies":"Jaw Worm","floor":1,"turns":5},{"damage":47,"enemies":"Gremlin Nob","floor":7,"turns":6},{"damage":4,"enemies":"Cultist","floor":8,"turns":3},{"damage":0,"enemies":"Small Slimes","floor":11,"turns":4},{"damage":4,"enemies":"The Guardian","floor":16,"turns":13},{"damage":14,"enemies":"2 Thieves","floor":18,"turns":4},{"damage":0,"enemies":"Gremlin Leader","floor":24,"turns":1},{"damage":7,"enemies":"Chosen","floor":31,"turns":3},{"damage":69,"enemies":"Champ","floor":33,"turns":9},{"damage":14,"enemies":"Orb Walker","floor":35,"turns":4},{"damage":27,"enemies":"3 Shapes","floor":39,"turns":7},{"damage":125,"enemies":"Donu and Deca","floor":43,"turns":11},{"damage":87,"enemies":"Shield and Spear","floor":47,"turns":3}],"seed_played":"659060408980468959","potions_obtained":[{"floor":7,"key":"SteroidPotion"},{"floor":8,"key":"Weak Potion"},{"floor":18,"key":"SmokeBomb"}],"is_trial":false,"path_per_floor":["M","?","$","?","?","R","E","M","T","R","M","?","?","$","R","B",null,"M","?","?","?","$","?","E","R","T","R","$","R","?","M","R","B",null,"M","?","$","T","M","R","?","?","B",null,"$","R","E"],"character_chosen":"THE_SENSHI","items_purchased":["theSenshi:LateForSchool","theSenshi:MoonCrystalPowerMakeUp","Good Instincts","theSenshi:SchoolBag","theSenshi:RedHairPiecesRelic","theSenshi:SchoolBag"],"campfire_rested":3,"item_purchase_floors":[3,14,22,28,37,45],"current_hp_per_floor":[72,72,72,57,50,72,25,21,21,43,43,25,14,14,36,32,75,61,61,61,61,61,55,55,55,60,60,60,60,60,68,68,14,75,66,66,66,71,59,59,59,59,10,75,75,75,0,0],"gold":4,"neow_bonus":"TRANSFORM_CARD","is_daily":false,"chose_seed":false,"campfire_upgraded":5,"win_rate":0.0,"timestamp":1612576682,"path_taken":["M","?","?","?","?","R","E","?","T","R","?","?","?","$","R","BOSS","M","?","?","?","$","?","E","R","T","R","?","R","?","?","R","BOSS","M","?","$","?","?","R","?","?","BOSS","$","R","E"],"items_purchased_type":["Card","Card","Card","Card","Relic","Card"],"build_version":"2020-12-22","purchased_purges":2,"victory":false,"max_hp_per_floor":[75,75,75,75,75,75,75,75,75,75,75,75,75,75,75,75,75,75,75,75,75,75,75,75,75,75,75,75,75,75,75,75,75,75,75,75,75,75,75,75,75,75,75,75,75,75,75,75],"card_choices":[{"not_picked":["theSenshi:SchoolBag","theSenshi:TallSilhouette"],"picked":"theSenshi:SailorChibiMoonAssists","floor":1},{"not_picked":["theSenshi:GatheringStrength","theSenshi:SailorPlanetAttack"],"picked":"theSenshi:LateForSchool","floor":7},{"not_picked":["theSenshi:LunaSensingAllies","theSenshi:SailorVenusAssists","theSenshi:MoonPunch"],"picked":"SKIP","floor":8},{"not_picked":["theSenshi:SailorMercuryAssists","theSenshi:EncouragingSpeech"],"picked":"theSenshi:CrisisMakeUp","floor":11},{"not_picked":["theSenshi:SailorStarHealerAssists","theSenshi:MoonGorgeousMeditation"],"picked":"theSenshi:ChibiMoonsLove","floor":16},{"not_picked":["theSenshi:TuxedoSmokingBomber","theSenshi:MoonsReflection"],"picked":"theSenshi:SailorMarsAssists","floor":18},{"not_picked":["theSenshi:SailorStarFighterAssists","theSenshi:SailorV"],"picked":"theSenshi:SailorVenusAssists","floor":31},{"not_picked":["theSenshi:StudyParty","theSenshi:IWillPunishYou"],"picked":"theSenshi:MoonGorgeousMeditation","floor":33},{"not_picked":["theSenshi:MoonKick","theSenshi:TuxedoSmokingBomber+1"],"picked":"theSenshi:MoonsReflection","floor":35},{"not_picked":["theSenshi:LunasBite","theSenshi:SailorNeptuneAssists+1","theSenshi:SailorMarsAssists"],"picked":"SKIP","floor":39}],"player_experience":921797,"relics_obtained":[{"floor":7,"key":"theSenshi:CrisisMoonCompactRelic"},{"floor":9,"key":"theSenshi:EternalTiareRelic"},{"floor":26,"key":"Regal Pillow"}],"event_choices":[{"damage_healed":0,"gold_gain":0,"player_choice":"Forge","damage_taken":0,"max_hp_gain":0,"max_hp_loss":0,"event_name":"Accursed Blacksmith","floor":2,"gold_loss":0,"cards_upgraded":["theSenshi:SailorChibiMoonAssists"]},{"damage_healed":0,"gold_gain":0,"player_choice":"Entered Light","damage_taken":15,"max_hp_gain":0,"max_hp_loss":0,"event_name":"Shining Light","floor":4,"gold_loss":0,"cards_upgraded":["theSenshi:SailorKick","theSenshi:SailorBlock"]},{"cards_removed":["theSenshi:SailorKick"],"damage_healed":0,"gold_gain":0,"player_choice":"Card Removal","damage_taken":7,"max_hp_gain":0,"max_hp_loss":0,"event_name":"Golden Wing","floor":5,"gold_loss":0},{"damage_healed":0,"gold_gain":0,"player_choice":"Take Damage","damage_taken":18,"relics_obtained":["Golden Idol"],"max_hp_gain":0,"max_hp_loss":0,"event_name":"Golden Idol","floor":12,"gold_loss":0},{"damage_healed":0,"gold_gain":75,"player_choice":"Gather Gold","damage_taken":11,"max_hp_gain":0,"max_hp_loss":0,"event_name":"World of Goop","floor":13,"gold_loss":0},{"damage_healed":0,"gold_gain":0,"player_choice":"Obtain J.A.X.","damage_taken":0,"max_hp_gain":0,"max_hp_loss":0,"event_name":"Drug Dealer","floor":19,"gold_loss":0,"cards_obtained":["J.A.X."]},{"damage_healed":0,"gold_gain":0,"player_choice":"Gave Idol","damage_taken":0,"relics_obtained":["Bloody Idol"],"max_hp_gain":0,"max_hp_loss":0,"event_name":"Forgotten Altar","floor":20,"relics_lost":["Golden Idol"],"gold_loss":0},{"cards_removed":["theSenshi:SailorBlock"],"damage_healed":0,"gold_gain":0,"player_choice":"Elegance","damage_taken":0,"max_hp_gain":0,"max_hp_loss":0,"event_name":"Back to Basics","floor":21,"gold_loss":0},{"damage_healed":0,"gold_gain":0,"player_choice":"Joined the Cult","damage_taken":6,"max_hp_gain":0,"max_hp_loss":0,"event_name":"Nest","floor":23,"gold_loss":0,"cards_obtained":["RitualDagger"]},{"damage_healed":0,"gold_gain":0,"player_choice":"Read","damage_taken":0,"max_hp_gain":0,"max_hp_loss":0,"event_name":"The Library","floor":30,"gold_loss":0,"cards_obtained":["theSenshi:MoonSpiralHeartAttack"]},{"cards_removed":["theSenshi:SailorBlock"],"damage_healed":0,"gold_gain":0,"player_choice":"Purged","damage_taken":0,"max_hp_gain":0,"max_hp_loss":0,"event_name":"Purifier","floor":36,"gold_loss":0},{"cards_removed":["Good Instincts"],"damage_healed":0,"gold_gain":0,"player_choice":"Removed Skill","damage_taken":0,"max_hp_gain":0,"max_hp_loss":0,"event_name":"Falling","floor":41,"gold_loss":0},{"damage_healed":0,"gold_gain":0,"player_choice":"Took Portal","damage_taken":0,"max_hp_gain":0,"max_hp_loss":0,"event_name":"SecretPortal","floor":42,"gold_loss":0}],"is_beta":false,"boss_relics":[{"not_picked":["Philosopher\u0027s Stone","SacredBark"],"picked":"SlaversCollar"},{"not_picked":["Black Star","Pandora\u0027s Box"],"picked":"Runic Pyramid"}],"items_purged_floors":[3,14],"is_endless":false,"potions_floor_spawned":[7,8,18,24],"killed_by":"Shield and Spear","ascension_level":0}}