{"host":"qeogwbudlaqzb6hy","time":1612593839,"event":{"mods":["BaseMod","Downfall","Minty Spire (QoL Compilation)","StSLib"],"gold_per_floor":[99,117,135,153,153,153,153,172,191,202,202,212,212,212,224,329,329,329,329,329,199,212,212,258,258,358,384,284,318,333,350,367,367,367,367],"floor_reached":33,"language":"ENG","playtime":1147,"items_purged":["bronze:Strike","bronze:Strike"],"score":259,"play_id":"9abbf5d4-f0a7-4ca6-9b34-80f7ad178483","local_time":"20210206164359","is_ascension_mode":false,"campfire_choices":[{"data":"bronze:Replicate","floor":1,"key":"SMITH"},{"data":"bronze:Overheat","floor":6,"key":"SMITH"},{"floor":11,"key":"REST"},{"floor":13,"key":"REST"},{"data":"bronze:WhirlingStrike","floor":18,"key":"SMITH"},{"data":"bronze:Return","floor":23,"key":"SMITH"},{"data":"bronze:GetLatest","floor":25,"key":"SMITH"},{"data":"bronze:Shell","floor":28,"key":"SMITH"}],"circlet_count":0,"master_deck":["bronze:Strike","bronze:Defend","bronze:Defend","bronze:Defend","bronze:Defend","bronze:Replicate+1","bronze:Goto+1","bronze:Overheat+1","bronze:BronzeArmor","bronze:WhirlingStrike+1","bronze:Flail+1","bronze:DelayedSlice+1","bronze:InfiniteLoop+1","bronze:Overheat+1","bronze:WhirlingStrike+1","bronze:RecursiveStrike+1","bronze:Branch+1","bronze:GetLatest+1","bronze:Return+1","bronze:Philosophize","bronze:Shell+1","bronze:Boost","bronze:Branch+1","bronze:Frontload","bronze:ForLoop"],"relics":["bronze:BronzeCore","Molten Egg 2","Philosopher\u0027s Stone","MutagenicStrength","Happy Flower","Bronze Scales","downfall:HeartBlessingGreen","Bag of Preparation"],"acts_visited":["Exordium","TheCity"],"potions_floor_usage":[27,33,33,33],"damage_taken":[{"damage":0,"enemies":"Small Slimes","floor":2,"turns":3},{"damage":2,"enemies":"2 Louse","floor":3,"turns":2},{"damage":8,"enemies":"Jaw Worm","floor":4,"turns":4},{"damage":29,"enemies":"Gremlin Gang","floor":8,"turns":3},{"damage":0,"enemies":"Large Slime","floor":9,"turns":4},{"damage":20,"enemies":"Exordium Wildlife","floor":10,"turns":3},{"damage":0,"enemies":"Gremlin Gang","floor":12,"turns":2},{"damage":11,"enemies":"Red Slaver","floor":15,"turns":4},{"damage":32,"enemies":"SI_SHIV_ARCHETYPE","floor":16,"turns":5},{"damage":0,"enemies":"Chosen","floor":19,"turns":1},{"damage":0,"enemies":"downfall:FleeingMerchant","floor":21,"turns":4},{"damage":0,"enemies":"3 Byrds","floor":22,"turns":2},{"damage":7,"enemies":"Slavers","floor":27,"turns":2},{"damage":14,"enemies":"downfall:FleeingMerchant","floor":29,"turns":4},{"damage":1,"enemies":"Snecko","floor":30,"turns":3},{"damage":22,"enemies":"Shelled Parasite and Fungi","floor":31,"turns":3},{"damage":0,"enemies":"3 Cultists","floor":32,"turns":2},{"damage":40,"enemies":"IC_MUSHROOM_ARCHETYPE","floor":33,"turns":7}],"seed_played":"-6130316777565438487","potions_obtained":[{"floor":4,"key":"GamblersBrew"},{"floor":9,"key":"DistilledChaos"},{"floor":10,"key":"bronze:FreeFunctionsPotion"},{"floor":27,"key":"Dexterity Potion"}],"is_trial":false,"path_per_floor":["R","M","M","M","?","R","T","M","M","M","R","M","R","?","M","B",null,"R","M","?","$","M","R","T","R","?","E","R","$","M","M","M","B"],"character_chosen":"THE_AUTOMATON","items_purchased":["bronze:Return","bronze:Boost","Bag of Preparation"],"campfire_rested":2,"item_purchase_floors":[21,29,29],"current_hp_per_floor":[70,70,68,60,60,60,60,31,31,11,32,32,53,53,42,10,70,70,70,70,70,70,70,70,70,70,63,63,49,48,26,26,0,0,0],"gold":367,"neow_bonus":"UPGRADE_CARD","is_daily":false,"chose_seed":false,"campfire_upgraded":6,"win_rate":0.0,"timestamp":1612593839,"path_taken":["R","M","M","M","?","R","T","M","M","M","R","M","R","?","M","BOSS","R","M","?","$","M","R","T","R","?","E","R","$","?","M","M","BOSS"],"items_purchased_type":["Card","Card","Relic"],"build_version":"2020-12-22","purchased_purges":2,"victory":false,"max_hp_per_floor":[70,70,70,70,70,70,70,70,70,70,70,70,70,70,70,70,70,70,70,70,70,70,70,70,70,70,70,70,70,70,70,70,70,70,70],"card_choices":[{"not_picked":["bronze:Shield","bronze:BugBarrage"],"picked":"bronze:Overheat","floor":2},{"not_picked":["bronze:Shell","bronze:BugBarrage"],"picked":"bronze:BronzeArmor","floor":3},{"not_picked":["bronze:BuggyMess","bronze:WildBeam"],"picked":"bronze:WhirlingStrike","floor":4},{"not_picked":["bronze:Constructor","bronze:BitShift"],"picked":"bronze:Flail+1","floor":8},{"not_picked":["bronze:ChosenStrike+1","bronze:DigitalCarnage+1"],"picked":"bronze:DelayedSlice+1","floor":9},{"not_picked":["bronze:Overheat+1","bronze:Turbo"],"picked":"bronze:InfiniteLoop+1","floor":10},{"not_picked":["bronze:Safeguard","bronze:Shield"],"picked":"bronze:Overheat+1","floor":12},{"not_picked":["bronze:Deprecate","bronze:Turbo"],"picked":"bronze:WhirlingStrike+1","floor":15},{"not_picked":["bronze:SpaghettiCode","bronze:HyperBeam+1"],"picked":"bronze:RecursiveStrike+1","floor":16},{"not_picked":["bronze:Shield","bronze:Invalidate"],"picked":"bronze:Branch+1","floor":19},{"not_picked":["bronze:BugBarrage+1","bronze:FindAndReplace"],"picked":"bronze:GetLatest","floor":21},{"not_picked":["bronze:BitShift+1","bronze:Constructor"],"picked":"bronze:Philosophize","floor":22},{"not_picked":["bronze:BuggyMess","bronze:Repulsor"],"picked":"bronze:Shell","floor":27},{"not_picked":["bronze:Allocate","bronze:BitShift+1","bronze:ItsAFeature"],"picked":"SKIP","floor":29},{"not_picked":["bronze:OilSpill+1","bronze:Safeguard"],"picked":"bronze:Branch+1","floor":30},{"not_picked":["bronze:MaxOutput","bronze:Overheat+1"],"picked":"bronze:Frontload","floor":31},{"not_picked":["bronze:Constructor","bronze:BuggyMess"],"picked":"bronze:ForLoop","floor":32}],"player_experience":360814,"relics_obtained":[{"floor":7,"key":"Molten Egg 2"},{"floor":24,"key":"Happy Flower"},{"floor":27,"key":"Bronze Scales"}],"event_choices":[{"cards_removed":["bronze:Strike"],"damage_healed":0,"gold_gain":0,"player_choice":"Card Removal","damage_taken":0,"max_hp_gain":0,"max_hp_loss":0,"event_name":"The Cleric","floor":5,"gold_loss":0},{"damage_healed":0,"gold_gain":0,"player_choice":"Inject Mutagens","damage_taken":0,"relics_obtained":["MutagenicStrength"],"max_hp_gain":0,"max_hp_loss":0,"event_name":"Drug Dealer","floor":20,"gold_loss":0}],"is_beta":false,"boss_relics":[{"not_picked":["bronze:PlatinumCore","Snecko Eye"],"picked":"Philosopher\u0027s Stone"}],"items_purged_floors":[21,29],"is_endless":false,"potions_floor_spawned":[4,9,10,12,16,22,27,31,32],"killed_by":"IC_MUSHROOM_ARCHETYPE","ascension_level":0}}