{"host":"0rw6szqh3yi1u2jw","time":1612585587,"event":{"mods":["BaseMod","Bestiary","Minty Spire (QoL Compilation)"],"gold_per_floor":[119,119,133,83,98,130,130,162,189,209,209,134,163,163,163,258,258,246,257,274,286,286,286],"floor_reached":22,"language":"ENG","playtime":1326,"items_purged":["Defend_R"],"score":216,"play_id":"c30809cf-fa51-4ae6-b734-856b0e48b4e1","local_time":"20210205232627","is_ascension_mode":true,"campfire_choices":[{"data":"True Grit","floor":7.0,"key":"SMITH"},{"data":"Armaments","floor":11.0,"key":"SMITH"},{"data":"Dark Embrace","floor":15.0,"key":"SMITH"}],"circlet_count":0,"master_deck":["Strike_R","Strike_R","Defend_R","Defend_R","Defend_R","Bash","True Grit+1","Body Slam","Wild Strike","Wild Strike","Cleave","Seeing Red","Impervious","Armaments+1","Dark Embrace+1","Berserk","Spot Weakness","Whirlwind+1","Sentinel+1","Clothesline"],"relics":["Burning Blood","Oddly Smooth Stone","Art of War","Unceasing Top","Boot","Charon\u0027s Ashes","Velvet Choker"],"acts_visited":["Exordium","TheCity"],"potions_floor_usage":[22],"damage_taken":[{"damage":2.0,"enemies":"Jaw Worm","floor":1.0,"turns":4.0},{"damage":5.0,"enemies":"Small Slimes","floor":3.0,"turns":4.0},{"damage":0.0,"enemies":"Cultist","floor":5.0,"turns":3.0},{"damage":10.0,"enemies":"Gremlin Nob","floor":6.0,"turns":4.0},{"damage":16.0,"enemies":"Lagavulin","floor":8.0,"turns":8.0},{"damage":0.0,"enemies":"Gremlin Gang","floor":10.0,"turns":3.0},{"damage":9.0,"enemies":"3 Sentries","floor":13.0,"turns":8.0},{"damage":43,"enemies":"The Guardian","floor":16,"turns":14},{"damage":18,"enemies":"2 Thieves","floor":18,"turns":4},{"damage":0,"enemies":"Spheric Guardian","floor":19,"turns":4},{"damage":30,"enemies":"Shelled Parasite and Fungi","floor":20,"turns":3},{"damage":23,"enemies":"Centurion and Healer","floor":21,"turns":5},{"damage":38,"enemies":"Masked Bandits","floor":22,"turns":3}],"seed_played":"-5216996946310613144","potions_obtained":[{"floor":3.0,"key":"EntropicBrew"},{"floor":16,"key":"Ancient Potion"},{"floor":21,"key":"BlessingOfTheForge"}],"is_trial":false,"path_per_floor":["M","?","M","?","M","E","R","E","T","M","R","$","E","?","R","B",null,"M","M","M","M","?"],"character_chosen":"IRONCLAD","items_purchased":[],"campfire_rested":0,"item_purchase_floors":[],"current_hp_per_floor":[60,60,61,61,67,63,63,53,53,59,59,59,56,56,56,19,80,68,74,50,33,0,0],"gold":286,"neow_bonus":"TRANSFORM_TWO_CARDS","is_daily":false,"chose_seed":false,"campfire_upgraded":3,"win_rate":0.0,"timestamp":1612585587,"path_taken":["M","?","M","?","M","E","R","E","T","M","R","$","E","?","R","BOSS","M","M","?","?","?"],"items_purchased_type":[],"build_version":"2020-12-22","purchased_purges":1,"victory":false,"max_hp_per_floor":[80,80,80,80,80,80,80,80,80,80,80,80,80,80,80,80,80,80,80,80,80,80,80],"card_choices":[{"not_picked":["Clash","Pommel Strike"],"picked":"Wild Strike","floor":1.0},{"not_picked":["Anger","Warcry"],"picked":"Wild Strike","floor":3.0},{"not_picked":["Wild Strike","Combust"],"picked":"Cleave","floor":5.0},{"not_picked":["Evolve","Pommel Strike"],"picked":"Seeing Red","floor":6.0},{"not_picked":["Body Slam","Cleave"],"picked":"Impervious","floor":8.0},{"not_picked":["Flame Barrier","Headbutt"],"picked":"Armaments","floor":10.0},{"not_picked":["Sever Soul","Thunderclap"],"picked":"Dark Embrace","floor":13.0},{"not_picked":["Bludgeon","Demon Form"],"picked":"Berserk","floor":16},{"not_picked":["Warcry+1","Dropkick"],"picked":"Spot Weakness","floor":18},{"not_picked":["Carnage","Combust"],"picked":"Whirlwind+1","floor":19},{"not_picked":["Flex","Havoc"],"picked":"Sentinel+1","floor":20},{"not_picked":["Thunderclap+1","Sever Soul"],"picked":"Clothesline","floor":21}],"player_experience":117193,"relics_obtained":[{"floor":6.0,"key":"Art of War"},{"floor":8.0,"key":"Unceasing Top"},{"floor":9.0,"key":"Boot"},{"floor":13.0,"key":"Charon\u0027s Ashes"}],"event_choices":[{"damage_healed":0.0,"max_hp_gain":0.0,"max_hp_loss":0.0,"gold_gain":0.0,"event_name":"Big Fish","player_choice":"Box","floor":2.0,"gold_loss":0.0,"damage_taken":0.0,"relics_obtained":["Oddly Smooth Stone"],"cards_obtained":["Regret"]},{"cards_removed":["Regret"],"damage_healed":0.0,"max_hp_gain":0.0,"max_hp_loss":0.0,"gold_gain":0.0,"event_name":"The Cleric","player_choice":"Card Removal","floor":4.0,"gold_loss":50.0,"damage_taken":0.0},{"cards_removed":["Strike_R"],"damage_healed":0.0,"max_hp_gain":0.0,"max_hp_loss":0.0,"gold_gain":0.0,"event_name":"Bonfire Elementals","player_choice":"Offered Basic","floor":14.0,"gold_loss":0.0,"damage_taken":0.0},{"damage_healed":0,"gold_gain":0,"player_choice":"Fought Bandits","damage_taken":0,"max_hp_gain":0,"max_hp_loss":0,"event_name":"Masked Bandits","floor":22,"gold_loss":0}],"is_beta":false,"boss_relics":[{"not_picked":["Busted Crown","Coffee Dripper"],"picked":"Velvet Choker"}],"items_purged_floors":[12],"is_endless":false,"potions_floor_spawned":[3,6,16,21],"killed_by":"Masked Bandits","ascension_level":1}}