{"host":"dcj2yvrgcvh5dl2s","time":1612615846,"event":{"mods":["BaseMod","Bestiary","Better Note","Block Reminder","Colored Powertips","Curses Come First","DeckTracker","Minty Spire (QoL Compilation)","Quick Restart","Rare Cards Sparkle","Relic Stats","StSLib"],"gold_per_floor":[118,30,49,62,82,82,112,112,186,211,211,211,211,242,242,242,242],"floor_reached":16,"language":"ENG","playtime":503,"items_purged":[],"score":220,"play_id":"e2940bf9-499c-4f92-8ade-e6bb3fb291c9","local_time":"20210206225046","is_ascension_mode":true,"campfire_choices":[{"data":"Body Slam","floor":6,"key":"SMITH"},{"floor":11,"key":"REST"},{"floor":15,"key":"REST"}],"circlet_count":0,"master_deck":["AscendersBane","Strike_R","Strike_R","Strike_R","Strike_R","Defend_R","Defend_R","Defend_R","Defend_R","Bash","Whirlwind","Pommel Strike","Body Slam+1","Flex","Offering"],"relics":["Burning Blood","Dead Branch","Charon\u0027s Ashes","Golden Idol","Shuriken","Potion Belt"],"acts_visited":["Exordium"],"potions_floor_usage":[7,10,14,14],"damage_taken":[{"damage":4,"enemies":"Small Slimes","floor":1,"turns":4},{"damage":12,"enemies":"Cultist","floor":3,"turns":4},{"damage":6,"enemies":"2 Louse","floor":4,"turns":2},{"damage":22,"enemies":"2 Fungi Beasts","floor":5,"turns":3},{"damage":30,"enemies":"Gremlin Nob","floor":7,"turns":4},{"damage":11,"enemies":"Blue Slaver","floor":10,"turns":3},{"damage":30,"enemies":"Lagavulin","floor":14,"turns":6},{"damage":50,"enemies":"Hexaghost","floor":16,"turns":10}],"seed_played":"-1313999373076113931","potions_obtained":[{"floor":3,"key":"SkillPotion"},{"floor":4,"key":"SteroidPotion"},{"floor":7,"key":"Fire Potion"},{"floor":10,"key":"PowerPotion"}],"is_trial":false,"path_per_floor":["M","$","M","M","M","R","E","?","T","M","R","?","?","E","R","B"],"character_chosen":"IRONCLAD","items_purchased":["Whirlwind"],"campfire_rested":2,"item_purchase_floors":[2],"current_hp_per_floor":[68,68,62,62,46,46,22,22,22,17,35,55,55,31,49,0,0],"gold":242,"neow_bonus":"ONE_RARE_RELIC","is_daily":false,"chose_seed":false,"campfire_upgraded":1,"win_rate":0.0,"timestamp":1612615846,"path_taken":["M","$","M","M","M","R","E","?","T","M","R","?","?","E","R","BOSS"],"items_purchased_type":["Card"],"build_version":"2020-12-22","purchased_purges":0,"victory":false,"max_hp_per_floor":[68,68,68,68,68,68,68,62,62,62,62,62,62,62,62,62,62],"relic_stats":{"counters":[8,36],"Golden Idol":11,"Shuriken":[4],"Dead Branch":[12],"Charon\u0027s Ashes":[21],"obtain_stats":[{"Potion Belt":14,"Golden Idol":8,"Shuriken":9,"Dead Branch":0,"Charon\u0027s Ashes":7,"Burning Blood":0},{"Potion Belt":7,"Golden Idol":5,"Shuriken":5,"Dead Branch":0,"Charon\u0027s Ashes":5,"Burning Blood":0},{"Potion Belt":26,"Golden Idol":17,"Shuriken":17,"Dead Branch":0,"Charon\u0027s Ashes":17,"Burning Blood":0}],"Burning Blood":40},"card_choices":[{"not_picked":["Clash","Power Through","Iron Wave"],"picked":"SKIP","floor":1},{"not_picked":["Intimidate","Body Slam"],"picked":"Pommel Strike","floor":3},{"not_picked":["Cleave","True Grit","Rampage"],"picked":"SKIP","floor":4},{"not_picked":["Clash","Anger"],"picked":"Body Slam","floor":5},{"not_picked":["True Grit","Rampage"],"picked":"Flex","floor":7},{"not_picked":["True Grit","Iron Wave","Headbutt"],"picked":"SKIP","floor":10},{"not_picked":["Battle Trance","Heavy Blade"],"picked":"Offering","floor":14}],"player_experience":2328022,"relics_obtained":[{"floor":7,"key":"Charon\u0027s Ashes"},{"floor":9,"key":"Shuriken"},{"floor":14,"key":"Potion Belt"}],"event_choices":[{"damage_healed":0,"gold_gain":0,"player_choice":"Lose Max HP","damage_taken":0,"relics_obtained":["Golden Idol"],"max_hp_gain":0,"max_hp_loss":6,"event_name":"Golden Idol","floor":8,"gold_loss":0},{"damage_healed":20,"gold_gain":0,"player_choice":"Banana","damage_taken":0,"max_hp_gain":0,"max_hp_loss":0,"event_name":"Big Fish","floor":12,"gold_loss":0},{"cards_removed":["Strike_R"],"damage_healed":0,"gold_gain":0,"player_choice":"Offered Basic","damage_taken":0,"max_hp_gain":0,"max_hp_loss":0,"event_name":"Bonfire Elementals","floor":13,"gold_loss":0}],"is_beta":false,"boss_relics":[],"items_purged_floors":[],"is_endless":false,"potions_floor_spawned":[3,4,7,10],"killed_by":"Hexaghost","ascension_level":20}}