{"host":"1mv6gj0zv8k9e9tz","time":1612602357,"event":{"mods":["AchievementEnabler","BaseMod","Better Third Choice","Colored Map","DeckTracker","Highlight Path","KOR Keyword Fix","Keyboard Shortcuts","Minty Spire (QoL Compilation)","Permanent Neow","Quick Restart","Rare Cards Sparkle","StSLib","SuperFastMode","everything is the same but u backflip on backflip"],"gold_per_floor":[11,21,33,43,56,56,56],"floor_reached":6,"language":"KOR","playtime":181,"items_purged":[],"score":74,"play_id":"42b74b33-07e9-45e8-bfe6-037fda5e934c","local_time":"20210206180557","is_ascension_mode":true,"campfire_choices":[],"circlet_count":0,"master_deck":["AscendersBane","Strike_B","Strike_B","Strike_B","Defend_B","Defend_B","Defend_B","Zap","Dualcast","Buffer","Gash","Defragment","Sweeping Beam","Capacitor","Auto Shields"],"relics":["Cracked Core"],"acts_visited":["Exordium"],"potions_floor_usage":[],"damage_taken":[{"damage":0.0,"enemies":"Cultist","floor":1.0,"turns":3.0},{"damage":0.0,"enemies":"Small Slimes","floor":2.0,"turns":3.0},{"damage":7.0,"enemies":"Jaw Worm","floor":3.0,"turns":3.0},{"damage":21.0,"enemies":"Exordium Thugs","floor":4.0,"turns":5.0},{"damage":33.0,"enemies":"Lots of Slimes","floor":5.0,"turns":4.0},{"damage":4,"enemies":"Lagavulin","floor":6,"turns":5}],"seed_played":"3062908727863906021","potions_obtained":[{"floor":2.0,"key":"PowerPotion"},{"floor":5.0,"key":"SteroidPotion"}],"is_trial":false,"path_per_floor":["M","M","M","M","M","E"],"character_chosen":"DEFECT","items_purchased":[],"campfire_rested":0,"item_purchase_floors":[],"current_hp_per_floor":[64,64,57,36,3,0,0],"gold":56,"neow_bonus":"TRANSFORM_TWO_CARDS","is_daily":false,"chose_seed":false,"campfire_upgraded":0,"win_rate":0.0,"timestamp":1612602357,"path_taken":["M","M","?","?","M","E"],"items_purchased_type":[],"build_version":"2020-12-22","purchased_purges":0,"victory":false,"max_hp_per_floor":[71,71,71,71,71,71,71],"card_choices":[{"not_picked":["Stack","Go for the Eyes"],"picked":"Defragment","floor":1.0},{"not_picked":["Chaos","Hologram"],"picked":"Sweeping Beam","floor":2.0},{"not_picked":["Beam Cell","Streamline","Skim"],"picked":"SKIP","floor":3.0},{"not_picked":["Darkness","BootSequence"],"picked":"Capacitor","floor":4.0},{"not_picked":["Skim","Compile Driver"],"picked":"Auto Shields","floor":5.0}],"player_experience":626170,"relics_obtained":[],"event_choices":[],"is_beta":false,"boss_relics":[],"items_purged_floors":[],"is_endless":false,"potions_floor_spawned":[2,5],"killed_by":"Lagavulin","ascension_level":17}}