{"host":"87fdiiwflhrwsj8a","time":1612630206,"event":{"mods":["Aspiration","BaseMod","Better Match","Better Third Choice","BetterRewards","Colored Map","Conspire","GifTheSpireLib","Infinite Spire","Minty Spire (QoL Compilation)","Quick Restart","Relic Sorter","Replay The Spire","StSLib","Stuff the Spire","The Marked","The Servant 0.9.4"],"gold_per_floor":[118,68,85,260,260,364,364,104,181,281,61,61,77,96,96,96,96],"floor_reached":16,"language":"ENG","playtime":283,"items_purged":["StuffTheSpire:CuriosityCurse"],"score":164,"play_id":"04b8ae83-d91d-4dce-b72e-e332e197ff9a","local_time":"20210206115006","is_ascension_mode":true,"campfire_choices":[{"data":"DoubleEdge","floor":7.0,"key":"SMITH"},{"floor":15,"key":"REST"}],"circlet_count":0,"master_deck":["Strike_S","Strike_S","Strike_S","Strike_S","Defend_S","Defend_S","Defend_S","Defend_S","Exchange","DoubleEdge+1","DoubleEdge","Doubt","TimeWarp","Dilation","Master of Strategy","Advance","Barrier","Spin"],"relics":["Uniform","NeowsBlessing","StuffTheSpire:TintedRock","Letter Opener","Omamori","Sling"],"acts_visited":["Exordium"],"potions_floor_usage":[12],"damage_taken":[{"damage":0.0,"enemies":"2 Louse","floor":1.0,"turns":1.0},{"damage":0.0,"enemies":"Jaw Worm","floor":3.0,"turns":1.0},{"damage":0.0,"enemies":"3 Sentries","floor":6.0,"turns":1.0},{"damage":56,"enemies":"Gremlin Nob","floor":10,"turns":5},{"damage":0,"enemies":"Lagavulin","floor":12,"turns":2},{"damage":8,"enemies":"Small Slimes","floor":13,"turns":2},{"damage":0,"enemies":"Looter","floor":14,"turns":1},{"damage":0,"enemies":"Fading Forest","floor":16,"turns":1}],"seed_played":"7593115005619059804","potions_obtained":[{"floor":1.0,"key":"SmokeBomb"}],"is_trial":false,"path_per_floor":["M","?","M","?","?","E","R","$","T","E","$","E","M","M","R_BF","B"],"character_chosen":"THE_SERVANT","items_purchased":["Dilation","Master of Strategy","Sling"],"campfire_rested":1,"item_purchase_floors":[8,8,11],"current_hp_per_floor":[65,65,65,65,65,65,65,65,65,9,9,9,1,1,20,20,20],"gold":96,"neow_bonus":"THREE_ENEMY_KILL","is_daily":false,"chose_seed":false,"campfire_upgraded":1,"win_rate":0.0,"timestamp":1612630206,"path_taken":["M","?","M","?","?","E","R","$","T","E","$","E","M","M","R_BF","BOSS"],"items_purchased_type":["Card","Card","Relic"],"build_version":"2020-12-22","purchased_purges":1,"victory":false,"max_hp_per_floor":[65,65,65,65,65,65,65,65,65,65,65,65,65,65,65,65,65],"card_choices":[{"not_picked":["Shuttle","TimeWarp"],"picked":"DoubleEdge","floor":1.0},{"not_picked":["Misdirection","RealityMarble"],"picked":"DoubleEdge","floor":3.0},{"not_picked":["ShatteredReality","FastForward"],"picked":"TimeWarp","floor":6.0},{"not_picked":["FastForward","Alleviate"],"picked":"Advance","floor":10},{"not_picked":["Rewind","Ricochet"],"picked":"Barrier","floor":13},{"not_picked":["TimeWarp","Ricochet"],"picked":"Spin","floor":14}],"player_experience":2587035,"relics_obtained":[{"floor":6.0,"key":"Letter Opener"},{"floor":10,"key":"Omamori"}],"event_choices":[{"cards_removed":["KidneyShot"],"damage_healed":0.0,"max_hp_gain":0.0,"max_hp_loss":0.0,"gold_gain":0.0,"event_name":"The Cleric","player_choice":"Card Removal","floor":2.0,"gold_loss":50.0,"damage_taken":0.0},{"damage_healed":0.0,"max_hp_gain":0.0,"max_hp_loss":0.0,"gold_gain":175.0,"event_name":"betterThird:BetterSerpent","player_choice":"AGREE","floor":4.0,"gold_loss":0.0,"damage_taken":85.0}],"is_beta":false,"boss_relics":[],"items_purged_floors":[11],"is_endless":false,"potions_floor_spawned":[1],"killed_by":"Fading Forest","ascension_level":3}}