{"host":"oigynbtg272c19pw","time":1612645581,"event":{"mods":["BaseMod","Colored Map","Minty Spire (QoL Compilation)","Relic Stats","Slay the Relics Exporter","StSLib"],"gold_per_floor":[110,110,20,20,31,65,78,88,88,123,123,149,149,163,163,237,237,117,117],"floor_reached":18,"playtime":591,"items_purged":[],"score":460,"play_id":"0e7924a8-dde8-4d3b-8f15-2c6671c3eb29","local_time":"20210206220621","is_ascension_mode":true,"campfire_choices":[{"data":"TalkToTheHand","floor":13.0,"key":"SMITH"},{"data":"Worship","floor":15,"key":"SMITH"}],"circlet_count":0,"master_deck":["AscendersBane","Strike_P","Strike_P","Defend_P","Defend_P","Defend_P+1","Defend_P+1","Eruption","Vigilance","FollowUp","EmptyFist","Perseverance","Tantrum","WindmillStrike","Worship+1","TalkToTheHand+1","CutThroughFate","ThirdEye","LessonLearned"],"relics":["PureWater","NeowsBlessing","Ancient Tea Set","PreservedInsect","Sundial","Damaru","Cursed Key"],"acts_visited":["Exordium","TheCity"],"potions_floor_usage":[16,18],"damage_taken":[{"damage":0.0,"enemies":"Cultist","floor":1.0,"turns":1.0},{"damage":0.0,"enemies":"Jaw Worm","floor":5.0,"turns":1.0},{"damage":0.0,"enemies":"3 Sentries","floor":6.0,"turns":2.0},{"damage":0.0,"enemies":"Small Slimes","floor":7.0,"turns":2.0},{"damage":6.0,"enemies":"Looter","floor":8.0,"turns":4.0},{"damage":5.0,"enemies":"Gremlin Nob","floor":10.0,"turns":3.0},{"damage":0.0,"enemies":"Lagavulin","floor":12.0,"turns":4.0},{"damage":4,"enemies":"Blue Slaver","floor":14,"turns":4},{"damage":1,"enemies":"The Guardian","floor":16,"turns":9},{"damage":25,"enemies":"2 Thieves","floor":18,"turns":5}],"seed_played":"-3191488748687894660","potions_obtained":[{"floor":6.0,"key":"PowerPotion"},{"floor":7.0,"key":"StancePotion"},{"floor":10.0,"key":"BlessingOfTheForge"},{"floor":16,"key":"BlessingOfTheForge"}],"is_trial":false,"path_per_floor":["M","?","$","?","M","E","M","M","T","E","?","E","R","M","R","B",null,"M"],"character_chosen":"WATCHER","items_purchased":["EmptyFist","Perseverance"],"campfire_rested":0,"item_purchase_floors":[3,3],"current_hp_per_floor":[61,41,41,41,41,41,41,35,35,30,23,23,23,19,19,18,56,31,31],"gold":117,"neow_bonus":"THREE_ENEMY_KILL","is_daily":false,"chose_seed":false,"campfire_upgraded":2,"win_rate":0.0,"timestamp":1612645581,"path_taken":["M","?","$","?","?","E","M","M","T","E","?","E","R","M","R","BOSS","M"],"items_purchased_type":["Card","Card"],"build_version":"2020-12-13","purchased_purges":0,"victory":false,"max_hp_per_floor":[68,68,68,68,68,68,68,68,68,68,68,68,68,68,68,68,68,68,68],"relic_stats":{"counters":[10,35],"Sundial":[4],"PreservedInsect":50,"Cursed Key":0,"obtain_stats":[{"NeowsBlessing":0,"Sundial":10,"Damaru":12,"PreservedInsect":9,"PureWater":0,"Ancient Tea Set":6,"Cursed Key":17},{"NeowsBlessing":0,"Sundial":6,"Damaru":7,"PreservedInsect":5,"PureWater":0,"Ancient Tea Set":3,"Cursed Key":9},{"NeowsBlessing":0,"Sundial":13,"Damaru":17,"PreservedInsect":10,"PureWater":0,"Ancient Tea Set":4,"Cursed Key":30}]},"card_choices":[{"not_picked":["Evaluate","WreathOfFlame"],"picked":"FollowUp","floor":1.0},{"not_picked":["Indignation","PathToVictory"],"picked":"Tantrum","floor":5.0},{"not_picked":["EmptyBody","Pray"],"picked":"WindmillStrike","floor":6.0},{"not_picked":["FlurryOfBlows","Prostrate"],"picked":"Worship","floor":7.0},{"not_picked":["Prostrate","Ragnarok"],"picked":"TalkToTheHand","floor":8.0},{"not_picked":["FlyingSleeves","Crescendo"],"picked":"CutThroughFate","floor":10.0},{"not_picked":["PathToVictory","SignatureMove"],"picked":"ThirdEye","floor":12.0},{"not_picked":["Evaluate","JustLucky","Perseverance"],"picked":"SKIP","floor":14},{"not_picked":["Brilliance","Scrawl"],"picked":"LessonLearned","floor":16}],"player_experience":1554757,"relics_obtained":[{"floor":6.0,"key":"Ancient Tea Set"},{"floor":9.0,"key":"PreservedInsect"},{"floor":10.0,"key":"Sundial"},{"floor":12.0,"key":"Damaru"}],"event_choices":[{"damage_healed":0.0,"max_hp_gain":0.0,"max_hp_loss":0.0,"gold_gain":0.0,"event_name":"Shining Light","player_choice":"Entered Light","floor":2.0,"gold_loss":0.0,"damage_taken":20.0,"cards_upgraded":["Defend_P","Defend_P"]},{"cards_removed":["Strike_P"],"damage_healed":0.0,"max_hp_gain":0.0,"max_hp_loss":0.0,"gold_gain":0.0,"event_name":"Purifier","player_choice":"Purged","floor":4.0,"gold_loss":0.0,"damage_taken":0.0},{"cards_removed":["Strike_P"],"damage_healed":0.0,"max_hp_gain":0.0,"max_hp_loss":0.0,"gold_gain":0.0,"event_name":"Golden Wing","player_choice":"Card Removal","floor":11.0,"gold_loss":0.0,"damage_taken":7.0}],"is_beta":false,"boss_relics":[{"not_picked":["Astrolabe","Ectoplasm"],"picked":"Cursed Key"}],"items_purged_floors":[],"is_endless":false,"potions_floor_spawned":[6,7,10,16],"killed_by":"2 Thieves","ascension_level":20}}