{"host":"5jdby9iqu3ct6557","time":1612584740,"event":{"mods":["BaseMod","DeckTracker","Highlight Path","Minty Spire (QoL Compilation)","Relic Stats","StSLib"],"gold_per_floor":[112,112,112,125,140,140,153,153,153,153,188,217,92,118,118,196,196,175,195,195,195,95,125,136,136,136,25,25,25,43,70,70,145,145,189,189,202,39,39,39],"floor_reached":39,"language":"ENG","playtime":3504,"items_purged":["Strike_P","Writhe"],"score":920,"play_id":"81da8a14-0328-4606-a327-47fbb0833d6f","local_time":"20210205231220","is_ascension_mode":true,"campfire_choices":[{"data":"FlyingSleeves","floor":6,"key":"SMITH"},{"data":"Eruption","floor":8,"key":"SMITH"},{"data":"Establishment","floor":15,"key":"SMITH"},{"floor":28,"key":"REST"},{"floor":32,"key":"REST"}],"circlet_count":0,"master_deck":["AscendersBane","Strike_P","Strike_P","Strike_P","Defend_P","Defend_P","Defend_P","Defend_P","Eruption+1","Vigilance","FlyingSleeves+1","FollowUp","BattleHymn","ThirdEye","Establishment+1","Wireheading","Protect","Wish","Wallop","Meditate","Vault","BowlingBash+1","Scrawl","Sanctity","Pain","Judgement","MentalFortress","ClearTheMind","WheelKick+1"],"relics":["PureWater","Thread and Needle","FaceOfCleric","WingedGreaves","GoldenEye","Kunai","Bronze Scales","SlaversCollar","Tiny Chest","Matryoshka","Happy Flower","CaptainsWheel","Orichalcum","Molten Egg 2","Sundial","Cursed Key","WarpedTongs","Orrery"],"acts_visited":["Exordium","TheCity","TheBeyond"],"potions_floor_usage":[11,14,19,23,23,24],"damage_taken":[{"damage":0,"enemies":"Small Slimes","floor":1,"turns":2},{"damage":0,"enemies":"2 Louse","floor":4,"turns":3},{"damage":0,"enemies":"Cultist","floor":5,"turns":2},{"damage":2,"enemies":"Looter","floor":7,"turns":4},{"damage":6,"enemies":"3 Sentries","floor":11,"turns":7},{"damage":0,"enemies":"Lagavulin","floor":12,"turns":5},{"damage":1,"enemies":"Gremlin Nob","floor":14,"turns":3},{"damage":11,"enemies":"The Guardian","floor":16,"turns":10},{"damage":7,"enemies":"2 Thieves","floor":18,"turns":4},{"damage":1,"enemies":"Shell Parasite","floor":19,"turns":7},{"damage":40,"enemies":"Slavers","floor":23,"turns":6},{"damage":0,"enemies":"Snecko","floor":24,"turns":8},{"damage":10,"enemies":"Snake Plant","floor":30,"turns":6},{"damage":31,"enemies":"Book of Stabbing","floor":31,"turns":6},{"damage":32,"enemies":"Collector","floor":33,"turns":10},{"damage":29,"enemies":"3 Shapes","floor":35,"turns":3},{"damage":11,"enemies":"Orb Walker","floor":37,"turns":3},{"damage":41,"enemies":"Spire Growth","floor":39,"turns":6}],"seed_played":"1674720910106109488","potions_obtained":[{"floor":5,"key":"CultistPotion"},{"floor":7,"key":"StancePotion"},{"floor":11,"key":"Ambrosia"},{"floor":14,"key":"PowerPotion"},{"floor":16,"key":"BottledMiracle"},{"floor":19,"key":"SteroidPotion"},{"floor":23,"key":"Regen Potion"},{"floor":37,"key":"Swift Potion"}],"is_trial":false,"path_per_floor":["M","?","?","M","M","R","M","R","T","?","E","E","$","E","R","B",null,"M","M","?","?","$","E","M","?","T","$","R","T","M","E","R","B",null,"M","?","M","$","M"],"character_chosen":"WATCHER","items_purchased":["Protect","Fire Potion","BottledMiracle","Orrery"],"campfire_rested":2,"item_purchase_floors":[13,27,27,38],"current_hp_per_floor":[61,61,61,62,63,63,62,62,62,44,39,40,40,40,40,30,59,53,53,53,53,53,14,30,45,45,45,66,66,57,27,49,18,62,34,34,24,24,0,0],"gold":39,"neow_bonus":"ONE_RARE_RELIC","is_daily":false,"chose_seed":false,"campfire_upgraded":3,"win_rate":0.0,"timestamp":1612584740,"path_taken":["M","?","?","M","?","R","M","R","T","?","E","E","$","E","R","BOSS","M","M","?","?","$","E","?","?","T","$","R","?","M","E","R","BOSS","M","?","M","$","M"],"items_purchased_type":["Card","Potion","Potion","Relic"],"build_version":"2020-12-22","purchased_purges":2,"victory":false,"max_hp_per_floor":[62,62,62,63,64,64,65,65,65,65,66,67,67,68,68,69,69,70,71,71,71,71,72,73,73,73,73,73,73,74,75,75,76,76,77,77,78,78,78,78],"relic_stats":{"FaceOfCleric":16,"Happy Flower":[11],"counters":[18,95],"Sundial":[4],"Bronze Scales":[229],"Tiny Chest":1,"Kunai":[24],"Orichalcum":[42],"GoldenEye":[80],"Cursed Key":0,"obtain_stats":[{"Happy Flower":26,"Thread and Needle":0,"Orichalcum":29,"GoldenEye":11,"Cursed Key":34,"WarpedTongs":36,"SlaversCollar":17,"CaptainsWheel":26,"Matryoshka":23,"FaceOfCleric":3,"Sundial":31,"Bronze Scales":14,"Orrery":38,"Tiny Chest":20,"Molten Egg 2":29,"WingedGreaves":10,"Kunai":12,"PureWater":0},{"Happy Flower":12,"Thread and Needle":0,"Orichalcum":12,"GoldenEye":5,"Cursed Key":15,"WarpedTongs":16,"SlaversCollar":8,"CaptainsWheel":12,"Matryoshka":11,"FaceOfCleric":1,"Sundial":14,"Bronze Scales":7,"Orrery":17,"Tiny Chest":10,"Molten Egg 2":12,"WingedGreaves":4,"Kunai":6,"PureWater":0},{"Happy Flower":61,"Thread and Needle":0,"Orichalcum":61,"GoldenEye":18,"Cursed Key":83,"WarpedTongs":86,"SlaversCollar":36,"CaptainsWheel":61,"Matryoshka":53,"FaceOfCleric":2,"Sundial":73,"Bronze Scales":26,"Orrery":89,"Tiny Chest":47,"Molten Egg 2":61,"WingedGreaves":11,"Kunai":23,"PureWater":0}],"WarpedTongs":[9]},"card_choices":[{"not_picked":["SashWhip","Consecrate"],"picked":"FlyingSleeves","floor":1},{"not_picked":["CutThroughFate","SashWhip"],"picked":"FollowUp","floor":4},{"not_picked":["CrushJoints","DevaForm"],"picked":"BattleHymn","floor":5},{"not_picked":["CrushJoints","Protect"],"picked":"ThirdEye","floor":7},{"not_picked":["Crescendo","Prostrate"],"picked":"Establishment","floor":11},{"not_picked":["FollowUp","Consecrate"],"picked":"Wireheading","floor":12},{"not_picked":["Vault","Devotion"],"picked":"Wish","floor":16},{"not_picked":["Halt","Prostrate"],"picked":"Wallop","floor":18},{"not_picked":["Pray","Study"],"picked":"Meditate","floor":23},{"not_picked":["CutThroughFate","Prostrate"],"picked":"Vault","floor":24},{"not_picked":["FollowUp+1","PathToVictory"],"picked":"BowlingBash+1","floor":30},{"not_picked":["Vault","ConjureBlade"],"picked":"Scrawl","floor":33},{"not_picked":["Crescendo","Prostrate"],"picked":"Sanctity","floor":35},{"not_picked":["Prostrate","ThirdEye"],"picked":"Judgement","floor":38},{"not_picked":["Pray","Worship+1"],"picked":"MentalFortress","floor":38},{"not_picked":["SandsOfTime+1","FlurryOfBlows+1"],"picked":"ClearTheMind","floor":38},{"not_picked":["Halt","Study+1"],"picked":"WheelKick+1","floor":38}],"player_experience":2542495,"relics_obtained":[{"floor":11,"key":"GoldenEye"},{"floor":12,"key":"Kunai"},{"floor":14,"key":"Bronze Scales"},{"floor":23,"key":"Matryoshka"},{"floor":26,"key":"Happy Flower"},{"floor":26,"key":"CaptainsWheel"},{"floor":29,"key":"Orichalcum"},{"floor":29,"key":"Molten Egg 2"},{"floor":31,"key":"Sundial"}],"event_choices":[{"damage_healed":0,"gold_gain":0,"player_choice":"Ignored","damage_taken":0,"max_hp_gain":0,"max_hp_loss":0,"event_name":"Liars Game","floor":2,"gold_loss":0},{"damage_healed":0,"gold_gain":0,"player_choice":"Trade","damage_taken":0,"relics_obtained":["FaceOfCleric"],"max_hp_gain":0,"max_hp_loss":0,"event_name":"FaceTrader","floor":3,"gold_loss":0},{"damage_healed":0,"gold_gain":0,"player_choice":"Success","damage_taken":18,"relics_obtained":["WingedGreaves"],"max_hp_gain":0,"max_hp_loss":0,"event_name":"Scrap Ooze","floor":10,"gold_loss":0},{"damage_healed":0,"gold_gain":0,"player_choice":"Opened","damage_taken":0,"relics_obtained":["Tiny Chest"],"max_hp_gain":0,"max_hp_loss":0,"event_name":"The Mausoleum","floor":20,"gold_loss":0,"cards_obtained":["Writhe"]},{"damage_healed":0,"gold_gain":0,"player_choice":"0 cards matched","damage_taken":0,"max_hp_gain":0,"max_hp_loss":0,"event_name":"Match and Keep!","floor":21,"gold_loss":0,"cards_obtained":[]},{"damage_healed":15,"gold_gain":0,"player_choice":"Heal","damage_taken":0,"max_hp_gain":0,"max_hp_loss":0,"event_name":"The Library","floor":25,"gold_loss":0},{"damage_healed":0,"gold_gain":0,"player_choice":"Rummage","damage_taken":0,"relics_obtained":["WarpedTongs"],"max_hp_gain":0,"max_hp_loss":0,"event_name":"Accursed Blacksmith","floor":36,"gold_loss":0,"cards_obtained":["Pain"]}],"is_beta":false,"boss_relics":[{"not_picked":["Black Star","Tiny House"],"picked":"SlaversCollar"},{"not_picked":["Velvet Choker","Calling Bell"],"picked":"Cursed Key"}],"items_purged_floors":[13,22],"is_endless":false,"potions_floor_spawned":[5,7,11,14,16,19,23,35,37],"killed_by":"Spire Growth","ascension_level":20}}