{"host":"z4j51vjvl4ssilsu","time":1612584579,"event":{"mods":["AchievementEnabler","Act Like it!","Aspiration","BaseMod","Better Altar","Better Match","Better Note","Better Sensory Stone","Better Silent Start","Better Skull","Better Synergies","Better Third Choice","Better Vampires","Better-Laid Plans","BetterRewards","Block Reminder","CapriCore","Colored Powertips","Conspire","DeckTracker","Disable Question Mark Monsters","Elementarium","Emptier Cage","Energized Spire","Gensokyo","GifTheSpireLib","Gold Saver","GungeonMod","Halation","Hallownest","HololiveMod","Hubris","Infinite Spire","Ironclad Rager","Marisa????????","Marked Mod","Mimic Mod","Minty Spire (QoL Compilation)","MostiFishMod","Permanent Neow","Quick Restart","RRrroohrrRGHHhhh!!","Reliquary","Replay The Spire","SCP261 Mod","SacredBarkPlus","Smile Girya","Spicy Shops","StS++","StSLib","Stuff the Spire","The Bug Knight","The Cursed","The Elementalist","The Jungle","The Marked","The Servant 0.9.4","Transform Curses","Unceasing Turn Reminder","Wandering Minibosses"],"gold_per_floor":[1074,776,796,796,796,830,830,95,95,120,131,131,151,182,182,281,281,293,307,154,79,98,181,181,195,244,261,14,14,29,56,56,151,151,162,176,176,176,190,190,190,190,232,232,316,316,329,329,372,372,372,372,372,372,8,42,42],"floor_reached":58,"language":"ENG","playtime":3621,"items_purged":["elementalist:Defend_Elemblue","elementalist:Defend_Elemblue","elementalist:Waterstrike","elementalist:Strike+Elemblue"],"score":1542,"play_id":"b3a3bfd0-44a4-47bf-b760-0ba85dc6d12d","local_time":"20210206010939","is_ascension_mode":false,"campfire_choices":[{"data":"elementalist:Fire_Emblem","floor":7.0,"key":"SMITH"},{"data":"elementalist:Fire_Emblem","floor":29,"key":"SMITH"},{"floor":32,"key":"REST"},{"data":"elementalist:Caution","floor":40,"key":"SMITH"},{"floor":44,"key":"RECALL"},{"data":"elementalist:Heavensfall","floor":46,"key":"SMITH"},{"floor":51,"key":"REST"},{"data":"elementalist:Flame","floor":54,"key":"SMITH"}],"circlet_count":0,"master_deck":["elementalist:Fire_Emblem","elementalist:Earth_Emblem","elementalist:Earth_Emblem","elementalist:Earth_Emblem","elementalist:Fire_Emblem+1","elementalist:Fire_Emblem+1","elementalist:Defend_Elemblue","elementalist:Defend_Elemblue","elementalist:Defend_Elemblue","elementalist:Firestrike","elementalist:Earthstrike","elementalist:Airstrike","elementalist:Crystal_Chalk","elementalist:Confluence","elementalist:Flame+1","elementalist:Flame+1","elementalist:Momentum","elementalist:Ferruchemy","elementalist:Etherstrike+1","elementalist:Prepared_Sand","elementalist:Cauterize","elementalist:Emberveil","elementalist:Inferno","elementalist:Magma_Shot+1","elementalist:Solar_Form","StuffTheSpire:Rapture","elementalist:Caution+1","elementalist:Overheat","elementalist:Aetheric_Shield","elementalist:Gaian_Form+1","elementalist:Aegis+1","elementalist:Heavensfall+1","elementalist:Mage_Hand+1"],"relics":["elementalistmod:MagusStaff","elementalistmod:RedRibbon","DaveBox","BargainBundle","StuffTheSpire:DarkSteelAnvil","Meat on the Bone","FeatherPendant","SynthV:TestCard","StuffTheSpire:BottledEssence","elementalistmod:RedRibbon","reliquary:TuningFork","infinitespire:EmpoweringShard","hubris:CuriousFeather","ThornShield","DemoMod:OrangeGuonStone","The Courier","JellyFishMachine","hubris:TenFootPole","PreservedInsect","StuffTheSpire:Saxophone","halation:LettersToHer","StuffTheSpire:Experiment12","conspire:SpecialSausage","halation:PinkSoulGem","hubris:Towel","Vajra","Oddly Smooth Stone","DemoMod:ClearGuonStone"],"acts_visited":["Gensokyo:Gensokyo","TheCity","TheBeyond","TheEnding"],"potions_floor_usage":[52,57,57,57],"damage_taken":[{"damage":1.0,"enemies":"Gensokyo:Python","floor":1.0,"turns":3.0},{"damage":7.0,"enemies":"Gensokyo:Gryphon","floor":3.0,"turns":2.0},{"damage":9.0,"enemies":"Gensokyo:Aya","floor":6.0,"turns":6.0},{"damage":8.0,"enemies":"Gensokyo:Mamizou","floor":10.0,"turns":4.0},{"damage":0.0,"enemies":"Gensokyo:3_Fairies","floor":11.0,"turns":3.0},{"damage":2.0,"enemies":"Gensokyo:2_Rabbits","floor":13.0,"turns":2.0},{"damage":0.0,"enemies":"Gensokyo:Cirno","floor":14.0,"turns":5.0},{"damage":7.0,"enemies":"Gensokyo:Yukari","floor":16.0,"turns":5.0},{"damage":11,"enemies":"conspire:FuzzyDice","floor":18,"turns":3},{"damage":2,"enemies":"Chosen and Byrds","floor":19,"turns":3},{"damage":16,"enemies":"conspire:HollyBat","floor":22,"turns":5},{"damage":24,"enemies":"Slavers","floor":23,"turns":7},{"damage":6,"enemies":"3 Cultists","floor":25,"turns":4},{"damage":4,"enemies":"Shelled Parasite and Fungi","floor":27,"turns":4},{"damage":0,"enemies":"Sentry and Sphere","floor":30,"turns":2},{"damage":0,"enemies":"Replay:Snechameleon","floor":31,"turns":2},{"damage":0,"enemies":"Automaton","floor":33,"turns":4},{"damage":0,"enemies":"3 Shapes","floor":35,"turns":2},{"damage":0,"enemies":"Orb Walker","floor":36,"turns":2},{"damage":12,"enemies":"4 Shapes","floor":39,"turns":4},{"damage":0,"enemies":"Sphere and 2 Shapes","floor":43,"turns":3},{"damage":0,"enemies":"Maw","floor":45,"turns":3},{"damage":11,"enemies":"Maw","floor":47,"turns":5},{"damage":0,"enemies":"Transient","floor":49,"turns":5},{"damage":5,"enemies":"Donu and Deca","floor":52,"turns":6},{"damage":22,"enemies":"Shield and Spear","floor":56,"turns":2},{"damage":22,"enemies":"The Heart","floor":57,"turns":6}],"seed_played":"-9170853183927035494","potions_obtained":[{"floor":6.0,"key":"SCP261:DewritoBlazePotion"},{"floor":11.0,"key":"SpeedPotion"},{"floor":13.0,"key":"ColorlessPotion"},{"floor":22,"key":"Block Potion"},{"floor":49,"key":"StSpp:SecondWindPotion"},{"floor":56,"key":"LifebloodPotion"}],"is_trial":false,"path_per_floor":["M","$","M","?","?","E","R","$","T","E","M","?","M","E","R","B",null,"M","M","?","?","M","E","R","M","T","M","$","R","M","E","R","B",null,"M","M","?","?","M","R","PTL","PTL","M","R","MIM","R","M","?","M","$","R","B",null,"R","$","E","B",null],"character_chosen":"THE_ELEMENTALIST","items_purchased":["BargainBundle","StuffTheSpire:DarkSteelAnvil","elementalist:Confluence","Meat on the Bone","StuffTheSpire:BottledEssence","elementalist:Flame","infinitespire:EmpoweringShard","hubris:CuriousFeather","elementalist:Etherstrike+1","StuffTheSpire:Saxophone","halation:LettersToHer","Vajra","Oddly Smooth Stone"],"campfire_rested":2,"item_purchase_floors":[0,0,0,0,2,2,8,8,8,28,28,55,55],"current_hp_per_floor":[55,55,48,48,48,39,39,39,39,43,43,43,41,42,63,56,71,60,58,58,58,42,31,31,37,37,49,49,49,49,49,71,71,76,76,76,72,72,60,60,60,60,62,62,66,66,55,55,58,58,81,76,81,81,81,59,49],"gold":42,"neow_bonus":"","is_daily":false,"chose_seed":false,"campfire_upgraded":5,"win_rate":0.0,"timestamp":1612584579,"path_taken":["M","$","M","?","?","E","R","?","T","E","M","?","M","E","R","BOSS","M","M","?","?","M","E","R","M","T","M","?","R","?","E","R","BOSS","M","?","?","?","M","R","PTL","PTL","M","R","MIM","R","?","?","M","$","R","BOSS","R","$","E","BOSS"],"items_purchased_type":["Relic","Relic","Card","Relic","Relic","Card","Relic","Relic","Card","Relic","Relic","Relic","Relic"],"build_version":"2020-12-22","purchased_purges":4,"victory":true,"max_hp_per_floor":[70,70,70,70,70,70,70,70,70,70,70,70,70,71,71,71,71,71,71,71,71,71,72,72,72,72,76,76,76,76,76,76,76,76,76,76,72,72,72,72,72,72,74,74,78,78,78,78,81,81,81,81,81,81,81,81,81],"card_choices":[{"not_picked":["elementalist:Monument","elementalist:Prepared_Sand"],"picked":"elementalist:Flame","floor":1.0},{"not_picked":["elementalist:Overheat","elementalist:Vaccuum","elementalist:Widdershins_Conversion","elementalist:Cyclone"],"picked":"elementalist:Momentum","floor":3.0},{"not_picked":["elementalist:Overheat","elementalist:Wards","elementalist:Stone_to_Mud","elementalist:Emberveil"],"picked":"elementalist:Ferruchemy","floor":6.0},{"not_picked":["elementalist:Emberveil","elementalist:Spark","elementalist:Widdershins_Conversion","elementalist:Overheat"],"picked":"elementalist:Prepared_Sand","floor":10.0},{"not_picked":["elementalist:Ignition","elementalist:Impact","elementalist:Low_Tides","elementalist:Emberveil"],"picked":"elementalist:Cauterize","floor":11.0},{"not_picked":["elementalist:Cyclone","elementalist:Flame","elementalist:Confluence","elementalist:Overheat"],"picked":"elementalist:Emberveil","floor":13.0},{"not_picked":["elementalist:Momentum","elementalist:Ignition","elementalist:Stone_to_Mud","elementalist:Overheat","elementalist:Cauterize"],"picked":"SKIP","floor":14.0},{"not_picked":["elementalist:Heavensfall","elementalist:Kiln","elementalist:Accelerant","elementalist:Refract"],"picked":"elementalist:Inferno","floor":16.0},{"not_picked":["elementalist:Blaze","elementalist:Cyclone","elementalist:Overheat","elementalist:Fission_Lance+1"],"picked":"elementalist:Magma_Shot+1","floor":18},{"not_picked":["elementalist:Burning_Soul","elementalist:Flame","elementalist:Blaze","elementalist:Magma_Shot+1"],"picked":"elementalist:Solar_Form","floor":19},{"not_picked":["elementalist:Etherstrike","elementalist:Fission_Lance","elementalist:Blaze","elementalist:Heavensfall"],"picked":"elementalist:Caution","floor":22},{"not_picked":["elementalist:Confluence+1","elementalist:Cauterize","elementalist:Spout","elementalist:Fission_Lance","elementalist:Ignition+1"],"picked":"SKIP","floor":23},{"not_picked":["elementalist:Stone_to_Mud","elementalist:Breeze","elementalist:Prepared_Sand+1","elementalist:Emberveil","elementalist:Spark+1"],"picked":"SKIP","floor":25},{"not_picked":["elementalist:Stone_to_Mud","elementalist:Flame","elementalist:Caution","elementalist:Overheat","elementalist:Breeze+1"],"picked":"SKIP","floor":27},{"not_picked":["elementalist:Flame","elementalist:Aero","elementalist:Cyclone","elementalist:Breeze","elementalist:Mage_Hand"],"picked":"SKIP","floor":30},{"not_picked":["elementalist:Breeze","elementalist:Emberveil+1","elementalist:Aegis","elementalist:Confluence+1"],"picked":"elementalist:Overheat","floor":31},{"not_picked":["elementalist:Quadmire","elementalist:Mirror_Circlet","elementalist:Glaciate","elementalist:Quake"],"picked":"elementalist:Aetheric_Shield","floor":33},{"not_picked":["elementalist:Emberveil+1","elementalist:Magma_Shot+1","elementalist:Fission_Lance","elementalist:Mist","elementalist:Momentum"],"picked":"SKIP","floor":35},{"not_picked":["elementalist:Momentum+1","elementalist:Magma_Shot","elementalist:Concentricity","elementalist:Emberveil+1","elementalist:Overheat"],"picked":"SKIP","floor":36},{"not_picked":["elementalist:Stone_to_Mud","elementalist:Fission_Lance","elementalist:Magma_Shot","elementalist:Cauterize+1"],"picked":"elementalist:Gaian_Form+1","floor":39},{"not_picked":["elementalist:Overheat+1","elementalist:Breeze+1","elementalist:Mist+1","elementalist:Flame+1"],"picked":"elementalist:Aegis+1","floor":43},{"not_picked":["elementalist:Momentum","elementalist:Widdershins_Conversion","elementalist:Cyclone","elementalist:Flame+1"],"picked":"elementalist:Heavensfall","floor":45},{"not_picked":["elementalist:Flame+1","elementalist:Breeze+1","elementalist:Caution","elementalist:Blaze","elementalist:Momentum+1"],"picked":"SKIP","floor":47},{"not_picked":["elementalist:Spark","elementalist:Fission_Lance+1","elementalist:Aegis+1","elementalist:Wards+1","elementalist:Blaze+1"],"picked":"SKIP","floor":49},{"not_picked":["elementalist:Flame","elementalist:Ferruchemy","elementalist:Fission_Lance","elementalist:Spark+1","elementalist:Prepared_Sand+1"],"picked":"SKIP","floor":56}],"player_experience":327730,"relics_obtained":[{"floor":1.0,"key":"SynthV:TestCard"},{"floor":6.0,"key":"reliquary:TuningFork"},{"floor":9.0,"key":"ThornShield"},{"floor":10.0,"key":"DemoMod:OrangeGuonStone"},{"floor":14.0,"key":"The Courier"},{"floor":23,"key":"hubris:TenFootPole"},{"floor":26,"key":"PreservedInsect"},{"floor":31,"key":"StuffTheSpire:Experiment12"},{"floor":45,"key":"halation:LettersToHer"},{"floor":56,"key":"DemoMod:ClearGuonStone"}],"event_choices":[{"damage_healed":0,"gold_gain":0,"player_choice":"2","damage_taken":0,"max_hp_gain":0,"max_hp_loss":0,"event_name":"betterMatch:BetterMatch","floor":21,"gold_loss":0,"cards_obtained":[]},{"damage_healed":0,"gold_gain":0,"player_choice":"Max HP","damage_taken":0,"max_hp_gain":0,"max_hp_loss":4,"event_name":"Winding Halls","floor":37,"gold_loss":0}],"is_beta":false,"boss_relics":[{"not_picked":["halation:CatFaceCupcake","conspire:RoyalGoblet"],"picked":"JellyFishMachine"},{"not_picked":["energizedSpire:RedRose","GreenFoldingFan"],"picked":"conspire:SpecialSausage"}],"items_purged_floors":[0,2,8,55],"is_endless":false,"potions_floor_spawned":[6,11,13,16,22,30,31,33,36,39,49,56],"ascension_level":0}}