{"host":"mydft8i2zzydgggw","time":1612600885,"event":{"mods":["AchievementEnabler","BaseMod","BetterRewards","Colored Map","Colored Powertips","DeckTracker","Keyboard Shortcuts","Minty Spire (QoL Compilation)","Rare Cards Sparkle","StSLib","SuperFastMode","everything is the same but u backflip on backflip"],"gold_per_floor":[113,113,38,38,49,77,77,112,139,139,170,170,170,183,183,283,283,293,218,118,118,118,118,132,132,132],"floor_reached":25,"language":"KOR","playtime":375,"items_purged":["Strike_R","Iron Wave"],"score":324,"play_id":"74ef10e0-a22e-43f4-922d-c74cc6589aba","local_time":"20210206174125","is_ascension_mode":true,"campfire_choices":[{"data":"Fire Breathing","floor":7,"key":"SMITH"},{"floor":10,"key":"REST"},{"data":"Body Slam","floor":12,"key":"SMITH"},{"data":"True Grit","floor":15,"key":"SMITH"},{"data":"True Grit","floor":23,"key":"SMITH"}],"circlet_count":0,"master_deck":["Bash+1","Fire Breathing+1","Blood for Blood","Sword Boomerang","Body Slam+1","True Grit+1","Barricade","Ghostly Armor","Inflame","Uppercut","Power Through","True Grit+1","Bludgeon","Armaments+1","Armaments","RitualDagger","Battle Trance"],"relics":["Burning Blood","NeowsBlessing","MealTicket","Anchor","War Paint","Sundial","Pandora\u0027s Box","SsserpentHead"],"acts_visited":["Exordium","TheCity"],"potions_floor_usage":[16,16,25,25],"damage_taken":[{"damage":0,"enemies":"Jaw Worm","floor":1,"turns":1},{"damage":0,"enemies":"Cultist","floor":5,"turns":1},{"damage":0,"enemies":"Gremlin Nob","floor":6,"turns":1},{"damage":58,"enemies":"Lagavulin","floor":8,"turns":8},{"damage":22,"enemies":"3 Sentries","floor":11,"turns":5},{"damage":0,"enemies":"2 Louse","floor":14,"turns":2},{"damage":30,"enemies":"Hexaghost","floor":16,"turns":10},{"damage":33,"enemies":"Shell Parasite","floor":18,"turns":5},{"damage":14,"enemies":"2 Thieves","floor":19,"turns":5},{"damage":0,"enemies":"Snecko","floor":24,"turns":7},{"damage":46,"enemies":"Book of Stabbing","floor":25,"turns":5}],"seed_played":"1180267336289973006","potions_obtained":[{"floor":11,"key":"SkillPotion"},{"floor":14,"key":"Energy Potion"},{"floor":16,"key":"LiquidBronze"},{"floor":24,"key":"Strength Potion"}],"is_trial":false,"path_per_floor":["M","?","$","$","M","E","R","E","T","R","E","R","?","M","R","B",null,"M","M","$","?","?","R","M","E"],"character_chosen":"IRONCLAD","items_purchased":[],"campfire_rested":1,"item_purchase_floors":[],"current_hp_per_floor":[78,78,78,78,80,80,80,28,28,52,36,36,29,35,35,11,63,36,28,43,37,37,37,43,0,0],"gold":132,"neow_bonus":"THREE_ENEMY_KILL","is_daily":false,"chose_seed":false,"campfire_upgraded":4,"win_rate":0.0,"timestamp":1612600885,"path_taken":["M","?","?","$","M","E","R","E","T","R","E","R","?","M","R","BOSS","M","M","$","?","?","R","M","E"],"items_purchased_type":[],"build_version":"2020-12-22","purchased_purges":2,"victory":false,"max_hp_per_floor":[80,80,80,80,80,80,80,80,80,80,80,80,80,80,80,80,80,80,80,80,80,80,80,80,80,80],"card_choices":[{"not_picked":["Thunderclap","Cleave"],"picked":"Fire Breathing","floor":1},{"not_picked":["Pommel Strike","Sword Boomerang"],"picked":"Blood for Blood","floor":5},{"not_picked":["Flex","Combust"],"picked":"Sword Boomerang","floor":6},{"not_picked":["Second Wind","Anger"],"picked":"Body Slam","floor":8},{"not_picked":["Perfected Strike","Iron Wave","Flex"],"picked":"SKIP","floor":11},{"not_picked":["Perfected Strike","Iron Wave","Flex"],"picked":"SKIP","floor":11},{"not_picked":["Anger","Metallicize"],"picked":"True Grit","floor":14},{"not_picked":["Offering","Limit Break"],"picked":"Barricade","floor":16},{"not_picked":["Whirlwind","Sword Boomerang"],"picked":"Armaments+1","floor":18},{"not_picked":["Shrug It Off+1","Clash"],"picked":"Armaments","floor":19},{"not_picked":["Reckless Charge","Clothesline"],"picked":"Battle Trance","floor":24}],"player_experience":236515,"relics_obtained":[{"floor":6,"key":"MealTicket"},{"floor":8,"key":"Anchor"},{"floor":9,"key":"War Paint"},{"floor":11,"key":"Sundial"}],"event_choices":[{"damage_healed":0,"gold_gain":0,"player_choice":"Upgraded","damage_taken":0,"max_hp_gain":0,"max_hp_loss":0,"event_name":"Upgrade Shrine","floor":2,"gold_loss":0,"cards_upgraded":["Bash"]},{"cards_removed":["Strike_R"],"damage_healed":0,"gold_gain":0,"player_choice":"Card Removal","damage_taken":7,"max_hp_gain":0,"max_hp_loss":0,"event_name":"Golden Wing","floor":13,"gold_loss":0},{"damage_healed":0,"gold_gain":0,"player_choice":"Joined the Cult","damage_taken":6,"max_hp_gain":0,"max_hp_loss":0,"event_name":"Nest","floor":21,"gold_loss":0,"cards_obtained":["RitualDagger"]},{"damage_healed":0,"gold_gain":0,"player_choice":"Trade","damage_taken":0,"relics_obtained":["SsserpentHead"],"max_hp_gain":0,"max_hp_loss":0,"event_name":"FaceTrader","floor":22,"gold_loss":0}],"is_beta":false,"boss_relics":[{"not_picked":["Busted Crown","Coffee Dripper"],"picked":"Pandora\u0027s Box"}],"items_purged_floors":[3,20],"is_endless":false,"potions_floor_spawned":[11,14,16,24],"killed_by":"Book of Stabbing","ascension_level":7}}