{"host":"eaiphzh066bwqdh7","time":1612572156,"event":{"mods":["BaseMod","Better Note","Halation","Hubris","Minty Spire (QoL Compilation)","Reliquary","Replay The Spire","StSLib"],"gold_per_floor":[361,361,380,390,315,315,38,38,63,63,63,93,93,108,108,206,206,222,321,321,336,336,336],"floor_reached":22,"language":"ENG","playtime":517,"items_purged":["hubris:Defend_Merchant"],"score":218,"play_id":"6cb3fe25-295f-457a-a855-9a22f1d8fbbd","local_time":"20210205194236","is_ascension_mode":true,"campfire_choices":[{"data":"Dramatic Entrance","floor":6,"key":"SMITH"},{"data":"BattleHymn","floor":8,"key":"SMITH"},{"floor":13,"key":"REST"},{"data":"Eruption","floor":15,"key":"SMITH"}],"circlet_count":0,"master_deck":["Strike_P","Strike_P","Strike_P","Strike_P","Defend_P","Defend_P","Defend_P","Defend_P","Eruption+1","Vigilance","Vigilance","Dramatic Entrance+1","Prostrate","BattleHymn+1","Judgement","DevaForm","Normality"],"relics":["PureWater","Singing Bowl","Happy Flower","hubris:GlazedTorus","reliquary:BoilingFlask"],"acts_visited":["Exordium","TheCity"],"potions_floor_usage":[16,16,18,21],"damage_taken":[{"damage":4,"enemies":"Small Slimes","floor":1,"turns":4},{"damage":0,"enemies":"Cultist","floor":3,"turns":2},{"damage":1,"enemies":"2 Louse","floor":4,"turns":3},{"damage":24,"enemies":"Lagavulin","floor":12,"turns":5},{"damage":0,"enemies":"Blue Slaver","floor":14,"turns":2},{"damage":27,"enemies":"Hexaghost","floor":16,"turns":7},{"damage":30,"enemies":"3 Byrds","floor":18,"turns":4},{"damage":32,"enemies":"2 Thieves","floor":21,"turns":3},{"damage":71,"enemies":"Cultist and Chosen","floor":22,"turns":4}],"seed_played":"4867629005741257371","potions_obtained":[{"floor":1,"key":"Swift Potion"},{"floor":4,"key":"StancePotion"},{"floor":12,"key":"BottledMiracle"},{"floor":18,"key":"PowerPotion"}],"is_trial":false,"path_per_floor":["M","?","M","M","$","R","$","R","T","$","?","E","R","M","R","B",null,"M","?","?","M","M"],"character_chosen":"WATCHER","items_purchased":["Singing Bowl","BattleHymn"],"campfire_rested":1,"item_purchase_floors":[7,7],"current_hp_per_floor":[68,68,68,67,67,67,67,67,67,67,67,45,67,67,67,40,74,46,46,46,16,0,0],"gold":336,"neow_bonus":"TWO_FIFTY_GOLD","is_daily":false,"chose_seed":false,"campfire_upgraded":3,"win_rate":0.0,"timestamp":1612572156,"path_taken":["M","?","M","?","?","R","$","R","T","$","?","E","R","M","R","BOSS","M","?","?","?","M"],"items_purchased_type":["Relic","Card"],"build_version":"2020-12-22","purchased_purges":1,"victory":false,"max_hp_per_floor":[72,72,72,72,72,72,72,72,72,72,72,74,74,74,74,74,74,76,76,76,78,78,78],"card_choices":[{"not_picked":["Replay:Battleflow","Consecrate","Replay:Vibes"],"picked":"SKIP","floor":1},{"not_picked":["FollowUp","BattleHymn"],"picked":"Prostrate","floor":3},{"not_picked":["Fasting2","Replay:Vibes","Evaluate"],"picked":"SKIP","floor":4},{"not_picked":["JustLucky","BattleHymn","ReachHeaven"],"picked":"Singing Bowl","floor":12},{"not_picked":["CutThroughFate","FlyingSleeves"],"picked":"Judgement","floor":14},{"not_picked":["Scrawl","SpiritShield"],"picked":"DevaForm","floor":16},{"not_picked":["JustLucky+1","ThirdEye+1","DeceiveReality+1"],"picked":"Singing Bowl","floor":18},{"not_picked":["Wallop","Evaluate","Replay:BluntJabs"],"picked":"Singing Bowl","floor":21}],"player_experience":270179,"relics_obtained":[{"floor":9,"key":"Happy Flower"},{"floor":12,"key":"hubris:GlazedTorus"}],"event_choices":[{"damage_healed":0,"gold_gain":0,"player_choice":"1 cards matched","damage_taken":0,"max_hp_gain":0,"max_hp_loss":0,"event_name":"Match and Keep!","floor":2,"gold_loss":0,"cards_obtained":["Dramatic Entrance"]},{"damage_healed":0,"gold_gain":0,"player_choice":"Ignored","damage_taken":0,"max_hp_gain":0,"max_hp_loss":0,"event_name":"Liars Game","floor":11,"gold_loss":0},{"damage_healed":0,"gold_gain":99,"player_choice":"Stole From Cult","damage_taken":0,"max_hp_gain":0,"max_hp_loss":0,"event_name":"Nest","floor":19,"gold_loss":0}],"is_beta":false,"boss_relics":[{"not_picked":["reliquary:KinkedSpring","hubris:RunicObelisk","halation:ForbiddenBikini"]}],"items_purged_floors":[5],"is_endless":false,"potions_floor_spawned":[1,4,12,18],"killed_by":"Cultist and Chosen","ascension_level":4}}