{"host":"1ooxfz79hmpvpehx","time":1612577352,"event":{"mods":["BaseMod","Minty Spire (QoL Compilation)","Quick Restart","Replay The Spire","StSLib","SuperFastMode"],"gold_per_floor":[114,306,481,481,492,492,520,520,520,79,97,97,109,134,134,238,238,255,265,24,42,92,92,92,92,92,92,42,56,91,20,20,20,20],"floor_reached":33,"language":"ENG","playtime":957,"items_purged":["Doubt","Hallucinations","Defend_B"],"score":311,"play_id":"e0824433-0878-49d2-8c51-34326b6cfbf1","local_time":"20210205230912","is_ascension_mode":true,"campfire_choices":[{"data":"Zap","floor":6,"key":"SMITH"},{"data":"Dualcast","floor":8,"key":"SMITH"},{"data":"Streamline","floor":12,"key":"SMITH"},{"data":"1","floor":15,"key":"LIFT"},{"data":"2","floor":23,"key":"LIFT"},{"data":"3","floor":25,"key":"LIFT"},{"data":"Defragment","floor":27,"key":"SMITH"},{"data":"Gash","floor":32,"key":"SMITH"}],"circlet_count":0,"master_deck":["Strike_B","Strike_B","Strike_B","Strike_B","Defend_B","Defend_B","Defend_B","Zap+1","Dualcast+1","FIFO Queue","Conserve Battery","Streamline+1","Gash+1","Thunder Strike","Sunder+1","Defragment+1","Melter+1"],"relics":["Cracked Core","NeowsBlessing","Pet Ghost","Girya","Cables","Blue Doll","Coffee Dripper","Mercury Hourglass","Ring of Greed","Membership Card","Smiling Mask","Ring of Peace","Tiny Chest"],"acts_visited":["Exordium","TheCity"],"potions_floor_usage":[13,14,21,29,33],"damage_taken":[{"damage":0,"enemies":"Jaw Worm","floor":1,"turns":1},{"damage":0,"enemies":"2 Louse","floor":5,"turns":1},{"damage":0,"enemies":"Gremlin Nob","floor":7,"turns":1},{"damage":0,"enemies":"Cultist","floor":11,"turns":3},{"damage":0,"enemies":"Looter","floor":13,"turns":2},{"damage":11,"enemies":"Lagavulin","floor":14,"turns":5},{"damage":1,"enemies":"Slime Boss","floor":16,"turns":6},{"damage":0,"enemies":"Spheric Guardian","floor":18,"turns":3},{"damage":3,"enemies":"Chosen","floor":19,"turns":3},{"damage":7,"enemies":"Snake Plant","floor":21,"turns":2},{"damage":2,"enemies":"Cultist and Chosen","floor":29,"turns":4},{"damage":10,"enemies":"Replay:Snechameleon","floor":30,"turns":5},{"damage":64,"enemies":"Champ","floor":33,"turns":8}],"seed_played":"3297409634476325520","potions_obtained":[{"floor":5,"key":"Explosive Potion"},{"floor":13,"key":"ColorlessPotion"},{"floor":16,"key":"LiquidBronze"},{"floor":19,"key":"EssenceOfSteel"},{"floor":21,"key":"Languid Potion"}],"is_trial":false,"path_per_floor":["M","?","?","?","M","R","E","R","T","$","M","R","M","E","R","B",null,"M","M","$","M","?","R","?","R","T","R","$","M","E","$","R","B"],"character_chosen":"DEFECT","items_purchased":["Cables","FIFO Queue","Conserve Battery","Mercury Hourglass","Melter+1"],"campfire_rested":0,"item_purchase_floors":[10,10,10,20,31],"current_hp_per_floor":[75,75,75,75,75,75,75,75,75,75,75,75,75,64,64,63,75,75,72,72,65,65,65,65,65,65,65,65,63,53,53,53,0,0],"gold":20,"neow_bonus":"THREE_ENEMY_KILL","is_daily":false,"chose_seed":false,"campfire_upgraded":5,"win_rate":0.0,"timestamp":1612577352,"path_taken":["M","?","?","?","?","R","E","R","T","$","M","R","M","E","R","BOSS","M","M","$","M","?","R","?","R","T","R","$","?","E","?","R","BOSS"],"items_purchased_type":["Relic","Card","Card","Relic","Card"],"build_version":"2020-12-22","purchased_purges":3,"victory":false,"max_hp_per_floor":[75,75,75,75,75,75,75,75,75,75,75,75,75,75,75,75,75,75,75,75,75,75,75,75,75,75,75,75,75,75,75,75,75,75],"card_choices":[{"not_picked":["Coolheaded","Turbo","Sweeping Beam"],"picked":"SKIP","floor":1},{"not_picked":["ReplaySolidLightProjector","Doom and Gloom","Beam Cell"],"picked":"SKIP","floor":5},{"not_picked":["ReplayTheSpireMod:GoodbyeWorld","Cold Snap","Multi-Cast"],"picked":"SKIP","floor":7},{"not_picked":["Redo","ReplayTheSpireMod:GoodbyeWorld"],"picked":"Streamline","floor":11},{"not_picked":["Recycle","Scrape"],"picked":"Gash","floor":13},{"not_picked":["Cold Snap","Barrage","Beam Cell"],"picked":"SKIP","floor":14},{"not_picked":["Meteor Strike","Mirror Shield"],"picked":"Thunder Strike","floor":16},{"not_picked":["Sweeping Beam","Reprogram"],"picked":"Sunder+1","floor":18},{"not_picked":["Sweeping Beam","Go for the Eyes+1"],"picked":"Defragment","floor":19},{"not_picked":["Coolheaded","Steam","Streamline"],"picked":"SKIP","floor":21},{"not_picked":["Sweeping Beam","Auto Shields+1","Hologram"],"picked":"SKIP","floor":29},{"not_picked":["Static Discharge","Streamline","Core Surge"],"picked":"SKIP","floor":30}],"player_experience":25361,"relics_obtained":[{"floor":7,"key":"Pet Ghost"},{"floor":9,"key":"Girya"},{"floor":14,"key":"Blue Doll"},{"floor":22,"key":"Ring of Greed"},{"floor":22,"key":"Membership Card"},{"floor":22,"key":"Smiling Mask"},{"floor":22,"key":"Ring of Peace"},{"floor":30,"key":"Tiny Chest"}],"event_choices":[{"damage_healed":0,"gold_gain":175,"player_choice":"AGREE","damage_taken":0,"max_hp_gain":0,"max_hp_loss":0,"event_name":"Liars Game","floor":3,"gold_loss":0,"cards_obtained":["Doubt"]},{"damage_healed":0,"gold_gain":0,"player_choice":"0 cards matched","damage_taken":0,"max_hp_gain":0,"max_hp_loss":0,"event_name":"Match and Keep!","floor":4,"gold_loss":0,"cards_obtained":[]},{"damage_healed":0,"gold_gain":0,"player_choice":"Bought 0 Potions","damage_taken":0,"max_hp_gain":0,"max_hp_loss":0,"event_name":"The Woman in Blue","floor":24,"gold_loss":0}],"is_beta":false,"boss_relics":[{"not_picked":["Abe\u0027s Treasure","Painkiller Herb"],"picked":"Coffee Dripper"}],"items_purged_floors":[10,28,31],"is_endless":false,"potions_floor_spawned":[5,13,16,19,21],"killed_by":"Champ","ascension_level":1}}