{"host":"m7jrdcbl89w2s34c","time":1612626073,"event":{"mods":["AchievementEnabler","BaseMod","Bestiary","Block Reminder","Colored Map","Colored Powertips","Minty Spire (QoL Compilation)","Permanent Neow","Relic Stats","StSLib"],"gold_per_floor":[112,187,204,3,3,36,36,64,64,119,119,148,160,173,173,277,277,293,307,13,41,54,82,82,82,82,99,111,111,143,162,162,267,267,283,129,129,144,366,366,416,416,462,490,211,211,269,295,295,295],"floor_reached":51,"language":"ENG","playtime":4028,"items_purged":["Decay"],"score":1069,"play_id":"dd24f453-e8f0-49a7-b820-57904f0a9451","local_time":"20210206164113","is_ascension_mode":true,"campfire_choices":[{"data":"Consume","floor":7,"key":"SMITH"},{"data":"Zap","floor":11,"key":"SMITH"},{"data":"Defragment","floor":15,"key":"SMITH"},{"data":"Biased Cognition","floor":24,"key":"SMITH"},{"floor":29,"key":"REST"},{"floor":32,"key":"REST"},{"data":"Buffer","floor":40,"key":"SMITH"},{"data":"Loop","floor":42,"key":"SMITH"},{"data":"Seek","floor":49,"key":"SMITH"}],"circlet_count":0,"master_deck":["Strike_B+1","Strike_B+1","Strike_B+1","Strike_B+1","Defend_B+1","Defend_B+1","Defend_B+1","Defend_B+1","Zap+1","Dualcast","Reinforced Body","Consume+1","Cold Snap","Hologram","Coolheaded","Capacitor","Biased Cognition+1","Defragment+1","Echo Form","Coolheaded+1","Barrage+1","Core Surge+1","Compile Driver+1","Go for the Eyes+1","Defragment+1","Buffer+1","Streamline+1","Loop+1","Seek+1","Cold Snap+1","Compile Driver+1","Cold Snap+1","Loop+1","Capacitor","Glacier+1","Loop+1"],"relics":["Cracked Core","PreservedInsect","Sling","Ancient Tea Set","Darkstone Periapt","Molten Egg 2","Centennial Puzzle","Orichalcum","Nuclear Battery","ClockworkSouvenir","Red Mask","Vajra","Mercury Hourglass","Juzu Bracelet","Coffee Dripper","Frozen Eye","Shovel","CeramicFish","Strange Spoon","Du-Vu Doll"],"acts_visited":["Exordium","TheCity","TheBeyond"],"potions_floor_usage":[12,21,27,41,47,50],"damage_taken":[{"damage":0,"enemies":"Small Slimes","floor":1,"turns":3},{"damage":0,"enemies":"Jaw Worm","floor":3,"turns":4},{"damage":7,"enemies":"3 Sentries","floor":6,"turns":8},{"damage":4,"enemies":"Gremlin Nob","floor":8,"turns":3},{"damage":9,"enemies":"3 Sentries","floor":12,"turns":5},{"damage":0,"enemies":"Cultist","floor":13,"turns":3},{"damage":0,"enemies":"3 Louse","floor":14,"turns":3},{"damage":25,"enemies":"The Guardian","floor":16,"turns":9},{"damage":0,"enemies":"Chosen","floor":18,"turns":5},{"damage":6,"enemies":"3 Byrds","floor":19,"turns":6},{"damage":6,"enemies":"Masked Bandits","floor":21,"turns":6},{"damage":6,"enemies":"3 Cultists","floor":22,"turns":4},{"damage":6,"enemies":"Gremlin Leader","floor":23,"turns":5},{"damage":15,"enemies":"Snake Plant","floor":27,"turns":3},{"damage":2,"enemies":"Sentry and Sphere","floor":28,"turns":4},{"damage":12,"enemies":"Slavers","floor":30,"turns":3},{"damage":7,"enemies":"Shelled Parasite and Fungi","floor":31,"turns":3},{"damage":0,"enemies":"Champ","floor":33,"turns":10},{"damage":0,"enemies":"Orb Walker","floor":35,"turns":4},{"damage":0,"enemies":"3 Shapes","floor":38,"turns":7},{"damage":0,"enemies":"Mind Bloom Boss Battle","floor":41,"turns":7},{"damage":3,"enemies":"Maw","floor":44,"turns":8},{"damage":8,"enemies":"2 Orb Walkers","floor":47,"turns":6},{"damage":0,"enemies":"Spire Growth","floor":48,"turns":7},{"damage":4,"enemies":"Time Eater","floor":50,"turns":13}],"seed_played":"-8319749457300035317","potions_obtained":[{"floor":1,"key":"Block Potion"},{"floor":6,"key":"BlessingOfTheForge"},{"floor":16,"key":"Energy Potion"},{"floor":19,"key":"Ancient Potion"},{"floor":21,"key":"GamblersBrew"},{"floor":28,"key":"Weak Potion"},{"floor":30,"key":"DistilledChaos"}],"is_trial":false,"path_per_floor":["M","?","M","$","?","E","R","E","T","T","R","E","M","M","R","B",null,"M","M","$","?","M","E","R","?","T","M","M","R","E","M","R","B",null,"M","$","?","M","?","R","?","R","T","M","$","?","?","M","R","B",null],"character_chosen":"DEFECT","items_purchased":["Sling","Cold Snap","ClockworkSouvenir","Core Surge+1","Frozen Eye","Capacitor","Strange Spoon"],"campfire_rested":2,"item_purchase_floors":[4,4,20,20,36,45,45],"current_hp_per_floor":[68,57,57,57,57,50,50,46,46,46,46,37,37,37,37,12,59,59,53,53,47,41,35,35,35,35,20,18,40,28,21,43,43,67,67,67,73,73,73,73,73,73,73,70,70,70,62,62,62,58],"gold":295,"neow_bonus":"RANDOM_COMMON_RELIC","is_daily":false,"chose_seed":false,"campfire_upgraded":7,"win_rate":0.0,"timestamp":1612626073,"path_taken":["M","?","M","$","?","E","R","E","T","?","R","E","M","?","R","BOSS","M","M","$","?","M","E","R","?","T","M","M","R","E","M","R","BOSS","M","$","?","M","?","R","?","R","T","M","$","?","?","M","R","BOSS"],"items_purchased_type":["Relic","Card","Relic","Card","Relic","Card","Relic"],"build_version":"2020-12-22","purchased_purges":1,"victory":true,"max_hp_per_floor":[75,75,75,75,75,75,75,75,75,75,75,75,75,75,75,75,75,75,75,75,75,75,75,75,75,75,75,75,75,75,75,75,75,75,75,75,81,81,81,81,81,81,81,81,81,81,81,81,81,81],"relic_stats":{"Darkstone Periapt":6,"Strange Spoon":[1],"Centennial Puzzle":[39],"Shovel":0,"counters":[25,137],"CeramicFish":36,"PreservedInsect":179,"Juzu Bracelet":1,"Orichalcum":[294],"obtain_stats":[{"Darkstone Periapt":8,"CeramicFish":43,"Vajra":23,"PreservedInsect":0,"Juzu Bracelet":30,"Orichalcum":12,"Sling":4,"Ancient Tea Set":6,"Nuclear Battery":17,"ClockworkSouvenir":20,"Mercury Hourglass":26,"Du-Vu Doll":47,"Frozen Eye":36,"Strange Spoon":45,"Centennial Puzzle":10,"Shovel":41,"Molten Egg 2":9,"Red Mask":21,"Coffee Dripper":34,"Cracked Core":0},{"Darkstone Periapt":4,"CeramicFish":21,"Vajra":13,"PreservedInsect":0,"Juzu Bracelet":16,"Orichalcum":5,"Sling":2,"Ancient Tea Set":3,"Nuclear Battery":8,"ClockworkSouvenir":10,"Mercury Hourglass":13,"Du-Vu Doll":23,"Frozen Eye":19,"Strange Spoon":22,"Centennial Puzzle":4,"Shovel":21,"Molten Egg 2":4,"Red Mask":11,"Coffee Dripper":18,"Cracked Core":0},{"Darkstone Periapt":18,"CeramicFish":104,"Vajra":64,"PreservedInsect":0,"Juzu Bracelet":74,"Orichalcum":23,"Sling":7,"Ancient Tea Set":15,"Nuclear Battery":38,"ClockworkSouvenir":49,"Mercury Hourglass":64,"Du-Vu Doll":118,"Frozen Eye":90,"Strange Spoon":112,"Centennial Puzzle":18,"Shovel":104,"Molten Egg 2":18,"Red Mask":55,"Coffee Dripper":86,"Cracked Core":0}],"Mercury Hourglass":[246]},"card_choices":[{"not_picked":["Leap","Hologram"],"picked":"Reinforced Body","floor":1},{"not_picked":["Leap","Fusion"],"picked":"Consume","floor":3},{"not_picked":["Leap","Barrage"],"picked":"Hologram","floor":6},{"not_picked":["Hologram","Scrape"],"picked":"Coolheaded","floor":8},{"not_picked":["Cold Snap+1","Barrage+1"],"picked":"Capacitor","floor":12},{"not_picked":["Storm","Steam"],"picked":"Biased Cognition","floor":13},{"not_picked":["Melter+1","Compile Driver+1"],"picked":"Defragment","floor":14},{"not_picked":["Biased Cognition","Buffer"],"picked":"Echo Form","floor":16},{"not_picked":["Chill","Force Field"],"picked":"Coolheaded+1","floor":18},{"not_picked":["Rebound+1","Hologram"],"picked":"Barrage+1","floor":19},{"not_picked":["Ball Lightning+1","Steam"],"picked":"Compile Driver+1","floor":21},{"not_picked":["Cold Snap+1","Beam Cell+1"],"picked":"Go for the Eyes+1","floor":22},{"not_picked":["Go for the Eyes+1","Self Repair"],"picked":"Defragment+1","floor":23},{"not_picked":["Streamline+1","Sweeping Beam+1"],"picked":"Compile Driver+1","floor":27},{"not_picked":["Aggregate","Rebound+1"],"picked":"Buffer","floor":28},{"not_picked":["Redo","Rebound+1"],"picked":"Streamline+1","floor":30},{"not_picked":["Barrage+1","Rebound+1"],"picked":"Loop","floor":31},{"not_picked":["All For One+1","Machine Learning"],"picked":"Seek","floor":33},{"not_picked":["Go for the Eyes+1","Sweeping Beam+1"],"picked":"Cold Snap+1","floor":35},{"not_picked":["Gash+1","Rebound+1"],"picked":"Compile Driver+1","floor":38},{"not_picked":["Redo","Aggregate+1"],"picked":"Cold Snap+1","floor":41},{"not_picked":["Sweeping Beam+1","Blizzard+1"],"picked":"Loop+1","floor":44},{"not_picked":["Chaos+1","Capacitor"],"picked":"Glacier+1","floor":47},{"not_picked":["Genetic Algorithm","Reinforced Body+1"],"picked":"Loop+1","floor":48}],"player_experience":227052,"relics_obtained":[{"floor":6,"key":"Ancient Tea Set"},{"floor":8,"key":"Darkstone Periapt"},{"floor":9,"key":"Molten Egg 2"},{"floor":10,"key":"Centennial Puzzle"},{"floor":12,"key":"Orichalcum"},{"floor":21,"key":"Red Mask"},{"floor":23,"key":"Vajra"},{"floor":26,"key":"Mercury Hourglass"},{"floor":30,"key":"Juzu Bracelet"},{"floor":41,"key":"Shovel"},{"floor":43,"key":"CeramicFish"},{"floor":47,"key":"Du-Vu Doll"}],"event_choices":[{"damage_healed":0,"gold_gain":75,"player_choice":"Gather Gold","damage_taken":11,"max_hp_gain":0,"max_hp_loss":0,"event_name":"World of Goop","floor":2,"gold_loss":0},{"damage_healed":0,"gold_gain":0,"player_choice":"Ignored","damage_taken":0,"max_hp_gain":0,"max_hp_loss":0,"event_name":"Liars Game","floor":5,"gold_loss":0},{"damage_healed":0,"gold_gain":0,"player_choice":"Fought Bandits","damage_taken":0,"max_hp_gain":0,"max_hp_loss":0,"event_name":"Masked Bandits","floor":21,"gold_loss":0},{"damage_healed":0,"gold_gain":0,"player_choice":"Simplicity","damage_taken":0,"max_hp_gain":0,"max_hp_loss":0,"event_name":"Back to Basics","floor":25,"gold_loss":0,"cards_upgraded":["Strike_B","Strike_B","Strike_B","Strike_B","Defend_B","Defend_B","Defend_B","Defend_B"]},{"damage_healed":0,"gold_gain":0,"player_choice":"Cursed","damage_taken":0,"max_hp_gain":0,"max_hp_loss":0,"event_name":"Wheel of Change","floor":37,"gold_loss":0,"cards_obtained":["Decay"]},{"damage_healed":0,"gold_gain":222,"player_choice":"Wore Mask","damage_taken":0,"max_hp_gain":0,"max_hp_loss":0,"event_name":"Tomb of Lord Red Mask","floor":39,"gold_loss":0},{"damage_healed":0,"gold_gain":0,"player_choice":"Fight","damage_taken":0,"max_hp_gain":0,"max_hp_loss":0,"event_name":"MindBloom","floor":41,"gold_loss":0},{"cards_removed":["Compile Driver"],"damage_healed":0,"gold_gain":0,"player_choice":"Removed Attack","damage_taken":0,"max_hp_gain":0,"max_hp_loss":0,"event_name":"Falling","floor":46,"gold_loss":0},{"damage_healed":0,"gold_gain":0,"player_choice":"Fight","damage_taken":0,"max_hp_gain":0,"max_hp_loss":0,"event_name":"Mysterious Sphere","floor":47,"gold_loss":0}],"is_beta":false,"boss_relics":[{"not_picked":["FrozenCore","Calling Bell"],"picked":"Nuclear Battery"},{"not_picked":["Tiny House","SacredBark"],"picked":"Coffee Dripper"}],"items_purged_floors":[45],"is_endless":false,"potions_floor_spawned":[1,6,16,19,21,28,30,31,35,38],"ascension_level":9}}