{"host":"fzjk61lpi4bwj033","time":1612635297,"event":{"mods":["BaseMod","Bestiary","Conspire","Hermit","Hubris","Infinite Spire","Jorbs\u0027s Wanderer Trilogy","Minty Spire (QoL Compilation)","Rare Cards Sparkle","Relic Stats","Replay The Spire","StSLib","The Jungle"],"gold_per_floor":[216,141,29,39,50,79,79,91,91,91,107,138,158,190,190,269,269,279,299,318,318,318,343,343,359,359,374,408,408,443,456,456,456,456],"floor_reached":33,"language":"ENG","playtime":1824,"items_purged":[],"score":658,"play_id":"1e7534c3-ed83-4234-a065-0d0692a1b4d6","local_time":"20210206121457","is_ascension_mode":true,"campfire_choices":[{"data":"Genetic Algorithm","floor":7.0,"key":"SMITH"},{"data":"Redo","floor":10.0,"key":"SMITH"},{"data":"Genetic Algorithm","floor":15.0,"key":"SMITH"},{"data":"infinitespire:Execution","floor":24,"key":"SMITH"},{"data":"Defragment","floor":29,"key":"SMITH"},{"floor":32,"key":"DIG"}],"circlet_count":0,"master_deck":["AscendersBane","Strike_B","Strike_B","Defend_B","Defend_B","Defend_B","Defend_B","Zap","Dualcast","Ball Lightning","Self Repair","Self Repair","Redo+1","Genetic Algorithm+1","Barrage","Cold Snap","Genetic Algorithm+1","Conserve Battery","Core Surge","Coolheaded","Turbo","Loop+1","infinitespire:Execution+1","Defragment+1","Capacitor","Doom and Gloom","Biased Cognition"],"relics":["Cracked Core","hubris:TinFlute","infinitespire:ShieldingShard","CaptainsWheel","Geode","Philosopher\u0027s Stone","Shovel","Replay:Bottled Flurry","Bottled Lightning","infinitespire:Eraser","infinitespire:Lucky Rock","Bag of Preparation"],"acts_visited":["Exordium","Exordium"],"potions_floor_usage":[27,31],"damage_taken":[{"damage":5.0,"enemies":"Small Slimes","floor":1.0,"turns":3.0},{"damage":14.0,"enemies":"Jaw Worm","floor":4.0,"turns":4.0},{"damage":2.0,"enemies":"Cultist","floor":5.0,"turns":4.0},{"damage":20.0,"enemies":"Lagavulin","floor":6.0,"turns":7.0},{"damage":7.0,"enemies":"2 Fungi Beasts","floor":8.0,"turns":4.0},{"damage":19.0,"enemies":"Exordium Thugs","floor":11.0,"turns":4.0},{"damage":44.0,"enemies":"Gremlin Nob","floor":12.0,"turns":5.0},{"damage":3.0,"enemies":"Large Slime","floor":13.0,"turns":6.0},{"damage":14.0,"enemies":"Lagavulin","floor":14.0,"turns":8.0},{"damage":22.0,"enemies":"The Guardian","floor":16.0,"turns":13.0},{"damage":6,"enemies":"Shell Parasite","floor":18,"turns":6},{"damage":14,"enemies":"theJungle:Flameango_and_Byrd","floor":19,"turns":7},{"damage":35,"enemies":"theJungle:JungleHuntersEncounter","floor":20,"turns":10},{"damage":1,"enemies":"theJungle:2_Phrogs","floor":23,"turns":8},{"damage":0,"enemies":"theJungle:SlimyTreeVines","floor":25,"turns":10},{"damage":0,"enemies":"Snake Plant","floor":27,"turns":4},{"damage":16,"enemies":"theJungle:Cassacara","floor":28,"turns":8},{"damage":29,"enemies":"theJungle:2_Phrogs","floor":30,"turns":7},{"damage":24,"enemies":"theJungle:2_Snecko_Cultists","floor":31,"turns":4},{"damage":40,"enemies":"theJungle:QueenSpyder","floor":33,"turns":6}],"seed_played":"6872520671395645204","potions_obtained":[{"floor":4.0,"key":"Strength Potion"},{"floor":5.0,"key":"LiquidBronze"},{"floor":18,"key":"Flashbang"},{"floor":27,"key":"Swift Potion"}],"is_trial":false,"path_per_floor":["M","?","$","M","M","E","R","M","T","R","M","E","M","E","R","B",null,"M","M","M","AVR","?","E","R","M","T","M","E","R","E","M","R","B"],"character_chosen":"DEFECT","items_purchased":["Self Repair","Weak Potion"],"campfire_rested":0,"item_purchase_floors":[3,3],"current_hp_per_floor":[59,59,59,59,64,58,58,65,65,65,53,23,34,34,34,26,60,68,68,47,47,47,46,46,66,66,66,57,57,42,32,32,0,0],"gold":456,"neow_bonus":"HUNDRED_GOLD","is_daily":false,"chose_seed":false,"campfire_upgraded":5,"win_rate":0.0,"timestamp":1612635297,"path_taken":["M","?","$","M","M","E","R","M","T","R","M","E","M","E","R","BOSS","BOSS","M","M","M","AVR","?","E","R","M","T","M","E","R","E","?","R","BOSS"],"items_purchased_type":["Card","Potion"],"build_version":"2020-12-22","purchased_purges":0,"victory":false,"max_hp_per_floor":[71,71,71,71,71,71,71,71,71,71,71,71,71,71,71,71,71,71,71,71,71,71,71,71,71,71,71,71,71,71,71,71,71,71],"relic_stats":{"Shovel":1,"counters":[20,128],"Bag of Preparation":[2],"obtain_stats":[{"CaptainsWheel":12,"infinitespire:ShieldingShard":9,"Shovel":21,"Philosopher\u0027s Stone":17,"Geode":14,"Replay:Bottled Flurry":23,"Bag of Preparation":32,"Bottled Lightning":26,"infinitespire:Lucky Rock":30,"infinitespire:Eraser":28,"Cracked Core":0,"hubris:TinFlute":6},{"CaptainsWheel":7,"infinitespire:ShieldingShard":5,"Shovel":13,"Philosopher\u0027s Stone":10,"Geode":9,"Replay:Bottled Flurry":14,"Bag of Preparation":19,"Bottled Lightning":15,"infinitespire:Lucky Rock":18,"infinitespire:Eraser":17,"Cracked Core":0,"hubris:TinFlute":4},{"CaptainsWheel":31,"infinitespire:ShieldingShard":22,"Shovel":81,"Philosopher\u0027s Stone":58,"Geode":45,"Replay:Bottled Flurry":89,"Bag of Preparation":122,"Bottled Lightning":99,"infinitespire:Lucky Rock":118,"infinitespire:Eraser":111,"Cracked Core":0,"hubris:TinFlute":18}]},"card_choices":[{"not_picked":["Redo","Conserve Battery"],"picked":"Ball Lightning","floor":1.0},{"not_picked":["Gash","Self Repair"],"picked":"Redo","floor":4.0},{"not_picked":["Sweeping Beam","BootSequence"],"picked":"Genetic Algorithm","floor":5.0},{"not_picked":["Rebound","Sunder"],"picked":"Barrage","floor":6.0},{"not_picked":["hubris:Prefetch","Barrage"],"picked":"Cold Snap","floor":8.0},{"not_picked":["Redo","FTL"],"picked":"Genetic Algorithm","floor":11.0},{"not_picked":["Gash","Stack"],"picked":"Conserve Battery","floor":12.0},{"not_picked":["Hologram","Streamline","Gash"],"picked":"SKIP","floor":13.0},{"not_picked":["Sweeping Beam","Ball Lightning","hubris:Prefetch"],"picked":"SKIP","floor":14.0},{"not_picked":["Machine Learning","Fission"],"picked":"Core Surge","floor":16},{"not_picked":["Redo","Stack"],"picked":"Coolheaded","floor":18},{"not_picked":["Heatsinks","Go for the Eyes"],"picked":"Turbo","floor":19},{"not_picked":["Blizzard","Ball Lightning"],"picked":"Loop+1","floor":20},{"not_picked":["Auto Shields","Ball Lightning","Conserve Battery"],"picked":"SKIP","floor":23},{"not_picked":["Streamline","Redo"],"picked":"Defragment","floor":25},{"not_picked":["Gash+1","FTL+1"],"picked":"Capacitor","floor":27},{"not_picked":["Static Discharge","Redo"],"picked":"Doom and Gloom","floor":28},{"not_picked":["Redo","Hello World"],"picked":"Biased Cognition","floor":30},{"not_picked":["Conserve Battery+1","Chill","Ball Lightning"],"picked":"SKIP","floor":31}],"player_experience":785592,"relics_obtained":[{"floor":6.0,"key":"hubris:TinFlute"},{"floor":9.0,"key":"infinitespire:ShieldingShard"},{"floor":12.0,"key":"CaptainsWheel"},{"floor":14.0,"key":"Geode"},{"floor":23,"key":"Replay:Bottled Flurry"},{"floor":26,"key":"Bottled Lightning"},{"floor":28,"key":"infinitespire:Eraser"},{"floor":30,"key":"infinitespire:Lucky Rock"},{"floor":32,"key":"Bag of Preparation"}],"event_choices":[{"cards_removed":["Strike_B"],"damage_healed":0.0,"max_hp_gain":0.0,"max_hp_loss":0.0,"gold_gain":0.0,"event_name":"The Cleric","player_choice":"Card Removal","floor":2.0,"gold_loss":75.0,"damage_taken":0.0},{"cards_removed":["Strike_B"],"damage_healed":0,"gold_gain":0,"player_choice":"Purged","damage_taken":0,"max_hp_gain":0,"max_hp_loss":0,"event_name":"Purifier","floor":22,"gold_loss":0}],"is_beta":false,"boss_relics":[{"not_picked":["ReplayTheSpireMod:DimensionalGlitch","hubris:Stopwatch"],"picked":"Philosopher\u0027s Stone"}],"items_purged_floors":[],"is_endless":false,"potions_floor_spawned":[4,5,6,8,18,25,27,28,30],"killed_by":"theJungle:QueenSpyder","ascension_level":20}}