{"host":"1a9bbjeis3rg03b1","time":1612605488,"event":{"mods":["Act Like it!","BaseMod","Gensokyo","Googly Eyes","Mimic Mod","Minty Spire (QoL Compilation)","Morshu Shopkeeper","Reliquary","StSLib","The Administrix","The Jungle","The Servant 0.9.4","Wide Potions","everything is the same but u backflip on backflip"],"gold_per_floor":[109,109,32,32,43,74,91,103,115,153,181,205,217,249,261,373,385,409,214,242,266,88,88,108,108,178,192,192,192,192],"floor_reached":29,"language":"ENG","playtime":2346,"items_purged":[],"score":262,"play_id":"781e29d2-4f0f-493c-8a99-104f2ab9320a","local_time":"20210206025808","is_ascension_mode":false,"campfire_choices":[{"data":"Starlight","floor":8.0,"key":"SMITH"},{"data":"Starlight","floor":13,"key":"SMITH"},{"data":"MurderousAura","floor":15,"key":"SMITH"},{"floor":23,"key":"REST"},{"floor":25,"key":"REST"}],"circlet_count":0,"master_deck":["Strike_S","Strike_S","Strike_S","Strike_S","Defend_S","Defend_S","Defend_S","Defend_S","KidneyShot","Exchange","Spin","Spin+1","Unruled","MurderousAura+1","ShatteredReality+1","Starlight+1","Replace+1","DoubleEdge","Starlight+1","Ricochet","LightFlow","Potential","Rearm+1","Rewind","Hightail","TimeWarp","BottledTime","Shame"],"relics":["Uniform","NeowsBlessing","Happy Flower","Pear","MawBank","Boot","MysterySword","reliquary:Bookmark","Toy Ornithopter","Blood Vial","Question Card"],"acts_visited":["Exordium","Gensokyo:Gensokyo"],"potions_floor_usage":[16,16,18,21,29],"damage_taken":[{"damage":0.0,"enemies":"Gensokyo:Python","floor":1.0,"turns":1.0},{"damage":0.0,"enemies":"Gensokyo:2_Kodama","floor":5.0,"turns":1.0},{"damage":0.0,"enemies":"Gensokyo:Aya","floor":6.0,"turns":1.0},{"damage":6.0,"enemies":"Gensokyo:Gryphon","floor":7.0,"turns":4.0},{"damage":8.0,"enemies":"Gensokyo:Mamizou","floor":10.0,"turns":5.0},{"damage":0,"enemies":"Gensokyo:Python_and_Kodama","floor":11,"turns":1},{"damage":0,"enemies":"Gensokyo:LivingMonolith","floor":12,"turns":2},{"damage":1,"enemies":"Gensokyo:CorruptedTreant","floor":14,"turns":2},{"damage":7,"enemies":"Gensokyo:Reimu","floor":16,"turns":6},{"damage":0,"enemies":"Gensokyo:AngelMirror","floor":18,"turns":1},{"damage":0,"enemies":"Gensokyo:2_Gloops","floor":20,"turns":2},{"damage":59,"enemies":"Gensokyo:Slime_Group","floor":21,"turns":4},{"damage":27,"enemies":"Gensokyo:Wraith","floor":24,"turns":4},{"damage":32,"enemies":"Gensokyo:Mirror_and_Dog","floor":27,"turns":4},{"damage":27,"enemies":"Gensokyo:Tenshi","floor":29,"turns":1}],"seed_played":"5582710927678507694","potions_obtained":[{"floor":6.0,"key":"BlessingOfTheForge"},{"floor":7.0,"key":"Ancient Potion"},{"floor":10.0,"key":"Swift Potion"},{"floor":12,"key":"SteroidPotion"},{"floor":16,"key":"ColorlessPotion"},{"floor":20,"key":"DistilledChaos"},{"floor":24,"key":"Ancient Potion"}],"is_trial":false,"path_per_floor":["M","?","COS","?","M","E","M","R","T","E","M","M","R","M","R","B",null,"M","COS","M","M","$","R","M","R","T","M","?","E"],"character_chosen":"THE_SERVANT","items_purchased":["Blood Vial","Hightail"],"campfire_rested":2,"item_purchase_floors":[22,22],"current_hp_per_floor":[65,65,65,65,65,75,69,69,69,61,61,61,61,60,60,53,75,75,75,75,16,16,38,13,35,35,5,5,0,0],"gold":192,"neow_bonus":"THREE_ENEMY_KILL","is_daily":false,"chose_seed":false,"campfire_upgraded":3,"win_rate":0.0,"timestamp":1612605488,"path_taken":["M","?","COS","?","?","E","M","R","T","E","M","M","R","M","R","BOSS","M","COS","M","M","$","R","M","R","T","?","?","E"],"items_purchased_type":["Relic","Card"],"build_version":"2020-12-22","purchased_purges":0,"victory":false,"max_hp_per_floor":[65,65,65,65,65,75,75,75,75,75,75,75,75,75,75,75,75,75,75,75,75,75,75,75,75,75,75,75,75,75],"card_choices":[{"not_picked":["Alleviate","SilverBlades"],"picked":"Unruled","floor":1.0},{"not_picked":["TimeWarp","Reset"],"picked":"Spin","floor":4.0},{"not_picked":["FastForward","Alleviate"],"picked":"Spin","floor":4.0},{"not_picked":["BottledTime","MoonPhase"],"picked":"Unruled","floor":5.0},{"not_picked":["Desolation","GearUp"],"picked":"MurderousAura","floor":6.0},{"not_picked":["Rewind+1","Foresight+1"],"picked":"ShatteredReality+1","floor":7.0},{"not_picked":["Spin","GearUp"],"picked":"Starlight","floor":7.0},{"not_picked":["Defy","Solidify"],"picked":"Replace","floor":10.0},{"not_picked":["Gouge","Misdirection"],"picked":"DoubleEdge","floor":11},{"not_picked":["ShatteredReality","Defy"],"picked":"Starlight","floor":12},{"not_picked":["Solidify","FanOfKnives"],"picked":"Ricochet","floor":14},{"not_picked":["Dilation","FlawlessForm"],"picked":"LightFlow","floor":16},{"not_picked":["Foresight","Luminosity+1"],"picked":"Potential","floor":18},{"not_picked":["Defy","BottledTime"],"picked":"Rearm","floor":20},{"not_picked":["DualDimension+1","SurpressingFire"],"picked":"Rewind","floor":21},{"not_picked":["StarChef","Alleviate"],"picked":"TimeWarp","floor":24},{"not_picked":["BestPractice+1","FastForward","Rewind"],"picked":"BottledTime","floor":27}],"player_experience":637622,"relics_obtained":[{"floor":6.0,"key":"Pear"},{"floor":10.0,"key":"Boot"},{"floor":26,"key":"Question Card"}],"event_choices":[],"is_beta":false,"boss_relics":[{"not_picked":["reliquary:RedPaperclip","Coffee Dripper"],"picked":"MysterySword"}],"items_purged_floors":[],"is_endless":false,"potions_floor_spawned":[6,7,10,12,16,20,24],"killed_by":"Gensokyo:Tenshi","ascension_level":0}}