{"host":"wppa8gky53tnknhf","time":1612574657,"event":{"mods":["AchievementEnabler","Act Like it!","BaseMod","Better Third Choice","BetterRewards","Card Forge","Colored Powertips","Energized Spire","Hubris","Infinite Spire","Marked Mod","Minty Spire (QoL Compilation)","Permanent Neow","Quick Restart","Rare Cards Sparkle","Relic Stats","Reliquary","Remove Card Discount Mod","Replay The Spire","Spikes Relics","Spire Birthday Party","StSLib","Wandering Minibosses"],"gold_per_floor":[119,138,154,154,171,202,216,250,250,250,263,263,298,298,298,401,401,515,515,525,639,653,678,688,715,715,605,617,637,669,669,609,704,704,722,739,739,758,770,796,815,831,831,831,863,880,880,894,894,894,894,894,222,249,249],"floor_reached":56,"language":"ENG","playtime":1768,"items_purged":[],"score":1368,"play_id":"c8128074-6be4-48ea-ab3d-3ca6ee1613ed","local_time":"20210206012417","is_ascension_mode":true,"campfire_choices":[{"floor":10.0,"key":"RECALL"},{"floor":15.0,"key":"REST"},{"floor":44,"key":"REST"},{"floor":49,"key":"REST"},{"floor":52,"key":"REST"}],"circlet_count":0,"master_deck":["Strike_R+1","Strike_R+1","Strike_R+1","Strike_R+1","Strike_R+1","Defend_R+1","Defend_R+1","Defend_R+1","Defend_R+1","Bash+1","The Bomb+1","Run Through+1","Twin Strike+1","Twin Strike+1","Shrug It Off+1","Shockwave+1","Berserk+1","Sword Boomerang+1","Inflame+1","Twin Strike+1","Shrug It Off+1","Metallicize+1","Shrug It Off+1","Shrug It Off+1","Spot Weakness+1","Rage+1","Body Slam+1","Clash+1","Iron Wave+1","Rage+1","Absolvement+1"],"relics":["Burning Blood","Hammer of Thor","Seething Fire","Anvil of the Gods","reliquary:JackalopeAntler","Replay:Wax Seal","The Courier","hubris:Icosahedron","infinitespire:WardingShard","Replay:Ancient Bell","MiniBlackHole","hubris:PeanutButter","BicycleWheel","wanderingMiniBosses:CarrionFlame","MutagenicStrength","reliquary:SilkGlove","Gremlin Food","reliquary:Knoch","hubris:ChampionShield","hubris:Towel","Fusion Hammer","SpikesRelics:DaevaFist","BrokenLever","Lantern","Eternal Feather","hubris:EmptyBottle","Ginger","reliquary:SharkskinSheath"],"acts_visited":["Exordium","TheCity","TheBeyond","TheEnding"],"potions_floor_usage":[50,55,55,55,55,55,55],"damage_taken":[{"damage":0.0,"enemies":"Cultist","floor":1.0,"turns":3.0},{"damage":0.0,"enemies":"Small Slimes","floor":2.0,"turns":3.0},{"damage":0.0,"enemies":"2 Louse","floor":3.0,"turns":2.0},{"damage":12.0,"enemies":"Large Slime","floor":5.0,"turns":6.0},{"damage":18.0,"enemies":"Lagavulin","floor":6.0,"turns":4.0},{"damage":14.0,"enemies":"Exordium Thugs","floor":7.0,"turns":3.0},{"damage":1.0,"enemies":"3 Sentries","floor":8.0,"turns":3.0},{"damage":0.0,"enemies":"2 Fungi Beasts","floor":11.0,"turns":3.0},{"damage":31.0,"enemies":"Lagavulin","floor":13.0,"turns":6.0},{"damage":45.0,"enemies":"Hexaghost","floor":16.0,"turns":8.0},{"damage":17.0,"enemies":"3 Byrds","floor":18.0,"turns":6.0},{"damage":12.0,"enemies":"2 Thieves","floor":20.0,"turns":2.0},{"damage":0.0,"enemies":"Chosen and Byrds","floor":21.0,"turns":3.0},{"damage":3.0,"enemies":"Snake Plant","floor":22.0,"turns":3.0},{"damage":12.0,"enemies":"Slavers","floor":23.0,"turns":3.0},{"damage":0.0,"enemies":"Sentry and Sphere","floor":24.0,"turns":3.0},{"damage":4.0,"enemies":"Gremlin Leader","floor":25.0,"turns":4.0},{"damage":2.0,"enemies":"Centurion and Healer","floor":28.0,"turns":3.0},{"damage":0.0,"enemies":"Shelled Parasite and Fungi","floor":29.0,"turns":2.0},{"damage":0.0,"enemies":"Slavers","floor":30.0,"turns":3.0},{"damage":37.0,"enemies":"Collector","floor":33.0,"turns":6.0},{"damage":0.0,"enemies":"3 Shapes","floor":35.0,"turns":4.0},{"damage":0.0,"enemies":"Orb Walker","floor":36.0,"turns":3.0},{"damage":0.0,"enemies":"Sphere and 2 Shapes","floor":38.0,"turns":3.0},{"damage":13.0,"enemies":"Jaw Worm Horde","floor":39.0,"turns":2.0},{"damage":0.0,"enemies":"Giant Head","floor":40.0,"turns":7.0},{"damage":0,"enemies":"Writhing Mass","floor":41,"turns":3},{"damage":3,"enemies":"3 Darklings","floor":42,"turns":4},{"damage":0,"enemies":"R_Hoarder","floor":45,"turns":5},{"damage":0,"enemies":"Sphere and 2 Shapes","floor":46,"turns":4},{"damage":0,"enemies":"Writhing Mass","floor":48,"turns":5},{"damage":33,"enemies":"Replay:Hell Engine","floor":50,"turns":10},{"damage":35,"enemies":"Shield and Spear","floor":54,"turns":6},{"damage":0,"enemies":"The Heart","floor":55,"turns":7}],"seed_played":"3904807236739909886","potions_obtained":[{"floor":1.0,"key":"Venom Potion"},{"floor":2.0,"key":"BloodPotion"},{"floor":6.0,"key":"SkillPotion"},{"floor":7.0,"key":"PowerPotion"},{"floor":11.0,"key":"Energy Potion"},{"floor":20.0,"key":"Block Potion"},{"floor":23.0,"key":"AttackPotion"},{"floor":25.0,"key":"FearPotion"},{"floor":28.0,"key":"DuplicationPotion"},{"floor":38.0,"key":"Explosive Potion"},{"floor":41,"key":"ColorlessPotion"},{"floor":45,"key":"PowerPotion"},{"floor":54,"key":"Languid Potion"}],"is_trial":false,"path_per_floor":["M","M","M","$","M","E","M","E","T","R","M","?","E","?","R","B",null,"M","?","M","M","M","E","M","E","T","$","M","M","E","?","R","B",null,"M","M","?","M","M","E","M","M","T","R","E","M","?","M","R","B",null,"R","$","E","B",null],"character_chosen":"IRONCLAD","items_purchased":["Metallicize","Shrug It Off","Shrug It Off","Lantern","Eternal Feather","hubris:EmptyBottle","Ginger"],"campfire_rested":4,"item_purchase_floors":[27,27,27,53,53,53,53],"current_hp_per_floor":[80,80,80,80,74,62,70,75,75,75,80,80,55,55,79,40,80,69,69,63,69,72,66,72,74,74,74,78,80,80,80,80,49,80,80,80,80,80,73,79,80,80,77,77,77,77,77,77,77,50,77,77,77,48,54],"gold":249,"neow_bonus":"RANDOM_COLORLESS_2","is_daily":false,"chose_seed":false,"campfire_upgraded":0,"win_rate":0.0,"timestamp":1612574657,"path_taken":["M","M","M","?","M","E","M","E","T","R","M","?","E","?","R","BOSS","M","?","M","M","M","E","M","E","T","?","M","M","E","?","R","BOSS","M","M","?","M","M","E","M","M","T","R","E","M","?","M","R","BOSS","R","$","E","BOSS"],"items_purchased_type":["Card","Card","Card","Relic","Relic","Relic","Relic"],"build_version":"2020-12-22","purchased_purges":0,"victory":true,"max_hp_per_floor":[80,80,80,80,80,80,80,80,80,80,80,80,80,80,80,80,80,80,80,80,80,80,80,80,80,80,80,80,80,80,80,80,80,80,80,80,80,80,80,80,80,80,77,77,77,77,77,77,77,77,77,77,77,77,77],"relic_stats":{"counters":[34,142],"Eternal Feather":0,"Ginger":[2],"obtain_stats":[{"Lantern":53,"reliquary:SilkGlove":23,"BrokenLever":45,"Hammer of Thor":0,"Ginger":53,"hubris:EmptyBottle":53,"Burning Blood":0,"hubris:Icosahedron":12,"MiniBlackHole":17,"Fusion Hammer":34,"Replay:Wax Seal":8,"hubris:ChampionShield":30,"BicycleWheel":17,"reliquary:SharkskinSheath":54,"Gremlin Food":25,"Eternal Feather":53,"The Courier":9,"Replay:Ancient Bell":17,"Seething Fire":0,"hubris:Towel":31,"reliquary:JackalopeAntler":6,"infinitespire:WardingShard":13,"wanderingMiniBosses:CarrionFlame":18,"Anvil of the Gods":0,"MutagenicStrength":19,"hubris:PeanutButter":17,"SpikesRelics:DaevaFist":40,"reliquary:Knoch":26},{"Lantern":32,"reliquary:SilkGlove":15,"BrokenLever":29,"Hammer of Thor":0,"Ginger":32,"hubris:EmptyBottle":32,"Burning Blood":0,"hubris:Icosahedron":8,"MiniBlackHole":10,"Fusion Hammer":21,"Replay:Wax Seal":7,"hubris:ChampionShield":20,"BicycleWheel":10,"reliquary:SharkskinSheath":33,"Gremlin Food":17,"Eternal Feather":32,"The Courier":7,"Replay:Ancient Bell":10,"Seething Fire":0,"hubris:Towel":20,"reliquary:JackalopeAntler":5,"infinitespire:WardingShard":9,"wanderingMiniBosses:CarrionFlame":11,"Anvil of the Gods":0,"MutagenicStrength":11,"hubris:PeanutButter":10,"SpikesRelics:DaevaFist":26,"reliquary:Knoch":17},{"Lantern":129,"reliquary:SilkGlove":58,"BrokenLever":110,"Hammer of Thor":0,"Ginger":129,"hubris:EmptyBottle":129,"Burning Blood":0,"hubris:Icosahedron":27,"MiniBlackHole":41,"Fusion Hammer":79,"Replay:Wax Seal":24,"hubris:ChampionShield":73,"BicycleWheel":41,"reliquary:SharkskinSheath":135,"Gremlin Food":65,"Eternal Feather":129,"The Courier":24,"Replay:Ancient Bell":41,"Seething Fire":0,"hubris:Towel":73,"reliquary:JackalopeAntler":18,"infinitespire:WardingShard":33,"wanderingMiniBosses:CarrionFlame":47,"Anvil of the Gods":0,"MutagenicStrength":47,"hubris:PeanutButter":41,"SpikesRelics:DaevaFist":98,"reliquary:Knoch":65}],"Burning Blood":131},"card_choices":[{"not_picked":["Midas Touch","Secret Weapon"],"picked":"The Bomb","floor":0.0},{"not_picked":["Armaments","Anger"],"picked":"Run Through","floor":1.0},{"not_picked":["Clothesline","Rupture","Wild Strike"],"picked":"SKIP","floor":2.0},{"not_picked":["Havoc","Anger"],"picked":"Twin Strike","floor":3.0},{"not_picked":["ReplayTheSpireMod:Muscle Training","Blood for Blood","Evolve"],"picked":"SKIP","floor":5.0},{"not_picked":["Evolve","Perfected Strike"],"picked":"Twin Strike","floor":6.0},{"not_picked":["Replay:Many Hands","Armaments"],"picked":"Shrug It Off","floor":7.0},{"not_picked":["Thunderclap","Combust"],"picked":"Shockwave","floor":8.0},{"not_picked":["ReplayTheSpireMod:Muscle Training","Invigoration","Pommel Strike"],"picked":"SKIP","floor":11.0},{"not_picked":["Warcry","Headbutt","Absolvement"],"picked":"SKIP","floor":13.0},{"not_picked":["Juggernaut","Limit Break"],"picked":"Berserk","floor":16.0},{"not_picked":["Spreading Infection","Normality"],"picked":"Shame","floor":17.0},{"not_picked":["Writhe","Shame"],"picked":"Spreading Infection","floor":17.0},{"not_picked":["infinitespire:Pacifist","CloudedMind"],"picked":"hubris:Wrath","floor":17.0},{"not_picked":["Invigoration","Heavy Blade"],"picked":"Sword Boomerang","floor":18.0},{"not_picked":["Juggernaut","Intimidate","hubris:SharpeningStone"],"picked":"SKIP","floor":20.0},{"not_picked":["Shrug It Off","ReplayTheSpireMod:Strike From Hell"],"picked":"Inflame","floor":21.0},{"not_picked":["Havoc","Cleave"],"picked":"Twin Strike","floor":22.0},{"not_picked":["Armaments","Demonic Infusion","ReplayTheSpireMod:Corrosion Curse"],"picked":"SKIP","floor":23.0},{"not_picked":["True Grit","Defy Death","Heavy Blade"],"picked":"SKIP","floor":24.0},{"not_picked":["Sentinel","Anger"],"picked":"Shrug It Off","floor":25.0},{"not_picked":["Pommel Strike+1","Feel No Pain","Intimidate"],"picked":"SKIP","floor":28.0},{"not_picked":["Life Link","Perfected Strike+1"],"picked":"Spot Weakness","floor":29.0},{"not_picked":["Eclipse","ReplayTheSpireMod:Stacked+1","Perfected Strike"],"picked":"SKIP","floor":30.0},{"not_picked":["Corruption","Eclipse"],"picked":"Reaper","floor":33.0},{"not_picked":["ReplayTheSpireMod:Corrosion Curse","Life Link"],"picked":"Rage","floor":35.0},{"not_picked":["Intimidate","Warcry","hubris:ReadiedAction+1"],"picked":"SKIP","floor":36.0},{"not_picked":["Twin Strike","Sword Boomerang+1"],"picked":"Body Slam","floor":38.0},{"not_picked":["Wild Strike+1","Evolve+1","ReplayTheSpireMod:Muscle Training"],"picked":"SKIP","floor":39.0},{"not_picked":["ReplayTheSpireMod:Stacked","Demonic Infusion","Second Wind"],"picked":"SKIP","floor":40.0},{"not_picked":["BarbarianYell+1","Iron Wave+1"],"picked":"Clash","floor":41},{"not_picked":["Dual Wield+1","Perfected Strike+1"],"picked":"Iron Wave","floor":42},{"not_picked":["Burning Pact","Feel No Pain+1","ReplayTheSpireMod:LeadingStrike+1"],"picked":"SKIP","floor":45},{"not_picked":["Flex","True Grit","Dual Wield"],"picked":"SKIP","floor":46},{"not_picked":["Blood for Blood","Replay:Undeath\u0027s Touch"],"picked":"Rage+1","floor":48},{"not_picked":["Ghostly Armor","Wild Strike+1"],"picked":"Absolvement+1","floor":54}],"player_experience":712841,"relics_obtained":[{"floor":6.0,"key":"reliquary:JackalopeAntler"},{"floor":8.0,"key":"Replay:Wax Seal"},{"floor":9.0,"key":"The Courier"},{"floor":13.0,"key":"infinitespire:WardingShard"},{"floor":18.0,"key":"wanderingMiniBosses:CarrionFlame"},{"floor":23.0,"key":"reliquary:SilkGlove"},{"floor":25.0,"key":"Gremlin Food"},{"floor":26.0,"key":"reliquary:Knoch"},{"floor":30.0,"key":"hubris:ChampionShield"},{"floor":40.0,"key":"SpikesRelics:DaevaFist"},{"floor":45,"key":"BrokenLever"},{"floor":54,"key":"reliquary:SharkskinSheath"}],"event_choices":[{"damage_healed":0.0,"max_hp_gain":0.0,"max_hp_loss":0.0,"gold_gain":0.0,"event_name":"Drug Dealer","player_choice":"Inject Mutagens","floor":19.0,"gold_loss":0.0,"damage_taken":0.0,"relics_obtained":["MutagenicStrength"]},{"cards_removed":["Reaper"],"damage_healed":0.0,"max_hp_gain":0.0,"max_hp_loss":0.0,"gold_gain":0.0,"event_name":"Falling","player_choice":"Removed Attack","floor":37.0,"gold_loss":0.0,"damage_taken":0.0},{"damage_healed":0,"gold_gain":0,"player_choice":"Ignored","damage_taken":0,"max_hp_gain":0,"max_hp_loss":0,"event_name":"Accursed Blacksmith","floor":47,"gold_loss":0}],"is_beta":false,"boss_relics":[{"not_picked":["energizedSpire:CursedPentagram","Replay:Wanted Poster"],"picked":"Replay:Ancient Bell"},{"not_picked":["SnailShell","Ancient Tea Set"],"picked":"MiniBlackHole"},{"not_picked":["Replay:Bottled Steam","Letter Opener"],"picked":"hubris:PeanutButter"},{"not_picked":["Calipers","Gambling Chip"],"picked":"BicycleWheel"},{"not_picked":["Black Star","energizedSpire:RedRose"],"picked":"Fusion Hammer"}],"items_purged_floors":[],"is_endless":false,"potions_floor_spawned":[1,2,6,7,11,20,23,25,28,38,41,42,45,48,54],"ascension_level":1}}