{"host":"v54ek091sdz7ha6h","time":1612577097,"event":{"mods":["BaseMod","Better Vampires","Colored Map","Colored Powertips","DeckTracker","Highlight Path","KOR Keyword Fix","Minty Spire (QoL Compilation)","Rare Cards Sparkle","Relic Stats","StSLib","SuperFastMode","everything is the same but u backflip on backflip"],"gold_per_floor":[16,16,37,37,56,56,96,111,184,57,57,57,78,113,113,113,113],"floor_reached":16,"language":"KOR","playtime":411,"items_purged":["Bash"],"score":220,"play_id":"9a601502-f57b-4f73-a15f-b1560b96d1b6","local_time":"20210206110457","is_ascension_mode":true,"campfire_choices":[{"data":"Perfected Strike","floor":6,"key":"SMITH"},{"data":"Armaments","floor":11,"key":"SMITH"},{"data":"Violence","floor":15,"key":"SMITH"}],"circlet_count":0,"master_deck":["AscendersBane","Strike_R","Strike_R","Strike_R","Strike_R","Defend_R","Defend_R","Defend_R","Defend_R","Violence+1","Perfected Strike+1","Thunderclap","Armaments+1","Pommel Strike","Sever Soul","Pommel Strike"],"relics":["Burning Blood","Golden Idol","Lizard Tail","Pantograph","PreservedInsect"],"acts_visited":["Exordium"],"potions_floor_usage":[7,13,16],"damage_taken":[{"damage":16.0,"enemies":"Jaw Worm","floor":1.0,"turns":5.0},{"damage":6.0,"enemies":"Cultist","floor":3.0,"turns":3.0},{"damage":6,"enemies":"Small Slimes","floor":5,"turns":2},{"damage":43,"enemies":"Lagavulin","floor":7,"turns":9},{"damage":8,"enemies":"Blue Slaver","floor":8,"turns":5},{"damage":13,"enemies":"Gremlin Gang","floor":13,"turns":3},{"damage":40,"enemies":"3 Sentries","floor":14,"turns":11},{"damage":57,"enemies":"The Guardian","floor":16,"turns":9}],"seed_played":"-5899450439030367897","potions_obtained":[{"floor":3.0,"key":"HeartOfIron"},{"floor":7,"key":"Block Potion"},{"floor":14,"key":"Dexterity Potion"}],"is_trial":false,"path_per_floor":["M","?","M","?","M","R","E","M","T","$","R","?","M","E","R","B"],"character_chosen":"IRONCLAD","items_purchased":["Pommel Strike"],"campfire_rested":0,"item_purchase_floors":[10],"current_hp_per_floor":[58,58,58,63,63,63,26,24,24,24,24,24,17,27,27,0,0],"gold":113,"neow_bonus":"RANDOM_COLORLESS_2","is_daily":false,"chose_seed":false,"campfire_upgraded":3,"win_rate":0.0,"timestamp":1612577097,"path_taken":["M","?","M","?","M","R","E","M","T","$","R","?","?","E","R","BOSS"],"items_purchased_type":["Card"],"build_version":"2020-12-22","purchased_purges":1,"victory":false,"max_hp_per_floor":[75,68,68,73,73,73,73,73,73,73,73,73,73,73,73,73,73],"relic_stats":{"Lizard Tail":36,"counters":[8,47],"Golden Idol":30,"Pantograph":25,"PreservedInsect":0,"obtain_stats":[{"Lizard Tail":7,"Golden Idol":2,"Pantograph":9,"PreservedInsect":14,"Burning Blood":0},{"Lizard Tail":4,"Golden Idol":1,"Pantograph":5,"PreservedInsect":7,"Burning Blood":0},{"Lizard Tail":19,"Golden Idol":5,"Pantograph":24,"PreservedInsect":38,"Burning Blood":0}],"Burning Blood":42},"card_choices":[{"not_picked":["Mayhem","Sadistic Nature"],"picked":"Violence","floor":0.0},{"not_picked":["Flex","Twin Strike"],"picked":"Perfected Strike","floor":1.0},{"not_picked":["Havoc","Rupture"],"picked":"Thunderclap","floor":3.0},{"not_picked":["Sentinel","Flex"],"picked":"Armaments","floor":5},{"not_picked":["Reckless Charge","Flex","Juggernaut"],"picked":"SKIP","floor":7},{"not_picked":["Sever Soul","Entrench","Sword Boomerang"],"picked":"SKIP","floor":8},{"not_picked":["Bloodletting","Iron Wave"],"picked":"Pommel Strike","floor":13},{"not_picked":["Flex","Body Slam","Combust"],"picked":"SKIP","floor":14}],"player_experience":1474950,"relics_obtained":[{"floor":7,"key":"Lizard Tail"},{"floor":9,"key":"Pantograph"},{"floor":14,"key":"PreservedInsect"}],"event_choices":[{"damage_healed":0.0,"max_hp_gain":0.0,"max_hp_loss":7.0,"gold_gain":0.0,"event_name":"Golden Idol","player_choice":"Lose Max HP","floor":2.0,"gold_loss":0.0,"damage_taken":0.0,"relics_obtained":["Golden Idol"]},{"damage_healed":0.0,"max_hp_gain":5.0,"max_hp_loss":0.0,"gold_gain":0.0,"event_name":"Big Fish","player_choice":"Donut","floor":4.0,"gold_loss":0.0,"damage_taken":0.0},{"damage_healed":0,"gold_gain":0,"cards_transformed":["Strike_R"],"player_choice":"Transformed","damage_taken":0,"max_hp_gain":0,"max_hp_loss":0,"event_name":"Transmorgrifier","floor":12,"gold_loss":0,"cards_obtained":["Sever Soul"]}],"is_beta":false,"boss_relics":[],"items_purged_floors":[10],"is_endless":false,"potions_floor_spawned":[3,7,14],"killed_by":"The Guardian","ascension_level":20}}