{"host":"k5fgrtcqzqosfxt0","time":1612610511,"event":{"mods":["Act Like it!","Aspiration","BaseMod","Downfall","Gensokyo","Minty Spire (QoL Compilation)","StSLib","TestMod","The Runesmith","UnlockEverythingMod"],"gold_per_floor":[112,112,37,437,190,190,222,242,319,319,353,353,45,55,55,133,133,148,73,73,73,73,104,104,137,137,760,774,788,802,836,836,912,912,923,923,936,804,804,831,263,288,288,317,328,339,368,379,390,401,412,423,434,9,36,36],"floor_reached":57,"language":"ZHS","playtime":2453,"items_purged":["Strike_B","Strike_B","Defend_B","Zap"],"score":2915,"play_id":"19d96b06-3839-44cd-9161-b22bc137b100","local_time":"20210206192151","is_ascension_mode":true,"campfire_choices":[{"data":"Recycle","floor":6.0,"key":"SMITH"},{"data":"Chaos","floor":10.0,"key":"SMITH"},{"data":"Defragment","floor":12.0,"key":"SMITH"},{"data":"Loop","floor":15.0,"key":"SMITH"},{"data":"Consume","floor":24.0,"key":"SMITH"},{"data":"Coolheaded","floor":32.0,"key":"SMITH"},{"floor":45.0,"key":"RECALL"},{"data":"Defragment","floor":49.0,"key":"SMITH"},{"data":"Biased Cognition","floor":53,"key":"SMITH"}],"circlet_count":0,"master_deck":["AscendersBane","Defend_B","Defend_B","Defend_B","Dualcast","Consume+1","Recycle+1","Chaos+1","Defragment+1","Loop+1","Biased Cognition+1","Ghostly","Ghostly+1","Ghostly","Chill","Coolheaded+1","Core Surge","Echo Form","Defragment+1","Skim+1","Gensokyo:UnhurriedMind"],"relics":["Cracked Core","testmod-TheFather","aspiration:Nostalgia","champ:ChampionCrown","Odd Mushroom","Pantograph","aspiration:HiddenCompartment","testmod-Charity","testmod-SaigiyounoYou","Pear","Darkstone Periapt","Akabeko","Philosopher\u0027s Stone","testmod-IndustrialRevolution","ClockworkSouvenir","Kunai","aspiration:StickyExplosives_weak","War Paint","MawBank","testmod-BalancedPeriapt","testmod-RealStoneCalender","Letter Opener","StrikeDummy"],"acts_visited":["Exordium","TheCity","TheCity","TheEnding"],"potions_floor_usage":[56,56],"damage_taken":[{"damage":0.0,"enemies":"2 Louse","floor":1.0,"turns":1.0},{"damage":22.0,"enemies":"The Mushroom Lair","floor":7.0,"turns":5.0},{"damage":4.0,"enemies":"Small Slimes","floor":8.0,"turns":3.0},{"damage":28.0,"enemies":"Gremlin Nob","floor":11.0,"turns":4.0},{"damage":1.0,"enemies":"Cultist","floor":14.0,"turns":3.0},{"damage":40.0,"enemies":"The Guardian","floor":16.0,"turns":7.0},{"damage":0.0,"enemies":"Chosen","floor":18.0,"turns":5.0},{"damage":32.0,"enemies":"Book of Stabbing","floor":23.0,"turns":6.0},{"damage":3.0,"enemies":"Slavers","floor":25.0,"turns":5.0},{"damage":0.0,"enemies":"2 Thieves","floor":28.0,"turns":4.0},{"damage":23.0,"enemies":"Snake Plant","floor":29.0,"turns":8.0},{"damage":7.0,"enemies":"Shelled Parasite and Fungi","floor":30.0,"turns":6.0},{"damage":59.0,"enemies":"Book of Stabbing","floor":31.0,"turns":6.0},{"damage":20.0,"enemies":"Collector","floor":33.0,"turns":7.0},{"damage":3.0,"enemies":"Gensokyo:AncientGuardian","floor":35.0,"turns":8.0},{"damage":8.0,"enemies":"Gensokyo:3_Bats","floor":37.0,"turns":5.0},{"damage":69.0,"enemies":"Gensokyo:Marisa","floor":40.0,"turns":8.0},{"damage":0.0,"enemies":"Gensokyo:Kasen","floor":42.0,"turns":5.0},{"damage":24.0,"enemies":"Gensokyo:Doremy","floor":44.0,"turns":6.0},{"damage":11.0,"enemies":"Gensokyo:Dusk_and_Dawn","floor":47.0,"turns":4.0},{"damage":38.0,"enemies":"Gensokyo:Yuyuko","floor":50.0,"turns":7.0},{"damage":19,"enemies":"Gensokyo:Shinki","floor":51,"turns":10},{"damage":4,"enemies":"Shield and Spear","floor":55,"turns":5},{"damage":49,"enemies":"The Heart","floor":56,"turns":10}],"seed_played":"-5619754927111122081","potions_obtained":[{"floor":1.0,"key":"SkillPotion"},{"floor":7.0,"key":"AttackPotion"},{"floor":16.0,"key":"Ancient Potion"},{"floor":18.0,"key":"ColorlessPotion"},{"floor":25.0,"key":"Ancient Potion"},{"floor":28.0,"key":"Swift Potion"},{"floor":33.0,"key":"champ:CounterPotion"},{"floor":35.0,"key":"Slimebound:ThreeZeroPotion"}],"is_trial":false,"path_per_floor":["M","?","?","?","$","R","?","M","T","R","E","R","$","M","R","B",null,"M","?","?","$","?","E","R","E","T","?","M","M","M","E","R","B",null,"M","?","M","COS","?","E","$","E","T","E","R","T","M","?","R","B","B",null,"R","$","E","B",null],"character_chosen":"DEFECT","items_purchased":["Recycle","Chaos","Loop","testmod-Charity","ClockworkSouvenir","Skim","Master of Strategy","Letter Opener"],"campfire_rested":0,"item_purchase_floors":[5,5,13,13,41,41,41,54],"current_hp_per_floor":[64,64,64,64,64,64,42,38,38,38,10,10,10,12,12,5,63,88,88,88,88,44,51,51,68,68,6,39,30,40,19,19,98,104,108,108,117,117,117,95,95,139,139,143,144,145,145,145,145,145,145,145,145,145,145,145],"gold":36,"neow_bonus":"THREE_ENEMY_KILL","is_daily":false,"chose_seed":false,"campfire_upgraded":8,"win_rate":0.0,"timestamp":1612610511,"path_taken":["M","?","?","?","$","R","?","M","T","R","E","R","?","M","R","BOSS","M","?","?","$","?","E","R","E","T","?","M","M","?","E","R","BOSS","M","?","M","COS","?","E","$","E","T","E","R","?","?","?","R","BOSS","BOSS","R","$","E","BOSS"],"items_purchased_type":["Card","Card","Card","Relic","Relic","Card","Card","Relic"],"build_version":"2020-12-22","purchased_purges":4,"victory":true,"max_hp_per_floor":[71,71,71,71,71,71,71,71,71,71,71,71,71,74,74,82,82,88,88,88,88,44,56,56,68,68,75,81,83,87,91,91,106,106,108,108,117,117,117,122,122,139,139,143,144,145,145,145,145,145,145,145,145,145,145,145],"card_choices":[{"not_picked":["Stack","Steam"],"picked":"Consume","floor":1.0},{"not_picked":["Streamline","Compile Driver","Cold Snap"],"picked":"SKIP","floor":8.0},{"not_picked":["Undo","Barrage"],"picked":"Defragment","floor":11.0},{"not_picked":["Steam Power","aspiration:Polymerization","Ball Lightning"],"picked":"SKIP","floor":14.0},{"not_picked":["All For One","Meteor Strike"],"picked":"Biased Cognition","floor":16.0},{"not_picked":["Self Repair","Stack","Consume"],"picked":"SKIP","floor":18.0},{"not_picked":["Aggregate","Ball Lightning"],"picked":"Chill","floor":23.0},{"not_picked":["Compile Driver","Reinforced Body"],"picked":"Coolheaded","floor":25.0},{"not_picked":["Stack","Leap","FTL"],"picked":"SKIP","floor":28.0},{"not_picked":["Gash","Turbo","Cold Snap"],"picked":"SKIP","floor":29.0},{"not_picked":["Multi-Cast","Cold Snap","Sweeping Beam+1"],"picked":"SKIP","floor":30.0},{"not_picked":["Recycle","Gash"],"picked":"Core Surge","floor":31.0},{"not_picked":["Buffer","Rainbow"],"picked":"Echo Form","floor":33.0},{"not_picked":["Steam","Leap","Go for the Eyes"],"picked":"SKIP","floor":35.0},{"not_picked":["Darkness","Leap","Loop+1"],"picked":"SKIP","floor":37.0},{"not_picked":["Hologram","Fusion+1"],"picked":"Defragment","floor":40.0},{"not_picked":["Skim","Rebound+1","Aggregate"],"picked":"SKIP","floor":42.0},{"not_picked":["Rebound","Static Discharge","Barrage"],"picked":"SKIP","floor":44.0},{"not_picked":["Fusion+1","Barrage","Rebound"],"picked":"SKIP","floor":47.0},{"not_picked":["Gensokyo:MorningMist","Gensokyo:EverlastingLife"],"picked":"Gensokyo:UnhurriedMind","floor":48.0},{"not_picked":["Reinforced Body","Doom and Gloom","Recycle"],"picked":"SKIP","floor":55}],"player_experience":628881,"relics_obtained":[{"floor":7.0,"key":"Odd Mushroom"},{"floor":9.0,"key":"Pantograph"},{"floor":11.0,"key":"aspiration:HiddenCompartment"},{"floor":23.0,"key":"Pear"},{"floor":25.0,"key":"Darkstone Periapt"},{"floor":31.0,"key":"Akabeko"},{"floor":40.0,"key":"testmod-IndustrialRevolution"},{"floor":42.0,"key":"Kunai"},{"floor":43.0,"key":"aspiration:StickyExplosives_weak"},{"floor":44.0,"key":"MawBank"},{"floor":46.0,"key":"testmod-BalancedPeriapt"},{"floor":55,"key":"StrikeDummy"}],"event_choices":[{"damage_healed":0.0,"max_hp_gain":0.0,"max_hp_loss":0.0,"gold_gain":0.0,"event_name":"给自己的盒子","player_choice":"Swap Relic","floor":2.0,"relics_lost":["NeowsBlessing"],"gold_loss":0.0,"damage_taken":0.0,"relics_obtained":["aspiration:Nostalgia"]},{"cards_removed":["Strike_B"],"damage_healed":0.0,"max_hp_gain":0.0,"max_hp_loss":0.0,"gold_gain":0.0,"event_name":"The Cleric","player_choice":"Card Removal","floor":3.0,"gold_loss":75.0,"damage_taken":0.0},{"damage_healed":0.0,"max_hp_gain":0.0,"max_hp_loss":0.0,"gold_gain":400.0,"event_name":"恩洛斯的盘子","player_choice":"Sell","floor":4.0,"relics_lost":["testmod-TestBox"],"gold_loss":0.0,"damage_taken":0.0},{"damage_healed":0.0,"max_hp_gain":0.0,"max_hp_loss":0.0,"gold_gain":0.0,"event_name":"Mushrooms","player_choice":"Fought Mushrooms","floor":7.0,"gold_loss":0.0,"damage_taken":0.0},{"cards_removed":["Strike_B"],"damage_healed":0.0,"max_hp_gain":0.0,"max_hp_loss":0.0,"gold_gain":0.0,"event_name":"Beggar","player_choice":"Gave Gold","floor":19.0,"gold_loss":75.0,"damage_taken":0.0},{"damage_healed":0.0,"max_hp_gain":0.0,"max_hp_loss":44.0,"gold_gain":0.0,"event_name":"Ghosts","player_choice":"Became a Ghost","floor":22.0,"gold_loss":0.0,"damage_taken":0.0,"cards_obtained":["Ghostly","Ghostly","Ghostly"]},{"damage_healed":0.0,"max_hp_gain":0.0,"max_hp_loss":0.0,"gold_gain":630.0,"event_name":"Knowing Skull","player_choice":"GOLD GOLD GOLD GOLD GOLD GOLD GOLD ","floor":27.0,"potions_obtained":[],"gold_loss":0.0,"damage_taken":69.0,"cards_obtained":[]}],"is_beta":false,"boss_relics":[{"not_picked":["testmod-Recursion","Ectoplasm"],"picked":"testmod-SaigiyounoYou"},{"not_picked":["Runic Pyramid","testmod-IncinerationGenerator"],"picked":"Philosopher\u0027s Stone"}],"items_purged_floors":[5,13,41,54],"is_endless":false,"potions_floor_spawned":[1,7,16,18,25,28,33,35,40,47,55],"ascension_level":20}}