{"host":"6dypmz777xraikqf","time":1612618782,"event":{"mods":["AchievementEnabler","BaseMod","BetterRewards","Colored Map","Colored Powertips","Downfall","Highlight Path","Hubris","Infinite Spire","Minty Spire (QoL Compilation)","Replay The Spire","StSLib"],"gold_per_floor":[99,119,137,137,137,137,191,204,219,238,238,238,238,258,272,372,372,372,384,399,416,416,616,616,616,689,700,720,745,756,768,780,876,876,876,893,893,993,1048,0,50,70,70,83,83,110,123,138,156,156],"floor_reached":51,"language":"ENG","playtime":3410,"items_purged":[],"score":797,"play_id":"a22524ba-16b6-4677-8e6b-d0b41892e86d","local_time":"20210206133942","is_ascension_mode":false,"campfire_choices":[{"data":"Slimebound:CorrosiveSpit","floor":1,"key":"SMITH"},{"data":"Slimebound:Split","floor":6,"key":"SMITH"},{"data":"ReplayTheSpireMod:Black Plague","floor":18,"key":"SMITH"},{"data":"Slimebound:DuplicatedForm","floor":25,"key":"SMITH"},{"data":"Slimebound:OozeBath","floor":35,"key":"SMITH"},{"floor":45,"key":"RECALL"}],"circlet_count":0,"master_deck":["Slimebound:Tackle","Slimebound:Defend_Slimebound","Slimebound:Defend_Slimebound","Slimebound:Defend_Slimebound","Slimebound:Defend_Slimebound","Slimebound:Split+1","Slimebound:CorrosiveSpit+1","Slimebound:LivingWall","Languid","Slimebound:DuplicatedForm+1","Slimebound:RainOfGoop","Slimebound:SpikyOuterGoop","ReplayTheSpireMod:Black Plague+1","ReplayTheSpireMod:Black Plague","Slimebound:ItLooksTasty","Slimebound:LeechLife","Slimebound:WasteNot+1","Slimebound:FormOfPuddle+1","Slimebound:MassRepurpose+1","Slimebound:FormOfPuddle+1","Slimebound:Prepare+1","Slimebound:LivingWall+1","downfall:Haunted","Slimebound:TongueLash+1","Slimebound:Dissolve","Slimebound:HauntingLick","Slimebound:SplitMire+1","Slimebound:OozeBath+1","Slimebound:SplitLeeching+1","infinitespire:Execution","Slimebound:LeechingTouch+1","Slimebound:LivingWall+1","Slimebound:Dissolve+1","Slimebound:ProtectTheBoss+1","Slimebound:SlimeTap+1","Slimebound:FormOfPuddle+1","Slimebound:DisruptingSlam+1"],"relics":["Slimebound:AbsorbEndCombat","ReplayTheSpireMod:Ring of Exchange","Ring of Searing","Replay:Mystery Machine","Blue Candle","Astrolabe","Replay:Baseball","Molten Egg 2","Replay:Wax Seal","SlaversCollar","hubris:CuriousFeather","Incense Burner","Painkiller Herb","hubris:Towel","Pet Ghost"],"acts_visited":["Exordium","TheCity","TheBeyond"],"potions_floor_usage":[14,33,38,40,50],"damage_taken":[{"damage":5,"enemies":"Small Slimes","floor":2,"turns":4},{"damage":3,"enemies":"Jaw Worm","floor":3,"turns":5},{"damage":13,"enemies":"Cultist","floor":8,"turns":3},{"damage":12,"enemies":"2 Fungi Beasts","floor":9,"turns":3},{"damage":6,"enemies":"3 Louse","floor":10,"turns":4},{"damage":0,"enemies":"Red Slaver","floor":14,"turns":3},{"damage":5,"enemies":"Blue Slaver","floor":15,"turns":4},{"damage":12,"enemies":"IC_STATUS_ARCHETYPE","floor":16,"turns":5},{"damage":0,"enemies":"Spheric Guardian","floor":19,"turns":1},{"damage":60,"enemies":"3 Cultists","floor":20,"turns":7},{"damage":5,"enemies":"Snake Plant","floor":21,"turns":5},{"damage":12,"enemies":"Centurion and Healer","floor":27,"turns":7},{"damage":25,"enemies":"Snecko","floor":28,"turns":6},{"damage":21,"enemies":"Snake Plant","floor":30,"turns":3},{"damage":5,"enemies":"Chosen and Byrds","floor":31,"turns":6},{"damage":17,"enemies":"Centurion and Healer","floor":32,"turns":9},{"damage":32,"enemies":"SI_MIRROR_ARCHETYPE","floor":33,"turns":7},{"damage":33,"enemies":"3 Shapes","floor":36,"turns":6},{"damage":49,"enemies":"infinitespire:Three Voidlings","floor":38,"turns":6},{"damage":30,"enemies":"Nightmare_Alpha","floor":38,"turns":7},{"damage":64,"enemies":"2 Orb Walkers","floor":39,"turns":6},{"damage":2,"enemies":"downfall:FleeingMerchant","floor":40,"turns":4},{"damage":14,"enemies":"Orb Walker","floor":42,"turns":5},{"damage":7,"enemies":"Sphere and 2 Shapes","floor":44,"turns":5},{"damage":26,"enemies":"Transient","floor":47,"turns":5},{"damage":10,"enemies":"Spire Growth","floor":48,"turns":4},{"damage":22,"enemies":"Jaw Worm Horde","floor":49,"turns":5},{"damage":29,"enemies":"WA_ARCHETYPE_DIVINITY","floor":50,"turns":9}],"seed_played":"-2496078383334270747","potions_obtained":[{"floor":2,"key":"Elixir"},{"floor":3,"key":"DistilledChaos"},{"floor":16,"key":"DistilledChaos"},{"floor":28,"key":"Block Potion"},{"floor":30,"key":"Slimebound:SpawnSlimePotion"},{"floor":33,"key":"Dexterity Potion"},{"floor":38,"key":"sneckomod:MuddlingPotion"},{"floor":44,"key":"Weak Potion"},{"floor":49,"key":"Explosive Potion"}],"is_trial":false,"path_per_floor":["R","M","M","?","?","R","T","M","M","M","?","?","?","M","M","B",null,"R","M","M","M","?","?","T","R","T","M","M","T","M","M","M","B",null,"R","M","?","?","?","$","T","?","?","?","T","T","?","?","?","B",null],"character_chosen":"SLIMEBOUND","items_purchased":["Painkiller Herb"],"campfire_rested":0,"item_purchase_floors":[40],"current_hp_per_floor":[71,71,70,70,70,70,70,61,53,53,48,31,31,33,34,24,71,71,71,25,22,22,22,22,22,22,51,71,71,54,53,71,58,71,71,42,42,71,11,61,61,47,47,65,65,65,60,71,55,71],"gold":156,"neow_bonus":"TEN_PERCENT_HP_BONUS","is_daily":false,"chose_seed":false,"campfire_upgraded":5,"win_rate":0.0,"timestamp":1612618782,"path_taken":["R","M","M","?","?","R","T","?","M","M","?","?","?","?","M","BOSS","R","M","M","M","?","?","T","R","?","?","M","?","M","M","M","BOSS","R","M","?","?","?","$","T","?","?","?","T","?","?","?","?","BOSS"],"items_purchased_type":["Relic"],"build_version":"2020-12-22","purchased_purges":0,"victory":true,"max_hp_per_floor":[71,71,71,71,71,71,71,71,71,71,71,71,71,71,71,71,71,71,71,71,71,71,71,71,71,71,71,71,71,71,71,71,71,71,71,71,71,71,71,71,71,71,71,71,71,71,71,71,71,71],"card_choices":[{"not_picked":["Slimebound:LeechingTouch","Slimebound:GrowthPunch"],"picked":"Slimebound:LivingWall","floor":2},{"not_picked":["Slimebound:LeadByExample","Slimebound:ComboTackle"],"picked":"Slimebound:Gluttony","floor":3},{"not_picked":["Slimebound:LivingWall","Slimebound:LeechEnergy"],"picked":"Slimebound:DuplicatedForm","floor":8},{"not_picked":["Slimebound:Schlurp","Slimebound:Replication"],"picked":"Slimebound:RainOfGoop","floor":9},{"not_picked":["Slimebound:TongueLash","Slimebound:FinishingTackle"],"picked":"Slimebound:SpikyOuterGoop","floor":10},{"not_picked":["infinitespire:FinalStrike","ReplayTheSpireMod:Haul"],"picked":"ReplayTheSpireMod:Black Plague","floor":12},{"not_picked":["Slimebound:ForwardTackle","Slimebound:FinishingTackle"],"picked":"Slimebound:ItLooksTasty","floor":14},{"not_picked":["Slimebound:GoopTackle","Slimebound:HauntingLick","Slimebound:SplitBruiser"],"picked":"SKIP","floor":15},{"not_picked":["Slimebound:SelfFormingGoo","Slimebound:RallyTheTroops"],"picked":"Slimebound:LeechLife","floor":16},{"not_picked":["Slimebound:Schlurp","Slimebound:SplitBruiser"],"picked":"Slimebound:FormOfPuddle+1","floor":19},{"not_picked":["Slimebound:HauntingLick","Slimebound:SlimeTap+1"],"picked":"Slimebound:Prepare+1","floor":20},{"not_picked":["Slimebound:LevelUp","Slimebound:TongueLash"],"picked":"Slimebound:LivingWall+1","floor":21},{"not_picked":["Slimebound:RejuvenatingLick","Slimebound:Prepare"],"picked":"Slimebound:TongueLash+1","floor":27},{"not_picked":["Slimebound:SplitAcid","Slimebound:BestDefense","Slimebound:Repurpose"],"picked":"SKIP","floor":28},{"not_picked":["Slimebound:SplitBruiser","Slimebound:ItLooksTasty+1"],"picked":"Slimebound:Dissolve","floor":30},{"not_picked":["Slimebound:WasteNot","Slimebound:Prepare"],"picked":"Slimebound:HauntingLick","floor":31},{"not_picked":["Slimebound:SplitBruiser+1","Slimebound:ViciousTackle+1"],"picked":"Slimebound:SplitMire+1","floor":32},{"not_picked":["Slimebound:Overexert","Slimebound:RallyTheTroops+1"],"picked":"Slimebound:OozeBath","floor":33},{"not_picked":["Slimebound:ViciousTackle+1","Slimebound:Schlurp"],"picked":"Slimebound:SplitLeeching+1","floor":36},{"not_picked":["infinitespire:FinalStrike","infinitespire:Punishment"],"picked":"infinitespire:Execution","floor":38},{"not_picked":["Slimebound:ForwardTackle+1","Slimebound:LeadByExample"],"picked":"Slimebound:LeechingTouch+1","floor":38},{"not_picked":["Slimebound:SlimeBarrage+1","Slimebound:Schlurp"],"picked":"Slimebound:LivingWall+1","floor":39},{"not_picked":["Slimebound:SamplingLick","Slimebound:SlimeTap"],"picked":"Slimebound:Dissolve+1","floor":40},{"not_picked":["Slimebound:SplitMire","Slimebound:Dissolve"],"picked":"Slimebound:ProtectTheBoss+1","floor":42},{"not_picked":["Slimebound:ViciousTackle+1","Slimebound:RainOfGoop"],"picked":"Slimebound:SlimeTap+1","floor":44},{"not_picked":["Slimebound:SlimeSpikes","Slimebound:RollThrough+1"],"picked":"Slimebound:FormOfPuddle+1","floor":47},{"not_picked":["Slimebound:SplitAcid","Slimebound:SlimeSpikes","Slimebound:Gluttony"],"picked":"SKIP","floor":48},{"not_picked":["Slimebound:Prepare","Slimebound:GoopTackle+1"],"picked":"Slimebound:DisruptingSlam+1","floor":49}],"player_experience":199336,"relics_obtained":[{"floor":4,"key":"ReplayTheSpireMod:Ring of Exchange"},{"floor":4,"key":"Ring of Searing"},{"floor":7,"key":"Replay:Mystery Machine"},{"floor":24,"key":"Replay:Baseball"},{"floor":26,"key":"Molten Egg 2"},{"floor":29,"key":"Replay:Wax Seal"},{"floor":38,"key":"hubris:CuriousFeather"},{"floor":39,"key":"Incense Burner"},{"floor":46,"key":"Pet Ghost"}],"event_choices":[{"cards_removed":["Slimebound:Gluttony"],"damage_healed":0,"gold_gain":0,"player_choice":"Removed Power","damage_taken":0,"max_hp_gain":0,"max_hp_loss":0,"event_name":"Falling","floor":37,"gold_loss":0},{"damage_healed":0,"gold_gain":0,"player_choice":"Fight","damage_taken":0,"max_hp_gain":0,"max_hp_loss":0,"event_name":"Mysterious Sphere","floor":39,"gold_loss":0}],"is_beta":false,"boss_relics":[{"not_picked":["Lee\u0027s Waffle","Runic Dome"],"picked":"Astrolabe"},{"not_picked":["Replay:Ancient Bell","hubris:HerbalPaste"],"picked":"SlaversCollar"}],"items_purged_floors":[],"is_endless":false,"potions_floor_spawned":[2,3,16,28,30,32,33,38,38,44,49],"ascension_level":0}}