{"host":"hpdezpg731xgox4e","time":1612637091,"event":{"mods":["2.2 Compatiblity","Aspiration","BaseMod","Downfall","GifTheSpireLib","Minty Spire (QoL Compilation)","Shop Mod","StSLib"],"gold_per_floor":[99,110,210,229,229,23,23,8,8,24,36,36,55,205,222,222,222,222],"floor_reached":16,"language":"ENG","playtime":1529,"items_purged":["Normality"],"score":192,"play_id":"c4040f26-f2ed-4b56-bf5f-b8f28017ba6d","local_time":"20210206134451","is_ascension_mode":false,"campfire_choices":[{"data":"hexamod:Sear","floor":1,"key":"SMITH"},{"data":"hexamod:SearingWound","floor":9,"key":"SMITH"},{"data":"hexamod:BurningTouch","floor":12,"key":"SMITH"}],"circlet_count":0,"master_deck":["hexamod:Strike","hexamod:Strike","hexamod:Strike","hexamod:Strike","hexamod:Defend","hexamod:Defend","hexamod:Defend","hexamod:Defend","hexamod:Sear+1","hexamod:Float","hexamod:SpectersWail","CurseOfTheBell","CurseOfTheBell","Shame","hexamod:SearingWound+1","Parasite","hexamod:Again","hexamod:ThermalTransfer","hexamod:ExtraCrispy+1","hexamod:Again","hexamod:BurningTouch+1","hexamod:FifthSeal","downfall:Icky","hexamod:SixthSeal"],"relics":["hexamod:SpiritBrand","downfall:ExtraCursedBell","Ancient Tea Set","Frozen Egg 2","FossilizedHelix","Membership Card","HornCleat"],"acts_visited":["Exordium"],"potions_floor_usage":[16],"damage_taken":[{"damage":0,"enemies":"2 Louse","floor":2,"turns":3},{"damage":2,"enemies":"Jaw Worm","floor":4,"turns":3},{"damage":0,"enemies":"downfall:FleeingMerchant","floor":6,"turns":4},{"damage":0,"enemies":"downfall:FleeingMerchant","floor":8,"turns":4},{"damage":0,"enemies":"Cultist","floor":10,"turns":3},{"damage":0,"enemies":"Blue Slaver","floor":11,"turns":4},{"damage":0,"enemies":"2 Fungi Beasts","floor":13,"turns":3},{"damage":9,"enemies":"Large Slime","floor":15,"turns":7},{"damage":73,"enemies":"IC_STATUS_ARCHETYPE","floor":16,"turns":13}],"seed_played":"-3581608668657731671","potions_obtained":[{"floor":11,"key":"Block Potion"},{"floor":13,"key":"ColorlessPotion"}],"is_trial":false,"path_per_floor":["R","M","?","M","?","$","T","$","R","M","M","R","M","?","M","B"],"character_chosen":"THE_SPIRIT","items_purchased":["Membership Card"],"campfire_rested":0,"item_purchase_floors":[6],"current_hp_per_floor":[77,77,82,80,80,80,80,80,80,80,80,80,80,80,71,0,0,0],"gold":222,"neow_bonus":"TEN_PERCENT_HP_BONUS","is_daily":false,"chose_seed":false,"campfire_upgraded":3,"win_rate":0.0,"timestamp":1612637091,"path_taken":["R","M","?","M","?","$","T","?","R","M","?","R","M","?","M","BOSS"],"items_purchased_type":["Relic"],"build_version":"2020-12-22","purchased_purges":1,"victory":false,"max_hp_per_floor":[77,77,82,82,82,82,82,82,82,82,82,82,82,82,82,82,82,82],"card_choices":[{"not_picked":["hexamod:AdvancingGuard","hexamod:SwordOfDarkness"],"picked":"hexamod:SpectersWail","floor":2},{"not_picked":["hexamod:FastForward","hexamod:InspiringFlames"],"picked":"hexamod:Again","floor":4},{"not_picked":["hexamod:HauntingEcho","hexamod:BacktrackSmack"],"picked":"hexamod:ThermalTransfer","floor":6},{"not_picked":["hexamod:HauntingEcho","hexamod:HeatMetal"],"picked":"hexamod:ExtraCrispy+1","floor":8},{"not_picked":["hexamod:ShieldOfDarkness","hexamod:RetreatToShadows"],"picked":"hexamod:Again","floor":10},{"not_picked":["hexamod:GhostLash","hexamod:HauntingEcho"],"picked":"hexamod:BurningTouch","floor":11},{"not_picked":["hexamod:SpectersWail","hexamod:SwordOfDarkness"],"picked":"hexamod:FifthSeal","floor":13},{"not_picked":["hexamod:FirstSeal","hexamod:ThirdSeal"],"picked":"hexamod:SixthSeal","floor":15},{"not_picked":["hexamod:HeatMetal","hexamod:Firestarter","hexamod:GhostShield"],"picked":"SKIP","floor":15}],"player_experience":35343,"relics_obtained":[{"floor":3,"key":"Ancient Tea Set"},{"floor":3,"key":"Frozen Egg 2"},{"floor":3,"key":"FossilizedHelix"},{"floor":7,"key":"HornCleat"}],"event_choices":[],"is_beta":false,"boss_relics":[],"items_purged_floors":[6],"is_endless":false,"potions_floor_spawned":[11,13],"killed_by":"IC_STATUS_ARCHETYPE","ascension_level":0}}