{"host":"23qk1co0p3p8qz56","time":1612583112,"event":{"mods":["100% Spire Juice","AchievementEnabler","Act Like it!","Arknights","BaseMod","Better Note","Better Third Choice","BetterRewards","CapriCore","Chen","Colored Map","Downfall","Friendly Minions","Gensokyo","Gold Saver","KinomotoSakuraMod(木之本?)","Koishi","Lobotomy","LobotomyExtend","Marisa（霧雨　魔理沙）","Minty Spire (QoL Compilation)","Prisma Mod","Reimu（博??梦）","Remilia（蕾米莉?）","StSLib","The Alterego","The Animator","The Immortal","The Senshi","Waifu the Spire","Yakumo Yukari mod","Yohane!","Yuyuko"],"gold_per_floor":[250,264,274,287,287,287,306,319,344,344,354,354,369,389,389,489,489,489,242,242,254,254,254,271,271,340,340,340,356,331,331,331,431,431,445,461,461,103,116,116,116,116,116,132,132,147,166,166,166],"floor_reached":48,"language":"ENG","playtime":2938,"items_purged":["Strike_R"],"score":451,"play_id":"2bd65360-9485-4817-9a2d-594135dd83cb","local_time":"20210205204512","is_ascension_mode":false,"campfire_choices":[{"data":"Body Slam","floor":10,"key":"SMITH"},{"data":"True Grit","floor":12,"key":"SMITH"},{"data":"Armaments","floor":15,"key":"SMITH"},{"data":"Juggernaut","floor":23,"key":"SMITH"},{"data":"Flame Barrier","floor":25,"key":"SMITH"},{"data":"Bloodletting","floor":28,"key":"SMITH"},{"data":"Shrug It Off","floor":32,"key":"SMITH"},{"data":"True Grit","floor":40,"key":"SMITH"},{"data":"Shrug It Off","floor":42,"key":"SMITH"}],"circlet_count":0,"master_deck":["Strike_R","Strike_R","Strike_R","Defend_R","Defend_R","Defend_R","Defend_R","Iron Wave+1","Cleave","Flex","Body Slam+1","Flame Barrier+1","True Grit+1","Armaments+1","Warcry","Juggernaut+1","Warcry+1","Bloodletting+1","Deep Breath","Flame Barrier","Shrug It Off+1","Double Tap","Anger+1","Disarm+1","Searing Blow+1","Armaments+1","Shrug It Off+1","Metallicize","True Grit+1","Shrug It Off+1","Wraith","Warcry","Flex","Body Slam"],"relics":["Burning Blood","LetterFromLob","Strawberry","Runic Pyramid","HornCleat","alterego_mod:FleetingLove","Pear","Astrolabe","Lee\u0027s Waffle","Letter Opener"],"acts_visited":["Exordium","TheCity","TheBeyond"],"potions_floor_usage":[16,16,16,48],"damage_taken":[{"damage":6,"enemies":"Cultist","floor":1,"turns":4},{"damage":6,"enemies":"2 Louse","floor":2,"turns":3},{"damage":5,"enemies":"Small Slimes","floor":3,"turns":3},{"damage":6,"enemies":"3 Louse","floor":4,"turns":3},{"damage":6,"enemies":"Large Slime","floor":7,"turns":5},{"damage":16,"enemies":"Red Slaver","floor":8,"turns":4},{"damage":16,"enemies":"Lots of Slimes","floor":11,"turns":3},{"damage":5,"enemies":"Blue Slaver","floor":13,"turns":4},{"damage":0,"enemies":"Looter","floor":14,"turns":4},{"damage":60,"enemies":"Slime Boss","floor":16,"turns":19},{"damage":6,"enemies":"3 Byrds","floor":21,"turns":3},{"damage":18,"enemies":"Spheric Guardian","floor":24,"turns":6},{"damage":8,"enemies":"Centurion and Healer","floor":29,"turns":6},{"damage":47,"enemies":"Champ","floor":33,"turns":15},{"damage":7,"enemies":"Orb Walker","floor":35,"turns":3},{"damage":57,"enemies":"3 Shapes","floor":36,"turns":10},{"damage":14,"enemies":"Transient","floor":39,"turns":5},{"damage":58,"enemies":"Sphere and 2 Shapes","floor":44,"turns":6},{"damage":3,"enemies":"4 Shapes","floor":46,"turns":4},{"damage":43,"enemies":"Maw","floor":47,"turns":10},{"damage":26,"enemies":"Giant Head","floor":48,"turns":8}],"seed_played":"-1092253704799195150","potions_obtained":[{"floor":7,"key":"bronze:BurnAndBuffPotion"},{"floor":11,"key":"LiquidMemories"},{"floor":13,"key":"EssenceOfSteel"},{"floor":29,"key":"Regen Potion"},{"floor":35,"key":"Strength Potion"},{"floor":44,"key":"Explosive Potion"}],"is_trial":false,"path_per_floor":["M","M","M","M","?","?","M","M","T","R","M","R","M","M","R","B",null,"M","$","?","M","?","R","M","R","T","?","R","M","$","T","R","B",null,"M","M","?","$","M","R","?","R","T","M","?","M","M","E"],"character_chosen":"IRONCLAD","items_purchased":["HornCleat","Shrug It Off","Metallicize","True Grit","Lee\u0027s Waffle"],"campfire_rested":0,"item_purchase_floors":[19,30,38,38,38],"current_hp_per_floor":[80,80,80,80,80,80,80,70,77,77,67,67,68,74,74,20,87,87,87,87,87,87,87,75,75,85,85,85,83,83,83,83,42,97,96,45,45,104,96,96,96,96,96,44,44,47,10,0,0],"gold":166,"neow_bonus":"REMOVE_CARD","is_daily":false,"chose_seed":false,"campfire_upgraded":9,"win_rate":0.0,"timestamp":1612583112,"path_taken":["M","M","M","M","?","?","M","?","T","R","M","R","M","M","R","BOSS","M","$","?","M","?","R","M","R","T","?","R","?","$","?","R","BOSS","M","M","?","$","M","R","?","R","T","M","?","M","?","E"],"items_purchased_type":["Relic","Card","Card","Card","Relic"],"build_version":"2020-12-22","purchased_purges":1,"victory":false,"max_hp_per_floor":[80,80,80,80,80,80,80,80,87,87,87,87,87,87,87,87,87,87,87,87,87,87,87,87,87,97,97,97,97,97,97,97,97,97,97,97,97,104,104,104,104,104,104,104,104,104,104,104,104],"card_choices":[{"not_picked":["Cleave","Blood for Blood"],"picked":"Iron Wave","floor":1},{"not_picked":["Perfected Strike","Clothesline"],"picked":"Cleave","floor":2},{"not_picked":["Sword Boomerang","Clothesline"],"picked":"Flex","floor":3},{"not_picked":["Perfected Strike","Clothesline"],"picked":"Twin Strike","floor":4},{"not_picked":["Flex","Bloodletting"],"picked":"Body Slam","floor":7},{"not_picked":["Thunderclap","Searing Blow"],"picked":"Flame Barrier","floor":8},{"not_picked":["Rampage","Sword Boomerang"],"picked":"True Grit","floor":11},{"not_picked":["Blood for Blood","Anger"],"picked":"Armaments","floor":13},{"not_picked":["Bludgeon","Twin Strike"],"picked":"Warcry","floor":14},{"not_picked":["Feed","Berserk"],"picked":"Juggernaut","floor":16},{"not_picked":["Inflame","Hemokinesis"],"picked":"Warcry+1","floor":21},{"not_picked":["Searing Blow","Anger"],"picked":"Bloodletting","floor":24},{"not_picked":["Headbutt","Shockwave"],"picked":"Flame Barrier","floor":29},{"not_picked":["Fiend Fire","Demon Form"],"picked":"Double Tap","floor":33},{"not_picked":["Thunderclap","Sword Boomerang+1"],"picked":"Armaments+1","floor":35},{"not_picked":["Sever Soul","Headbutt"],"picked":"Shrug It Off","floor":36},{"not_picked":["Bloodletting","Sword Boomerang"],"picked":"Shrug It Off+1","floor":39},{"not_picked":["Metallicize","Second Wind+1"],"picked":"Warcry","floor":44},{"not_picked":["Thunderclap+1","Sword Boomerang+1"],"picked":"Flex","floor":46},{"not_picked":["Blood for Blood+1","Carnage+1"],"picked":"Body Slam","floor":47}],"player_experience":44808,"relics_obtained":[{"floor":1,"key":"LetterFromLob"},{"floor":9,"key":"Strawberry"},{"floor":26,"key":"Pear"},{"floor":43,"key":"Letter Opener"}],"event_choices":[{"damage_healed":0,"gold_gain":0,"player_choice":"Grow","damage_taken":0,"max_hp_gain":0,"max_hp_loss":0,"event_name":"Living Wall","floor":5,"gold_loss":0,"cards_upgraded":["Iron Wave"]},{"damage_healed":0,"gold_gain":0,"player_choice":"Ignored","damage_taken":0,"max_hp_gain":0,"max_hp_loss":0,"event_name":"betterNote:BetterNote","floor":6,"gold_loss":0,"cards_obtained":["animator:Megumin"]},{"damage_healed":0,"gold_gain":0,"player_choice":"Choice 1","damage_taken":0,"relics_obtained":["alterego_mod:FleetingLove"],"max_hp_gain":0,"max_hp_loss":0,"event_name":"Secret Garden","floor":20,"gold_loss":0},{"damage_healed":0,"gold_gain":0,"player_choice":"Ignored","damage_taken":0,"max_hp_gain":0,"max_hp_loss":0,"event_name":"The Mausoleum","floor":22,"gold_loss":0},{"damage_healed":0,"gold_gain":0,"player_choice":"2 cards matched","damage_taken":0,"max_hp_gain":0,"max_hp_loss":0,"event_name":"Match and Keep!","floor":27,"gold_loss":0,"cards_obtained":["Bash","Deep Breath"]},{"damage_healed":0,"gold_gain":0,"player_choice":"Ignored","damage_taken":0,"max_hp_gain":0,"max_hp_loss":0,"event_name":"OrinTheCat","floor":41,"gold_loss":0},{"damage_healed":0,"gold_gain":0,"player_choice":"Ignored","damage_taken":0,"max_hp_gain":0,"max_hp_loss":0,"event_name":"Tomb of Lord Red Mask","floor":45,"gold_loss":0}],"is_beta":false,"boss_relics":[{"not_picked":["Coffee Dripper","Sozu"],"picked":"Runic Pyramid"},{"not_picked":["Busted Crown","Mark of Pain"],"picked":"Astrolabe"}],"items_purged_floors":[38],"is_endless":false,"potions_floor_spawned":[7,11,13,29,35,44],"killed_by":"Giant Head","ascension_level":0}}