{"host":"56ghxnzsglgdq727","time":1612632505,"event":{"mods":["AchievementEnabler","BaseMod","Downfall","Duelist Mod","Minty Spire (QoL Compilation)","Rare Cards Sparkle","StSLib","The Bug Knight","The Exalted","The Senshi","The Wild Card"],"gold_per_floor":[136,61,72,72,105,132,132,132,158,78,113,161,178,198,198,298,298,308,308,323,151,166,198,198,232,232,232,232,232,251,270,270,371,371,390,390,401,401,401,401],"floor_reached":39,"language":"ENG","playtime":1609,"items_purged":["theDuelist:SummoningCurse","theDuelist:Sparks"],"score":619,"play_id":"f2616aca-7488-4775-babe-a3143328f758","local_time":"20210206122825","is_ascension_mode":true,"campfire_choices":[{"data":"theDuelist:SliferSky","floor":7.0,"key":"SMITH"},{"floor":15.0,"key":"REST"},{"floor":24.0,"key":"REST"},{"data":"theDuelist:SliferSky","floor":29.0,"key":"SMITH"},{"data":"theDuelist:DragonMirror","floor":32.0,"key":"SMITH"}],"circlet_count":0,"master_deck":["theDuelist:BerserkScales","theDuelist:BabyDragon","theDuelist:CaveDragon","theDuelist:CaveDragon","theDuelist:LesserDragon","theDuelist:LesserDragon","theDuelist:YamataDragon","theDuelist:SliferSky+1","theDuelist:Hinotama","theDuelist:GaiaDragonChamp","theDuelist:HorusServant","theDuelist:FluteSummoning","theDuelist:SliferSky+1","theDuelist:RedEyes+1","theDuelist:DragonMirror+1","theDuelist:FireDarts+1","theDuelist:DragonMastery"],"relics":["theDuelist:MillenniumPuzzle","theDuelist:CardPoolRelic","theDuelist:CardPoolBasicRelic","theDuelist:BoosterPackPoolRelic","theDuelist:CardPoolAddRelic","theDuelist:CardPoolMinusRelic","theDuelist:CardPoolSaveRelic","theDuelist:CardPoolOptionsRelic","Juzu Bracelet","Red Skull","Boot","Calipers","Ginger","StoneCalendar","Empty Cage","Strawberry","Bromod:ArcaneGuardian","Bromod:ArcaneTrickery","bronze:MakeshiftBattery","theDuelist:SummonAnchor","Akabeko"],"acts_visited":["Exordium","TheCity","TheBeyond"],"potions_floor_usage":[],"damage_taken":[{"damage":0.0,"enemies":"Small Slimes","floor":1.0,"turns":4.0},{"damage":0.0,"enemies":"2 Louse","floor":3.0,"turns":1.0},{"damage":13.0,"enemies":"Gremlin Nob","floor":6.0,"turns":4.0},{"damage":6.0,"enemies":"Lagavulin","floor":11.0,"turns":6.0},{"damage":4.0,"enemies":"Lagavulin","floor":12.0,"turns":9.0},{"damage":5.0,"enemies":"Jaw Worm","floor":13.0,"turns":2.0},{"damage":11.0,"enemies":"Large Slime","floor":14.0,"turns":4.0},{"damage":20.0,"enemies":"Hexaghost","floor":16.0,"turns":7.0},{"damage":9.0,"enemies":"Chosen","floor":18.0,"turns":6.0},{"damage":30.0,"enemies":"2 Thieves","floor":20.0,"turns":5.0},{"damage":15.0,"enemies":"Snake Plant","floor":22.0,"turns":4.0},{"damage":10.0,"enemies":"theDuelist:KaibaA2","floor":23.0,"turns":6.0},{"damage":6.0,"enemies":"Book of Stabbing","floor":25.0,"turns":5.0},{"damage":21.0,"enemies":"Sentry and Sphere","floor":30.0,"turns":5.0},{"damage":10.0,"enemies":"Centurion and Healer","floor":31.0,"turns":5.0},{"damage":22.0,"enemies":"Collector","floor":33.0,"turns":5.0},{"damage":9.0,"enemies":"Orb Walker","floor":35.0,"turns":3.0},{"damage":50.0,"enemies":"3 Darklings","floor":37.0,"turns":5.0},{"damage":21,"enemies":"Spire Growth","floor":39,"turns":2}],"seed_played":"7658209403423703828","potions_obtained":[{"floor":1.0,"key":"sneckomod:MuddlingPotion"},{"floor":6.0,"key":"theDuelist:BurningPotionB"},{"floor":12.0,"key":"LiquidMemories"},{"floor":18.0,"key":"hexamod:SoulburnPotion"},{"floor":23.0,"key":"theDuelist:CoolBottle"},{"floor":25.0,"key":"theDuelist:TokenPotion"},{"floor":30.0,"key":"theDuelist:DragonfirePotion"}],"is_trial":false,"path_per_floor":["M","$","M","?","?","E","R","?","T","$","E","?","M","M","R","B",null,"M","$","M","$","M","E","R","E","T","?","?","R","M","M","R","B",null,"M","?","M","T","M"],"character_chosen":"THE_DUELIST","items_purchased":["theDuelist:HorusServant","theDuelist:DragonMirror"],"campfire_rested":2,"item_purchase_floors":[10,21],"current_hp_per_floor":[72,72,72,77,77,64,64,64,64,64,58,54,49,38,63,43,75,66,66,36,36,21,18,45,39,39,39,69,69,48,38,38,16,73,64,58,8,8,0,0],"gold":401,"neow_bonus":"THREE_RARE_CARDS","is_daily":false,"chose_seed":false,"campfire_upgraded":3,"win_rate":0.0,"timestamp":1612632505,"path_taken":["M","$","M","?","?","E","R","?","T","?","E","?","M","M","R","BOSS","M","$","M","$","M","E","R","E","T","?","?","R","M","M","R","BOSS","M","?","M","?","M"],"items_purchased_type":["Card","Card"],"build_version":"2020-12-22","purchased_purges":2,"victory":false,"max_hp_per_floor":[80,80,80,85,85,85,85,85,85,85,85,85,85,85,85,85,85,85,85,85,85,85,92,92,92,92,92,92,92,92,92,92,92,92,92,92,92,92,92,92],"card_choices":[{"not_picked":["theDuelist:SurvivalFittest","theDuelist:ChimeratechOverdragon"],"picked":"theDuelist:SliferSky","floor":0.0},{"not_picked":["theDuelist:BattleguardKing","theDuelist:GreenGraveOni","theDuelist:RedMedicine","theDuelist:UltimateOffering"],"picked":"theDuelist:Hinotama","floor":1.0},{"not_picked":["theDuelist:CyberDragonInfinity","theDuelist:CyberneticRevolution","theDuelist:BlacklandFireDragon","theDuelist:FiveHeaded"],"picked":"theDuelist:StardustDragon","floor":3.0},{"not_picked":["theDuelist:SeismicShockwave","theDuelist:GiantRex"],"picked":"theDuelist:GaiaDragonChamp","floor":6.0},{"not_picked":["theDuelist:TrihornedDragon","theDuelist:CyberDragonDrei","theDuelist:BlackBrutdrago","theDuelist:BeserkDragon","theDuelist:ArmedDragon3"],"picked":"SKIP","floor":11.0},{"not_picked":["theDuelist:FiendSkull","theDuelist:WhiteHornDragon","theDuelist:BackupSoldier","theDuelist:DoomkaiserDragon"],"picked":"theDuelist:FluteSummoning","floor":12.0},{"not_picked":["theDuelist:TwinHeadedFire","theDuelist:LesserDragon","theDuelist:Earthquake","theDuelist:CyberDinosaur","theDuelist:DarkDriceratops"],"picked":"SKIP","floor":13.0},{"not_picked":["theDuelist:TwinHeadedBehemoth","theDuelist:LesserDragon","theDuelist:BusterDrake","theDuelist:Babycerasaurus","theDuelist:FrostflameDragon"],"picked":"SKIP","floor":14.0},{"not_picked":["theDuelist:Lancephorhynchus","theDuelist:DefensiveTactics","theDuelist:CyberDragonInfinity","theDuelist:BusterBladerDDS"],"picked":"theDuelist:SliferSky","floor":16.0},{"not_picked":["theDuelist:SpiralSpearStrike+1","theDuelist:SafeZone","theDuelist:DragonShield+1","theDuelist:DragonCaptureJar","theDuelist:DefenseDraw"],"picked":"SKIP","floor":18.0},{"not_picked":["theDuelist:TwinHeadedBehemoth+1","theDuelist:TailSwipe+1"],"picked":"theDuelist:RedEyes+1","floor":20.0},{"not_picked":["theDuelist:TyrantWing","theDuelist:SafeZone","theDuelist:FireDarts","theDuelist:DefenseDraw","theDuelist:SpiralSpearStrike+1"],"picked":"SKIP","floor":22.0},{"not_picked":["theDuelist:ChimeratechOverdragon+1","theDuelist:BarrelDragon+1"],"picked":"theDuelist:FireDarts+1","floor":23.0},{"not_picked":["theDuelist:Hinotama","theDuelist:StrayLambs","theDuelist:BattleguardKing+1","theDuelist:HarpieFeather","theDuelist:HaneHane"],"picked":"SKIP","floor":25.0},{"not_picked":["theDuelist:SoulCharge","theDuelist:GuardragonJusticia","theDuelist:CoralDragon","theDuelist:ClawHermos","theDuelist:CyberDragonCore"],"picked":"SKIP","floor":30.0},{"not_picked":["theDuelist:MadSwordBeast","theDuelist:Kabazauls","theDuelist:TwinHeadedFire","theDuelist:CurseDragon","theDuelist:BusterBlader"],"picked":"SKIP","floor":31.0},{"not_picked":["theDuelist:TailSwipe","theDuelist:QueenDragunDjinn","theDuelist:FiveHeaded","theDuelist:DefensiveTactics+1"],"picked":"theDuelist:DragonMastery","floor":33.0},{"not_picked":["theDuelist:Earthquake+1","theDuelist:EvilMind+1","theDuelist:SystemDown+1","theDuelist:SilverWing","theDuelist:SuperStridentBlaze"],"picked":"SKIP","floor":35.0},{"not_picked":["theDuelist:DarkHorus+1","theDuelist:Carboneddon","theDuelist:TwinHeadedBehemoth+1","theDuelist:WaterDragonCluster+1","theDuelist:DarkstormDragon+1"],"picked":"SKIP","floor":37.0}],"player_experience":300628,"relics_obtained":[{"floor":6.0,"key":"Juzu Bracelet"},{"floor":9.0,"key":"Red Skull"},{"floor":11.0,"key":"Boot"},{"floor":12.0,"key":"Calipers"},{"floor":12.0,"key":"Ginger"},{"floor":12.0,"key":"StoneCalendar"},{"floor":23.0,"key":"Strawberry"},{"floor":25.0,"key":"Bromod:ArcaneGuardian"},{"floor":26.0,"key":"Bromod:ArcaneTrickery"},{"floor":38.0,"key":"Akabeko"}],"event_choices":[{"damage_healed":0.0,"max_hp_gain":5.0,"max_hp_loss":0.0,"gold_gain":0.0,"event_name":"Big Fish","player_choice":"Donut","floor":4.0,"gold_loss":0.0,"damage_taken":0.0},{"damage_healed":0.0,"max_hp_gain":0.0,"max_hp_loss":0.0,"gold_gain":0.0,"event_name":"Card Trader","player_choice":"Sold Sparks for 33 Gold.","duelist":true,"floor":5.0,"gold_loss":0.0,"damage_taken":0.0},{"damage_healed":0.0,"max_hp_gain":0.0,"max_hp_loss":0.0,"gold_gain":0.0,"event_name":"Golden Idol","player_choice":"Ignored","floor":8.0,"gold_loss":0.0,"damage_taken":0.0},{"damage_healed":0.0,"max_hp_gain":0.0,"max_hp_loss":0.0,"gold_gain":0.0,"event_name":"Battle City","player_choice":"Fight","duelist":true,"floor":12.0,"gold_loss":0.0,"damage_taken":0.0},{"damage_healed":0.0,"max_hp_gain":0.0,"max_hp_loss":0.0,"gold_gain":0.0,"event_name":"Card Trader","player_choice":"Traded Stardust Dragon for Berserk Scales","duelist":true,"floor":27.0,"gold_loss":0.0,"damage_taken":0.0},{"damage_healed":30.0,"max_hp_gain":0.0,"max_hp_loss":0.0,"gold_gain":0.0,"event_name":"The Library","player_choice":"Heal","floor":28.0,"gold_loss":0.0,"damage_taken":0.0},{"damage_healed":0.0,"max_hp_gain":0.0,"max_hp_loss":0.0,"gold_gain":0.0,"event_name":"Aknamkanon\u0027s Tomb","player_choice":"Dig - random Duelist relic","duelist":true,"floor":36.0,"gold_loss":0.0,"damage_taken":0.0}],"is_beta":false,"boss_relics":[{"not_picked":["Busted Crown","Velvet Choker"],"picked":"Empty Cage"},{"not_picked":["Tiny House","Fusion Hammer"],"picked":"bronze:MakeshiftBattery"}],"items_purged_floors":[2,21],"is_endless":false,"potions_floor_spawned":[1,6,12,18,23,25,30],"killed_by":"Spire Growth","ascension_level":9}}