{"host":"vlqej45p0v31lhdi","time":1612589945,"event":{"mods":["AchievementEnabler","BaseMod","Bestiary","Colored Powertips","Minty Spire (QoL Compilation)","Relic Sorter","Relic Stats"],"gold_per_floor":[112,287,298,75,95,121,133,166,166,166,183,201,201,201,201,321,321,336,336,336,336,351,351,385,8,32,44,81,117,129,129],"floor_reached":30,"language":"ENG","playtime":2136,"items_purged":["Doubt","Strike_B"],"score":312,"play_id":"309b7e2b-4e06-4582-9260-45a313fc7edf","local_time":"20210205233905","is_ascension_mode":true,"campfire_choices":[{"floor":10,"key":"REST"},{"floor":13,"key":"REST"},{"data":"Rainbow","floor":15,"key":"SMITH"},{"data":"Consume","floor":23,"key":"SMITH"},{"data":"RitualDagger","floor":27,"key":"SMITH"}],"circlet_count":0,"master_deck":["Strike_B","Strike_B","Strike_B","Defend_B","Defend_B","Defend_B","Defend_B","Zap","Dualcast","Compile Driver","Consume+1","Rainbow+1","Lockon","Sweeping Beam","Auto Shields","Lockon","Steam","Heatsinks","Doom and Gloom","Core Surge","Go for the Eyes+1","Capacitor","RitualDagger+1","Redo","Genetic Algorithm+1","Apotheosis","Defragment","Injury","Coolheaded+1"],"relics":["Runic Dome","Vajra","Juzu Bracelet","HornCleat","Golden Idol","Cursed Key","Turnip","MawBank"],"acts_visited":["Exordium","TheCity"],"potions_floor_usage":[8,8,16,24,29,30],"damage_taken":[{"damage":3,"enemies":"2 Louse","floor":1,"turns":3},{"damage":7,"enemies":"Jaw Worm","floor":3,"turns":3},{"damage":4,"enemies":"Small Slimes","floor":5,"turns":3},{"damage":43,"enemies":"Gremlin Nob","floor":6,"turns":5},{"damage":9,"enemies":"Blue Slaver","floor":7,"turns":3},{"damage":8,"enemies":"3 Sentries","floor":8,"turns":6},{"damage":0,"enemies":"Exordium Wildlife","floor":11,"turns":3},{"damage":10,"enemies":"2 Fungi Beasts","floor":12,"turns":4},{"damage":2,"enemies":"Hexaghost","floor":16,"turns":7},{"damage":6,"enemies":"Chosen","floor":18,"turns":3},{"damage":16,"enemies":"Spheric Guardian","floor":22,"turns":5},{"damage":10,"enemies":"Slavers","floor":24,"turns":4},{"damage":21,"enemies":"Chosen and Byrds","floor":28,"turns":4},{"damage":4,"enemies":"Cultist and Chosen","floor":29,"turns":4},{"damage":6,"enemies":"Snecko","floor":30,"turns":3}],"seed_played":"2560311122935302506","potions_obtained":[{"floor":3,"key":"PotionOfCapacity"},{"floor":6,"key":"PowerPotion"},{"floor":7,"key":"SkillPotion"},{"floor":18,"key":"AttackPotion"},{"floor":24,"key":"Weak Potion"},{"floor":28,"key":"PowerPotion"}],"is_trial":false,"path_per_floor":["M","?","M","$","M","E","M","E","T","R","M","M","R","?","R","B",null,"M","?","?","?","M","R","E","$","T","R","M","M","M"],"character_chosen":"DEFECT","items_purchased":["Rainbow","Lockon","Apotheosis","Defragment"],"campfire_rested":2,"item_purchase_floors":[4,4,25,25],"current_hp_per_floor":[72,72,65,65,61,18,9,1,1,23,23,13,35,35,35,33,69,63,63,57,57,41,41,31,31,31,31,10,6,0,0],"gold":129,"neow_bonus":"BOSS_RELIC","is_daily":false,"chose_seed":false,"campfire_upgraded":3,"win_rate":0.0,"timestamp":1612589945,"path_taken":["M","?","M","$","M","E","M","E","T","R","M","M","R","?","R","BOSS","M","?","?","?","M","R","E","?","T","R","M","M","M"],"items_purchased_type":["Card","Card","Card","Card"],"build_version":"2020-12-22","purchased_purges":2,"victory":false,"max_hp_per_floor":[75,75,75,75,75,75,75,75,75,75,75,75,75,69,69,69,69,69,69,69,69,69,69,69,69,69,69,69,69,69,69],"relic_stats":{"counters":[15,60],"Golden Idol":47,"Turnip":[0],"Juzu Bracelet":0,"Cursed Key":1,"MawBank":48,"obtain_stats":[{"Runic Dome":0,"HornCleat":9,"Golden Idol":14,"Vajra":6,"Turnip":24,"Juzu Bracelet":8,"Cracked Core":0,"Cursed Key":17,"MawBank":26},{"Runic Dome":0,"HornCleat":6,"Golden Idol":8,"Vajra":4,"Turnip":12,"Juzu Bracelet":6,"Cracked Core":0,"Cursed Key":9,"MawBank":12},{"Runic Dome":0,"HornCleat":23,"Golden Idol":30,"Vajra":14,"Turnip":49,"Juzu Bracelet":23,"Cracked Core":0,"Cursed Key":37,"MawBank":49}]},"card_choices":[{"not_picked":["Gash","Rebound"],"picked":"Compile Driver","floor":1},{"not_picked":["Tempest","Undo"],"picked":"Consume","floor":3},{"not_picked":["Compile Driver","Auto Shields"],"picked":"Sweeping Beam","floor":5},{"not_picked":["Stack","Heatsinks"],"picked":"Auto Shields","floor":6},{"not_picked":["Streamline","Rebound"],"picked":"Lockon","floor":7},{"not_picked":["Stack","Auto Shields"],"picked":"Steam","floor":8},{"not_picked":["Force Field","Thunder Strike"],"picked":"Heatsinks","floor":11},{"not_picked":["Gash","Leap"],"picked":"Doom and Gloom","floor":12},{"not_picked":["Buffer","Seek"],"picked":"Core Surge","floor":16},{"not_picked":["Steam","Leap"],"picked":"Go for the Eyes+1","floor":18},{"not_picked":["Steam","Lockon"],"picked":"Redo","floor":22},{"not_picked":["FTL","Beam Cell"],"picked":"Genetic Algorithm+1","floor":24},{"not_picked":["Amplify","Cold Snap"],"picked":"Coolheaded+1","floor":28},{"not_picked":["Beam Cell+1","Gash","Reprogram"],"picked":"SKIP","floor":29}],"player_experience":2373228,"relics_obtained":[{"floor":6,"key":"Vajra"},{"floor":8,"key":"Juzu Bracelet"},{"floor":9,"key":"HornCleat"},{"floor":24,"key":"Turnip"},{"floor":26,"key":"MawBank"}],"event_choices":[{"damage_healed":0,"gold_gain":175,"player_choice":"AGREE","damage_taken":0,"max_hp_gain":0,"max_hp_loss":0,"event_name":"Liars Game","floor":2,"gold_loss":0,"cards_obtained":["Doubt"]},{"damage_healed":0,"gold_gain":0,"player_choice":"Lose Max HP","damage_taken":0,"relics_obtained":["Golden Idol"],"max_hp_gain":0,"max_hp_loss":6,"event_name":"Golden Idol","floor":14,"gold_loss":0},{"damage_healed":0,"gold_gain":0,"player_choice":"Read","damage_taken":0,"max_hp_gain":0,"max_hp_loss":0,"event_name":"The Library","floor":19,"gold_loss":0,"cards_obtained":["Capacitor"]},{"damage_healed":0,"gold_gain":0,"player_choice":"Joined the Cult","damage_taken":6,"max_hp_gain":0,"max_hp_loss":0,"event_name":"Nest","floor":20,"gold_loss":0,"cards_obtained":["RitualDagger"]},{"damage_healed":0,"gold_gain":0,"player_choice":"Ignored","damage_taken":0,"max_hp_gain":0,"max_hp_loss":0,"event_name":"Ghosts","floor":21,"gold_loss":0}],"is_beta":false,"boss_relics":[{"not_picked":["Busted Crown","SlaversCollar"],"picked":"Cursed Key"}],"items_purged_floors":[4,25],"is_endless":false,"potions_floor_spawned":[3,6,7,18,24,28],"killed_by":"Snecko","ascension_level":4}}