{"host":"KYO","time":1612614481,"event":{"mods":["ATMod(阿瑾Mod)","BaseMod","Better Vampires","Minty Spire (QoL Compilation)","Permanent Neow","Replay The Spire","Shop Mod","StSLib","SuperFastMode","TestMod","[IsaacMod]以撒尖塔","【遗物卡牌】REMEMod"],"gold_per_floor":[116,134,134,134,134,134,145,178,205,220,255,255,290,310,310,385,385,402,402],"floor_reached":18,"language":"ZHS","playtime":486,"items_purged":[],"score":464,"play_id":"fe0cec39-5c16-4273-844f-5150d724b26b","local_time":"20210206202801","is_ascension_mode":true,"campfire_choices":[{"data":"Streamline","floor":6.0,"key":"SMITH"},{"data":"Go for the Eyes","floor":15.0,"key":"SMITH"}],"circlet_count":0,"master_deck":["AscendersBane","Strike_B","Strike_B","Strike_B","Strike_B","Defend_B+1","Defend_B","Defend_B","Defend_B","Zap+1","Dualcast","Streamline+1","Go for the Eyes+1","Clumsy","REME_DataAnalysis","Core Surge","Coolheaded"],"relics":["HushsDoor","AT_ATBox","REME_ComplimentaryCards","testmod-TestBox","SatanicBible","testmod-Fortitude","testmod-Fanaticism","Oddly Smooth Stone","Letter Opener","Ring of Peace","Gremlin Food","Cursed Key"],"acts_visited":["Exordium","TheCity","TheBeyond"],"potions_floor_usage":[],"damage_taken":[{"damage":0.0,"enemies":"Cultist","floor":1.0,"turns":2.0},{"damage":0.0,"enemies":"Small Slimes","floor":2.0,"turns":2.0},{"damage":4.0,"enemies":"2 Louse","floor":7.0,"turns":2.0},{"damage":35.0,"enemies":"Lagavulin","floor":8.0,"turns":4.0},{"damage":0.0,"enemies":"Large Slime","floor":10.0,"turns":3.0},{"damage":0.0,"enemies":"Gremlin Nob","floor":11.0,"turns":2.0},{"damage":0.0,"enemies":"Replay:BlueRogue","floor":13.0,"turns":4.0},{"damage":0.0,"enemies":"2 Fungi Beasts","floor":14.0,"turns":2.0},{"damage":8.0,"enemies":"Hexaghost","floor":16.0,"turns":6.0},{"damage":19.0,"enemies":"Shell Parasite","floor":18.0,"turns":4.0}],"seed_played":"-6623048318298197797","potions_obtained":[{"floor":1.0,"key":"DuplicationPotion"},{"floor":10.0,"key":"Strength Potion"},{"floor":18,"key":"Strength Potion"}],"is_trial":false,"path_per_floor":["M","M","?","?","?","R","M","E","T","M","E","?","E","M","R","B",null,"M"],"character_chosen":"DEFECT","items_purchased":[],"campfire_rested":0,"item_purchase_floors":[],"current_hp_per_floor":[64,64,64,69,69,69,65,61,61,61,63,63,63,63,63,70,75,74,74],"gold":402,"neow_bonus":"BOSS_RELIC","is_daily":false,"chose_seed":false,"campfire_upgraded":2,"win_rate":0.0,"timestamp":1612614481,"path_taken":["M","?","?","?","?","R","M","E","T","M","E","?","E","M","R","BOSS","M"],"items_purchased_type":[],"build_version":"2020-12-18","purchased_purges":0,"victory":false,"max_hp_per_floor":[71,71,71,76,76,76,76,76,76,76,76,76,76,76,76,76,76,76,76],"card_choices":[{"not_picked":["Steam","BasicCrystalCard"],"picked":"Streamline","floor":1.0},{"not_picked":["Skim","ReplayTheSpireMod:GoodbyeWorld","AT_EMC2"],"picked":"SKIP","floor":2.0},{"not_picked":["Cold Snap","Gash"],"picked":"Go for the Eyes","floor":7.0},{"not_picked":["Loop","Redo","Sweeping Beam"],"picked":"SKIP","floor":8.0},{"not_picked":["Darkness","Biased Cognition","Go for the Eyes"],"picked":"SKIP","floor":10.0},{"not_picked":["Streamline","Chaos","Distribution"],"picked":"SKIP","floor":11.0},{"not_picked":["Mirror Shield","Electrodynamics","Storm"],"picked":"SKIP","floor":13.0},{"not_picked":["ReplayTheSpireMod:Calculation Training","Cold Snap"],"picked":"REME_DataAnalysis","floor":14.0},{"not_picked":["Amplify","Rainbow"],"picked":"Core Surge","floor":16.0},{"not_picked":["Conserve Battery","Cancel"],"picked":"Coolheaded","floor":18}],"player_experience":748603,"relics_obtained":[{"floor":8.0,"key":"Oddly Smooth Stone"},{"floor":11.0,"key":"Letter Opener"},{"floor":12.0,"key":"Ring of Peace"},{"floor":13.0,"key":"Gremlin Food"}],"event_choices":[{"damage_healed":0.0,"max_hp_gain":0.0,"max_hp_loss":0.0,"gold_gain":0.0,"event_name":"给自己的盒子","player_choice":"Swap Relic","floor":3.0,"relics_lost":["War Paint"],"gold_loss":0.0,"damage_taken":0.0,"relics_obtained":["War Paint"]},{"damage_healed":0.0,"max_hp_gain":5.0,"max_hp_loss":0.0,"gold_gain":0.0,"event_name":"Big Fish","player_choice":"Donut","floor":4.0,"gold_loss":0.0,"damage_taken":0.0},{"damage_healed":0.0,"max_hp_gain":0.0,"max_hp_loss":0.0,"gold_gain":0.0,"event_name":"Liars Game","player_choice":"Ignored","floor":5.0,"gold_loss":0.0,"damage_taken":0.0}],"is_beta":true,"boss_relics":[{"not_picked":["testmod-Nine","Replay:Grab Bag"],"picked":"Cursed Key"},{"not_picked":[]},{"not_picked":[]},{"not_picked":[]}],"items_purged_floors":[],"is_endless":false,"potions_floor_spawned":[1,10,13,18],"killed_by":"Shell Parasite","ascension_level":20}}