{"host":"995ppxxqmb2p2due","time":1612633880,"event":{"mods":["BaseMod","Downfall","Minty Spire (QoL Compilation)","StSLib"],"gold_per_floor":[113,113,113,130,141,167,167,178,255,330,330,365,383,393,393,393,393],"floor_reached":16,"language":"ENG","playtime":885,"items_purged":[],"score":178,"play_id":"baed6d3c-e60c-4b99-a0a9-e432532e23e8","local_time":"20210206125120","is_ascension_mode":true,"campfire_choices":[{"data":"WaveOfTheHand","floor":7,"key":"SMITH"},{"data":"Prostrate","floor":11,"key":"SMITH"},{"data":"Eruption","floor":15,"key":"SMITH"}],"circlet_count":0,"master_deck":["Strike_P","Strike_P","Strike_P+1","Strike_P","Defend_P","Defend_P","Defend_P","Defend_P","Eruption+1","Vigilance+1","BowlingBash","Prostrate+1","CarveReality","WaveOfTheHand+1","MentalFortress","TalkToTheHand","ThirdEye","Weave"],"relics":["PureWater","NeowsBlessing","GoldenEye","Yang","Bag of Marbles"],"acts_visited":["Exordium"],"potions_floor_usage":[6,12,13,16],"damage_taken":[{"damage":0,"enemies":"2 Louse","floor":1,"turns":1},{"damage":0,"enemies":"Jaw Worm","floor":4,"turns":1},{"damage":0,"enemies":"Cultist","floor":5,"turns":1},{"damage":0,"enemies":"3 Sentries","floor":6,"turns":2},{"damage":1,"enemies":"Red Slaver","floor":8,"turns":3},{"damage":0,"enemies":"Lagavulin","floor":12,"turns":4},{"damage":18,"enemies":"2 Fungi Beasts","floor":13,"turns":3},{"damage":0,"enemies":"Blue Slaver","floor":14,"turns":3},{"damage":34,"enemies":"Slime Boss","floor":16,"turns":6}],"seed_played":"-4896339911913382054","potions_obtained":[{"floor":1,"key":"Ambrosia"},{"floor":6,"key":"SteroidPotion"},{"floor":8,"key":"sneckomod:MuddlingPotion"},{"floor":12,"key":"GamblersBrew"},{"floor":13,"key":"BottledMiracle"}],"is_trial":false,"path_per_floor":["M","?","$","M","M","E","R","M","T","?","R","E","M","M","R","B"],"character_chosen":"WATCHER","items_purchased":[],"campfire_rested":0,"item_purchase_floors":[],"current_hp_per_floor":[72,58,58,58,58,58,58,57,57,46,46,46,28,28,28,0,0],"gold":393,"neow_bonus":"THREE_ENEMY_KILL","is_daily":false,"chose_seed":false,"campfire_upgraded":3,"win_rate":0.0,"timestamp":1612633880,"path_taken":["M","?","$","M","M","E","R","M","T","?","R","E","?","M","R","BOSS"],"items_purchased_type":[],"build_version":"2020-12-22","purchased_purges":0,"victory":false,"max_hp_per_floor":[72,72,72,72,72,72,72,72,72,72,72,72,72,72,72,72,72],"card_choices":[{"not_picked":["ClearTheMind","Worship"],"picked":"BowlingBash","floor":1},{"not_picked":["CrushJoints","Collect"],"picked":"Prostrate","floor":4},{"not_picked":["EmptyFist","Meditate"],"picked":"CarveReality","floor":5},{"not_picked":["Adaptation","SpiritShield"],"picked":"WaveOfTheHand","floor":6},{"not_picked":["Protect","SashWhip"],"picked":"MentalFortress","floor":8},{"not_picked":["InnerPeace","LikeWater"],"picked":"TalkToTheHand","floor":12},{"not_picked":["SashWhip","Study"],"picked":"ThirdEye","floor":13},{"not_picked":["Swivel","Crescendo"],"picked":"Weave","floor":14}],"player_experience":104603,"relics_obtained":[{"floor":6,"key":"GoldenEye"},{"floor":9,"key":"Yang"},{"floor":12,"key":"Bag of Marbles"}],"event_choices":[{"damage_healed":0,"gold_gain":0,"player_choice":"Entered Light","damage_taken":14,"max_hp_gain":0,"max_hp_loss":0,"event_name":"Shining Light","floor":2,"gold_loss":0,"cards_upgraded":["Vigilance","Strike_P"]},{"damage_healed":0,"gold_gain":75,"player_choice":"Gather Gold","damage_taken":11,"max_hp_gain":0,"max_hp_loss":0,"event_name":"World of Goop","floor":10,"gold_loss":0}],"is_beta":false,"boss_relics":[],"items_purged_floors":[],"is_endless":false,"potions_floor_spawned":[1,6,8,12,13],"killed_by":"Slime Boss","ascension_level":2}}