{"host":"rolltorest","time":1612646211,"event":{"mods":["BaseMod","Minty Spire (QoL Compilation)","Relic Stats","Slay the Relics Exporter","StSLib"],"gold_per_floor":[163,180,180,190,34,67,67,67,67,98,115,115,7,37,37,114,114,131,149,37,37,52,85,85,117,144,144,170,85,85,115,115,115,115],"floor_reached":33,"language":"ENG","playtime":1236,"items_purged":["Strike_R"],"score":728,"play_id":"8319fade-2708-45f7-a25a-b003b4a2aa10","local_time":"20210206131651","is_ascension_mode":true,"campfire_choices":[{"data":"Feed","floor":7,"key":"SMITH"},{"data":"Armaments","floor":12,"key":"SMITH"},{"data":"Inflame","floor":15,"key":"SMITH"},{"floor":24,"key":"DIG"},{"floor":27,"key":"DIG"},{"floor":30,"key":"DIG"},{"floor":32,"key":"DIG"}],"circlet_count":0,"master_deck":["AscendersBane","Strike_R","Strike_R+1","Strike_R","Strike_R+1","Defend_R","Defend_R","Defend_R","Defend_R","Bash+1","Armaments+1","Pommel Strike","Clash","Reaper","Feed+1","Battle Trance","Shrug It Off","Burning Pact","Shrug It Off","Inflame+1","Shockwave","Immolate","Warcry+1","Evolve","Uppercut","Immolate","Dropkick"],"relics":["Tiny House","Matryoshka","Nunchaku","Pantograph","HornCleat","Bag of Preparation","Akabeko","Self Forming Clay","Sozu","Shovel","Art of War","White Beast Statue","Strawberry","TungstenRod","Smiling Mask","Boot","Centennial Puzzle","PreservedInsect","Pen Nib"],"acts_visited":["Exordium","TheCity"],"potions_floor_usage":[14,31,33],"damage_taken":[{"damage":1,"enemies":"Cultist","floor":1,"turns":4},{"damage":2,"enemies":"Jaw Worm","floor":2,"turns":3},{"damage":2,"enemies":"2 Louse","floor":4,"turns":3},{"damage":8,"enemies":"Gremlin Nob","floor":6,"turns":3},{"damage":30,"enemies":"3 Sentries","floor":10,"turns":10},{"damage":0,"enemies":"Large Slime","floor":11,"turns":4},{"damage":24,"enemies":"Gremlin Nob","floor":14,"turns":4},{"damage":21,"enemies":"The Guardian","floor":16,"turns":13},{"damage":0,"enemies":"3 Byrds","floor":18,"turns":4},{"damage":20,"enemies":"Shell Parasite","floor":19,"turns":5},{"damage":0,"enemies":"3 Cultists","floor":22,"turns":4},{"damage":5,"enemies":"Gremlin Leader","floor":23,"turns":5},{"damage":38,"enemies":"Book of Stabbing","floor":25,"turns":7},{"damage":28,"enemies":"Slavers","floor":28,"turns":4},{"damage":15,"enemies":"Book of Stabbing","floor":31,"turns":5},{"damage":104,"enemies":"Champ","floor":33,"turns":13}],"seed_played":"-1462681293082460233","potions_obtained":[{"floor":0,"key":"FearPotion"},{"floor":2,"key":"Strength Potion"},{"floor":16,"key":"SkillPotion"}],"is_trial":false,"path_per_floor":["M","M","?","M","$","E","R","T","T","E","M","R","$","E","R","B",null,"M","M","$","?","M","E","R","E","T","R","E","?","R","E","R","B"],"character_chosen":"IRONCLAD","items_purchased":["Feed","Shrug It Off","Inflame","Evolve"],"campfire_rested":0,"item_purchase_floors":[5,13,13,20],"current_hp_per_floor":[72,70,46,44,44,39,39,39,39,23,35,35,35,29,29,49,84,93,87,87,87,107,106,106,80,87,87,83,83,83,72,72,11,11],"gold":115,"neow_bonus":"BOSS_RELIC","is_daily":false,"chose_seed":false,"campfire_upgraded":3,"win_rate":0.0,"timestamp":1612646211,"path_taken":["M","M","?","M","?","E","R","?","T","E","M","R","$","E","R","BOSS","M","M","$","?","?","E","R","E","T","R","E","?","R","E","R","BOSS"],"items_purchased_type":["Card","Card","Card","Card"],"build_version":"2020-12-18","purchased_purges":1,"victory":false,"max_hp_per_floor":[80,80,80,80,80,83,83,83,83,87,91,91,91,91,91,95,95,99,103,103,103,107,111,111,111,118,118,122,122,122,126,126,126,126],"relic_stats":{"counters":[16,91],"Self Forming Clay":[96],"PreservedInsect":0,"Pen Nib":[2],"Bag of Preparation":[24],"Smiling Mask":0,"Boot":[8],"Sozu":1,"Nunchaku":[12],"Centennial Puzzle":[6],"Shovel":4,"Pantograph":50,"Art of War":[2],"obtain_stats":[{"Tiny House":0,"Self Forming Clay":14,"PreservedInsect":31,"Pen Nib":32,"Bag of Preparation":9,"Smiling Mask":28,"Boot":29,"Burning Blood":0,"Akabeko":10,"White Beast Statue":25,"Sozu":17,"Nunchaku":8,"Centennial Puzzle":30,"Matryoshka":6,"HornCleat":9,"Shovel":23,"Pantograph":8,"Strawberry":26,"Art of War":24,"TungstenRod":27},{"Tiny House":0,"Self Forming Clay":7,"PreservedInsect":15,"Pen Nib":15,"Bag of Preparation":4,"Smiling Mask":14,"Boot":14,"Burning Blood":0,"Akabeko":5,"White Beast Statue":13,"Sozu":8,"Nunchaku":4,"Centennial Puzzle":14,"Matryoshka":4,"HornCleat":4,"Shovel":12,"Pantograph":4,"Strawberry":13,"Art of War":12,"TungstenRod":13},{"Tiny House":0,"Self Forming Clay":31,"PreservedInsect":78,"Pen Nib":78,"Bag of Preparation":13,"Smiling Mask":73,"Boot":73,"Burning Blood":0,"Akabeko":23,"White Beast Statue":69,"Sozu":44,"Nunchaku":13,"Centennial Puzzle":73,"Matryoshka":13,"HornCleat":13,"Shovel":62,"Pantograph":13,"Strawberry":69,"Art of War":62,"TungstenRod":69}],"TungstenRod":16},"card_choices":[{"not_picked":["Shrug It Off","Rupture"],"picked":"Armaments","floor":0},{"not_picked":["Combust","Warcry"],"picked":"Pommel Strike","floor":1},{"not_picked":["Wild Strike","Anger"],"picked":"Clash","floor":2},{"not_picked":["Cleave","Anger"],"picked":"Reaper","floor":4},{"not_picked":["Cleave","Heavy Blade"],"picked":"Battle Trance","floor":6},{"not_picked":["Cleave","Wild Strike"],"picked":"Shrug It Off","floor":10},{"not_picked":["Intimidate","Havoc"],"picked":"Burning Pact","floor":11},{"not_picked":["Intimidate","Heavy Blade"],"picked":"Shockwave","floor":14},{"not_picked":["Feed","Juggernaut"],"picked":"Immolate","floor":16},{"not_picked":["Wild Strike","Thunderclap"],"picked":"Warcry+1","floor":18},{"not_picked":["Clash","Sword Boomerang","Cleave+1"],"picked":"SKIP","floor":19},{"not_picked":["Warcry","Shockwave","Anger"],"picked":"SKIP","floor":22},{"not_picked":["Cleave","Hemokinesis"],"picked":"Uppercut","floor":23},{"not_picked":["Intimidate","Anger+1","Shrug It Off"],"picked":"SKIP","floor":25},{"not_picked":["Clash","Carnage"],"picked":"Immolate","floor":28},{"not_picked":["Bloodletting","Armaments"],"picked":"Dropkick","floor":31}],"player_experience":1890068,"relics_obtained":[{"floor":6,"key":"Matryoshka"},{"floor":8,"key":"Nunchaku"},{"floor":8,"key":"Pantograph"},{"floor":9,"key":"HornCleat"},{"floor":9,"key":"Bag of Preparation"},{"floor":10,"key":"Akabeko"},{"floor":14,"key":"Self Forming Clay"},{"floor":23,"key":"Shovel"},{"floor":24,"key":"Art of War"},{"floor":25,"key":"White Beast Statue"},{"floor":26,"key":"Strawberry"},{"floor":27,"key":"TungstenRod"},{"floor":28,"key":"Smiling Mask"},{"floor":30,"key":"Centennial Puzzle"},{"floor":31,"key":"PreservedInsect"},{"floor":32,"key":"Pen Nib"}],"event_choices":[{"damage_healed":0,"gold_gain":0,"player_choice":"Entered Light","damage_taken":24,"max_hp_gain":0,"max_hp_loss":0,"event_name":"Shining Light","floor":3,"gold_loss":0,"cards_upgraded":["Strike_R","Bash"]},{"damage_healed":0,"gold_gain":0,"player_choice":"Got Potions","damage_taken":0,"max_hp_gain":0,"max_hp_loss":0,"event_name":"Lab","floor":21,"gold_loss":0},{"damage_healed":0,"gold_gain":0,"player_choice":"Obtained Relic","damage_taken":0,"relics_obtained":["Boot"],"max_hp_gain":0,"max_hp_loss":0,"event_name":"Addict","floor":29,"gold_loss":85}],"is_beta":true,"boss_relics":[{"not_picked":["Pandora\u0027s Box","Astrolabe"],"picked":"Sozu"}],"items_purged_floors":[20],"is_endless":false,"potions_floor_spawned":[2,11,16,18,23,28,31],"killed_by":"Champ","ascension_level":20}}