{"host":"92wx9z21c4p52du4","time":1612648967,"event":{"mods":["Arknights","BaseMod","Downfall","Infinite Spire","Lobotomy","Minty Spire (QoL Compilation)","Reliquary","Robot Space Explorer","StSLib","SuperFastMode","The Blue Laboratory","The Disciple","The Jungle","The Runesmith","TheSurvivalist"],"gold_per_floor":[111,125,125,125,137,137,137],"floor_reached":6,"language":"ENG","playtime":244,"items_purged":[],"score":36,"play_id":"f330e45b-0cff-4716-81a7-c9d4633da086","local_time":"20210206160247","is_ascension_mode":false,"campfire_choices":[],"circlet_count":0,"master_deck":["RobotSpaceExplorer:Strike","RobotSpaceExplorer:Strike","RobotSpaceExplorer:Strike","RobotSpaceExplorer:Strike","RobotSpaceExplorer:Defend","RobotSpaceExplorer:Defend","RobotSpaceExplorer:Defend","RobotSpaceExplorer:Defend","RobotSpaceExplorer:Scan","RobotSpaceExplorer:MiniLasers","CrumblingArmor","RobotSpaceExplorer:SurgingStrike","Wellcheers","RobotSpaceExplorer:Probe","Regret","infinitespire:Starlight","SpiderBud","RobotSpaceExplorer:StarLightning"],"relics":["RobotSpaceExplorer:RoboCore","CogitoBucket","reliquary:RoseTintedGlasses"],"acts_visited":["Exordium"],"potions_floor_usage":[],"damage_taken":[{"damage":6,"enemies":"Jaw Worm","floor":1,"turns":3},{"damage":0,"enemies":"2 Louse","floor":2,"turns":2},{"damage":9,"enemies":"Small Slimes","floor":5,"turns":4},{"damage":91,"enemies":"Gremlin Nob","floor":6,"turns":6}],"seed_played":"8859128483061056957","potions_obtained":[],"is_trial":false,"path_per_floor":["M","M","?","?","M","E"],"character_chosen":"RobotSpaceExplorer","items_purchased":[],"campfire_rested":0,"item_purchase_floors":[],"current_hp_per_floor":[69,69,69,51,52,0,0],"gold":137,"neow_bonus":"","is_daily":false,"chose_seed":false,"campfire_upgraded":0,"win_rate":0.0,"timestamp":1612648967,"path_taken":["M","M","?","?","M","E"],"items_purchased_type":[],"build_version":"2020-12-22","purchased_purges":0,"victory":false,"max_hp_per_floor":[75,75,75,75,75,75,75],"card_choices":[{"not_picked":["UniverseFragment","Bloodbath"],"picked":"CrumblingArmor","floor":1},{"not_picked":["RobotSpaceExplorer:ImprovisedAttack","RobotSpaceExplorer:MetalStrike"],"picked":"RobotSpaceExplorer:SurgingStrike","floor":1},{"not_picked":["RedShoes","UniverseFragment"],"picked":"Wellcheers","floor":2},{"not_picked":["RobotSpaceExplorer:ToxicBomb","RobotSpaceExplorer:ImprovisedAttack"],"picked":"RobotSpaceExplorer:Probe","floor":2},{"not_picked":["infinitespire:Fortify","infinitespire:Menacing"],"picked":"infinitespire:Starlight","floor":4},{"not_picked":["OSAHOGD","BeautyBeast"],"picked":"SpiderBud","floor":5},{"not_picked":["RobotSpaceExplorer:ShovelStrike","RobotSpaceExplorer:FreezingShield"],"picked":"RobotSpaceExplorer:StarLightning","floor":5}],"player_experience":274086,"relics_obtained":[],"event_choices":[{"damage_healed":0,"gold_gain":0,"player_choice":"Box","damage_taken":0,"relics_obtained":["reliquary:RoseTintedGlasses"],"max_hp_gain":0,"max_hp_loss":0,"event_name":"Big Fish","floor":3,"gold_loss":0,"cards_obtained":["Regret"]}],"is_beta":false,"boss_relics":[],"items_purged_floors":[],"is_endless":false,"potions_floor_spawned":[],"killed_by":"Gremlin Nob","ascension_level":0}}