{"host":"iyj530209nkhhjuz","time":1612652632,"event":{"mods":["AchievementEnabler","BaseMod","Better Match","Better Note","Better Third Choice","BetterRewards","Colored Map","Colored Powertips","Dark Map","Fox Events","Highlight Path","Minty Spire (QoL Compilation)","Permanent Neow","Random Character Button","Rare Cards Sparkle","Relic Stats","StSLib","Waifu the Spire"],"gold_per_floor":[117,130,130,130,148,148,180,180,207,307,332,332,341,367,367,479,479,507,516,535,563,5,43,43,65,65,103,3,34,52,71,71,179,206,226,226,226,18,30,30,61,70,70,95,159,159,189,11,11,11,11,11,11,45,45,45],"floor_reached":55,"language":"ENG","playtime":4859,"items_purged":["Defend_G","Strike_G","Strike_G","Pain","Reflex+1"],"score":1462,"play_id":"67ed3802-5e60-4654-b6be-9811953327cd","local_time":"20210207000352","is_ascension_mode":true,"campfire_choices":[{"data":"Calculated Gamble","floor":6,"key":"SMITH"},{"floor":8,"key":"REST"},{"data":"Neutralize","floor":12,"key":"SMITH"},{"floor":15,"key":"REST"},{"data":"Envenom","floor":24,"key":"SMITH"},{"floor":32,"key":"REST"},{"data":"Backflip","floor":40,"key":"SMITH"},{"data":"Sadistic Nature","floor":46,"key":"SMITH"},{"floor":49,"key":"RECALL"},{"data":"Adrenaline","floor":52,"key":"SMITH"}],"circlet_count":0,"master_deck":["Survivor","Neutralize+1","Backflip+1","Adrenaline+1","Sadistic Nature+1","Flash of Steel","Bane","Bane","Backflip","Calculated Gamble+1","Underhanded Strike","Escape Plan","Quick Slash","Envenom+1","Poisoned Stab","Seek+1","Dagger Spray","Deadly Poison","Noxious Fumes","Bouncing Flask","Bouncing Flask+1","Die Die Die","Poisoned Stab","Slice","Prepared+1","Malaise+1","Caltrops+1","Predator+1","Backflip+1","Dodge and Roll+1","Crippling Poison+1","Bandage Up+1","Backflip+1","Blade Dance+1"],"relics":["Ring of the Snake","Matryoshka","WarpedTongs","Anchor","The Courier","CeramicFish","Omamori","HoveringKite","The Specimen","Regal Pillow","HornCleat","Orichalcum","Toxic Egg 2","Oddly Smooth Stone","Astrolabe","Bottled Tornado","Pear","StoneCalendar","Tingsha","Potion Belt","Blue Candle"],"acts_visited":["Exordium","TheCity","TheBeyond","TheEnding"],"potions_floor_usage":[14,14,16,29,42,55,55,55,55],"damage_taken":[{"damage":0,"enemies":"Cultist","floor":1,"turns":2},{"damage":0,"enemies":"Jaw Worm","floor":2,"turns":3},{"damage":4,"enemies":"2 Louse","floor":5,"turns":2},{"damage":21,"enemies":"Lagavulin","floor":7,"turns":7},{"damage":2,"enemies":"Lots of Slimes","floor":11,"turns":4},{"damage":9,"enemies":"3 Sentries","floor":14,"turns":7},{"damage":37,"enemies":"The Guardian","floor":16,"turns":9},{"damage":3,"enemies":"2 Thieves","floor":18,"turns":3},{"damage":6,"enemies":"Shell Parasite","floor":20,"turns":2},{"damage":1,"enemies":"Centurion and Healer","floor":21,"turns":3},{"damage":0,"enemies":"Gremlin Leader","floor":23,"turns":4},{"damage":4,"enemies":"Snake Plant","floor":25,"turns":3},{"damage":6,"enemies":"Book of Stabbing","floor":27,"turns":3},{"damage":18,"enemies":"Slavers","floor":29,"turns":3},{"damage":3,"enemies":"Shelled Parasite and Fungi","floor":31,"turns":3},{"damage":3,"enemies":"Collector","floor":33,"turns":5},{"damage":1,"enemies":"Orb Walker","floor":35,"turns":1},{"damage":18,"enemies":"3 Darklings","floor":39,"turns":4},{"damage":6,"enemies":"Nemesis","floor":41,"turns":5},{"damage":0,"enemies":"Reptomancer","floor":44,"turns":3},{"damage":12,"enemies":"2 Orb Walkers","floor":45,"turns":4},{"damage":10,"enemies":"Nemesis","floor":47,"turns":5},{"damage":23,"enemies":"Donu and Deca","floor":50,"turns":7},{"damage":3,"enemies":"Shield and Spear","floor":54,"turns":4},{"damage":118,"enemies":"The Heart","floor":55,"turns":8}],"seed_played":"-8100412464651622505","potions_obtained":[{"floor":1,"key":"DistilledChaos"},{"floor":14,"key":"SkillPotion"},{"floor":16,"key":"GamblersBrew"},{"floor":18,"key":"ColorlessPotion"},{"floor":20,"key":"AttackPotion"},{"floor":31,"key":"Fire Potion"},{"floor":33,"key":"PowerPotion"},{"floor":35,"key":"Regen Potion"},{"floor":41,"key":"Fruit Juice"},{"floor":54,"key":"ColorlessPotion"}],"is_trial":false,"path_per_floor":["M","M","?","?","M","R","E","R","T","?","M","R","?","E","R","B",null,"M","?","M","M","$","E","R","M","T","E","$","E","?","M","R","B",null,"M","?","?","$","M","R","E","?","T","E","?","R","E","$","R","B",null,"R","$","E","B"],"character_chosen":"THE_SILENT","items_purchased":["Backflip","Adrenaline","Matryoshka","Sadistic Nature","Flash of Steel","Block Potion","Bane","Noxious Fumes","The Specimen","Regal Pillow","DistilledChaos","Dodge and Roll+1","Crippling Poison+1","Dexterity Potion"],"campfire_rested":3,"item_purchase_floors":[0,0,0,0,0,0,0,22,22,22,22,38,38,48],"current_hp_per_floor":[49,49,42,42,38,38,17,38,38,38,36,36,36,27,48,11,55,52,52,46,45,45,45,45,41,41,35,35,17,17,14,50,47,64,63,63,63,63,45,45,39,44,54,60,54,54,50,50,50,33,72,72,72,75,0,0],"gold":45,"neow_bonus":"","is_daily":false,"chose_seed":false,"campfire_upgraded":6,"win_rate":0.0,"timestamp":1612652632,"path_taken":["M","M","?","?","?","R","E","R","T","?","?","R","?","E","R","BOSS","M","?","M","M","$","E","R","M","T","E","$","E","?","M","R","BOSS","M","?","?","$","M","R","E","?","T","E","?","R","E","$","R","BOSS","R","$","E","BOSS"],"items_purchased_type":["Card","Card","Relic","Card","Card","Potion","Card","Card","Relic","Relic","Potion","Card","Card","Potion"],"build_version":"2020-12-22","purchased_purges":5,"victory":false,"max_hp_per_floor":[70,70,70,70,70,70,70,70,70,70,70,70,70,70,70,70,70,70,70,70,70,70,70,70,70,70,70,70,70,70,70,70,70,70,70,70,70,70,70,70,70,75,85,85,85,85,85,85,85,85,85,85,85,85,85,85],"relic_stats":{"Regal Pillow":30,"counters":[80,372],"CeramicFish":216,"Astrolabe":["Caltrops","Predator","Reflex"],"Blue Candle":[4],"HoveringKite":[31],"StoneCalendar":[52],"Tingsha":[92],"Orichalcum":[42],"obtain_stats":[{"CeramicFish":9,"Vajra":0,"HoveringKite":17,"Whetstone":30,"Bottled Tornado":42,"Boot":31,"HornCleat":23,"MealTicket":13,"Toxic Egg 2":27,"Girya":43,"Pear":43,"Happy Flower":40,"Blue Candle":20,"Astrolabe":34,"Oddly Smooth Stone":29,"Tingsha":45,"Pen Nib":46,"WarpedTongs":4,"SlaversCollar":17,"Bronze Scales":11,"MutagenicStrength":24,"Pocketwatch":25,"Meat on the Bone":48,"Lantern":43,"Regal Pillow":25,"Singing Bowl":9,"Torii":44,"StoneCalendar":44,"Bag of Preparation":23,"Incense Burner":45,"Nunchaku":7,"Tough Bandages":34,"Dream Catcher":42,"Matryoshka":0,"Pantograph":34,"InkBottle":54,"Ring of the Snake":0,"Runic Pyramid":17,"Potion Belt":27,"The Specimen":38,"Golden Idol":5,"PreservedInsect":9,"The Courier":9,"Omamori":14,"Orichalcum":26,"Mercury Hourglass":14,"Calling Bell":34,"Anchor":7,"Busted Crown":34,"Ornamental Fan":10,"Art of War":37,"Toy Ornithopter":54},{"CeramicFish":59,"Vajra":24,"HoveringKite":62,"Whetstone":14,"Bottled Tornado":20,"Boot":41,"HornCleat":66,"MealTicket":30,"Toxic Egg 2":68,"Girya":48,"Pear":74,"Happy Flower":19,"Blue Candle":33,"Astrolabe":71,"Oddly Smooth Stone":69,"Tingsha":76,"Pen Nib":51,"WarpedTongs":57,"SlaversCollar":32,"Bronze Scales":5,"MutagenicStrength":11,"Pocketwatch":12,"Meat on the Bone":21,"Lantern":20,"Regal Pillow":37,"Singing Bowl":26,"Torii":49,"StoneCalendar":75,"Bag of Preparation":11,"Incense Burner":20,"Nunchaku":26,"Tough Bandages":42,"Dream Catcher":48,"Matryoshka":55,"Pantograph":42,"InkBottle":54,"Ring of the Snake":0,"Runic Pyramid":8,"Potion Belt":38,"The Specimen":45,"Golden Idol":3,"PreservedInsect":4,"The Courier":59,"Omamori":61,"Orichalcum":67,"Mercury Hourglass":7,"Calling Bell":42,"Anchor":59,"Busted Crown":15,"Ornamental Fan":27,"Art of War":44,"Toy Ornithopter":23},{"CeramicFish":282,"Vajra":104,"HoveringKite":302,"Whetstone":47,"Bottled Tornado":79,"Boot":194,"HornCleat":314,"MealTicket":138,"Toxic Egg 2":320,"Girya":233,"Pear":341,"Happy Flower":73,"Blue Candle":154,"Astrolabe":331,"Oddly Smooth Stone":323,"Tingsha":348,"Pen Nib":246,"WarpedTongs":273,"SlaversCollar":149,"Bronze Scales":16,"MutagenicStrength":39,"Pocketwatch":43,"Meat on the Bone":84,"Lantern":79,"Regal Pillow":176,"Singing Bowl":119,"Torii":237,"StoneCalendar":344,"Bag of Preparation":39,"Incense Burner":79,"Nunchaku":119,"Tough Bandages":201,"Dream Catcher":233,"Matryoshka":268,"Pantograph":201,"InkBottle":260,"Ring of the Snake":0,"Runic Pyramid":31,"Potion Belt":181,"The Specimen":216,"Golden Idol":9,"PreservedInsect":12,"The Courier":282,"Omamori":293,"Orichalcum":317,"Mercury Hourglass":23,"Calling Bell":201,"Anchor":282,"Busted Crown":57,"Ornamental Fan":126,"Art of War":210,"Toy Ornithopter":99}],"Ring of the Snake":[160],"WarpedTongs":[98]},"card_choices":[{"not_picked":["Concentrate","Deflect"],"picked":"Bane","floor":1},{"not_picked":["Finisher","Underhanded Strike"],"picked":"Backflip","floor":2},{"not_picked":["Concentrate","Deflect"],"picked":"Calculated Gamble","floor":5},{"not_picked":["Backflip","Quick Slash"],"picked":"Underhanded Strike","floor":7},{"not_picked":["Dagger Throw","Flechettes"],"picked":"Escape Plan","floor":11},{"not_picked":["Eviscerate","Predator","Glass Knife"],"picked":"SKIP","floor":14},{"not_picked":["Night Terror","A Thousand Cuts"],"picked":"Envenom","floor":16},{"not_picked":["Sucker Punch","Leg Sweep"],"picked":"Poisoned Stab","floor":18},{"not_picked":["Cloak And Dagger","Escape Plan"],"picked":"Dagger Spray","floor":20},{"not_picked":["Expertise","Reflex"],"picked":"Deadly Poison","floor":21},{"not_picked":["Dodge and Roll","Sucker Punch"],"picked":"Bouncing Flask","floor":23},{"not_picked":["Dagger Throw+1","Acrobatics"],"picked":"Bouncing Flask+1","floor":25},{"not_picked":["Backflip+1","Dash"],"picked":"Die Die Die","floor":27},{"not_picked":["Outmaneuver+1","Expertise+1","Well Laid Plans"],"picked":"SKIP","floor":29},{"not_picked":["Catalyst+1","Backflip+1"],"picked":"Prepared+1","floor":31},{"not_picked":["Glass Knife","Envenom"],"picked":"Malaise+1","floor":33},{"not_picked":["Setup+1","Footwork+1"],"picked":"Backflip+1","floor":35},{"not_picked":["Setup+1","Acrobatics+1","Reflex+1"],"picked":"SKIP","floor":39},{"not_picked":["Flying Knee","Deflect+1","Masterful Stab"],"picked":"SKIP","floor":41},{"not_picked":["Forethought+1","Deep Breath+1"],"picked":"Bandage Up+1","floor":42},{"not_picked":["Quick Slash+1","Poisoned Stab+1","Accuracy+1"],"picked":"SKIP","floor":44},{"not_picked":["Acrobatics+1","Prepared+1"],"picked":"Backflip+1","floor":45},{"not_picked":["Expertise+1","Eviscerate","Outmaneuver+1"],"picked":"SKIP","floor":47},{"not_picked":["PiercingWail+1","Outmaneuver+1"],"picked":"Blade Dance+1","floor":54}],"player_experience":496249,"relics_obtained":[{"floor":7,"key":"Anchor"},{"floor":9,"key":"The Courier"},{"floor":9,"key":"CeramicFish"},{"floor":14,"key":"Omamori"},{"floor":23,"key":"HornCleat"},{"floor":26,"key":"Orichalcum"},{"floor":27,"key":"Toxic Egg 2"},{"floor":29,"key":"Oddly Smooth Stone"},{"floor":41,"key":"Bottled Tornado"},{"floor":43,"key":"Pear"},{"floor":44,"key":"StoneCalendar"},{"floor":45,"key":"Tingsha"},{"floor":47,"key":"Potion Belt"},{"floor":54,"key":"Blue Candle"}],"event_choices":[{"cards_removed":["Defend_G"],"damage_healed":0,"gold_gain":0,"player_choice":"Card Removal","damage_taken":7,"max_hp_gain":0,"max_hp_loss":0,"event_name":"Golden Wing","floor":3,"gold_loss":0},{"damage_healed":0,"gold_gain":0,"player_choice":"Rummage","damage_taken":0,"relics_obtained":["WarpedTongs"],"max_hp_gain":0,"max_hp_loss":0,"event_name":"Accursed Blacksmith","floor":4,"gold_loss":0,"cards_obtained":["Pain"]},{"damage_healed":0,"gold_gain":100,"player_choice":"Pray","damage_taken":0,"max_hp_gain":0,"max_hp_loss":0,"event_name":"Golden Shrine","floor":10,"gold_loss":0},{"damage_healed":0,"gold_gain":0,"cards_transformed":["Strike_G"],"player_choice":"Change","damage_taken":0,"max_hp_gain":0,"max_hp_loss":0,"event_name":"Living Wall","floor":13,"gold_loss":0,"cards_obtained":["Quick Slash"]},{"cards_removed":["Seek"],"damage_healed":0,"gold_gain":0,"player_choice":"Take \u0026 Give","damage_taken":0,"max_hp_gain":0,"max_hp_loss":0,"event_name":"betterNote:BetterNote","floor":19,"gold_loss":0,"cards_obtained":["Seek"]},{"damage_healed":0,"gold_gain":0,"cards_transformed":["Strike_G","Strike_G"],"player_choice":"Became Test Subject","damage_taken":0,"max_hp_gain":0,"max_hp_loss":0,"event_name":"Drug Dealer","floor":30,"gold_loss":0,"cards_obtained":["Poisoned Stab","Slice"]},{"damage_healed":0,"gold_gain":0,"player_choice":"Ignored","damage_taken":0,"max_hp_gain":0,"max_hp_loss":0,"event_name":"Tomb of Lord Red Mask","floor":36,"gold_loss":0},{"damage_healed":0,"gold_gain":0,"player_choice":"Memory 1","damage_taken":0,"max_hp_gain":0,"max_hp_loss":0,"event_name":"SensoryStone","floor":42,"gold_loss":0},{"damage_healed":0,"gold_gain":0,"player_choice":"Fight","damage_taken":0,"max_hp_gain":0,"max_hp_loss":0,"event_name":"Mysterious Sphere","floor":45,"gold_loss":0}],"is_beta":false,"boss_relics":[{"not_picked":["SacredBark","Sozu"],"picked":"HoveringKite"},{"not_picked":["Velvet Choker","Busted Crown"],"picked":"Astrolabe"}],"items_purged_floors":[0,22,28,38,48],"is_endless":false,"potions_floor_spawned":[1,14,16,18,20,25,31,33,35,41,54],"killed_by":"The Heart","ascension_level":6}}