{"host":"9slw7l0ws16384qq","time":1612623143,"event":{"mods":["A Penny For Your Troubles","BaseMod","Colored Map","Downfall","Evolution","Hubris","Minty Spire (QoL Compilation)","Replay The Spire","StS++","StSLib"],"gold_per_floor":[99,112,122,122,122,122,122,122,187,187,187,201,201,111,128,226,226,126,137,157,169,101,120,174,74,74,74,91,76,76,96,108,108,108,108],"floor_reached":33,"language":"FRA","playtime":1576,"items_purged":["Guardian:Defend_Guardian"],"score":429,"play_id":"3afc02d1-0176-4db2-9731-6bf3e68cba08","local_time":"20210206155223","is_ascension_mode":true,"campfire_choices":[{"data":"Guardian:ChargeCore","floor":1,"key":"SMITH"},{"data":"Guardian:ChargeCore","floor":6,"key":"SMITH"},{"data":"Guardian:ChargeCore","floor":8,"key":"SMITH"},{"data":"Guardian:ChargeCore","floor":11,"key":"SMITH"},{"floor":18,"key":"RECALL"},{"data":"Guardian:TwinSlam","floor":25,"key":"SMITH"},{"data":"Guardian:HyperBeam_Guardian","floor":27,"key":"SMITH"},{"data":"Guardian:Defend_Guardian","floor":30,"key":"SMITH"}],"circlet_count":0,"master_deck":["AscendersBane","Guardian:ChargeCore+1","Guardian:ChargeCore+1","Guardian:ChargeCore+1","Guardian:ChargeCore+1","Guardian:Defend_Guardian+1","Guardian:Defend_Guardian","Guardian:Defend_Guardian","Guardian:CurlUp","Guardian:TwinSlam+1","Guardian:ChargeCore","Guardian:Gem_White","bronze:NullPointer","Guardian:ChargeCore","Guardian:HyperBeam_Guardian+1","Guardian:Gem_Cyan"],"relics":["Guardian:ModeShifter","EVO:Axolotl","hubris:Potato","Pen Nib","hubris:DisguiseKit","hubris:Backtick","hubris:Zylophone","downfall:HeartBlessingBlue","Potion Belt","downfall:HeartBlessingRed"],"acts_visited":["Exordium","TheCity"],"potions_floor_usage":[16,16,20,21],"damage_taken":[{"damage":0,"enemies":"Jaw Worm","floor":2,"turns":4},{"damage":1,"enemies":"2 Louse","floor":3,"turns":2},{"damage":16,"enemies":"Gremlin Nob","floor":9,"turns":3},{"damage":0,"enemies":"Cultist","floor":12,"turns":2},{"damage":0,"enemies":"downfall:FleeingMerchant","floor":14,"turns":4},{"damage":0,"enemies":"2 Fungi Beasts","floor":15,"turns":2},{"damage":47,"enemies":"SI_SHIV_ARCHETYPE","floor":16,"turns":22},{"damage":0,"enemies":"Spheric Guardian","floor":19,"turns":2},{"damage":0,"enemies":"3 Byrds","floor":20,"turns":3},{"damage":9,"enemies":"Snake Plant","floor":21,"turns":3},{"damage":0,"enemies":"downfall:FleeingMerchant","floor":22,"turns":4},{"damage":26,"enemies":"Shelled Parasite and Fungi","floor":23,"turns":5},{"damage":12,"enemies":"Chosen and Byrds","floor":28,"turns":4},{"damage":3,"enemies":"downfall:FleeingMerchant","floor":29,"turns":4},{"damage":0,"enemies":"Sentry and Sphere","floor":31,"turns":2},{"damage":6,"enemies":"Snecko","floor":32,"turns":3},{"damage":26,"enemies":"WA_ARCHETYPE_CALM","floor":33,"turns":12}],"seed_played":"-3403811321075534734","potions_obtained":[{"floor":2,"key":"PowerPotion"},{"floor":9,"key":"Explosive Potion"},{"floor":19,"key":"LiquidBronze"},{"floor":20,"key":"Guardian:BlockOnCardUsePotion"},{"floor":32,"key":"StSpp:ScatteredPotion"}],"is_trial":false,"path_per_floor":["R","M","M","?","T","R","T","R","?","T","R","M","?","$","M","B",null,"R_BF","M","M","M","$","M","T","R","?","R","M","$","R","M","M","B"],"character_chosen":"GUARDIAN","items_purchased":["Guardian:Gem_Red"],"campfire_rested":0,"item_purchase_floors":[22],"current_hp_per_floor":[80,80,79,79,79,79,79,79,63,63,63,63,63,63,63,16,70,80,80,80,71,71,45,45,45,45,45,33,30,30,30,24,0,0,0],"gold":108,"neow_bonus":"TEN_PERCENT_HP_BONUS","is_daily":false,"chose_seed":false,"campfire_upgraded":7,"win_rate":0.0,"timestamp":1612623143,"path_taken":["R","M","M","?","?","R","T","R","?","?","R","?","?","?","M","BOSS","R_BF","M","M","M","$","M","T","R","?","R","M","$","R","M","M","BOSS"],"items_purchased_type":["Card"],"build_version":"2020-12-22","purchased_purges":1,"victory":false,"max_hp_per_floor":[88,88,88,88,88,88,88,88,88,88,88,88,88,88,88,88,88,98,98,98,98,98,98,98,98,98,98,98,98,98,98,98,98,98,98],"card_choices":[{"not_picked":["Guardian:Gem_Yellow","Guardian:BronzeOrb"],"picked":"Guardian:ChargeCore","floor":2},{"not_picked":["Guardian:Gem_Lightblue","Guardian:Gem_Cyan"],"picked":"Guardian:Gem_White","floor":3},{"not_picked":["Guardian:DecasProtection","Guardian:GuardianWhirl","Guardian:TemporalShield","bronze:CutThrough"],"picked":"SKIP","floor":12},{"not_picked":["Guardian:Recover","Guardian:SentryBeam","Guardian:PrimingBeam"],"picked":"bronze:NullPointer","floor":14},{"not_picked":["Guardian:Gem_Red","Guardian:SphericShield","bronze:Allocate"],"picked":"Guardian:ChargeCore","floor":15},{"not_picked":["Guardian:GemFinder","Guardian:FastForward","bronze:BurnOut"],"picked":"Guardian:HyperBeam_Guardian","floor":16},{"not_picked":["Guardian:Gem_Yellow","Guardian:FloatingOrbs","Guardian:ShieldSpikes","bronze:BugBarrage"],"picked":"SKIP","floor":19},{"not_picked":["Guardian:EvasiveProtocol","Guardian:Gem_Lightblue","Guardian:ChargeCore","bronze:DelayedGuard"],"picked":"SKIP","floor":20},{"not_picked":["Guardian:ShieldCharger","Guardian:FloatingOrbs","Guardian:Harden","bronze:Constructor"],"picked":"SKIP","floor":21},{"not_picked":["Guardian:Incinerate","Guardian:ChargeUp","Guardian:DecasProtection","bronze:Safeguard"],"picked":"SKIP","floor":22},{"not_picked":["Guardian:Planning","Guardian:Reroute","Guardian:Recover","bronze:BuggyMess"],"picked":"SKIP","floor":23},{"not_picked":["Guardian:Gem_Lightblue","Guardian:RollAttack","bronze:GetLatest"],"picked":"Guardian:Gem_Purple","floor":28},{"not_picked":["Guardian:Gem_Red","Guardian:BodySlam","Guardian:RevengeProtocol","bronze:ChosenStrike"],"picked":"SKIP","floor":29},{"not_picked":["Guardian:TimeCapacitor","Guardian:TemporalStrike","Guardian:ChargeCore","bronze:Invalidate"],"picked":"SKIP","floor":31},{"not_picked":["Guardian:Recover","Guardian:Gem_Crimson","bronze:Turbo"],"picked":"Guardian:Gem_Cyan","floor":32}],"player_experience":1628227,"relics_obtained":[{"floor":5,"key":"hubris:Potato"},{"floor":7,"key":"Pen Nib"},{"floor":9,"key":"hubris:DisguiseKit"},{"floor":24,"key":"Potion Belt"}],"event_choices":[{"damage_healed":0,"gold_gain":0,"player_choice":"Got Potions","damage_taken":0,"max_hp_gain":0,"max_hp_loss":0,"event_name":"Lab","floor":13,"gold_loss":0},{"damage_healed":0,"gold_gain":0,"player_choice":"Ignored","damage_taken":0,"max_hp_gain":0,"max_hp_loss":0,"event_name":"Vampires","floor":26,"gold_loss":0}],"is_beta":false,"boss_relics":[{"not_picked":["Fusion Hammer","Honey Jar"],"picked":"hubris:Backtick"}],"items_purged_floors":[14],"is_endless":false,"potions_floor_spawned":[2,9,15,19,20,32],"killed_by":"WA_ARCHETYPE_CALM","ascension_level":12}}