{"host":"0pljgn4gjyqmpm94","time":1612592325,"event":{"mods":["BaseMod","Downfall","Marisa£®ÏF”Í°°ƒß¿Ì…≥£©","Minty Spire (QoL Compilation)","StSLib","The Servant 0.9.4"],"gold_per_floor":[99,111,174,174,194,94,94,109,9,9,9,44,64,64,75,151,151,151,151,33,50,315,315,384,402,431,490,507,507,507,607,621,698,698,698,712,712,722,722,738,738,738,756,756,786,686,699,711,726,738,738],"floor_reached":50,"language":"ZHS","playtime":3204,"items_purged":["Defend_MRS","Defend_MRS"],"score":1513,"play_id":"43f750f2-cdd4-40b2-b07c-1e433266a358","local_time":"20210206141845","daily_mods":["downfall:Improvised","Vintage","Night Terrors"],"is_ascension_mode":true,"campfire_choices":[{"floor":1,"key":"RECALL"},{"floor":6,"key":"REST"},{"data":"sneckomod:Unknown","floor":9,"key":"SMITH"},{"data":"sneckomod:UnknownUncommonPower","floor":11,"key":"SMITH"},{"floor":18,"key":"DIG"},{"floor":30,"key":"REST"},{"floor":35,"key":"DIG"},{"floor":44,"key":"DIG"},{"floor":46,"key":"DIG"}],"circlet_count":0,"master_deck":["AscendersBane","Strike_MRS","Strike_MRS","MasterSpark","UpSweep","sneckomod:UnknownCommonAttack","sneckomod:UnknownCommonAttack","sneckomod:UnknownCommonSkill","sneckomod:UnknownCommonSkill","sneckomod:UnknownCommonSkill","sneckomod:UnknownUncommonAttack","sneckomod:UnknownUncommonSkill","sneckomod:UnknownUncommonPower+1","sneckomod:Unknown+1","OneTimeOff+1","MysteriousBeam","BinaryStars+1","Defy+1","Acceleration+1","SporeBomb+1","IllusionStar+1","MysteriousBeam","PowerUp+1","Solidify+1","expansioncontent:InvincibleStrength","Acceleration+1"],"relics":["BewitchedHakkero","hexamod:CandleOfCauterizing","StrikeDummy","Bronze Scales","downfall:HeartBlessingRed","Smiling Mask","downfall:HeartBlessingBlue","Mummified Hand","Juzu Bracelet","Toxic Egg 2","Shovel","ExperimentalFamiliar","MealTicket","InkBottle","Pantograph","Regal Pillow","Slimebound:PreparedRelic","Oddly Smooth Stone","HornCleat","White Beast Statue","Eternal Feather","Ancient Tea Set","Slimebound:StickyStick","Incense Burner","Question Card","Matryoshka","BreadOfAWashokuLover","hexamod:BolsterEngine","Dream Catcher","downfall:HeartBlessingGreen","Omamori","Peace Pipe","champ:DuelingGlove","MawBank"],"acts_visited":["Exordium","TheCity","TheBeyond"],"potions_floor_usage":[12,12,16,22,22,50],"damage_taken":[{"damage":1,"enemies":"2 Louse","floor":2,"turns":3},{"damage":46,"enemies":"Gremlin Nob","floor":3,"turns":4},{"damage":7,"enemies":"Jaw Worm","floor":5,"turns":3},{"damage":1,"enemies":"Cultist","floor":8,"turns":3},{"damage":15,"enemies":"Lagavulin","floor":12,"turns":7},{"damage":0,"enemies":"Blue Slaver","floor":13,"turns":3},{"damage":5,"enemies":"Gremlin Gang","floor":15,"turns":3},{"damage":29,"enemies":"SI_SHIV_ARCHETYPE","floor":16,"turns":7},{"damage":5,"enemies":"downfall:FleeingMerchant","floor":20,"turns":4},{"damage":16,"enemies":"3 Byrds","floor":21,"turns":5},{"damage":3,"enemies":"downfall:FleeingMerchant","floor":22,"turns":4},{"damage":8,"enemies":"Snake Plant","floor":25,"turns":3},{"damage":22,"enemies":"Gremlin Leader","floor":26,"turns":5},{"damage":34,"enemies":"Centurion and Healer","floor":27,"turns":4},{"damage":6,"enemies":"Chosen and Byrds","floor":28,"turns":2},{"damage":4,"enemies":"downfall:LadyInBlue","floor":31,"turns":4},{"damage":7,"enemies":"Snecko","floor":32,"turns":4},{"damage":36,"enemies":"DF_ARCHETYPE_CLAW","floor":33,"turns":6},{"damage":1,"enemies":"Orb Walker","floor":36,"turns":2},{"damage":0,"enemies":"3 Shapes","floor":38,"turns":2},{"damage":0,"enemies":"Sphere and 2 Shapes","floor":40,"turns":4},{"damage":11,"enemies":"3 Darklings","floor":43,"turns":6},{"damage":0,"enemies":"Reptomancer","floor":45,"turns":2},{"damage":11,"enemies":"Transient","floor":47,"turns":6},{"damage":20,"enemies":"Writhing Mass","floor":48,"turns":4},{"damage":26,"enemies":"4 Shapes","floor":49,"turns":4},{"damage":77,"enemies":"IC_BLOCK_ARCHETYPE","floor":50,"turns":9}],"seed_played":"-5495602832189073451","potions_obtained":[{"floor":3,"key":"Fire Potion"},{"floor":5,"key":"SteroidPotion"},{"floor":13,"key":"Weak Potion"},{"floor":15,"key":"Fire Potion"},{"floor":16,"key":"Regen Potion"},{"floor":27,"key":"SteroidPotion"},{"floor":28,"key":"SpeedPotion"},{"floor":31,"key":"FearPotion"},{"floor":31,"key":"FairyPotion"},{"floor":31,"key":"Fire Potion"}],"is_trial":true,"path_per_floor":["R","M","?","?","M","R","T","M","R","T","R","E","M","?","M","B",null,"R","?","$","M","$","?","T","M","E","M","M","?","R","?","M","B",null,"R","M","?","M","?","M","T","?","M","R","E","R","M","M","M","B"],"character_chosen":"MARISA","items_purchased":["Acceleration+1"],"campfire_rested":2,"item_purchase_floors":[20],"current_hp_per_floor":[63,62,16,16,9,65,65,64,74,74,74,59,59,59,54,25,63,63,63,70,54,75,75,75,67,45,11,5,5,70,66,59,34,61,70,69,69,69,69,69,69,69,58,70,70,70,63,44,19,0,0],"gold":738,"neow_bonus":"","is_daily":false,"chose_seed":false,"campfire_upgraded":2,"win_rate":0.0,"timestamp":1612592325,"path_taken":["R","M","?","?","?","R","T","?","R","?","R","E","M","?","M","BOSS","R","?","$","M","$","?","T","M","E","M","M","?","R","?","M","BOSS","R","M","?","M","?","M","T","?","M","R","E","R","M","M","M","BOSS"],"items_purchased_type":["Card"],"build_version":"2020-12-22","purchased_purges":2,"victory":false,"max_hp_per_floor":[70,70,70,70,70,65,65,65,75,75,75,75,75,75,75,75,75,75,75,75,75,75,75,75,75,75,75,75,75,70,70,70,70,70,70,70,70,70,70,70,70,70,70,70,70,70,70,70,70,70,70],"card_choices":[{"not_picked":["Starlight","OpenUniverse"],"picked":"OneTimeOff","floor":3},{"not_picked":["Starlight","Revamp"],"picked":"MysteriousBeam","floor":12},{"not_picked":["Solidify+1","ManaRampage+1"],"picked":"BinaryStars+1","floor":16},{"not_picked":["Unruled","PendulumOfEternity"],"picked":"Defy+1","floor":20},{"not_picked":["DualDimension+1","StarBarrage"],"picked":"SporeBomb+1","floor":22},{"not_picked":["Occultation+1","RealityMarble"],"picked":"IllusionStar+1","floor":26},{"not_picked":["Acceleration+1","Revamp+1"],"picked":"PowerUp+1","floor":31},{"not_picked":["BlazingStar","JA"],"picked":"Solidify+1","floor":33},{"not_picked":["expansioncontent:AwakenDeath","expansioncontent:PolyBeam"],"picked":"expansioncontent:InvincibleStrength","floor":39},{"not_picked":["ReturningBlade","MillisecondPulsars","MoonPhase"],"picked":"Acceleration+1","floor":45}],"player_experience":33007,"relics_obtained":[{"floor":2,"key":"hexamod:CandleOfCauterizing"},{"floor":3,"key":"StrikeDummy"},{"floor":5,"key":"Bronze Scales"},{"floor":8,"key":"Smiling Mask"},{"floor":10,"key":"Mummified Hand"},{"floor":12,"key":"Juzu Bracelet"},{"floor":13,"key":"Toxic Egg 2"},{"floor":15,"key":"Shovel"},{"floor":18,"key":"MealTicket"},{"floor":21,"key":"InkBottle"},{"floor":24,"key":"Pantograph"},{"floor":25,"key":"Regal Pillow"},{"floor":26,"key":"Slimebound:PreparedRelic"},{"floor":27,"key":"Oddly Smooth Stone"},{"floor":28,"key":"HornCleat"},{"floor":31,"key":"White Beast Statue"},{"floor":32,"key":"Eternal Feather"},{"floor":35,"key":"Ancient Tea Set"},{"floor":36,"key":"Slimebound:StickyStick"},{"floor":38,"key":"Incense Burner"},{"floor":40,"key":"Question Card"},{"floor":41,"key":"Matryoshka"},{"floor":43,"key":"BreadOfAWashokuLover"},{"floor":44,"key":"hexamod:BolsterEngine"},{"floor":45,"key":"Dream Catcher"},{"floor":46,"key":"Omamori"},{"floor":47,"key":"Peace Pipe"},{"floor":48,"key":"champ:DuelingGlove"},{"floor":49,"key":"MawBank"}],"event_choices":[{"cards_removed":["Defend_MRS"],"damage_healed":0,"gold_gain":0,"player_choice":"Card Removal","damage_taken":0,"max_hp_gain":0,"max_hp_loss":0,"event_name":"The Cleric","floor":14,"gold_loss":0},{"cards_removed":["Strike_MRS"],"damage_healed":0,"gold_gain":0,"player_choice":"Elegance","damage_taken":0,"max_hp_gain":0,"max_hp_loss":0,"event_name":"Back to Basics","floor":23,"gold_loss":0},{"cards_removed":["sneckomod:UnknownCommonAttack"],"damage_healed":0,"gold_gain":0,"player_choice":"Removed Attack","damage_taken":0,"max_hp_gain":0,"max_hp_loss":0,"event_name":"Falling","floor":37,"gold_loss":0}],"is_beta":false,"boss_relics":[{"not_picked":["Fusion Hammer","Empty Cage"],"picked":"ExperimentalFamiliar"},{"not_picked":["Black Star","Runic Dome"],"picked":"BewitchedHakkero"}],"items_purged_floors":[20,22],"is_endless":true,"potions_floor_spawned":[3,5,13,15,16,21,27,28,32,33,36,38,40,43,45,47,48,49],"killed_by":"IC_BLOCK_ARCHETYPE","ascension_level":20}}