{"host":"j4g6ia6asvpyu2b0","time":1612643827,"event":{"mods":["BaseMod","Colored Map","Minty Spire (QoL Compilation)","Permanent Neow","Quick Restart","Relic Stats","StSLib","Unceasing Turn Reminder"],"gold_per_floor":[118,393,403,423,373,373,385,385,385,385,413,423,440,468,468,573,573,586,586,374,390,402,220,254,169,242,275,275,285,320,336,336,441,441,457,476,476,486,541,541,576,576,576,576,576,576,596,293,293,293,293,293,12,40,40,40],"floor_reached":55,"language":"ENG","playtime":1615,"items_purged":["Pain","Strike_G"],"score":1016,"play_id":"2ade0078-46ff-4d2d-a59d-fc197fb7cfd2","local_time":"20210206133707","is_ascension_mode":true,"campfire_choices":[{"data":"1","floor":6.0,"key":"LIFT"},{"data":"2","floor":8.0,"key":"LIFT"},{"data":"3","floor":10.0,"key":"LIFT"},{"data":"Finisher","floor":15,"key":"SMITH"},{"data":"Tools of the Trade","floor":32,"key":"SMITH"},{"data":"Blade Dance","floor":40,"key":"SMITH"},{"floor":44,"key":"RECALL"},{"data":"After Image","floor":49,"key":"SMITH"},{"data":"Blade Dance","floor":52,"key":"SMITH"}],"circlet_count":0,"master_deck":["Strike_G","Strike_G","Strike_G","Strike_G","Defend_G","Defend_G","Defend_G","Defend_G","Defend_G","Survivor","Neutralize","Endless Agony","Venomology","Blade Dance+1","Quick Slash","Cloak And Dagger","Finisher+1","Glass Knife","Predator","Tools of the Trade+1","Well Laid Plans+1","Terror+1","Dash","Blade Dance+1","Dagger Spray","Blur+1","Predator","Concentrate+1","Corpse Explosion","Bullet Time","Dagger Throw+1","Backflip","Shame","Backflip+1","After Image+1","Phantasmal Killer","Caltrops+1"],"relics":["Ring of the Snake","Girya","Singing Bowl","Bag of Preparation","SacredBark","WarpedTongs","Ornamental Fan","Lantern","Mummified Hand","Nloth\u0027s Gift","Kunai","Cursed Key","Torii","Snake Skull","StrikeDummy","Nunchaku","TwistedFunnel","Sundial"],"acts_visited":["Exordium","TheCity","TheBeyond","TheEnding"],"potions_floor_usage":[11,11,14,16,18,21,22,24,29,30,33,33,38,47,54,54,55,55,55],"damage_taken":[{"damage":0.0,"enemies":"Cultist","floor":1.0,"turns":4.0},{"damage":3.0,"enemies":"Jaw Worm","floor":3.0,"turns":6.0},{"damage":3.0,"enemies":"Small Slimes","floor":4.0,"turns":5.0},{"damage":5.0,"enemies":"2 Fungi Beasts","floor":7.0,"turns":5.0},{"damage":0,"enemies":"Gremlin Nob","floor":11,"turns":2},{"damage":0,"enemies":"Blue Slaver","floor":12,"turns":2},{"damage":5,"enemies":"Gremlin Gang","floor":13,"turns":2},{"damage":20,"enemies":"Lagavulin","floor":14,"turns":6},{"damage":16,"enemies":"The Guardian","floor":16,"turns":8},{"damage":0,"enemies":"3 Byrds","floor":18,"turns":2},{"damage":3,"enemies":"2 Thieves","floor":21,"turns":3},{"damage":8,"enemies":"Cultist and Chosen","floor":22,"turns":3},{"damage":9,"enemies":"Slavers","floor":24,"turns":4},{"damage":0,"enemies":"Gremlin Leader","floor":27,"turns":3},{"damage":0,"enemies":"Snake Plant","floor":29,"turns":3},{"damage":24,"enemies":"Slavers","floor":30,"turns":2},{"damage":0,"enemies":"Snecko","floor":31,"turns":2},{"damage":0,"enemies":"Champ","floor":33,"turns":2},{"damage":4,"enemies":"3 Shapes","floor":35,"turns":2},{"damage":0,"enemies":"Orb Walker","floor":36,"turns":1},{"damage":3,"enemies":"4 Shapes","floor":38,"turns":5},{"damage":13,"enemies":"2 Orb Walkers","floor":39,"turns":2},{"damage":10,"enemies":"Reptomancer","floor":41,"turns":4},{"damage":0,"enemies":"Maw","floor":47,"turns":4},{"damage":36,"enemies":"Time Eater","floor":50,"turns":11},{"damage":6,"enemies":"Shield and Spear","floor":54,"turns":3},{"damage":61,"enemies":"The Heart","floor":55,"turns":6}],"seed_played":"-8915392060944149516","potions_obtained":[{"floor":4.0,"key":"Swift Potion"},{"floor":7.0,"key":"DistilledChaos"},{"floor":29,"key":"Poison Potion"},{"floor":30,"key":"DuplicationPotion"},{"floor":33,"key":"Weak Potion"}],"is_trial":false,"path_per_floor":["M","?","M","M","?","R","M","R","T","R","E","M","M","E","R","B",null,"M","?","$","M","M","$","E","?","T","E","?","M","E","M","R","B",null,"M","M","$","M","?","R","E","?","T","R","?","$","M","$","R","B",null,"R","$","E","B"],"character_chosen":"THE_SILENT","items_purchased":["Tools of the Trade","Dash","Blade Dance","After Image","Nunchaku","TwistedFunnel","Phantasmal Killer"],"campfire_rested":0,"item_purchase_floors":[20,23,23,48,48,53,53],"current_hp_per_floor":[63,63,60,57,57,57,52,52,52,52,52,54,49,29,29,13,65,65,65,65,62,54,54,45,45,45,45,45,45,21,21,21,21,65,61,63,63,60,49,49,41,41,41,41,41,41,41,41,41,5,67,67,67,61,0,0],"gold":40,"neow_bonus":"ONE_RARE_RELIC","is_daily":false,"chose_seed":false,"campfire_upgraded":5,"win_rate":0.0,"timestamp":1612643827,"path_taken":["M","?","M","?","?","R","M","R","T","R","E","M","M","E","R","BOSS","M","?","$","M","?","$","E","?","T","E","?","M","E","M","R","BOSS","M","?","$","M","?","R","E","?","T","R","?","$","M","$","R","BOSS","R","$","E","BOSS"],"items_purchased_type":["Card","Card","Card","Card","Relic","Relic","Card"],"build_version":"2020-12-22","purchased_purges":2,"victory":false,"max_hp_per_floor":[63,63,63,63,63,63,63,63,63,63,63,65,65,65,65,65,65,65,65,65,65,65,65,65,65,65,65,65,65,65,65,65,65,65,65,67,67,67,69,69,71,71,71,71,67,67,67,67,67,67,67,67,67,67,67,67],"relic_stats":{"Singing Bowl":8,"Torii":25,"counters":[27,102],"Snake Skull":[7],"Bag of Preparation":[39],"Cursed Key":1,"WarpedTongs":[60],"Nunchaku":[6],"Ornamental Fan":[176],"Mummified Hand":[17],"Sundial":[0],"Nloth\u0027s Gift":1,"Kunai":[34],"obtain_stats":[{"TwistedFunnel":53,"Girya":0,"Lantern":25,"Singing Bowl":11,"Torii":39,"SacredBark":17,"Snake Skull":41,"Bag of Preparation":14,"Cursed Key":34,"WarpedTongs":19,"Lizard Tail":27,"Nunchaku":48,"Ornamental Fan":24,"Mummified Hand":26,"Sundial":54,"Nloth\u0027s Gift":28,"Kunai":30,"StrikeDummy":43,"Ring of the Snake":0},{"TwistedFunnel":25,"Girya":0,"Lantern":13,"Singing Bowl":5,"Torii":22,"SacredBark":9,"Snake Skull":23,"Bag of Preparation":8,"Cursed Key":18,"WarpedTongs":10,"Lizard Tail":14,"Nunchaku":24,"Ornamental Fan":13,"Mummified Hand":13,"Sundial":26,"Nloth\u0027s Gift":14,"Kunai":16,"StrikeDummy":23,"Ring of the Snake":0},{"TwistedFunnel":93,"Girya":0,"Lantern":52,"Singing Bowl":22,"Torii":74,"SacredBark":40,"Snake Skull":78,"Bag of Preparation":32,"Cursed Key":64,"WarpedTongs":42,"Lizard Tail":55,"Nunchaku":82,"Ornamental Fan":52,"Mummified Hand":52,"Sundial":96,"Nloth\u0027s Gift":55,"Kunai":60,"StrikeDummy":78,"Ring of the Snake":0}],"Ring of the Snake":[57]},"card_choices":[{"not_picked":["Deadly Poison","Slice"],"picked":"Endless Agony","floor":1.0},{"not_picked":["Slice","Catalyst","Setup"],"picked":"SKIP","floor":3.0},{"not_picked":["Acrobatics","Prepared"],"picked":"Venomology","floor":4.0},{"not_picked":["Slice","Flying Knee"],"picked":"Blade Dance","floor":7.0},{"not_picked":["Poisoned Stab","Crippling Poison"],"picked":"Quick Slash","floor":11},{"not_picked":["Outmaneuver","Reflex","Flechettes"],"picked":"Singing Bowl","floor":12},{"not_picked":["Escape Plan","Quick Slash"],"picked":"Cloak And Dagger","floor":13},{"not_picked":["PiercingWail","Acrobatics"],"picked":"Finisher","floor":14},{"not_picked":["Die Die Die","Wraith Form v2"],"picked":"Glass Knife","floor":16},{"not_picked":["Escape Plan","Eviscerate+1"],"picked":"Predator","floor":18},{"not_picked":["Deflect","Underhanded Strike"],"picked":"Well Laid Plans+1","floor":21},{"not_picked":["Predator","Infinite Blades+1"],"picked":"Terror+1","floor":22},{"not_picked":["Deadly Poison","Prepared"],"picked":"Dagger Spray","floor":24},{"not_picked":["Sucker Punch","Dodge and Roll"],"picked":"Blur+1","floor":27},{"not_picked":["Noxious Fumes","Backflip"],"picked":"Predator","floor":29},{"not_picked":["Infinite Blades","Outmaneuver"],"picked":"Concentrate+1","floor":30},{"not_picked":["Doppelganger","Cloak And Dagger"],"picked":"Corpse Explosion","floor":31},{"not_picked":["Envenom","Night Terror"],"picked":"Bullet Time","floor":33},{"not_picked":["Poisoned Stab","Acrobatics+1"],"picked":"Dagger Throw+1","floor":35},{"not_picked":["Choke","Infinite Blades","Masterful Stab"],"picked":"Singing Bowl","floor":36},{"not_picked":["Dodge and Roll+1","Prepared+1"],"picked":"Backflip","floor":38},{"not_picked":["Quick Slash","Slice+1","Distraction"],"picked":"Singing Bowl","floor":39},{"not_picked":["Heel Hook","Caltrops+1","Tactician"],"picked":"Singing Bowl","floor":41},{"not_picked":["Acrobatics","Deadly Poison"],"picked":"Backflip+1","floor":47},{"not_picked":["Expertise+1","Bouncing Flask"],"picked":"Caltrops+1","floor":54}],"player_experience":1164292,"relics_obtained":[{"floor":11,"key":"Singing Bowl"},{"floor":14,"key":"Bag of Preparation"},{"floor":24,"key":"Ornamental Fan"},{"floor":26,"key":"Mummified Hand"},{"floor":27,"key":"Lizard Tail"},{"floor":30,"key":"Kunai"},{"floor":39,"key":"Torii"},{"floor":41,"key":"Snake Skull"},{"floor":43,"key":"StrikeDummy"},{"floor":54,"key":"Sundial"}],"event_choices":[{"damage_healed":0.0,"max_hp_gain":0.0,"max_hp_loss":0.0,"gold_gain":275.0,"event_name":"Golden Shrine","player_choice":"Desecrate","floor":2.0,"gold_loss":0.0,"damage_taken":0.0,"cards_obtained":["Regret"]},{"cards_removed":["Regret"],"damage_healed":0.0,"max_hp_gain":0.0,"max_hp_loss":0.0,"gold_gain":0.0,"event_name":"The Cleric","player_choice":"Card Removal","floor":5.0,"gold_loss":50.0,"damage_taken":0.0},{"damage_healed":0,"gold_gain":0,"player_choice":"Rummage","damage_taken":0,"relics_obtained":["WarpedTongs"],"max_hp_gain":0,"max_hp_loss":0,"event_name":"Accursed Blacksmith","floor":19,"gold_loss":0,"cards_obtained":["Pain"]},{"damage_healed":0,"gold_gain":0,"player_choice":"Obtained Relic","damage_taken":0,"relics_obtained":["Lantern"],"max_hp_gain":0,"max_hp_loss":0,"event_name":"Addict","floor":25,"gold_loss":85},{"damage_healed":0,"gold_gain":0,"player_choice":"Traded Relic","damage_taken":0,"relics_obtained":["Nloth\u0027s Gift"],"max_hp_gain":0,"max_hp_loss":0,"event_name":"N\u0027loth","floor":28,"relics_lost":["Lizard Tail"],"gold_loss":0},{"damage_healed":0,"gold_gain":0,"player_choice":"Fight","damage_taken":0,"max_hp_gain":0,"max_hp_loss":0,"event_name":"Mysterious Sphere","floor":39,"gold_loss":0},{"damage_healed":0,"gold_gain":0,"player_choice":"Ignored","damage_taken":0,"max_hp_gain":0,"max_hp_loss":0,"event_name":"Tomb of Lord Red Mask","floor":42,"gold_loss":0},{"damage_healed":0,"gold_gain":0,"player_choice":"Max HP","damage_taken":0,"max_hp_gain":0,"max_hp_loss":4,"event_name":"Winding Halls","floor":45,"gold_loss":0}],"is_beta":false,"boss_relics":[{"not_picked":["Snecko Eye","Tiny House"],"picked":"SacredBark"},{"not_picked":["Calling Bell","Sozu"],"picked":"Cursed Key"}],"items_purged_floors":[20,23],"is_endless":false,"potions_floor_spawned":[4,7,16,18,29,30,33,35,36,38,47],"killed_by":"The Heart","ascension_level":3}}