{"host":"dn6kke80v5f7isus","time":1612572654,"event":{"mods":["AchievementEnabler","Act Like it!","BaseMod","Colored Powertips","Custom Start","Defuse TimeMaze Blight","Gremlin Skip","Highlight Path","Hubris","Infinite Spire","Marisa????????","Minty Spire (QoL Compilation)","Rare Cards Sparkle","Reliquary","Replay The Spire","StSLib","The Servant 0.9.4","Uncapped","Unceasing Turn Reminder"],"gold_per_floor":[115,127,23,8413,8423,8458,8458,8489,8489,8489,8489],"floor_reached":10,"language":"ENG","playtime":394,"items_purged":["Strike_S"],"score":80,"play_id":"388d4284-2dea-4694-9230-f5aefe0d68cf","local_time":"20210205195054","is_ascension_mode":true,"campfire_choices":[{"floor":7,"key":"REST"}],"circlet_count":0,"master_deck":["Strike_S+1","Strike_S","Strike_S","Defend_S","Defend_S","Defend_S","Defend_S","KidneyShot","Exchange","Defy+1","InstantArmor","MoonPhase","ShiftingGears"],"relics":["Uniform","NeowsBlessing","hubris:BottledRain","Guide Book","Mirror","Incense Burner","InkBottle"],"acts_visited":["Exordium"],"potions_floor_usage":[6,10],"damage_taken":[{"damage":0.0,"enemies":"Small Slimes","floor":1.0,"turns":1.0},{"damage":0.0,"enemies":"Cultist","floor":2.0,"turns":1.0},{"damage":0,"enemies":"2 Louse","floor":5,"turns":1},{"damage":45,"enemies":"3 Sentries","floor":6,"turns":16},{"damage":28,"enemies":"Gremlin Nob","floor":8,"turns":5},{"damage":0,"enemies":"Lagavulin","floor":10,"turns":6}],"seed_played":"-5543955107968712436","potions_obtained":[{"floor":6,"key":"Milkshake"}],"is_trial":false,"path_per_floor":["M","M","?","$","M","E","R","E","T","E"],"character_chosen":"THE_SERVANT","items_purchased":["Guide Book","InstantArmor","Regen Potion","SpeedPotion"],"campfire_rested":1,"item_purchase_floors":[4,4,4,4],"current_hp_per_floor":[65,65,65,65,65,35,54,26,26,26,26],"gold":8489,"neow_bonus":"THREE_ENEMY_KILL","is_daily":false,"chose_seed":false,"campfire_upgraded":0,"win_rate":0.0,"timestamp":1612572654,"path_taken":["M","M","?","$","?","E","R","E","T","E"],"items_purchased_type":["Relic","Card","Potion","Potion"],"build_version":"2020-12-22","purchased_purges":1,"victory":false,"max_hp_per_floor":[65,65,65,65,65,65,65,65,65,65,65],"card_choices":[{"not_picked":["Rewind","FanOfKnives","Spin"],"picked":"SKIP","floor":1.0},{"not_picked":["Gouge","Alleviate"],"picked":"Defy","floor":2.0},{"not_picked":["Revamp","Moonlight"],"picked":"MoonPhase","floor":5},{"not_picked":["FastForward","Deny","Alleviate"],"picked":"SKIP","floor":6},{"not_picked":["DualDimension","Alleviate"],"picked":"ShiftingGears","floor":8}],"player_experience":426149,"relics_obtained":[{"floor":6,"key":"Mirror"},{"floor":8,"key":"Incense Burner"},{"floor":9,"key":"InkBottle"}],"event_choices":[{"damage_healed":0.0,"max_hp_gain":0.0,"max_hp_loss":0.0,"gold_gain":0.0,"event_name":"WeMeetAgain","player_choice":"Paid Gold","floor":3.0,"gold_loss":104.0,"damage_taken":0.0,"relics_obtained":["hubris:BottledRain"]}],"is_beta":false,"boss_relics":[],"items_purged_floors":[4],"is_endless":false,"potions_floor_spawned":[6],"killed_by":"Lagavulin","ascension_level":1}}