{"host":"Ringo","time":1612630495,"event":{"mods":["BaseMod","Colored Map","Conspire","Dota2Spire","Hubris","Minty Spire (QoL Compilation)","Replay The Spire","StSLib","The Construct","[IsaacMod]ÒÔÈö¼âËþ","¡¾ÒÅÎï¿¨ÅÆ¡¿REMEMod"],"gold_per_floor":[113,124,135,152,199,231,259,284,284],"floor_reached":8,"language":"ZHS","playtime":386,"items_purged":[],"score":210,"play_id":"06e2fdfc-5075-438e-9b8d-aa6b5c4fef88","local_time":"20210207005455","daily_mods":["SealedDeck","Vintage","Heirloom","Time Dilation","Flight","DeadlyEvents","Elite Swarm","Lethality"],"is_ascension_mode":true,"campfire_choices":[],"circlet_count":0,"master_deck":["AscendersBane","Escape Plan","Dagger Spray","Cloak And Dagger","Deadly Poison","Backflip","Deflect","Bane","Catalyst","Poisoned Stab","Crippling Poison","Rip and Tear","Envenom","Adrenaline","Adrenaline"],"relics":["Ring of the Snake","HushsDoor","KeepersGift","REME_ComplimentaryCards","replay:Trail_Library","The Specimen","Gambling Chip","hubris:AncientText","Basket Of Snakes","hubris:BottledRain","hubris:TenFootPole","Replay:Accelerometer","hubris:MedicalManual","Leech"],"acts_visited":["Exordium"],"potions_floor_usage":[5],"damage_taken":[{"damage":0,"enemies":"2 Louse","floor":1,"turns":1},{"damage":0,"enemies":"Jaw Worm","floor":2,"turns":1},{"damage":0,"enemies":"Small Slimes","floor":3,"turns":1},{"damage":0,"enemies":"Red Slaver","floor":4,"turns":1},{"damage":0,"enemies":"2 Fungi Beasts","floor":5,"turns":1},{"damage":0,"enemies":"Gremlin Nob","floor":6,"turns":3},{"damage":19,"enemies":"Lagavulin","floor":7,"turns":3},{"damage":8,"enemies":"Replay:BlueRogue","floor":8,"turns":3}],"seed_played":"-4289251365042378109","potions_obtained":[{"floor":2,"key":"REME_GoldPotion"},{"floor":3,"key":"conspire:TimeTravelPotion"}],"is_trial":true,"path_per_floor":["M","M","M","M","M","E","E","E"],"character_chosen":"THE_SILENT","items_purchased":[],"campfire_rested":0,"item_purchase_floors":[],"current_hp_per_floor":[59,59,59,59,59,59,40,32,32],"gold":284,"neow_bonus":"","is_daily":false,"chose_seed":false,"campfire_upgraded":0,"win_rate":0.0,"timestamp":1612630495,"path_taken":["M","M","M","M","M","E","E","E"],"items_purchased_type":[],"build_version":"2020-12-18","purchased_purges":0,"victory":false,"max_hp_per_floor":[66,66,66,66,66,66,66,66,66],"card_choices":[{"not_picked":["A Thousand Cuts","Tools of the Trade"],"picked":"Envenom","floor":6},{"not_picked":["REME_CopyPotion","Wraith Form v2"],"picked":"Adrenaline","floor":7},{"not_picked":["ReplayTheSpireMod:Necrosis","Poison Darts"],"picked":"Adrenaline","floor":8}],"player_experience":644622,"relics_obtained":[{"floor":1,"key":"Gambling Chip"},{"floor":2,"key":"hubris:AncientText"},{"floor":3,"key":"Basket Of Snakes"},{"floor":4,"key":"hubris:BottledRain"},{"floor":5,"key":"hubris:TenFootPole"},{"floor":6,"key":"Replay:Accelerometer"},{"floor":7,"key":"hubris:MedicalManual"},{"floor":8,"key":"Leech"}],"event_choices":[],"is_beta":true,"boss_relics":[],"items_purged_floors":[],"is_endless":false,"potions_floor_spawned":[2,3,4],"killed_by":"Replay:BlueRogue","ascension_level":20}}