{"host":"no2mglyze6zxwn0s","time":1612652888,"event":{"mods":["BaseMod","BetterRewards","Colored Map","Downfall","Hermit","Hubris","Minty Spire (QoL Compilation)","Robot Space Explorer","Spire Arcade","StSLib","The Animator","The Bug Knight","The Construct","The Cursed","The Disciple","The Jungle","The Marked","The Necromancer","The Senshi","The Servant 0.9.4","WarShipGirlsR/????R mod"],"gold_per_floor":[109,109,126,17,17,42,42,57,80,80,80],"floor_reached":10,"language":"ENG","playtime":366,"items_purged":[],"score":91,"play_id":"34a773ef-83b4-43fb-a7e2-a980468ee807","local_time":"20210206170808","is_ascension_mode":false,"campfire_choices":[{"data":"RobotSpaceExplorer:HighVoltage","floor":7,"key":"SMITH"}],"circlet_count":0,"master_deck":["RobotSpaceExplorer:Strike","RobotSpaceExplorer:Strike","RobotSpaceExplorer:Strike","RobotSpaceExplorer:Defend","RobotSpaceExplorer:Defend","RobotSpaceExplorer:Defend","RobotSpaceExplorer:Defend","RobotSpaceExplorer:Scan","RobotSpaceExplorer:MiniLasers","RobotSpaceExplorer:Electroshield","RobotSpaceExplorer:MiniBoosters+1","RobotSpaceExplorer:DualCore","RobotSpaceExplorer:GlueSpray","RobotSpaceExplorer:HighVoltage+1","RobotSpaceExplorer:FreezeRay"],"relics":["RobotSpaceExplorer:RoboCore","NeowsBlessing","Lantern","RobotSpaceExplorer:FoglandsKnife"],"acts_visited":["Exordium"],"potions_floor_usage":[],"damage_taken":[{"damage":0,"enemies":"Cultist","floor":1,"turns":1},{"damage":0,"enemies":"Jaw Worm","floor":3,"turns":1},{"damage":0,"enemies":"3 Sentries","floor":6,"turns":2},{"damage":0,"enemies":"2 Louse","floor":8,"turns":1},{"damage":5,"enemies":"HollowMod:MossKnight","floor":10,"turns":10}],"seed_played":"4347052063733763768","potions_obtained":[{"floor":8,"key":"Fire Potion"}],"is_trial":false,"path_per_floor":["M","?","M","$","?","E","R","M","T","E"],"character_chosen":"RobotSpaceExplorer","items_purchased":["RobotSpaceExplorer:DualCore","RobotSpaceExplorer:GlueSpray"],"campfire_rested":0,"item_purchase_floors":[4,4],"current_hp_per_floor":[75,75,75,75,75,75,75,75,75,70,70],"gold":80,"neow_bonus":"THREE_ENEMY_KILL","is_daily":false,"chose_seed":false,"campfire_upgraded":1,"win_rate":0.0,"timestamp":1612652888,"path_taken":["M","?","?","$","?","E","R","M","T","E"],"items_purchased_type":["Card","Card"],"build_version":"2020-12-22","purchased_purges":0,"victory":false,"max_hp_per_floor":[75,75,75,75,75,75,75,75,75,75,75],"card_choices":[{"not_picked":["RobotSpaceExplorer:Probe","RobotSpaceExplorer:JunkDive"],"picked":"RobotSpaceExplorer:Electroshield","floor":1},{"not_picked":["RobotSpaceExplorer:FrostMissile","RobotSpaceExplorer:Counterblock"],"picked":"RobotSpaceExplorer:MiniBoosters","floor":3},{"not_picked":["RobotSpaceExplorer:Probe","RobotSpaceExplorer:PowerCollector"],"picked":"RobotSpaceExplorer:HighVoltage","floor":6},{"not_picked":["RobotSpaceExplorer:FrostMissile","RobotSpaceExplorer:MetalStrike"],"picked":"RobotSpaceExplorer:FreezeRay","floor":8}],"player_experience":889977,"relics_obtained":[{"floor":6,"key":"Lantern"},{"floor":9,"key":"RobotSpaceExplorer:FoglandsKnife"}],"event_choices":[{"cards_removed":["RobotSpaceExplorer:Strike"],"damage_healed":0,"gold_gain":0,"player_choice":"Offered Basic","damage_taken":0,"max_hp_gain":0,"max_hp_loss":0,"event_name":"Bonfire Elementals","floor":2,"gold_loss":0}],"is_beta":false,"boss_relics":[],"items_purged_floors":[],"is_endless":false,"potions_floor_spawned":[8],"killed_by":"HollowMod:MossKnight","ascension_level":0}}