{"host":"8is2j71l4wmybkoi","time":1612618945,"event":{"mods":["AchievementEnabler","BaseMod","Colored Map","Minty Spire (QoL Compilation)","Rare Cards Sparkle","StSLib","SuperFastMode"],"gold_per_floor":[116,191,203,203,27,53,53,53,53,70,89,89,114,6,6,83,133,146,166,176,196,196,196,224,224,224,224,237,254,254,284,284,284,284],"floor_reached":33,"language":"KOR","playtime":1205,"items_purged":["Strike_R"],"score":673,"play_id":"108f1209-2b98-4d0f-89fd-c7e05bf6a8e1","local_time":"20210206224225","is_ascension_mode":true,"campfire_choices":[{"data":"Flex","floor":8.0,"key":"SMITH"},{"data":"Twin Strike","floor":12.0,"key":"SMITH"},{"data":"Battle Trance","floor":15.0,"key":"SMITH"},{"data":"Whirlwind","floor":23.0,"key":"SMITH"},{"data":"Heavy Blade","floor":25.0,"key":"SMITH"},{"data":"Bash","floor":27.0,"key":"SMITH"},{"floor":32,"key":"REST"}],"circlet_count":0,"master_deck":["AscendersBane","Strike_R","Strike_R","Strike_R","Defend_R","Defend_R","Defend_R+1","Defend_R","Bash+1","Twin Strike+1","Flex+1","Heavy Blade+1","Anger","Disarm","Battle Trance+1","Feed","Sword Boomerang","Ghostly Armor","Whirlwind+1","Seeing Red","Havoc+1"],"relics":["Burning Blood","NeowsBlessing","ClockworkSouvenir","Red Skull","Sundial","Meat on the Bone","Tiny House","Question Card","FaceOfCleric","Turnip"],"acts_visited":["Exordium","TheCity"],"potions_floor_usage":[28,33],"damage_taken":[{"damage":0.0,"enemies":"Small Slimes","floor":1.0,"turns":1.0},{"damage":0.0,"enemies":"2 Louse","floor":3.0,"turns":1.0},{"damage":0.0,"enemies":"3 Sentries","floor":6.0,"turns":1.0},{"damage":1.0,"enemies":"Cultist","floor":10.0,"turns":3.0},{"damage":18.0,"enemies":"Exordium Wildlife","floor":11.0,"turns":2.0},{"damage":20.0,"enemies":"Lagavulin","floor":13.0,"turns":5.0},{"damage":0.0,"enemies":"Slime Boss","floor":16.0,"turns":4.0},{"damage":20.0,"enemies":"2 Thieves","floor":18.0,"turns":3.0},{"damage":39.0,"enemies":"3 Byrds","floor":19.0,"turns":5.0},{"damage":47.0,"enemies":"Sentry and Sphere","floor":20.0,"turns":6.0},{"damage":9.0,"enemies":"3 Cultists","floor":21.0,"turns":4.0},{"damage":54.0,"enemies":"Gremlin Leader","floor":24.0,"turns":4.0},{"damage":12,"enemies":"Chosen and Byrds","floor":28,"turns":4},{"damage":19,"enemies":"Centurion and Healer","floor":29,"turns":4},{"damage":41,"enemies":"Slavers","floor":31,"turns":3},{"damage":60,"enemies":"Collector","floor":33,"turns":5}],"seed_played":"369835719770610930","potions_obtained":[{"floor":1.0,"key":"ElixirPotion"},{"floor":6.0,"key":"DuplicationPotion"},{"floor":11.0,"key":"Ancient Potion"},{"floor":17.0,"key":"FairyPotion"},{"floor":18.0,"key":"Dexterity Potion"},{"floor":20.0,"key":"Energy Potion"},{"floor":24.0,"key":"Regen Potion"},{"floor":31,"key":"AttackPotion"}],"is_trial":false,"path_per_floor":["M","?","M","?","$","E","?","R","T","M","M","R","E","$","R","B",null,"M","M","M","M","?","R","E","R","T","R","M","M","?","E","R","B"],"character_chosen":"IRONCLAD","items_purchased":["ClockworkSouvenir","Flex","Battle Trance"],"campfire_rested":1,"item_purchase_floors":[5,5,14],"current_hp_per_floor":[74,63,69,62,62,68,68,68,68,73,61,61,47,47,47,53,75,64,46,43,55,55,55,19,19,19,19,40,42,42,20,48,0,0],"gold":284,"neow_bonus":"THREE_ENEMY_KILL","is_daily":false,"chose_seed":false,"campfire_upgraded":6,"win_rate":0.0,"timestamp":1612618945,"path_taken":["M","?","M","?","$","E","?","R","T","M","?","R","E","$","R","BOSS","M","M","M","M","?","R","E","R","T","R","M","M","?","E","R","BOSS"],"items_purchased_type":["Relic","Card","Card"],"build_version":"2020-12-22","purchased_purges":1,"victory":false,"max_hp_per_floor":[75,75,75,75,75,75,75,75,75,75,75,75,75,75,75,75,80,83,86,86,89,89,89,89,89,89,89,92,95,95,96,96,96,96],"card_choices":[{"not_picked":["Intimidate","True Grit"],"picked":"Twin Strike","floor":1.0},{"not_picked":["Warcry","Corruption","Body Slam"],"picked":"SKIP","floor":3.0},{"not_picked":["Perfected Strike","Dual Wield","Body Slam"],"picked":"SKIP","floor":6.0},{"not_picked":["Shrug It Off","Reckless Charge"],"picked":"Heavy Blade","floor":10.0},{"not_picked":["Pommel Strike","Flex"],"picked":"Anger","floor":11.0},{"not_picked":["Hemokinesis","Headbutt"],"picked":"Disarm","floor":13.0},{"not_picked":["Brutality","Corruption"],"picked":"Feed","floor":16.0},{"not_picked":["Dropkick","Battle Trance","True Grit"],"picked":"SKIP","floor":18.0},{"not_picked":["Cleave","Armaments"],"picked":"Sword Boomerang","floor":19.0},{"not_picked":["Twin Strike","Pummel"],"picked":"Ghostly Armor","floor":20.0},{"not_picked":["Wild Strike","Rampage"],"picked":"Whirlwind","floor":21.0},{"not_picked":["Warcry","Flex","Heavy Blade"],"picked":"SKIP","floor":24.0},{"not_picked":["Whirlwind","Twin Strike","Headbutt"],"picked":"Seeing Red","floor":28},{"not_picked":["Pommel Strike","Bludgeon","Cleave","Disarm"],"picked":"SKIP","floor":29},{"not_picked":["Warcry","Intimidate","Immolate"],"picked":"Havoc+1","floor":31}],"player_experience":1023792,"relics_obtained":[{"floor":6.0,"key":"Red Skull"},{"floor":9.0,"key":"Sundial"},{"floor":13.0,"key":"Meat on the Bone"},{"floor":24.0,"key":"Question Card"},{"floor":31,"key":"Turnip"}],"event_choices":[{"damage_healed":0.0,"max_hp_gain":0.0,"max_hp_loss":0.0,"gold_gain":75.0,"event_name":"World of Goop","player_choice":"Gather Gold","floor":2.0,"gold_loss":0.0,"damage_taken":11.0},{"cards_removed":["Strike_R"],"damage_healed":0.0,"max_hp_gain":0.0,"max_hp_loss":0.0,"gold_gain":0.0,"event_name":"Golden Wing","player_choice":"Card Removal","floor":4.0,"gold_loss":0.0,"damage_taken":7.0},{"damage_healed":0.0,"max_hp_gain":0.0,"max_hp_loss":0.0,"gold_gain":0.0,"event_name":"Match and Keep!","player_choice":"0 cards matched","floor":7.0,"gold_loss":0.0,"damage_taken":0.0,"cards_obtained":[]},{"damage_healed":0.0,"max_hp_gain":0.0,"max_hp_loss":0.0,"gold_gain":0.0,"event_name":"Vampires","player_choice":"Ignored","floor":22.0,"gold_loss":0.0,"damage_taken":0.0},{"damage_healed":0,"gold_gain":0,"player_choice":"Trade","damage_taken":0,"relics_obtained":["FaceOfCleric"],"max_hp_gain":0,"max_hp_loss":0,"event_name":"FaceTrader","floor":30,"gold_loss":0}],"is_beta":false,"boss_relics":[{"not_picked":["Ectoplasm","Snecko Eye"],"picked":"Tiny House"}],"items_purged_floors":[14],"is_endless":false,"potions_floor_spawned":[1,6,11,18,20,24,31],"killed_by":"Collector","ascension_level":15}}