{"host":"u7y9frlpoazak2mn","time":1612585238,"event":{"mods":["Act Like it!","Aspiration","BaseMod","Beaked The Cultist","Better Altar","Better Match","Better Note","Better Sensory Stone","Better Skull","Better Third Choice","Colored Map","Colored Powertips","Conspire","Downfall","Energized Spire","GifTheSpireLib","Googly Eyes","Halation","Hermit","Hubris","Infinite Spire","Marked Mod","Mimic Mod","Minty Spire (QoL Compilation)","Permanent Neow","Prisma Mod","Rare Cards Sparkle","Replay The Spire","StSLib","Stuff the Spire","The Construct","Waifu the Spire"],"gold_per_floor":[113,63,63,63,73,73,73,73,73,108,121,24,24,51,51,51,51],"floor_reached":16,"language":"ENG","playtime":524,"items_purged":[],"score":111,"play_id":"f1899568-aff2-45ae-a9be-5cb62abbabad","local_time":"20210205232038","is_ascension_mode":true,"campfire_choices":[{"data":"Thunderclap","floor":6,"key":"SMITH"},{"data":"hubris:StunningStrike","floor":8,"key":"SMITH"},{"floor":13,"key":"REST"},{"data":"Dual Wield","floor":15,"key":"SMITH"}],"circlet_count":0,"master_deck":["Strike_R","Strike_R","Strike_R","Strike_R","Strike_R","Defend_R","Defend_R","Defend_R","Defend_R","Bash","hubris:StunningStrike+1","Thunderclap+1","StuffTheSpire:Slingshot","Injury","Thunderclap+1","StuffTheSpire:CuriosityCurse","Twin Strike+1","Dual Wield+1","Flex+1"],"relics":["Burning Blood","Molten Egg 2","Regal Pillow","StuffTheSpire:DarkSteelAnvil","Blue Doll","Replay:Baseball"],"acts_visited":["Exordium"],"potions_floor_usage":[16,16],"damage_taken":[{"damage":8,"enemies":"Small Slimes","floor":1,"turns":3},{"damage":13,"enemies":"Jaw Worm","floor":5,"turns":4},{"damage":27,"enemies":"Gremlin Nob","floor":10,"turns":5},{"damage":3,"enemies":"2 Louse","floor":11,"turns":3},{"damage":27,"enemies":"3 Sentries","floor":14,"turns":6},{"damage":61,"enemies":"The Guardian","floor":16,"turns":6}],"seed_played":"-270868230250406764","potions_obtained":[{"floor":10,"key":"Reflective Coating"},{"floor":11,"key":"champ:CounterPotion"}],"is_trial":false,"path_per_floor":["M","$","?","?","M","R","?","R","T","E","M","$","R","E","R","B"],"character_chosen":"IRONCLAD","items_purchased":["StuffTheSpire:Slingshot","Dual Wield","Flex+1"],"campfire_rested":1,"item_purchase_floors":[2,12,12],"current_hp_per_floor":[78,78,78,80,73,73,73,73,73,52,55,55,80,59,59,0,0],"gold":51,"neow_bonus":"ONE_RANDOM_RARE_CARD","is_daily":false,"chose_seed":false,"campfire_upgraded":3,"win_rate":0.0,"timestamp":1612585238,"path_taken":["M","$","?","?","M","R","?","R","T","E","M","$","R","E","R","BOSS"],"items_purchased_type":["Card","Card","Card"],"build_version":"2020-12-22","purchased_purges":0,"victory":false,"max_hp_per_floor":[80,80,80,80,80,80,80,80,80,80,80,80,80,80,80,80,80],"card_choices":[{"not_picked":["Anger","Warcry"],"picked":"Thunderclap","floor":1},{"not_picked":["Life Link","Clothesline+1"],"picked":"Thunderclap+1","floor":5},{"not_picked":["Uppercut+1","StuffTheSpire:RagingBull+1","Rupture"],"picked":"SKIP","floor":10},{"not_picked":["Replay:Undeath\u0027s Touch+1","Clash+1"],"picked":"Twin Strike+1","floor":11},{"not_picked":["Rupture","Uppercut+1","True Grit"],"picked":"SKIP","floor":14}],"player_experience":408631,"relics_obtained":[{"floor":9,"key":"StuffTheSpire:DarkSteelAnvil"},{"floor":10,"key":"Blue Doll"},{"floor":14,"key":"Replay:Baseball"}],"event_choices":[],"is_beta":false,"boss_relics":[],"items_purged_floors":[],"is_endless":false,"potions_floor_spawned":[10,11],"killed_by":"The Guardian","ascension_level":1}}