{"host":"x000krxjblg8jdg4","time":1612654102,"event":{"mods":["BaseMod","Downfall","Hermit","Minty Spire (QoL Compilation)","StSLib","The Cursed","The Runesmith","The Servant 0.9.4"],"gold_per_floor":[112,124,137,137,149,179,214,246,246,259,11,11,11,31,31,127,127,144,94,104,115,115,115,27,27,51,86,86,115,131,9,9,113,113,123,140,158,158,173,173,203,203,229,245,259,288,288,248,248,248],"floor_reached":51,"language":"ENG","playtime":5992,"items_purged":[],"score":817,"play_id":"8de4a3fb-554a-4b85-a9f6-55f27236bcfd","local_time":"20210206212822","is_ascension_mode":false,"campfire_choices":[{"floor":12,"key":"REST"},{"floor":15,"key":"REST"},{"floor":23,"key":"REST"},{"floor":28,"key":"DIG"},{"floor":32,"key":"REST"},{"floor":40,"key":"DIG"},{"floor":42,"key":"DIG"},{"floor":49,"key":"REST"}],"circlet_count":0,"master_deck":["Strike_S","Strike_S","Strike_S","Strike_S","Defend_S","Defend_S","Defend_S","Defend_S","KidneyShot","Exchange","Ricochet","GearUp","SurpressingFire","Moonlight","Moonlight","Potential","FanOfKnives","Desolation","Sunlight","FlawlessForm","Starlight","Spin","Rewind","SurpressingFire","Bandage Up","Luminosity","SurpressingFire+1","Moondial+1","GearUp+1","Flash of Steel","FanOfKnives","SoulSculpture","GearUp+1","InstantArmor","GearUp","ShatteredReality+1","Defy+1","MoonPhase+1","TimeWarp+1","Unruled","SoulSculpture"],"relics":["Uniform","NeowsBlessing","Oddly Smooth Stone","WingedGreaves","Boot","Mercury Hourglass","Ancient Tea Set","Meat on the Bone","Shovel","StoneMask","Dream Catcher","Strawberry","Frozen Egg 2","Incense Burner","Fusion Hammer","Smiling Mask","Juzu Bracelet","Nunchaku","Potion Belt","PreservedInsect"],"acts_visited":["Exordium","TheCity","TheBeyond"],"potions_floor_usage":[6,6,6,8,16,16,16,16,16,16,16,27,27,27,45,46,50,50,50,50,50,50],"damage_taken":[{"damage":0,"enemies":"Cultist","floor":1,"turns":1},{"damage":0,"enemies":"Small Slimes","floor":2,"turns":1},{"damage":0,"enemies":"Jaw Worm","floor":3,"turns":1},{"damage":11,"enemies":"Exordium Wildlife","floor":5,"turns":4},{"damage":9,"enemies":"Lagavulin","floor":6,"turns":6},{"damage":2,"enemies":"Gremlin Nob","floor":7,"turns":5},{"damage":13,"enemies":"3 Sentries","floor":8,"turns":6},{"damage":16,"enemies":"Gremlin Gang","floor":10,"turns":4},{"damage":0,"enemies":"Looter","floor":14,"turns":1},{"damage":36,"enemies":"The Guardian","floor":16,"turns":8},{"damage":9,"enemies":"3 Byrds","floor":18,"turns":3},{"damage":16,"enemies":"Spheric Guardian","floor":20,"turns":5},{"damage":17,"enemies":"Cultist and Chosen","floor":21,"turns":6},{"damage":11,"enemies":"Book of Stabbing","floor":27,"turns":9},{"damage":18,"enemies":"Gremlin Leader","floor":29,"turns":7},{"damage":7,"enemies":"Chosen and Byrds","floor":30,"turns":7},{"damage":13,"enemies":"Champ","floor":33,"turns":15},{"damage":4,"enemies":"Orb Walker","floor":35,"turns":3},{"damage":0,"enemies":"3 Shapes","floor":36,"turns":3},{"damage":10,"enemies":"Jaw Worm Horde","floor":37,"turns":4},{"damage":35,"enemies":"4 Shapes","floor":39,"turns":3},{"damage":26,"enemies":"Giant Head","floor":41,"turns":12},{"damage":0,"enemies":"Transient","floor":44,"turns":5},{"damage":19,"enemies":"Jaw Worm Horde","floor":45,"turns":6},{"damage":7,"enemies":"Nemesis","floor":46,"turns":8},{"damage":29,"enemies":"Time Eater","floor":50,"turns":13}],"seed_played":"-7202415608670858984","potions_obtained":[{"floor":3,"key":"Swift Potion"},{"floor":5,"key":"EntropicBrew"},{"floor":8,"key":"SpeedPotion"},{"floor":10,"key":"EntropicBrew"},{"floor":14,"key":"champ:CounterPotion"},{"floor":18,"key":"EssenceOfSteel"},{"floor":20,"key":"Weak Potion"},{"floor":21,"key":"EssenceOfSteel"},{"floor":39,"key":"GamblersBrew"},{"floor":41,"key":"champ:CounterPotion"},{"floor":44,"key":"Ancient Potion"},{"floor":46,"key":"EntropicBrew"}],"is_trial":false,"path_per_floor":["M","M","M","?","M","E","E","E","T","M","$","R","T","M","R","B",null,"M","$","M","M","$","R","$","?","T","E","R","E","M","$","R","B",null,"M","M","M","?","M","R","E","R","T","M","M","E","?","?","R","B",null],"character_chosen":"THE_SERVANT","items_purchased":["Meat on the Bone","Spin","Bandage Up","GearUp","Flash of Steel"],"campfire_rested":5,"item_purchase_floors":[11,19,24,31,31],"current_hp_per_floor":[65,65,65,65,54,45,43,30,30,14,14,33,33,33,52,28,65,65,65,52,41,41,62,62,62,62,65,65,54,57,57,81,75,83,82,87,90,90,71,71,52,52,52,59,53,53,53,53,81,59],"gold":248,"neow_bonus":"THREE_ENEMY_KILL","is_daily":false,"chose_seed":false,"campfire_upgraded":0,"win_rate":0.0,"timestamp":1612654102,"path_taken":["M","M","?","?","M","E","E","E","T","?","$","R","?","M","R","BOSS","M","$","M","M","?","R","$","?","T","E","R","E","M","?","R","BOSS","M","M","M","?","M","R","E","R","T","M","M","E","?","?","R","BOSS"],"items_purchased_type":["Relic","Card","Card","Card","Card"],"build_version":"2020-12-22","purchased_purges":0,"victory":true,"max_hp_per_floor":[65,65,65,65,65,65,65,65,65,65,65,65,65,65,65,65,65,68,68,69,71,71,71,71,71,71,79,79,80,82,82,82,83,83,84,87,90,90,94,94,95,95,95,96,99,100,95,95,95,96],"card_choices":[{"not_picked":["TimeWarp","ShatteredReality"],"picked":"Ricochet","floor":1},{"not_picked":["Rearm","TimeWarp"],"picked":"GearUp","floor":2},{"not_picked":["ShatteredReality","Gouge"],"picked":"SurpressingFire","floor":3},{"not_picked":["InstantArmor","DoubleEdge"],"picked":"Moonlight","floor":5},{"not_picked":["Revamp","Alleviate"],"picked":"Moonlight","floor":6},{"not_picked":["Replace","Hightail"],"picked":"Potential","floor":7},{"not_picked":["Read","Replace"],"picked":"FanOfKnives","floor":8},{"not_picked":["Revamp","Contraction"],"picked":"Desolation","floor":10},{"not_picked":["Rewind","Defy"],"picked":"Sunlight","floor":14},{"not_picked":["Deny","TheWorld"],"picked":"FlawlessForm","floor":16},{"not_picked":["Unruled","Advance+1"],"picked":"Starlight","floor":18},{"not_picked":["Read","TimeWarp"],"picked":"Rewind","floor":20},{"not_picked":["Defy","DoubleEdge"],"picked":"SurpressingFire","floor":21},{"not_picked":["Advance","Unruled"],"picked":"Luminosity","floor":27},{"not_picked":["FloweringNight+1","FanOfKnives+1"],"picked":"SurpressingFire+1","floor":29},{"not_picked":["Unruled","Revamp"],"picked":"Moondial+1","floor":30},{"not_picked":["Replace","Rewind"],"picked":"FanOfKnives","floor":32},{"not_picked":["Deny","TheWorld"],"picked":"SoulSculpture","floor":33},{"not_picked":["Alleviate+1","Potential"],"picked":"GearUp+1","floor":35},{"not_picked":["Foresight+1","Spin+1"],"picked":"InstantArmor","floor":36},{"not_picked":["SpecialFormula","InstantArmor+1"],"picked":"GearUp","floor":37},{"not_picked":["Replace","Desolation"],"picked":"ShatteredReality+1","floor":39},{"not_picked":["Rewind","Sunlight"],"picked":"Defy+1","floor":41},{"not_picked":["InstantArmor+1","TimeWarp+1"],"picked":"MoonPhase+1","floor":44},{"not_picked":["Alleviate","Replace+1"],"picked":"TimeWarp+1","floor":45},{"not_picked":["Rewind+1","Starlight+1"],"picked":"Unruled","floor":46},{"not_picked":["DoubleEdge+1","Starlight+1"],"picked":"SoulSculpture","floor":49}],"player_experience":78158,"relics_obtained":[{"floor":6,"key":"WingedGreaves"},{"floor":7,"key":"Boot"},{"floor":8,"key":"Mercury Hourglass"},{"floor":9,"key":"Ancient Tea Set"},{"floor":13,"key":"Shovel"},{"floor":26,"key":"Dream Catcher"},{"floor":27,"key":"Strawberry"},{"floor":28,"key":"Frozen Egg 2"},{"floor":29,"key":"Incense Burner"},{"floor":40,"key":"Smiling Mask"},{"floor":41,"key":"Juzu Bracelet"},{"floor":42,"key":"Nunchaku"},{"floor":43,"key":"Potion Belt"},{"floor":46,"key":"PreservedInsect"}],"event_choices":[{"damage_healed":0,"gold_gain":0,"player_choice":"Gave Potion","damage_taken":0,"relics_obtained":["Oddly Smooth Stone"],"max_hp_gain":0,"max_hp_loss":0,"event_name":"WeMeetAgain","floor":4,"gold_loss":0},{"damage_healed":0,"gold_gain":0,"player_choice":"Ignored","damage_taken":0,"max_hp_gain":0,"max_hp_loss":0,"event_name":"Cursed Tome","floor":25,"gold_loss":0},{"damage_healed":0,"gold_gain":0,"player_choice":"Full Heal","damage_taken":0,"max_hp_gain":0,"max_hp_loss":0,"event_name":"Wheel of Change","floor":38,"gold_loss":0},{"damage_healed":0,"gold_gain":0,"player_choice":"Max HP","damage_taken":0,"max_hp_gain":0,"max_hp_loss":5,"event_name":"Winding Halls","floor":47,"gold_loss":0},{"damage_healed":0,"gold_gain":0,"player_choice":"Upgrade","damage_taken":0,"max_hp_gain":0,"max_hp_loss":0,"event_name":"Designer","floor":48,"gold_loss":40,"cards_upgraded":["GearUp"]}],"is_beta":false,"boss_relics":[{"not_picked":["bronze:MakeshiftBattery","Runic Dome"],"picked":"StoneMask"},{"not_picked":["Coffee Dripper","Cursed Key"],"picked":"Fusion Hammer"}],"items_purged_floors":[],"is_endless":false,"potions_floor_spawned":[3,5,8,10,14,18,20,21,39,41,44,46],"ascension_level":0}}