{"host":"yajbwjoofeeg2olc","time":1612637228,"event":{"mods":["AchievementEnabler","Arknights","Aspiration","Bard","BaseMod","Beaked The Cultist","Better Altar","Better Match","Better Note","Better Sensory Stone","Better Skull","Better Third Choice","BetterRewards","CCEM2","Clockwork Mod","Colored Map","Colored Powertips","Conspire","GifTheSpireLib","Gremlin Mod","Halation","Hermit","Highlight Path","Hubris","Hunter ??","Jedi Mod","Jorbs\u0027s Wanderer Trilogy","Mad Scientist","Marisa????????","Mimic Mod","Minty Spire (QoL Compilation)","Permanent Neow","Replay The Spire","Robot Space Explorer","Shade Mod","Shop Mod","Spicy Shops","StSLib","Stuff the Spire","The Administrix","The Animator","The Blackbeard","The Bug Knight","The Construct","The Cursed","The Death Knight","The Disciple","The Exalted","The Forsaken","The Marked","The Mystic","The Necromancer","The Problem Sleuth","The Runesmith","The Servant 0.9.4","The Spell Scribe","The Witch","TheHero"],"gold_per_floor":[214,11,11,11,39,83,83,34,34,34,34,65,65,92,92,212,212,246,171,171,171,204,204,204],"floor_reached":23,"language":"ENG","playtime":2094,"items_purged":[],"score":212,"play_id":"eb684315-57ef-4ffd-a1dd-aa664d3f3262","local_time":"20210206184708","is_ascension_mode":false,"campfire_choices":[{"floor":7,"key":"REST"},{"data":"conspire:Banana","floor":10,"key":"SMITH"},{"data":"ats:Apocalypse","floor":13,"key":"SMITH"},{"data":"ats:Armor Crushing Shot","floor":15,"key":"SMITH"}],"circlet_count":0,"master_deck":["ats:Strike S","ats:Strike V","ats:Armor Crushing Shot+1","ats:Defend","ats:Defend","ats:Defend","ats:Defend","ats:Emotion Absorption","ats:Guard Mode","ats:Defend Order","ats:Powerful Strike","conspire:Banana+1","ats:Closed Bolt Burst Fire","ats:Cat Scratch","ats:Apocalypse+1","ats:Charging Defense","ats:Shell Defense+1","ats:Ignite+1","ats:Very Hot Blade+1","ats:Literary Storm","ats:Thorns"],"relics":["ats:Sanity","ats:Gyao","ats:Originium","conspire:TopHat","CCEMRelics:DefectiveTurbocharger"],"acts_visited":["Exordium","TheCity"],"potions_floor_usage":[6,6,6,6,6,6,6,16,16,19,19],"damage_taken":[{"damage":14,"enemies":"Jaw Worm","floor":1,"turns":7},{"damage":4,"enemies":"Small Slimes","floor":5,"turns":3},{"damage":41,"enemies":"3 Sentries","floor":6,"turns":13},{"damage":0,"enemies":"2 Louse","floor":12,"turns":8},{"damage":10,"enemies":"Exordium Thugs","floor":14,"turns":6},{"damage":47,"enemies":"Hexaghost","floor":16,"turns":13},{"damage":26,"enemies":"Chosen","floor":18,"turns":8},{"damage":24,"enemies":"2 Thieves","floor":19,"turns":5},{"damage":27,"enemies":"Centurion and Healer","floor":22,"turns":17},{"damage":107,"enemies":"Slavers","floor":23,"turns":6}],"seed_played":"1619332080082706367","potions_obtained":[{"floor":4,"key":"EssenceOfSteel"},{"floor":4,"key":"ColorlessPotion"},{"floor":12,"key":"Venom Potion"},{"floor":16,"key":"SkillPotion"},{"floor":18,"key":"Explosive Potion"},{"floor":22,"key":"LiquidBronze"}],"is_trial":false,"path_per_floor":["M","$","?","?","M","E","R","$","T","R","?","M","R","M","R","B",null,"M","M","?","?","M","E"],"character_chosen":"DOCTOR_CLASS","items_purchased":["ats:Gyao","ats:Defend Order","ats:Powerful Strike","ats:Apocalypse"],"campfire_rested":1,"item_purchase_floors":[2,2,2,8],"current_hp_per_floor":[58,58,58,58,55,15,37,37,37,37,30,40,40,44,44,22,80,62,55,55,55,85,0,0],"gold":204,"neow_bonus":"HUNDRED_GOLD","is_daily":false,"chose_seed":false,"campfire_upgraded":3,"win_rate":0.0,"timestamp":1612637228,"path_taken":["M","$","?","?","?","E","R","$","T","R","?","M","R","M","R","BOSS","M","M","?","?","M","E"],"items_purchased_type":["Relic","Card","Card","Card"],"build_version":"2020-12-22","purchased_purges":0,"victory":false,"max_hp_per_floor":[72,72,72,72,73,74,74,74,74,74,74,76,76,78,78,80,80,82,84,84,84,86,88,88],"card_choices":[{"not_picked":["ats:Shadow Raid","ats:Cat Scratch"],"picked":"ats:Guard Mode","floor":1},{"not_picked":["Discovery","Mayhem"],"picked":"conspire:Banana","floor":3},{"not_picked":["ats:Leaping Hammer","ats:Mental Burst"],"picked":"ats:Closed Bolt Burst Fire","floor":5},{"not_picked":["ats:Hammer On","ats:Counter Healing Mode"],"picked":"ats:Cat Scratch","floor":6},{"not_picked":["ats:Closed Bolt Burst Fire","ats:Absolute Focus"],"picked":"ats:Charging Defense","floor":12},{"not_picked":["ats:Sunburst","ats:Automatic Cover"],"picked":"ats:Shell Defense","floor":14},{"not_picked":["ats:Hammer On","ats:Guardian Obelisk"],"picked":"ats:Ignite+1","floor":18},{"not_picked":["ats:Ignite+1","ats:Cat Scratch"],"picked":"ats:Very Hot Blade+1","floor":19},{"not_picked":["ats:Absolute Focus","ats:Very Hot Blade+1"],"picked":"ats:Thorns","floor":22}],"player_experience":278075,"relics_obtained":[{"floor":6,"key":"ats:Originium"},{"floor":6,"key":"conspire:TopHat"}],"event_choices":[{"damage_healed":0,"gold_gain":1,"player_choice":"1","damage_taken":0,"max_hp_gain":0,"max_hp_loss":0,"event_name":"betterStone:BetterStone","floor":3,"gold_loss":0},{"damage_healed":0,"gold_gain":0,"player_choice":"Got Potions","damage_taken":0,"max_hp_gain":0,"max_hp_loss":0,"event_name":"Lab","floor":4,"gold_loss":0},{"cards_removed":["ats:Strike C"],"damage_healed":0,"gold_gain":0,"player_choice":"Card Removal","damage_taken":7,"max_hp_gain":0,"max_hp_loss":0,"event_name":"Golden Wing","floor":11,"gold_loss":0},{"damage_healed":0,"gold_gain":0,"cards_transformed":["ats:Strike G"],"player_choice":"Transformed","damage_taken":0,"max_hp_gain":0,"max_hp_loss":0,"event_name":"Transmorgrifier","floor":20,"gold_loss":0,"cards_obtained":["ats:Literary Storm"]},{"damage_healed":0,"gold_gain":0,"player_choice":"Upgraded","damage_taken":0,"max_hp_gain":0,"max_hp_loss":0,"event_name":"Upgrade Shrine","floor":21,"gold_loss":0,"cards_upgraded":["ats:Shell Defense"]}],"is_beta":false,"boss_relics":[{"not_picked":["hubris:BlackHole","StuffTheSpire:ModemDavis"],"picked":"CCEMRelics:DefectiveTurbocharger"}],"items_purged_floors":[],"is_endless":false,"potions_floor_spawned":[5,12,16,18,22],"killed_by":"Slavers","ascension_level":0}}