{"host":"5h6e4l6hpn0p5lap","time":1612655694,"event":{"mods":["AchievementEnabler","BaseMod","Better Altar","Better Match","Better Sensory Stone","Better Skull","Better Third Choice","Colored Map","Filter the Spire","Minty Spire (QoL Compilation)","StSLib"],"gold_per_floor":[112,112,129,143,73,73,108,119,119,119,148,162,19,31,31,127,127,138,138,155,155,174,174,188,188,188,220,220,220],"floor_reached":28,"language":"ENG","playtime":1334,"items_purged":[],"score":289,"play_id":"15fc48f4-35a4-4e50-8a97-51d82ef7377e","local_time":"20210206185454","is_ascension_mode":true,"campfire_choices":[{"data":"Eruption","floor":6.0,"key":"SMITH"},{"data":"Tantrum","floor":10.0,"key":"SMITH"},{"data":"Fasting2","floor":15.0,"key":"SMITH"},{"floor":23,"key":"REST"},{"data":"ThirdEye","floor":25,"key":"SMITH"}],"circlet_count":0,"master_deck":["Strike_P","Strike_P","Defend_P","Defend_P","Defend_P","Defend_P","Eruption+1","Vigilance","EmptyMind","Indignation","BowlingBash","Tantrum+1","FlurryOfBlows","Fasting2+1","Consecrate","EmptyFist","ThirdEye+1","SpiritShield","Prostrate+1","Prostrate+1","ThirdEye+1","Wireheading"],"relics":["PureWater","Art of War","Ornamental Fan","Question Card","Meat on the Bone","Omamori","Empty Cage","Boot","Orichalcum"],"acts_visited":["Exordium","TheCity"],"potions_floor_usage":[24],"damage_taken":[{"damage":0.0,"enemies":"2 Louse","floor":1.0,"turns":3.0},{"damage":2.0,"enemies":"Cultist","floor":3.0,"turns":3.0},{"damage":5.0,"enemies":"Jaw Worm","floor":4.0,"turns":4.0},{"damage":0.0,"enemies":"Lagavulin","floor":7.0,"turns":3.0},{"damage":0.0,"enemies":"Exordium Wildlife","floor":8.0,"turns":2.0},{"damage":4.0,"enemies":"3 Sentries","floor":11.0,"turns":4.0},{"damage":0.0,"enemies":"3 Louse","floor":12.0,"turns":1.0},{"damage":2.0,"enemies":"Looter","floor":14.0,"turns":2.0},{"damage":44.0,"enemies":"The Guardian","floor":16.0,"turns":6.0},{"damage":0.0,"enemies":"Spheric Guardian","floor":18.0,"turns":3.0},{"damage":31,"enemies":"3 Byrds","floor":20,"turns":6},{"damage":19,"enemies":"Snecko","floor":22,"turns":7},{"damage":1,"enemies":"Snake Plant","floor":24,"turns":3},{"damage":61,"enemies":"Slavers","floor":27,"turns":7},{"damage":0,"enemies":"3 Cultists","floor":28,"turns":1}],"seed_played":"-5492671843365254454","potions_obtained":[{"floor":1.0,"key":"BottledMiracle"},{"floor":2.0,"key":"FearPotion"},{"floor":2.0,"key":"DuplicationPotion"},{"floor":8.0,"key":"Dexterity Potion"},{"floor":20,"key":"LiquidMemories"},{"floor":22,"key":"FairyPotion"}],"is_trial":false,"path_per_floor":["M","?","M","M","$","R","E","M","T","R","E","M","$","M","R","B",null,"M","?","M","?","M","R","M","R","T","E","M"],"character_chosen":"WATCHER","items_purchased":["Tantrum","Omamori"],"campfire_rested":1,"item_purchase_floors":[5,13],"current_hp_per_floor":[72,72,70,65,65,65,65,65,65,65,61,61,61,59,59,27,72,72,72,41,45,38,59,58,58,58,33,33,33],"gold":220,"neow_bonus":"RANDOM_COMMON_RELIC","is_daily":false,"chose_seed":false,"campfire_upgraded":4,"win_rate":0.0,"timestamp":1612655694,"path_taken":["M","?","M","M","?","R","E","M","T","R","E","M","$","M","R","BOSS","M","?","M","?","M","R","M","R","T","E","M"],"items_purchased_type":["Card","Relic"],"build_version":"2020-12-22","purchased_purges":0,"victory":false,"max_hp_per_floor":[72,72,72,72,72,72,72,72,72,72,72,72,72,72,72,72,72,72,72,72,72,72,72,72,72,72,72,72,72],"card_choices":[{"not_picked":["EmptyBody","Crescendo"],"picked":"EmptyMind","floor":1.0},{"not_picked":["SandsOfTime","Evaluate"],"picked":"Indignation","floor":3.0},{"not_picked":["Collect","Worship"],"picked":"BowlingBash","floor":4.0},{"not_picked":["Crescendo","ReachHeaven"],"picked":"FlurryOfBlows","floor":7.0},{"not_picked":["CutThroughFate","ClearTheMind"],"picked":"Fasting2","floor":8.0},{"not_picked":["CrushJoints","Omniscience","DeceiveReality"],"picked":"Consecrate","floor":11.0},{"not_picked":["MentalFortress","CutThroughFate","Sanctity"],"picked":"EmptyFist","floor":12.0},{"not_picked":["FlurryOfBlows","Consecrate","InnerPeace"],"picked":"ThirdEye","floor":14.0},{"not_picked":["Establishment","Brilliance","DeusExMachina"],"picked":"SpiritShield","floor":16.0},{"not_picked":["Swivel","PathToVictory+1","Consecrate+1"],"picked":"Prostrate+1","floor":18.0},{"not_picked":["FollowUp","Blasphemy","Protect"],"picked":"Prostrate+1","floor":20},{"not_picked":["Consecrate","Crescendo","EmptyBody","PathToVictory"],"picked":"SKIP","floor":22},{"not_picked":["EmptyFist+1","SashWhip","Protect"],"picked":"ThirdEye+1","floor":24},{"not_picked":["DevaForm","Meditate","SignatureMove+1"],"picked":"Wireheading","floor":27}],"player_experience":1068354,"relics_obtained":[{"floor":7.0,"key":"Ornamental Fan"},{"floor":9.0,"key":"Question Card"},{"floor":11.0,"key":"Meat on the Bone"},{"floor":27,"key":"Orichalcum"}],"event_choices":[{"damage_healed":0.0,"max_hp_gain":0.0,"max_hp_loss":0.0,"gold_gain":0.0,"event_name":"Lab","player_choice":"Got Potions","floor":2.0,"gold_loss":0.0,"damage_taken":0.0},{"damage_healed":0,"gold_gain":0,"player_choice":"Stole Relic","damage_taken":0,"relics_obtained":["Boot"],"max_hp_gain":0,"max_hp_loss":0,"event_name":"Addict","floor":19,"gold_loss":0,"cards_obtained":["Shame"]},{"damage_healed":4,"gold_gain":0,"player_choice":"LEAVE ","damage_taken":0,"relics_obtained":[],"max_hp_gain":0,"max_hp_loss":0,"event_name":"betterSkull:BetterSkull","floor":21,"gold_loss":0,"cards_upgraded":[]}],"is_beta":false,"boss_relics":[{"not_picked":["Runic Dome","Philosopher\u0027s Stone"],"picked":"Empty Cage"}],"items_purged_floors":[],"is_endless":false,"potions_floor_spawned":[1,4,8,20,22],"killed_by":"3 Cultists","ascension_level":1}}