{"host":"q5twaoo3ngmfp14g","time":1612575907,"event":{"mods":["AchievementEnabler","BaseMod","Minty Spire (QoL Compilation)","Relic Stats","StSLib"],"gold_per_floor":[211,486,505,520,43,43,59,136,136,146,146,166,194,211,211,290,290,305,305,305,321,321,321,338,338,364,364,364],"floor_reached":27,"language":"ENG","playtime":888,"items_purged":["Regret"],"score":419,"play_id":"3e32a4a1-00de-4115-8cc3-2a6660c4cbc3","local_time":"20210206024507","is_ascension_mode":true,"campfire_choices":[{"data":"Reprogram","floor":6.0,"key":"SMITH"},{"floor":15.0,"key":"REST"},{"data":"Hologram","floor":23.0,"key":"SMITH"},{"data":"Gash","floor":25.0,"key":"SMITH"}],"circlet_count":0,"master_deck":["AscendersBane","Strike_B+1","Strike_B+1","Strike_B+1","Strike_B+1","Defend_B+1","Defend_B+1","Defend_B+1","Zap","FTL","Reprogram+1","Barrage+1","Compile Driver","Gash+1","Reinforced Body","Scrape","Go for the Eyes","Reinforced Body","Core Surge","Necronomicurse","Hologram+1","Gash+1"],"relics":["Cracked Core","Ginger","Gremlin Horn","FossilizedHelix","Whetstone","Empty Cage","Necronomicon","Bag of Preparation"],"acts_visited":["Exordium","TheCity"],"potions_floor_usage":[27,27],"damage_taken":[{"damage":9.0,"enemies":"2 Louse","floor":1.0,"turns":3.0},{"damage":3.0,"enemies":"Cultist","floor":3.0,"turns":3.0},{"damage":10.0,"enemies":"Small Slimes","floor":4.0,"turns":3.0},{"damage":11.0,"enemies":"Exordium Thugs","floor":7.0,"turns":3.0},{"damage":0.0,"enemies":"Looter","floor":10.0,"turns":3.0},{"damage":8.0,"enemies":"Large Slime","floor":12.0,"turns":4.0},{"damage":11.0,"enemies":"Lagavulin","floor":13.0,"turns":8.0},{"damage":3.0,"enemies":"Exordium Wildlife","floor":14.0,"turns":4.0},{"damage":8.0,"enemies":"The Guardian","floor":16.0,"turns":11.0},{"damage":1.0,"enemies":"Spheric Guardian","floor":18.0,"turns":4.0},{"damage":4.0,"enemies":"Shell Parasite","floor":21.0,"turns":9.0},{"damage":14.0,"enemies":"Cultist and Chosen","floor":24.0,"turns":6.0},{"damage":22,"enemies":"Book of Stabbing","floor":27,"turns":5}],"seed_played":"-129186715604562636","potions_obtained":[{"floor":4.0,"key":"EssenceOfSteel"},{"floor":10.0,"key":"PowerPotion"},{"floor":14.0,"key":"PowerPotion"},{"floor":21.0,"key":"FocusPotion"},{"floor":24.0,"key":"ColorlessPotion"}],"is_trial":false,"path_per_floor":["M","?","M","M","$","R","M","T","T","M","?","M","E","M","R","B",null,"M","?","?","M","?","R","M","R","T","E"],"character_chosen":"DEFECT","items_purchased":["Ginger","Explosive Potion","Compile Driver"],"campfire_rested":1,"item_purchase_floors":[5,5,5],"current_hp_per_floor":[55,55,52,42,42,42,31,31,31,31,31,23,12,9,30,22,59,58,37,37,33,33,33,19,19,19,0,0],"gold":364,"neow_bonus":"HUNDRED_GOLD","is_daily":false,"chose_seed":false,"campfire_upgraded":3,"win_rate":0.0,"timestamp":1612575907,"path_taken":["M","?","M","M","$","R","?","?","T","M","?","M","E","M","R","BOSS","M","?","?","M","?","R","?","R","T","E"],"items_purchased_type":["Relic","Potion","Card"],"build_version":"2020-12-22","purchased_purges":1,"victory":false,"max_hp_per_floor":[71,71,71,71,71,71,71,71,71,71,71,71,71,71,71,71,71,71,71,71,71,71,71,71,71,71,71,71],"relic_stats":{"Gremlin Horn":[3,3],"counters":[13,66],"Necronomicon":[0],"Bag of Preparation":[2],"Ginger":[5],"Whetstone":["Gash","Barrage"],"obtain_stats":[{"Gremlin Horn":8,"Necronomicon":19,"Bag of Preparation":26,"Ginger":5,"Whetstone":13,"Cracked Core":0,"Empty Cage":17,"FossilizedHelix":9},{"Gremlin Horn":4,"Necronomicon":10,"Bag of Preparation":12,"Ginger":3,"Whetstone":7,"Cracked Core":0,"Empty Cage":9,"FossilizedHelix":4},{"Gremlin Horn":12,"Necronomicon":46,"Bag of Preparation":61,"Ginger":9,"Whetstone":27,"Cracked Core":0,"Empty Cage":42,"FossilizedHelix":12}]},"card_choices":[{"not_picked":["Gash","Beam Cell"],"picked":"FTL","floor":1.0},{"not_picked":["Conserve Battery","Coolheaded"],"picked":"Reprogram","floor":3.0},{"not_picked":["FTL","Redo"],"picked":"Barrage","floor":4.0},{"not_picked":["Go for the Eyes","Defragment"],"picked":"Gash","floor":7.0},{"not_picked":["Defragment","Stack"],"picked":"Reinforced Body","floor":10.0},{"not_picked":["Turbo","Biased Cognition"],"picked":"Scrape","floor":12.0},{"not_picked":["Stack","Lockon"],"picked":"Go for the Eyes","floor":13.0},{"not_picked":["Streamline","Auto Shields"],"picked":"Reinforced Body","floor":14.0},{"not_picked":["Rainbow","Creative AI"],"picked":"Core Surge","floor":16.0},{"not_picked":["Double Energy","Barrage","Streamline"],"picked":"SKIP","floor":18.0},{"not_picked":["Steam","Fusion+1"],"picked":"Hologram","floor":21.0},{"not_picked":["Genetic Algorithm","Hello World"],"picked":"Gash","floor":24.0}],"player_experience":815076,"relics_obtained":[{"floor":8.0,"key":"Gremlin Horn"},{"floor":9.0,"key":"FossilizedHelix"},{"floor":13.0,"key":"Whetstone"},{"floor":19.0,"key":"Necronomicon"},{"floor":26.0,"key":"Bag of Preparation"}],"event_choices":[{"damage_healed":0.0,"max_hp_gain":0.0,"max_hp_loss":0.0,"gold_gain":275.0,"event_name":"Golden Shrine","player_choice":"Desecrate","floor":2.0,"gold_loss":0.0,"damage_taken":0.0,"cards_obtained":["Regret"]},{"damage_healed":0.0,"max_hp_gain":0.0,"max_hp_loss":0.0,"gold_gain":0.0,"cards_transformed":["Dualcast"],"event_name":"Transmorgrifier","player_choice":"Transformed","floor":11.0,"gold_loss":0.0,"damage_taken":0.0,"cards_obtained":["Tempest"]},{"damage_healed":0.0,"max_hp_gain":0.0,"max_hp_loss":0.0,"gold_gain":0.0,"event_name":"Cursed Tome","player_choice":"Obtained Book","floor":19.0,"gold_loss":0.0,"damage_taken":21.0},{"damage_healed":0.0,"max_hp_gain":0.0,"max_hp_loss":0.0,"gold_gain":0.0,"event_name":"Back to Basics","player_choice":"Simplicity","floor":20.0,"gold_loss":0.0,"damage_taken":0.0,"cards_upgraded":["Strike_B","Strike_B","Strike_B","Strike_B","Defend_B","Defend_B","Defend_B"]},{"damage_healed":0.0,"max_hp_gain":0.0,"max_hp_loss":0.0,"gold_gain":0.0,"event_name":"Vampires","player_choice":"Ignored","floor":22.0,"gold_loss":0.0,"damage_taken":0.0}],"is_beta":false,"boss_relics":[{"not_picked":["Astrolabe","Runic Pyramid"],"picked":"Empty Cage"}],"items_purged_floors":[5],"is_endless":false,"potions_floor_spawned":[4,10,14,21,24],"killed_by":"Book of Stabbing","ascension_level":19}}