{"host":"ja297la2wpvv1dvv","time":1612655241,"event":{"mods":["AchievementEnabler","BaseMod","Bestiary","Colored Map","Colored Powertips","Curses Come First","Minty Spire (QoL Compilation)","StSLib"],"gold_per_floor":[119,42,92,103,103,103,119,144,192,225,244,244,47,47,47,168,168,193,193,193,4,4,4,34,54,78,78,4,4,14,26,26,122,122,135,135,161,175,187,187,187,14,59,78,90,103,138,12,12,12,12],"floor_reached":50,"language":"ENG","playtime":4965,"items_purged":["Strike_B","Defend_B","Strike_B"],"score":564,"play_id":"c229f912-6ca8-4e17-963e-c34672d4583b","local_time":"20210206174721","is_ascension_mode":true,"campfire_choices":[{"floor":6,"key":"REST"},{"floor":12,"key":"REST"},{"floor":15,"key":"REST"},{"floor":23,"key":"REST"},{"floor":27,"key":"REST"},{"floor":29,"key":"REST"},{"data":"Defragment","floor":32,"key":"SMITH"},{"floor":40,"key":"REST"},{"floor":49,"key":"REST"}],"circlet_count":0,"master_deck":["Defend_B","Defend_B","Defend_B+1","Zap","Dualcast+1","Beam Cell","Static Discharge","Capacitor","Coolheaded","Defragment+1","Chaos","Force Field","Ball Lightning","Heatsinks","Thunder Strike","Doom and Gloom+1","Storm","Go for the Eyes","Stack","Streamline","Go for the Eyes","Stack+1","Redo","Storm","Multi-Cast","Melter","Blizzard","Hologram+1","Trip","Stack+1","Rebound","Aggregate+1","Stack"],"relics":["FrozenCore","War Paint","Bloody Idol","Blood Vial","Ancient Tea Set","Membership Card","Peace Pipe","Centennial Puzzle","TheAbacus","Philosopher\u0027s Stone","Smiling Mask","HornCleat","Happy Flower","White Beast Statue","ClockworkSouvenir"],"acts_visited":["Exordium","TheCity","TheBeyond"],"potions_floor_usage":[16,16,24,33,33,38,47,50],"damage_taken":[{"damage":1,"enemies":"Cultist","floor":1,"turns":4},{"damage":0,"enemies":"Small Slimes","floor":4,"turns":3},{"damage":2,"enemies":"Jaw Worm","floor":7,"turns":3},{"damage":26,"enemies":"Large Slime","floor":8,"turns":7},{"damage":17,"enemies":"Lagavulin","floor":10,"turns":6},{"damage":17,"enemies":"Looter","floor":11,"turns":4},{"damage":14,"enemies":"Hexaghost","floor":16,"turns":8},{"damage":38,"enemies":"2 Thieves","floor":18,"turns":4},{"damage":43,"enemies":"Slavers","floor":24,"turns":5},{"damage":19,"enemies":"Spheric Guardian","floor":25,"turns":4},{"damage":20,"enemies":"Snake Plant","floor":30,"turns":4},{"damage":8,"enemies":"Centurion and Healer","floor":31,"turns":7},{"damage":52,"enemies":"Collector","floor":33,"turns":8},{"damage":19,"enemies":"3 Shapes","floor":35,"turns":6},{"damage":27,"enemies":"3 Darklings","floor":38,"turns":5},{"damage":14,"enemies":"Spire Growth","floor":39,"turns":6},{"damage":19,"enemies":"Jaw Worm Horde","floor":44,"turns":5},{"damage":34,"enemies":"Sphere and 2 Shapes","floor":45,"turns":5},{"damage":25,"enemies":"Spire Growth","floor":46,"turns":6},{"damage":18,"enemies":"Nemesis","floor":47,"turns":5},{"damage":43,"enemies":"Time Eater","floor":50,"turns":3}],"seed_played":"-8845939431880066376","potions_obtained":[{"floor":7,"key":"Energy Potion"},{"floor":8,"key":"Dexterity Potion"},{"floor":11,"key":"Regen Potion"},{"floor":16,"key":"CultistPotion"},{"floor":31,"key":"LiquidMemories"},{"floor":35,"key":"Energy Potion"},{"floor":38,"key":"PowerPotion"},{"floor":45,"key":"Swift Potion"},{"floor":46,"key":"EssenceOfDarkness"}],"is_trial":false,"path_per_floor":["M","$","T","M","?","R","M","M","T","E","M","R","$","?","R","B",null,"M","?","?","$","?","R","E","M","T","R","$","R","M","M","R","B",null,"M","?","T","M","M","R","?","$","T","M","M","M","E","$","R","B"],"character_chosen":"DEFECT","items_purchased":["Static Discharge","Ball Lightning","Heatsinks","Membership Card","Stack","Streamline","TheAbacus","HornCleat","ClockworkSouvenir"],"campfire_rested":8,"item_purchase_floors":[2,13,13,21,21,21,28,42,48],"current_hp_per_floor":[81,81,81,81,61,82,80,54,54,39,24,48,48,48,72,74,82,44,44,44,44,44,68,32,20,25,49,49,73,60,59,59,14,82,68,68,73,53,46,69,69,69,74,62,35,17,6,6,29,0,0],"gold":12,"neow_bonus":"TEN_PERCENT_HP_BONUS","is_daily":false,"chose_seed":false,"campfire_upgraded":1,"win_rate":0.0,"timestamp":1612655241,"path_taken":["M","?","?","M","?","R","M","M","T","E","M","R","$","?","R","BOSS","M","?","?","$","?","R","E","M","T","R","?","R","M","M","R","BOSS","M","?","?","?","M","R","?","?","T","M","M","M","E","$","R","BOSS"],"items_purchased_type":["Card","Card","Card","Relic","Card","Card","Relic","Relic","Relic"],"build_version":"2020-12-22","purchased_purges":3,"victory":false,"max_hp_per_floor":[82,82,82,82,82,82,82,82,82,82,82,82,82,82,82,82,82,82,82,82,82,82,82,82,82,82,82,82,82,82,82,82,82,82,82,78,78,78,78,78,78,78,78,78,78,78,78,78,78,78,78],"card_choices":[{"not_picked":["Consume","Reinforced Body"],"picked":"Beam Cell","floor":1},{"not_picked":["Gash","Double Energy"],"picked":"Capacitor","floor":4},{"not_picked":["Stack","Steam"],"picked":"Coolheaded","floor":7},{"not_picked":["Stack","Redo"],"picked":"Defragment","floor":8},{"not_picked":["Meteor Strike","Conserve Battery"],"picked":"Chaos","floor":10},{"not_picked":["Rebound","Compile Driver"],"picked":"Force Field","floor":11},{"not_picked":["Core Surge","Meteor Strike"],"picked":"Thunder Strike","floor":16},{"not_picked":["Conserve Battery","Cold Snap"],"picked":"Doom and Gloom+1","floor":18},{"not_picked":["Reprogram","Beam Cell"],"picked":"Go for the Eyes","floor":24},{"not_picked":["Streamline+1","Buffer"],"picked":"Stack+1","floor":25},{"not_picked":["Turbo+1","Go for the Eyes"],"picked":"Redo","floor":30},{"not_picked":["Cold Snap","Coolheaded+1"],"picked":"Storm","floor":31},{"not_picked":["Echo Form","Seek"],"picked":"Multi-Cast","floor":33},{"not_picked":["Reprogram","Rip and Tear"],"picked":"Melter","floor":35},{"not_picked":["Doom and Gloom","Gash"],"picked":"Blizzard","floor":38},{"not_picked":["Ball Lightning","Beam Cell+1"],"picked":"Hologram+1","floor":39},{"not_picked":["Madness","Finesse"],"picked":"Trip","floor":41},{"not_picked":["Doom and Gloom+1","Sweeping Beam+1"],"picked":"Stack+1","floor":44},{"not_picked":["BootSequence+1","Steam+1"],"picked":"Rebound","floor":45},{"not_picked":["Doom and Gloom+1","Steam Power+1"],"picked":"Aggregate+1","floor":46},{"not_picked":["Aggregate","Compile Driver+1"],"picked":"Stack","floor":47}],"player_experience":219488,"relics_obtained":[{"floor":3,"key":"War Paint"},{"floor":9,"key":"Blood Vial"},{"floor":10,"key":"Ancient Tea Set"},{"floor":24,"key":"Peace Pipe"},{"floor":26,"key":"Centennial Puzzle"},{"floor":37,"key":"Smiling Mask"},{"floor":43,"key":"Happy Flower"},{"floor":47,"key":"White Beast Statue"}],"event_choices":[{"damage_healed":0,"gold_gain":0,"player_choice":"Take Damage","damage_taken":20,"relics_obtained":["Golden Idol"],"max_hp_gain":0,"max_hp_loss":0,"event_name":"Golden Idol","floor":5,"gold_loss":0},{"damage_healed":0,"gold_gain":0,"player_choice":"Ignored","damage_taken":0,"max_hp_gain":0,"max_hp_loss":0,"event_name":"Liars Game","floor":14,"gold_loss":0},{"damage_healed":0,"gold_gain":0,"player_choice":"Gave Idol","damage_taken":0,"relics_obtained":["Bloody Idol"],"max_hp_gain":0,"max_hp_loss":0,"event_name":"Forgotten Altar","floor":19,"relics_lost":["Golden Idol"],"gold_loss":0},{"damage_healed":0,"gold_gain":0,"cards_transformed":["Strike_B","Strike_B"],"player_choice":"Became Test Subject","damage_taken":0,"max_hp_gain":0,"max_hp_loss":0,"event_name":"Drug Dealer","floor":20,"gold_loss":0,"cards_obtained":["Storm","Go for the Eyes"]},{"damage_healed":0,"gold_gain":0,"player_choice":"Ignored","damage_taken":0,"max_hp_gain":0,"max_hp_loss":0,"event_name":"Vampires","floor":22,"gold_loss":0},{"damage_healed":0,"gold_gain":0,"player_choice":"Max HP","damage_taken":0,"max_hp_gain":0,"max_hp_loss":4,"event_name":"Winding Halls","floor":36,"gold_loss":0},{"damage_healed":0,"gold_gain":0,"player_choice":"Memory 1","damage_taken":0,"max_hp_gain":0,"max_hp_loss":0,"event_name":"SensoryStone","floor":41,"gold_loss":0}],"is_beta":false,"boss_relics":[{"not_picked":["Fusion Hammer","Coffee Dripper"],"picked":"FrozenCore"},{"not_picked":["Cursed Key","SlaversCollar"],"picked":"Philosopher\u0027s Stone"}],"items_purged_floors":[13,42,48],"is_endless":false,"potions_floor_spawned":[7,8,11,16,31,35,38,45,46],"killed_by":"Time Eater","ascension_level":2}}