{"host":"rq7gz685gkaokql0","time":1612606678,"event":{"mods":["BaseMod","Hubris","Infinite Spire","Minty Spire (QoL Compilation)","Replay The Spire","StSLib"],"gold_per_floor":[117,117,135,150,69,104,104,104,104,131,145,174,174,191,191,263,263,281,305,334,373,373,373,373,373],"floor_reached":24,"language":"ENG","playtime":1351,"items_purged":[],"score":686,"play_id":"34dca3d9-ee72-4e8f-9328-249b9abd8939","local_time":"20210206001758","is_ascension_mode":true,"campfire_choices":[{"data":"Noxious Fumes","floor":7.0,"key":"SMITH"},{"floor":15.0,"key":"REST"},{"floor":23.0,"key":"REST"}],"circlet_count":0,"master_deck":["AscendersBane","Strike_G","Strike_G","Strike_G","Strike_G","Defend_G","Defend_G","Defend_G","Defend_G","Defend_G","Survivor","Neutralize","Noxious Fumes+1","Dodge and Roll","Skewer","Footwork","Noxious Fumes","Venomology","Backflip","Bane+1","Bullet Time+1","Replay:Poison Smokescreen+1","ReplayTheSpireMod:From All Sides+1","hubris:Greed","Delirium","CurseOfTheBell","Draining Mist+1","hubris:Greed","Footwork","hubris:Greed","Infinite Blades+1","hubris:Greed","hubris:Greed","Blade Dance+1","infinitespire:Punishment+1","hubris:Greed","hubris:Greed","hubris:Greed"],"relics":["hubris:GrandSneckoEye","CultistMask","Mango","hubris:Towel","Replay:Multitool","Molten Egg 2","Toxic Egg 2","Replay:Ancient Bell","Replay:Wax Seal","Mummified Hand","Replay:Kaleidoscope","hubris:HerbalPaste"],"acts_visited":["Exordium","TheCity"],"potions_floor_usage":[24,24],"damage_taken":[{"damage":8.0,"enemies":"2 Louse","floor":1.0,"turns":2.0},{"damage":5.0,"enemies":"infinitespire:Voidling","floor":3.0,"turns":3.0},{"damage":0.0,"enemies":"Small Slimes","floor":4.0,"turns":2.0},{"damage":24.0,"enemies":"Gremlin Nob","floor":6.0,"turns":4.0},{"damage":4.0,"enemies":"Replay:BlueRogue","floor":10.0,"turns":4.0},{"damage":0.0,"enemies":"2 Fungi Beasts","floor":11.0,"turns":2.0},{"damage":27.0,"enemies":"Gremlin Nob","floor":12.0,"turns":4.0},{"damage":1.0,"enemies":"Blue Slaver","floor":14.0,"turns":3.0},{"damage":0.0,"enemies":"The Guardian","floor":16.0,"turns":8.0},{"damage":23.0,"enemies":"2 Thieves","floor":18.0,"turns":3.0},{"damage":15.0,"enemies":"Spheric Guardian","floor":19.0,"turns":5.0},{"damage":26.0,"enemies":"Centurion and Healer","floor":20.0,"turns":6.0},{"damage":13.0,"enemies":"Cultist and Chosen","floor":21.0,"turns":7.0},{"damage":35,"enemies":"Book of Stabbing","floor":24,"turns":5}],"seed_played":"-1279476946673315860","potions_obtained":[{"floor":4.0,"key":"Weak Potion"},{"floor":14.0,"key":"Adrenaline Potion"},{"floor":18.0,"key":"Regen Potion"}],"is_trial":false,"path_per_floor":["M","?","M","M","$","E","R","?","T","E","M","E","?","M","R","B",null,"M","M","M","M","AVR","R","E"],"character_chosen":"THE_SILENT","items_purchased":["Footwork"],"campfire_rested":2,"item_purchase_floors":[5],"current_hp_per_floor":[51,51,51,51,51,41,41,41,41,37,37,10,10,9,33,33,68,45,44,18,5,5,29,0,0],"gold":373,"neow_bonus":"BOSS_RELIC","is_daily":false,"chose_seed":false,"campfire_upgraded":1,"win_rate":0.0,"timestamp":1612606678,"path_taken":["M","?","M","?","$","E","R","?","T","E","M","E","?","M","R","BOSS","M","M","M","M","AVR","R","E"],"items_purchased_type":["Card"],"build_version":"2020-12-22","purchased_purges":0,"victory":false,"max_hp_per_floor":[66,66,66,66,66,80,80,80,80,80,80,80,80,80,80,80,80,80,80,80,80,80,80,80,80],"card_choices":[{"not_picked":["Quick Slash","hubris:Counter"],"picked":"Noxious Fumes","floor":1.0},{"not_picked":["ReplayTheSpireMod:Shiv Toss","Deflect"],"picked":"Dodge and Roll","floor":3.0},{"not_picked":["Dodge and Roll","Escape Plan"],"picked":"Skewer","floor":4.0},{"not_picked":["Deflect","Flechettes"],"picked":"Noxious Fumes","floor":6.0},{"not_picked":["All Out Attack+1","Hidden Blade"],"picked":"Venomology","floor":10.0},{"not_picked":["Concentrate","Dodge and Roll"],"picked":"Backflip","floor":11.0},{"not_picked":["Eviscerate+1","Quick Slash+1"],"picked":"Bane+1","floor":12.0},{"not_picked":["Cloak And Dagger+1","Hidden Blade+1"],"picked":"Replay:Poison Smokescreen+1","floor":14.0},{"not_picked":["Storm of Steel+1","Tools of the Trade"],"picked":"ReplayTheSpireMod:From All Sides+1","floor":16.0},{"not_picked":["Overencumbered","CurseOfTheBell"],"picked":"hubris:Greed","floor":17.0},{"not_picked":["Spreading Infection","hubris:Sloth"],"picked":"Delirium","floor":17.0},{"not_picked":["Amnesia","Pain"],"picked":"CurseOfTheBell","floor":17.0},{"not_picked":["ReplayTheSpireMod:Tripwire+1","Deadly Poison+1"],"picked":"Draining Mist+1","floor":18.0},{"not_picked":["hubris:Sniper+1","Storm of Steel+1"],"picked":"Footwork","floor":19.0},{"not_picked":["Outmaneuver+1","ReplayTheSpireMod:Exploit Weakness+1"],"picked":"Infinite Blades+1","floor":20.0},{"not_picked":["Backflip+1","Bane+1"],"picked":"Blade Dance+1","floor":21.0}],"player_experience":1254122,"relics_obtained":[{"floor":6.0,"key":"Mango"},{"floor":9.0,"key":"Replay:Multitool"},{"floor":10.0,"key":"Molten Egg 2"},{"floor":12.0,"key":"Toxic Egg 2"}],"event_choices":[{"damage_healed":0.0,"max_hp_gain":0.0,"max_hp_loss":0.0,"gold_gain":0.0,"event_name":"FaceTrader","player_choice":"Trade","floor":2.0,"gold_loss":0.0,"damage_taken":0.0,"relics_obtained":["CultistMask"]}],"is_beta":false,"boss_relics":[{"not_picked":["ReplayTheSpireMod:SealedPack","Replay:Grab Bag"],"picked":"Replay:Ancient Bell"},{"not_picked":["Omamori","hubris:ToyBattleship"],"picked":"Replay:Wax Seal"},{"not_picked":["hubris:Reverence","Singing Bowl"],"picked":"Mummified Hand"},{"not_picked":["Peace Pipe","Shovel"],"picked":"Replay:Kaleidoscope"}],"items_purged_floors":[],"is_endless":false,"potions_floor_spawned":[4,14,16,18,19],"killed_by":"Book of Stabbing","ascension_level":20}}