{"host":"i0m6ffz3lpe3z1ky","time":1612637429,"event":{"mods":["Aspiration","BaseMod","Bestiary","BetterRewards","Colored Map","Conspire","Energized Spire","Highlight Path","Hubris","Ironclad Rager","Minty Spire (QoL Compilation)","Quick Restart","Reliquary","Shop Mod","Spicy Shops","StSLib","Thieving Mod"],"gold_per_floor":[117,127,127,145,145,145,145,145],"floor_reached":7,"language":"KOR","playtime":183,"items_purged":[],"score":82,"play_id":"376ae430-2dc8-4b22-8145-24d02595ef00","local_time":"20210207035029","is_ascension_mode":true,"campfire_choices":[{"data":"Evolve","floor":6,"key":"SMITH"}],"circlet_count":0,"master_deck":["AscendersBane","Strike_R","Strike_R","Strike_R","Strike_R","Strike_R","Defend_R","Defend_R","Defend_R","Defend_R","Bash","Perfected Strike+1","Evolve+1"],"relics":["Burning Blood","aspiration:AnachronicSnailShell","reliquary:Stiletto","Oddly Smooth Stone","Juzu Bracelet","reliquary:BrokenClock"],"acts_visited":["Exordium"],"potions_floor_usage":[],"damage_taken":[{"damage":12,"enemies":"Cultist","floor":1,"turns":4},{"damage":0,"enemies":"Small Slimes","floor":2,"turns":2},{"damage":1,"enemies":"2 Louse","floor":4,"turns":3},{"damage":20,"enemies":"Gremlin Nob","floor":7,"turns":3}],"seed_played":"4272171520009069390","potions_obtained":[{"floor":2,"key":"Fruit Juice"},{"floor":4,"key":"EssenceOfSteel"}],"is_trial":false,"path_per_floor":["M","M","?","M","$","R","E"],"character_chosen":"IRONCLAD","items_purchased":["aspiration:AnachronicSnailShell","reliquary:Stiletto","Oddly Smooth Stone","Juzu Bracelet","reliquary:BrokenClock"],"campfire_rested":0,"item_purchase_floors":[0,0,0,0,0],"current_hp_per_floor":[27,33,33,38,18,18,0,0],"gold":145,"neow_bonus":"","is_daily":false,"chose_seed":false,"campfire_upgraded":1,"win_rate":0.0,"timestamp":1612637429,"path_taken":["M","M","?","M","$","R","E"],"items_purchased_type":["Relic","Relic","Relic","Relic","Relic"],"build_version":"2020-12-22","purchased_purges":0,"victory":false,"max_hp_per_floor":[75,75,75,75,75,75,75,75],"card_choices":[{"not_picked":["Iron Wave","True Grit"],"picked":"Perfected Strike","floor":1},{"not_picked":["Metallicize","Fiend Fire"],"picked":"Evolve","floor":2},{"not_picked":["Heavy Blade","Fire Breathing","Thunderclap"],"picked":"SKIP","floor":4}],"player_experience":510585,"relics_obtained":[],"event_choices":[],"is_beta":false,"boss_relics":[],"items_purged_floors":[],"is_endless":false,"potions_floor_spawned":[2,4],"killed_by":"Gremlin Nob","ascension_level":20}}