{"host":"ocll6kdfqxraqtza","time":1612616993,"event":{"mods":["2.2 Compatiblity","Act Like it!","Aspiration","BaseMod","Better Third Choice","Gensokyo","Hallownest","Hermit","Hubris","Jorbs\u0027s Wanderer Trilogy","Luminous","Marisa（霧雨　魔理沙）","Minty Spire (QoL Compilation)","Reimu（博??梦）","Replay The Spire","Shade Mod","StSLib","The Alterego","The Bug Knight","The Cursed","The Hierophant","The Marked","The Runesmith","TheBandit","Wandering Minibosses"],"gold_per_floor":[120,45,45,59,77,77,95,95,167,184,184,198,210,229,229,326,326,339,46,46,46,46,46,78,78,132,143,161,161,86,105,105,209,209,220,220,220,268,268,268,294,294,321,365,88,115,115,115,115,115,115,115,37,72,72],"floor_reached":56,"language":"ENG","playtime":15608,"items_purged":["Strike_B","alterego_mod:Strike","Writhe"],"score":1563,"play_id":"71ddafe9-51ca-438a-bfa2-9e3c7decbbdf","local_time":"20210206210953","is_ascension_mode":false,"campfire_choices":[{"data":"Replay:Bag of Tricks","floor":6.0,"key":"SMITH"},{"data":"alterego_mod:Crossover","floor":8.0,"key":"SMITH"},{"data":"alterego_mod:BiFurious","floor":15.0,"key":"SMITH"},{"data":"Apotheosis","floor":23.0,"key":"SMITH"},{"data":"alterego_mod:BrynhildrRomantia","floor":29.0,"key":"SMITH"},{"data":"hubris:Counter","floor":32.0,"key":"SMITH"},{"floor":40.0,"key":"RECALL"},{"data":"Wish","floor":42.0,"key":"SMITH"},{"data":"alterego_mod:Rip","floor":47.0,"key":"SMITH"},{"data":"alterego_mod:Birthday","floor":49.0,"key":"SMITH"},{"data":"alterego_mod:Birthday","floor":52.0,"key":"SMITH"}],"circlet_count":0,"master_deck":["alterego_mod:BigMeatyClaws","alterego_mod:BrynhildrsRune","Replay:Bag of Tricks+1","Blur","hubris:Counter+1","alterego_mod:BiFurious+1","alterego_mod:Crossover+1","alterego_mod:Stockings","alterego_mod:Rip+1","CutThroughFate","alterego_mod:BrynhildrRomantia+1","alterego_mod:Birthday+1","Apotheosis+1","alterego_mod:Punishment","alterego_mod:Complex+1","alterego_mod:Support","alterego_mod:Birthday+1","alterego_mod:Undulate+1","Wish+1","alterego_mod:Swimsuit+1","alterego_mod:Rip+1","alterego_mod:Pet+1","alterego_mod:MagicResistance+1","alterego_mod:DiscoLights+1","alterego_mod:Complex","alterego_mod:GoddessCore+1","hubris:DuctTapeCard"],"relics":["alterego_mod:MasochisticConstitution","Ginger","hubris:DisguiseKit","Happy Flower","Coffee Dripper","aspiration:Stabinomicon","Ancient Tea Set","PreservedInsect","Kintsugi","hubris:Towel","hubris:Icosahedron","CatCart","Vajra","MealTicket","Mastiff:ReiMu","Omamori","hubris:DuctTape"],"acts_visited":["Gensokyo:Gensokyo","TheCity","TheBeyond","TheEnding"],"potions_floor_usage":[55,55,55],"damage_taken":[{"damage":6.0,"enemies":"Gensokyo:Python","floor":1.0,"turns":4.0},{"damage":18.0,"enemies":"Gensokyo:2_Kodama","floor":4.0,"turns":4.0},{"damage":0.0,"enemies":"Gensokyo:3_Fairies","floor":5.0,"turns":4.0},{"damage":7.0,"enemies":"Gensokyo:3_Kodama","floor":7.0,"turns":6.0},{"damage":0.0,"enemies":"Gensokyo:LivingMonolith","floor":10.0,"turns":3.0},{"damage":6.0,"enemies":"Gensokyo:Kitsune","floor":12.0,"turns":4.0},{"damage":8.0,"enemies":"Gensokyo:Python_and_Kodama","floor":13.0,"turns":3.0},{"damage":0.0,"enemies":"Gensokyo:2_Rabbits","floor":14.0,"turns":3.0},{"damage":17.0,"enemies":"Gensokyo:Kokoro","floor":16.0,"turns":10.0},{"damage":0.0,"enemies":"Chosen","floor":18.0,"turns":4.0},{"damage":0.0,"enemies":"Gremlin Leader","floor":24.0,"turns":3.0},{"damage":26.0,"enemies":"Shell Parasite","floor":27.0,"turns":4.0},{"damage":0.0,"enemies":"Centurion and Healer","floor":28.0,"turns":2.0},{"damage":13.0,"enemies":"Shelled Parasite and Fungi","floor":31.0,"turns":3.0},{"damage":1.0,"enemies":"Pondfish","floor":33.0,"turns":5.0},{"damage":7.0,"enemies":"Orb Walker","floor":35.0,"turns":2.0},{"damage":71.0,"enemies":"Orin","floor":38.0,"turns":5.0},{"damage":8.0,"enemies":"Reptomancer","floor":41.0,"turns":2.0},{"damage":23.0,"enemies":"3 Darklings","floor":44.0,"turns":4.0},{"damage":14.0,"enemies":"Giant Head","floor":46.0,"turns":3.0},{"damage":63.0,"enemies":"Donu and Deca","floor":50.0,"turns":9.0},{"damage":98,"enemies":"Shield and Spear","floor":54,"turns":5},{"damage":29,"enemies":"The Heart","floor":55,"turns":7}],"seed_played":"652951437730186213","potions_obtained":[{"floor":5.0,"key":"ZuzhouPotion:ReiMu"},{"floor":7.0,"key":"Adrenaline Potion"},{"floor":14.0,"key":"ZuzhouPotion:ReiMu"},{"floor":16.0,"key":"Doom Potion"},{"floor":24.0,"key":"Adrenaline Potion"},{"floor":28.0,"key":"GamblersBrew"},{"floor":31.0,"key":"GrandPatriotsElixir:ReiMu"},{"floor":33.0,"key":"AttackPotion"},{"floor":41.0,"key":"CultistPotion"},{"floor":46.0,"key":"Venom Potion"}],"is_trial":false,"path_per_floor":["M","$","?","M","M","R","M","R","T","M","?","M","M","M","R","B",null,"M","$","?","$","?","R","E","?","T","M","M","R","?","M","R","B",null,"M","?","?","?","?","R","E","R","T","M","$","E","R","?","R","B",null,"R","$","E","B",null],"character_chosen":"The_Alterego","items_purchased":["Apotheosis","Mastiff:ReiMu","Toxic Potion"],"campfire_rested":0,"item_purchase_floors":[19,45,53],"current_hp_per_floor":[65,65,65,48,48,48,42,42,42,42,42,37,30,30,30,21,76,76,76,76,76,60,60,62,62,62,39,39,39,39,44,44,78,83,88,88,88,18,40,40,47,47,47,30,45,38,38,38,38,49,93,93,93,24,2],"gold":72,"neow_bonus":"ONE_RARE_RELIC","is_daily":false,"chose_seed":false,"campfire_upgraded":10,"win_rate":0.0,"timestamp":1612616993,"path_taken":["M","$","?","M","?","R","?","R","T","M","?","M","M","M","R","BOSS","M","$","?","?","?","R","E","?","T","?","M","R","?","M","R","BOSS","M","?","?","?","?","R","E","R","T","M","$","E","R","?","R","BOSS","R","$","E","BOSS"],"items_purchased_type":["Card","Relic","Potion"],"build_version":"2020-12-22","purchased_purges":3,"victory":true,"max_hp_per_floor":[71,71,71,72,72,72,73,73,73,73,73,74,75,75,75,76,76,76,76,76,76,76,76,76,76,76,77,77,77,77,82,82,83,83,88,88,88,89,89,89,90,90,90,91,91,92,92,92,92,93,93,93,93,94,95],"card_choices":[{"not_picked":["alterego_mod:Cycle","alterego_mod:Cooking"],"picked":"alterego_mod:Skirt","floor":1.0},{"not_picked":["alterego_mod:Maid","alterego_mod:Cooking"],"picked":"alterego_mod:BiFurious","floor":4.0},{"not_picked":["alterego_mod:HighServant","alterego_mod:PerceptionDisorder"],"picked":"alterego_mod:Crossover","floor":5.0},{"not_picked":["alterego_mod:Valentines","alterego_mod:Complex"],"picked":"alterego_mod:MagicResistance","floor":7.0},{"not_picked":["alterego_mod:Jiggle","alterego_mod:Punishment","Halt"],"picked":"alterego_mod:Stockings","floor":10.0},{"not_picked":["alterego_mod:MagicResistance","alterego_mod:Weigh","Prostrate"],"picked":"alterego_mod:Rip","floor":12.0},{"not_picked":["alterego_mod:RocketPunch","alterego_mod:Pet","alterego_mod:SuperDuperMasochism"],"picked":"CutThroughFate","floor":13.0},{"not_picked":["alterego_mod:MagicResistance","alterego_mod:HighServant","Prostrate"],"picked":"alterego_mod:Bounce","floor":14.0},{"not_picked":["alterego_mod:Lift","alterego_mod:PainIsPleasure","MasterReality"],"picked":"alterego_mod:BrynhildrRomantia","floor":16.0},{"not_picked":["alterego_mod:BiFurious","alterego_mod:BustOut+1","Meditate"],"picked":"alterego_mod:Birthday","floor":18.0},{"not_picked":["alterego_mod:Clones","alterego_mod:Santa","ForeignInfluence"],"picked":"alterego_mod:Complex+1","floor":24.0},{"not_picked":["alterego_mod:Santa","alterego_mod:Complex","Replay:BluntJabs"],"picked":"alterego_mod:Support","floor":27.0},{"not_picked":["alterego_mod:DestructionOfProperty","alterego_mod:Table+1","Crescendo"],"picked":"alterego_mod:Birthday","floor":28.0},{"not_picked":["alterego_mod:Lingerie","alterego_mod:BreastValley+1","SashWhip"],"picked":"alterego_mod:Undulate+1","floor":31.0},{"not_picked":["alterego_mod:IdEs","alterego_mod:Palingenesis","alterego_mod:BrynhildrRomantia"],"picked":"Wish","floor":33.0},{"not_picked":["alterego_mod:Stockings+1","alterego_mod:Jiggle","FlyingSleeves"],"picked":"alterego_mod:Swimsuit+1","floor":35.0},{"not_picked":["alterego_mod:Punishment+1","alterego_mod:MaintainEyeContact","Collect"],"picked":"alterego_mod:Rip+1","floor":38.0},{"not_picked":["alterego_mod:Punishment+1","alterego_mod:SakuraPetals+1","Fasting2"],"picked":"alterego_mod:Pet+1","floor":41.0},{"not_picked":["alterego_mod:Jiggle+1","alterego_mod:Stockings+1","ForeignInfluence"],"picked":"alterego_mod:MagicResistance+1","floor":44.0},{"not_picked":["alterego_mod:Cooking","alterego_mod:DeftHands","Replay:Battleflow"],"picked":"alterego_mod:DiscoLights+1","floor":46.0},{"not_picked":["alterego_mod:DeftHands","alterego_mod:GachaTicket+1","PathToVictory"],"picked":"alterego_mod:GoddessCore+1","floor":54}],"player_experience":497635,"relics_obtained":[{"floor":9.0,"key":"hubris:DisguiseKit"},{"floor":22.0,"key":"aspiration:Stabinomicon"},{"floor":24.0,"key":"Ancient Tea Set"},{"floor":38.0,"key":"CatCart"},{"floor":41.0,"key":"Vajra"},{"floor":43.0,"key":"MealTicket"},{"floor":46.0,"key":"Omamori"},{"floor":54,"key":"hubris:DuctTape"}],"event_choices":[{"damage_healed":0.0,"max_hp_gain":0.0,"max_hp_loss":0.0,"gold_gain":0.0,"cards_transformed":["alterego_mod:Defend"],"event_name":"Transmorgrifier","player_choice":"Transformed","floor":20.0,"gold_loss":0.0,"damage_taken":0.0,"cards_obtained":["alterego_mod:Punishment"]},{"damage_healed":0.0,"max_hp_gain":0.0,"max_hp_loss":0.0,"gold_gain":0.0,"event_name":"Cursed Tome","player_choice":"Obtained Book","floor":22.0,"gold_loss":0.0,"damage_taken":16.0},{"damage_healed":0.0,"max_hp_gain":0.0,"max_hp_loss":0.0,"gold_gain":0.0,"event_name":"The Mausoleum","player_choice":"Opened","floor":25.0,"gold_loss":0.0,"damage_taken":0.0,"relics_obtained":["PreservedInsect"]},{"cards_removed":["alterego_mod:Strike"],"damage_healed":0.0,"max_hp_gain":0.0,"max_hp_loss":0.0,"gold_gain":0.0,"event_name":"Beggar","player_choice":"Gave Gold","floor":30.0,"gold_loss":75.0,"damage_taken":0.0},{"damage_healed":0.0,"max_hp_gain":0.0,"max_hp_loss":0.0,"gold_gain":0.0,"event_name":"OrinTheCat","player_choice":"Fight","floor":38.0,"gold_loss":0.0,"damage_taken":0.0},{"damage_healed":22.0,"max_hp_gain":0.0,"max_hp_loss":0.0,"gold_gain":0.0,"event_name":"Winding Halls","player_choice":"Writhe","floor":39.0,"gold_loss":0.0,"damage_taken":0.0,"cards_obtained":["Writhe"]},{"damage_healed":0.0,"max_hp_gain":0.0,"max_hp_loss":0.0,"gold_gain":0.0,"cards_transformed":["alterego_mod:MagicResistance"],"event_name":"Transmorgrifier","player_choice":"Transformed","floor":48.0,"gold_loss":0.0,"damage_taken":0.0,"cards_obtained":["alterego_mod:Complex"]}],"is_beta":false,"boss_relics":[{"not_picked":["Replay:Bronze Core","Empty Cage"],"picked":"Coffee Dripper"},{"not_picked":["Runic Pyramid","Painkiller Herb"],"picked":"Kintsugi"}],"items_purged_floors":[2,19,45],"is_endless":false,"potions_floor_spawned":[5,7,14,16,24,28,31,33,41,46],"ascension_level":0}}