{"host":"ia9e4s524g7bamk7","time":1612603489,"event":{"mods":["AchievementEnabler","BaseMod","Minty Spire (QoL Compilation)","Slay-I"],"gold_per_floor":[113,123,135,147,112,137,137,171,197,197,216,216,246,256,256,352,352,352,352,352,352,352,352,352,352,352,352,352,352,352,91,91,91,91,91,91,91,91,91,91,91],"floor_reached":40,"language":"ENG","playtime":3861,"items_purged":["Dagger Spray"],"score":563,"play_id":"21708c78-1c73-4d90-b673-d84562ce9730","local_time":"20210206102449","is_ascension_mode":true,"campfire_choices":[{"floor":7.0,"key":"REST"},{"floor":12.0,"key":"REST"},{"data":"Venomology","floor":15.0,"key":"SMITH"},{"data":"Leg Sweep","floor":23.0,"key":"SMITH"},{"floor":27.0,"key":"RECALL"},{"data":"Mayhem","floor":32.0,"key":"SMITH"}],"circlet_count":0,"master_deck":["Strike_G","Strike_G+1","Strike_G+1","Strike_G","Defend_G","Defend_G","Defend_G","Defend_G","Defend_G","Survivor","Neutralize","Backflip","Slice","Finisher","Poisoned Stab","Venomology+1","Calculated Gamble","Dagger Spray","Predator","Bullet Time","Leg Sweep+1","PiercingWail","Escape Plan","Quick Slash+1","Phantasmal Killer","Mayhem+1","Adrenaline","Footwork","Dash","Quick Slash+1","Predator+1"],"relics":["SacredBark","StrikeDummy","Omamori","Bronze Scales","Whetstone","Ectoplasm","Enchiridion","Red Mask","Nunchaku","Bottled Flame","Tiny Chest","Blue Candle","Black Star"],"acts_visited":["Exordium","TheCity","TheBeyond"],"potions_floor_usage":[40],"damage_taken":[{"damage":19.0,"enemies":"Cultist","floor":1.0,"turns":6.0},{"damage":5.0,"enemies":"Small Slimes","floor":2.0,"turns":6.0},{"damage":2.0,"enemies":"Jaw Worm","floor":3.0,"turns":5.0},{"damage":32.0,"enemies":"Large Slime","floor":4.0,"turns":9.0},{"damage":34.0,"enemies":"3 Sentries","floor":6.0,"turns":11.0},{"damage":12.0,"enemies":"Lagavulin","floor":8.0,"turns":5.0},{"damage":1.0,"enemies":"Exordium Thugs","floor":11.0,"turns":4.0},{"damage":10.0,"enemies":"3 Sentries","floor":13.0,"turns":4.0},{"damage":2.0,"enemies":"3 Louse","floor":14.0,"turns":3.0},{"damage":16.0,"enemies":"The Guardian","floor":16.0,"turns":10.0},{"damage":8.0,"enemies":"3 Byrds","floor":18.0,"turns":3.0},{"damage":4.0,"enemies":"Masked Bandits","floor":20.0,"turns":2.0},{"damage":0.0,"enemies":"Chosen","floor":21.0,"turns":4.0},{"damage":0.0,"enemies":"Snecko","floor":22.0,"turns":4.0},{"damage":8.0,"enemies":"Book of Stabbing","floor":24.0,"turns":6.0},{"damage":30.0,"enemies":"Gremlin Leader","floor":28.0,"turns":5.0},{"damage":1.0,"enemies":"Snake Plant","floor":29.0,"turns":4.0},{"damage":2.0,"enemies":"Book of Stabbing","floor":30.0,"turns":3.0},{"damage":45.0,"enemies":"Champ","floor":33.0,"turns":10.0},{"damage":0.0,"enemies":"3 Shapes","floor":35.0,"turns":5.0},{"damage":13.0,"enemies":"3 Darklings","floor":36.0,"turns":3.0},{"damage":3.0,"enemies":"Jaw Worm Horde","floor":38.0,"turns":4.0},{"damage":69.0,"enemies":"4 Shapes","floor":39.0,"turns":4.0},{"damage":74,"enemies":"Giant Head","floor":40,"turns":7}],"seed_played":"3184294977396033380","potions_obtained":[{"floor":1.0,"key":"Fruit Juice"},{"floor":2.0,"key":"Energy Potion"},{"floor":8.0,"key":"SmokeBomb"},{"floor":13.0,"key":"Weak Potion"},{"floor":14.0,"key":"AttackPotion"},{"floor":20.0,"key":"EntropicBrew"},{"floor":22.0,"key":"Block Potion"},{"floor":25.0,"key":"Fruit Juice"},{"floor":25.0,"key":"EssenceOfSteel"},{"floor":28.0,"key":"DistilledChaos"},{"floor":33.0,"key":"Weak Potion"},{"floor":36.0,"key":"SpeedPotion"},{"floor":38.0,"key":"CunningPotion"}],"is_trial":false,"path_per_floor":["M","M","M","M","?","E","R","E","T","?","M","R","E","M","R","B",null,"M","?","?","M","M","R","E","?","T","R","E","M","E","$","R","B",null,"M","M","?","M","M","E"],"character_chosen":"THE_SILENT","items_purchased":["Mayhem"],"campfire_rested":2,"item_purchase_floors":[31],"current_hp_per_floor":[61,56,54,22,42,8,32,20,20,20,19,43,33,31,31,15,80,72,56,52,52,52,52,44,54,54,54,24,23,21,21,21,34,90,90,77,77,74,5,0,0],"gold":91,"neow_bonus":"BOSS_RELIC","is_daily":false,"chose_seed":false,"campfire_upgraded":3,"win_rate":0.0,"timestamp":1612603489,"path_taken":["M","M","M","M","?","E","R","E","T","?","?","R","E","M","R","BOSS","M","?","?","M","?","R","E","?","T","R","E","M","E","?","R","BOSS","M","M","?","M","?","E"],"items_purchased_type":["Card"],"build_version":"2020-12-22","purchased_purges":1,"victory":false,"max_hp_per_floor":[80,80,80,80,80,80,80,80,80,80,80,80,80,80,80,80,80,80,80,80,80,80,80,80,90,90,90,90,90,90,90,90,90,90,90,90,90,90,90,90,90],"card_choices":[{"not_picked":["Deadly Poison","Blade Dance"],"picked":"Backflip","floor":1.0},{"not_picked":["Bane","Slice"],"picked":"Dagger Spray","floor":2.0},{"not_picked":["PiercingWail","Tactician"],"picked":"Slice","floor":3.0},{"not_picked":["Heel Hook","PiercingWail"],"picked":"Finisher","floor":4.0},{"not_picked":["Distraction","Malaise"],"picked":"Poisoned Stab","floor":6.0},{"not_picked":["Sucker Punch","Outmaneuver"],"picked":"Venomology","floor":8.0},{"not_picked":["Deflect","Bane"],"picked":"Calculated Gamble","floor":11.0},{"not_picked":["Blade Dance","Masterful Stab"],"picked":"Dagger Spray","floor":13.0},{"not_picked":["Poisoned Stab","Envenom"],"picked":"Predator","floor":14.0},{"not_picked":["Wraith Form v2","Corpse Explosion"],"picked":"Bullet Time","floor":16.0},{"not_picked":["Prepared","Deadly Poison"],"picked":"Leg Sweep","floor":18.0},{"not_picked":["Cloak And Dagger","Bane","Underhanded Strike"],"picked":"SKIP","floor":21.0},{"not_picked":["Accuracy","Leg Sweep"],"picked":"PiercingWail","floor":22.0},{"not_picked":["Burst","Flying Knee"],"picked":"Escape Plan","floor":24.0},{"not_picked":["A Thousand Cuts","Blade Dance+1"],"picked":"Quick Slash+1","floor":28.0},{"not_picked":["Dagger Spray","Outmaneuver","Sucker Punch"],"picked":"SKIP","floor":29.0},{"not_picked":["Die Die Die","Deflect"],"picked":"Phantasmal Killer","floor":30.0},{"not_picked":["Unload","Grand Finale"],"picked":"Adrenaline","floor":33.0},{"not_picked":["Blade Dance+1","Blur"],"picked":"Footwork","floor":35.0},{"not_picked":["Concentrate+1","Skewer"],"picked":"Dash","floor":36.0},{"not_picked":["Blade Dance+1","Dagger Throw"],"picked":"Quick Slash+1","floor":38.0},{"not_picked":["Catalyst","Deadly Poison+1"],"picked":"Predator+1","floor":39.0}],"player_experience":265403,"relics_obtained":[{"floor":6.0,"key":"StrikeDummy"},{"floor":8.0,"key":"Omamori"},{"floor":9.0,"key":"Bronze Scales"},{"floor":13.0,"key":"Whetstone"},{"floor":19.0,"key":"Enchiridion"},{"floor":20.0,"key":"Red Mask"},{"floor":24.0,"key":"Nunchaku"},{"floor":26.0,"key":"Bottled Flame"},{"floor":28.0,"key":"Tiny Chest"},{"floor":30.0,"key":"Blue Candle"}],"event_choices":[{"damage_healed":20.0,"max_hp_gain":0.0,"max_hp_loss":0.0,"gold_gain":0.0,"event_name":"The Cleric","player_choice":"Healed","floor":5.0,"gold_loss":35.0,"damage_taken":0.0},{"cards_removed":["Strike_G"],"damage_healed":0.0,"max_hp_gain":0.0,"max_hp_loss":0.0,"gold_gain":0.0,"event_name":"Bonfire Elementals","player_choice":"Offered Basic","floor":10.0,"gold_loss":0.0,"damage_taken":0.0},{"damage_healed":0.0,"max_hp_gain":0.0,"max_hp_loss":0.0,"gold_gain":0.0,"event_name":"Cursed Tome","player_choice":"Obtained Book","floor":19.0,"gold_loss":0.0,"damage_taken":16.0},{"damage_healed":0.0,"max_hp_gain":0.0,"max_hp_loss":0.0,"gold_gain":0.0,"event_name":"Masked Bandits","player_choice":"Fought Bandits","floor":20.0,"gold_loss":0.0,"damage_taken":0.0},{"damage_healed":0.0,"max_hp_gain":0.0,"max_hp_loss":0.0,"gold_gain":0.0,"event_name":"Lab","player_choice":"Got Potions","floor":25.0,"gold_loss":0.0,"damage_taken":0.0},{"damage_healed":0.0,"max_hp_gain":0.0,"max_hp_loss":0.0,"gold_gain":0.0,"event_name":"The Woman in Blue","player_choice":"Bought 0 Potions","floor":37.0,"gold_loss":0.0,"damage_taken":0.0}],"is_beta":false,"boss_relics":[{"not_picked":["Runic Dome","HoveringKite"],"picked":"Ectoplasm"},{"not_picked":["Sozu","Busted Crown"],"picked":"Black Star"}],"items_purged_floors":[31],"is_endless":false,"potions_floor_spawned":[1,2,8,13,14,20,22,28,33,36,38],"killed_by":"Giant Head","ascension_level":3}}