{"host":"l5zfpd2l2htson6l","time":1612612779,"event":{"mods":["AchievementEnabler","BaseMod","Colored Map","Colored Powertips","Minty Spire (QoL Compilation)","Permanent Neow","Quick Restart","Rare Cards Sparkle","Relic Stats","SuperFastMode"],"gold_per_floor":[115,135,148,148,162,162,177,213,237,237,237,281,281,315,315,410,410,434,116,92,17,17,17,17,17],"floor_reached":24,"language":"ENG","playtime":760,"items_purged":["Strike_R"],"score":428,"play_id":"2b3747a0-d220-47c6-bc74-0068c8034f9b","local_time":"20210206035939","is_ascension_mode":true,"campfire_choices":[{"data":"Bludgeon","floor":6.0,"key":"SMITH"},{"data":"Metallicize","floor":11.0,"key":"SMITH"},{"floor":13.0,"key":"REST"},{"data":"Metallicize","floor":15.0,"key":"SMITH"},{"data":"True Grit","floor":23.0,"key":"SMITH"}],"circlet_count":0,"master_deck":["AscendersBane","Strike_R","Defend_R","Defend_R","Defend_R","Defend_R","Bash","Bludgeon+1","Flame Barrier","Whirlwind","Spot Weakness","Metallicize+1","Metallicize+1","Ghostly Armor","Corruption","Twin Strike","Feel No Pain","Shrug It Off","True Grit+1","Power Through","Whirlwind","Bloodletting"],"relics":["Burning Blood","Golden Idol","Blue Candle","Regal Pillow","Bag of Preparation","Anchor","Mark of Pain"],"acts_visited":["Exordium","TheCity"],"potions_floor_usage":[24],"damage_taken":[{"damage":7.0,"enemies":"Jaw Worm","floor":1.0,"turns":2.0},{"damage":5.0,"enemies":"Small Slimes","floor":2.0,"turns":2.0},{"damage":0.0,"enemies":"Cultist","floor":3.0,"turns":2.0},{"damage":19.0,"enemies":"Large Slime","floor":5.0,"turns":6.0},{"damage":0.0,"enemies":"Looter","floor":7.0,"turns":2.0},{"damage":20.0,"enemies":"Gremlin Nob","floor":8.0,"turns":4.0},{"damage":18.0,"enemies":"Lagavulin","floor":12.0,"turns":7.0},{"damage":28.0,"enemies":"Gremlin Nob","floor":14.0,"turns":4.0},{"damage":28.0,"enemies":"The Guardian","floor":16.0,"turns":15.0},{"damage":5.0,"enemies":"3 Byrds","floor":18.0,"turns":5.0},{"damage":7.0,"enemies":"2 Thieves","floor":20.0,"turns":4.0},{"damage":58,"enemies":"Gremlin Leader","floor":24,"turns":5}],"seed_played":"-1362196496432120406","potions_obtained":[{"floor":1.0,"key":"PowerPotion"},{"floor":2.0,"key":"Weak Potion"},{"floor":8.0,"key":"Strength Potion"},{"floor":10.0,"key":"AttackPotion"}],"is_trial":false,"path_per_floor":["M","M","M","?","M","R","M","E","T","?","R","E","R","E","R","B",null,"M","$","M","?","?","R","E"],"character_chosen":"IRONCLAD","items_purchased":["Feel No Pain","Swift Potion","Shrug It Off","True Grit"],"campfire_rested":1,"item_purchase_floors":[19,19,19,19],"current_hp_per_floor":[67,68,68,62,49,49,55,41,41,41,41,29,62,40,40,18,51,52,52,51,51,51,51,0,0],"gold":17,"neow_bonus":"THREE_RARE_CARDS","is_daily":false,"chose_seed":false,"campfire_upgraded":4,"win_rate":0.0,"timestamp":1612612779,"path_taken":["M","M","M","?","M","R","M","E","T","?","R","E","R","E","R","BOSS","M","?","M","?","?","R","E"],"items_purchased_type":["Card","Potion","Card","Card"],"build_version":"2020-12-22","purchased_purges":1,"victory":false,"max_hp_per_floor":[68,68,68,62,62,62,62,62,62,62,62,62,62,62,62,62,62,62,62,62,62,62,62,62,62],"relic_stats":{"Regal Pillow":15,"counters":[12,58],"Golden Idol":56,"Blue Candle":[0],"Bag of Preparation":[10],"obtain_stats":[{"Regal Pillow":9,"Anchor":14,"Golden Idol":4,"Blue Candle":8,"Mark of Pain":17,"Bag of Preparation":12,"Burning Blood":0},{"Regal Pillow":6,"Anchor":8,"Golden Idol":3,"Blue Candle":6,"Mark of Pain":9,"Bag of Preparation":7,"Burning Blood":0},{"Regal Pillow":18,"Anchor":29,"Golden Idol":6,"Blue Candle":18,"Mark of Pain":44,"Bag of Preparation":25,"Burning Blood":0}],"Burning Blood":60},"card_choices":[{"not_picked":["Fiend Fire","Corruption"],"picked":"Bludgeon","floor":0.0},{"not_picked":["Sentinel","Rampage"],"picked":"Flame Barrier","floor":1.0},{"not_picked":["Perfected Strike","Dropkick"],"picked":"Whirlwind","floor":2.0},{"not_picked":["Body Slam","Combust"],"picked":"Spot Weakness","floor":3.0},{"not_picked":["Warcry","Shrug It Off"],"picked":"Metallicize","floor":5.0},{"not_picked":["Perfected Strike","Pommel Strike"],"picked":"Metallicize","floor":7.0},{"not_picked":["Hemokinesis","Barricade","Intimidate"],"picked":"SKIP","floor":8.0},{"not_picked":["Reckless Charge","Headbutt","Sentinel"],"picked":"SKIP","floor":12.0},{"not_picked":["Anger","Rupture"],"picked":"Ghostly Armor","floor":14.0},{"not_picked":["Berserk","Juggernaut"],"picked":"Corruption","floor":16.0},{"not_picked":["Heavy Blade","Body Slam"],"picked":"Twin Strike","floor":18.0},{"not_picked":["Heavy Blade","True Grit"],"picked":"Power Through","floor":20.0}],"player_experience":922915,"relics_obtained":[{"floor":8.0,"key":"Blue Candle"},{"floor":9.0,"key":"Regal Pillow"},{"floor":12.0,"key":"Bag of Preparation"},{"floor":14.0,"key":"Anchor"}],"event_choices":[{"damage_healed":0.0,"max_hp_gain":0.0,"max_hp_loss":6.0,"gold_gain":0.0,"event_name":"Golden Idol","player_choice":"Lose Max HP","floor":4.0,"gold_loss":0.0,"damage_taken":0.0,"relics_obtained":["Golden Idol"]},{"damage_healed":0.0,"max_hp_gain":0.0,"max_hp_loss":0.0,"gold_gain":0.0,"event_name":"Lab","player_choice":"Got Potions","floor":10.0,"gold_loss":0.0,"damage_taken":0.0},{"cards_removed":["Strike_R"],"damage_healed":0.0,"max_hp_gain":0.0,"max_hp_loss":0.0,"gold_gain":0.0,"event_name":"Beggar","player_choice":"Gave Gold","floor":21.0,"gold_loss":75.0,"damage_taken":0.0},{"damage_healed":0.0,"max_hp_gain":0.0,"max_hp_loss":0.0,"gold_gain":0.0,"cards_transformed":["Strike_R","Strike_R"],"event_name":"Drug Dealer","player_choice":"Became Test Subject","floor":22.0,"gold_loss":0.0,"damage_taken":0.0,"cards_obtained":["Whirlwind","Bloodletting"]}],"is_beta":false,"boss_relics":[{"not_picked":["Ectoplasm","Coffee Dripper"],"picked":"Mark of Pain"}],"items_purged_floors":[19],"is_endless":false,"potions_floor_spawned":[1,2,7,8],"killed_by":"Gremlin Leader","ascension_level":20}}