{"host":"3e3mwsgb9gfqiuxm","time":1612588869,"event":{"mods":["Act Like it!","BaseMod","BetterRewards","Colored Map","Colored Powertips","Downfall","Gensokyo","Hermit","Infinite Spire","Koishi","Marisa????????","Minty Spire (QoL Compilation)","Quick Restart","Reimu??????","Remilia??????","Replay The Spire","Shop Mod","StSLib","SuperFastMode","The Animator","The Bug Knight","The Cursed","The Jungle","The Servant 0.9.4","everything is the same but u backflip on backflip"],"gold_per_floor":[111,11,11,29,29,58,73,73,73,73,73,89,89,119,119,224,224,244,256,105,105,105,105,123,153,225,225,239,239,267,36,36,36,36],"floor_reached":33,"language":"ENG","playtime":1173,"items_purged":["Defend_S","Strike_S"],"score":391,"play_id":"9c7397a6-7493-4a18-8be9-7791bd777b7b","local_time":"20210206002109","is_ascension_mode":false,"campfire_choices":[{"data":"Gensokyo:CrescentMoonSlash","floor":8,"key":"SMITH"},{"data":"SurpressingFire","floor":11,"key":"SMITH"},{"data":"Luminosity","floor":13,"key":"SMITH"},{"data":"SilverBlades","floor":15,"key":"SMITH"},{"data":"SoulSculpture","floor":23,"key":"SMITH"},{"data":"Ricochet","floor":27,"key":"SMITH"},{"data":"Read","floor":29,"key":"SMITH"},{"data":"Exchange","floor":32,"key":"SMITH"}],"circlet_count":0,"master_deck":["Strike_S","Strike_S","Strike_S","Defend_S","Defend_S","Defend_S","KidneyShot","Exchange+1","Starlight+1","Gensokyo:CrescentMoonSlash+1","FastForward+1","SilverBlades+1","SurpressingFire+1","Luminosity+1","FastForward","SoulSculpture+1","Ricochet+1","BottledTime","Read+1","FastForward","Snipe+1","RealityMarble+1","Gensokyo:Shovel","Gensokyo:ScrapIron"],"relics":["Uniform","NeowsBlessing","Mummified Hand","Replay:Bottled Snecko","StrikeDummy","Mango","Replay:Baseball","Painkiller Herb","Gambling Chip","StoneMask","Ice Cream","Toxic Egg 2","Ginger","Guide Book"],"acts_visited":["Gensokyo:Gensokyo","Gensokyo:Gensokyoer"],"potions_floor_usage":[16,30,33],"damage_taken":[{"damage":0,"enemies":"Gensokyo:Gryphon","floor":1,"turns":1},{"damage":0,"enemies":"Gensokyo:Python","floor":4,"turns":1},{"damage":0,"enemies":"Gensokyo:Cirno","floor":6,"turns":2},{"damage":0,"enemies":"Gensokyo:3_Fairies","floor":7,"turns":4},{"damage":11,"enemies":"Gensokyo:CorruptedTreant","floor":12,"turns":3},{"damage":5,"enemies":"Gensokyo:Mamizou","floor":14,"turns":5},{"damage":13,"enemies":"Gensokyo:Kokoro","floor":16,"turns":12},{"damage":2,"enemies":"Gensokyo:Chomper","floor":18,"turns":4},{"damage":4,"enemies":"Gensokyo:AngelMirror","floor":19,"turns":2},{"damage":0,"enemies":"Gensokyo:3_Gloops","floor":24,"turns":4},{"damage":0,"enemies":"Gensokyo:Reisen","floor":25,"turns":5},{"damage":0,"enemies":"Gensokyo:Wraith","floor":28,"turns":5},{"damage":0,"enemies":"Gensokyo:Koishi","floor":30,"turns":4},{"damage":86,"enemies":"Gensokyo:Eternal_Rivals","floor":33,"turns":5}],"seed_played":"-7235163167773826252","potions_obtained":[{"floor":4,"key":"FearPotion"},{"floor":7,"key":"Explosive Potion"},{"floor":12,"key":"BlessingOfTheForge"},{"floor":14,"key":"hexamod:SoulburnPotion"},{"floor":24,"key":"infinitespire:BlackPotion"}],"is_trial":false,"path_per_floor":["M","?","?","M","$","E","M","R","T","?","R","M","R","E","R","B",null,"?","?","T","?","AVR","T","?","E","T","T","?","T","E","COS","T","B"],"character_chosen":"THE_SERVANT","items_purchased":["Read"],"campfire_rested":0,"item_purchase_floors":[20],"current_hp_per_floor":[65,65,56,56,56,56,56,56,56,49,49,38,38,33,33,20,79,77,73,73,73,73,73,82,83,83,83,84,84,85,85,85,0,0],"gold":36,"neow_bonus":"THREE_ENEMY_KILL","is_daily":false,"chose_seed":false,"campfire_upgraded":8,"win_rate":0.0,"timestamp":1612588869,"path_taken":["M","?","?","?","$","E","M","R","T","?","R","M","R","E","R","BOSS","?","?","T","?","AVR","T","?","E","T","T","?","T","E","COS","T","BOSS"],"items_purchased_type":["Card"],"build_version":"2020-12-22","purchased_purges":2,"victory":false,"max_hp_per_floor":[65,65,65,65,65,65,65,65,65,79,79,79,79,79,79,79,79,79,79,79,79,79,79,82,83,83,83,84,84,85,85,85,85,85],"card_choices":[{"not_picked":["DualDimension","FanOfKnives"],"picked":"Starlight","floor":1},{"not_picked":["Revamp","Spin"],"picked":"FastForward","floor":4},{"not_picked":["Gouge","ShatteredReality"],"picked":"SilverBlades","floor":6},{"not_picked":["ReturningBlade","DoubleEdge"],"picked":"SurpressingFire","floor":7},{"not_picked":["Alleviate","ShatteredReality"],"picked":"Luminosity","floor":12},{"not_picked":["Alleviate","Deny"],"picked":"FastForward","floor":14},{"not_picked":["Deny","ForgedInTime"],"picked":"SoulSculpture","floor":16},{"not_picked":["Collapse","Unruled"],"picked":"Ricochet","floor":18},{"not_picked":["BestPractice","Rewind"],"picked":"BottledTime","floor":19},{"not_picked":["Spin","TimeWarp"],"picked":"FastForward","floor":24},{"not_picked":["Alleviate","Defy","Potential"],"picked":"SKIP","floor":25},{"not_picked":["Alleviate","Defy","Potential"],"picked":"SKIP","floor":25},{"not_picked":["FastForward+1","MoonPhase"],"picked":"Snipe+1","floor":28},{"not_picked":["StarChef+1","Rearm+1"],"picked":"RealityMarble+1","floor":30}],"player_experience":1353736,"relics_obtained":[{"floor":6,"key":"Replay:Bottled Snecko"},{"floor":9,"key":"StrikeDummy"},{"floor":14,"key":"Replay:Baseball"},{"floor":25,"key":"Ice Cream"},{"floor":26,"key":"Toxic Egg 2"},{"floor":30,"key":"Ginger"}],"event_choices":[],"is_beta":false,"boss_relics":[{"not_picked":["Kintsugi","Calling Bell"],"picked":"Painkiller Herb"}],"items_purged_floors":[20,22],"is_endless":false,"potions_floor_spawned":[4,7,12,14,24,25],"killed_by":"Gensokyo:Eternal_Rivals","ascension_level":0}}