{"host":"jou5gy8et5i77wvo","time":1612572890,"event":{"mods":["AchievementEnabler","BaseMod","Colored Map","Colored Powertips","Downfall","Highlight Path","Minty Spire (QoL Compilation)","Quick Restart","StSLib"],"gold_per_floor":[99,119,131,147,247,266,266,266,282,282,306,316,316,330,350,452,502,502,502,520,520,537,537,537,537,537,537],"floor_reached":25,"language":"ENG","playtime":4962,"items_purged":[],"score":195,"play_id":"95e87c1d-41b2-4082-8bba-2158b3c0d448","local_time":"20210205165450","is_ascension_mode":false,"campfire_choices":[{"floor":1.0,"key":"RECALL"},{"floor":8,"key":"REST"},{"floor":10,"key":"REST"},{"data":"Slimebound:Split","floor":13,"key":"SMITH"},{"floor":18,"key":"REST"}],"circlet_count":0,"master_deck":["Slimebound:Strike_Slimebound","Slimebound:Strike_Slimebound","Slimebound:Strike_Slimebound+1","Slimebound:Tackle","Slimebound:Defend_Slimebound","Slimebound:Defend_Slimebound","Slimebound:Defend_Slimebound","Slimebound:Defend_Slimebound","Slimebound:Split+1","Slimebound:CorrosiveSpit","Slimebound:RollThrough","Slimebound:RollThrough","Slimebound:Prepare","Slimebound:HauntingLick","Slimebound:SplitLeeching","Slimebound:ComboTackle","Slimebound:RollThrough","Slimebound:DuplicatedForm","Slimebound:ComboTackle","Necronomicurse","Slimebound:LevelUp+1","Slimebound:ViciousTackle+1"],"relics":["Slimebound:AbsorbEndCombat","PreservedInsect","Tiny House","Necronomicon","Ornamental Fan"],"acts_visited":["Exordium","TheCity"],"potions_floor_usage":[],"damage_taken":[{"damage":8.0,"enemies":"Cultist","floor":2.0,"turns":6.0},{"damage":10.0,"enemies":"Small Slimes","floor":3.0,"turns":3.0},{"damage":9.0,"enemies":"2 Louse","floor":4.0,"turns":3.0},{"damage":15.0,"enemies":"Exordium Thugs","floor":6.0,"turns":6.0},{"damage":17,"enemies":"3 Louse","floor":9,"turns":3},{"damage":2,"enemies":"2 Fungi Beasts","floor":12,"turns":5},{"damage":17,"enemies":"Exordium Thugs","floor":14,"turns":4},{"damage":0,"enemies":"Large Slime","floor":15,"turns":4},{"damage":29,"enemies":"IC_STATUS_ARCHETYPE","floor":16,"turns":7},{"damage":28,"enemies":"Chosen","floor":20,"turns":6},{"damage":25,"enemies":"Shell Parasite","floor":22,"turns":7},{"damage":28,"enemies":"Cultist and Chosen","floor":25,"turns":6}],"seed_played":"-6280796559040201646","potions_obtained":[{"floor":4.0,"key":"Slimebound:SlimyTonguePotion"},{"floor":6,"key":"FearPotion"},{"floor":12,"key":"Weak Potion"},{"floor":17,"key":"Swift Potion"}],"is_trial":false,"path_per_floor":["R","M","M","M","?","M","T","R","M","R","T","M","R","M","M","B",null,"R","?","M","?","M","?","T","M"],"character_chosen":"SLIMEBOUND","items_purchased":[],"campfire_rested":3,"item_purchase_floors":[],"current_hp_per_floor":[71,66,56,47,47,34,34,55,38,59,59,61,61,46,52,27,76,76,60,36,36,17,17,17,0,0,0],"gold":537,"neow_bonus":"TEN_PERCENT_HP_BONUS","is_daily":false,"chose_seed":false,"campfire_upgraded":1,"win_rate":0.0,"timestamp":1612572890,"path_taken":["R","M","?","M","?","M","T","R","M","R","?","M","R","M","M","BOSS","R","?","M","?","?","?","T","M"],"items_purchased_type":[],"build_version":"2020-12-22","purchased_purges":0,"victory":false,"max_hp_per_floor":[71,71,71,71,71,71,71,71,71,71,71,71,71,71,71,71,76,76,76,76,76,76,76,76,76,76,76],"card_choices":[{"not_picked":["Slimebound:LeechingTouch","Slimebound:MegaLick"],"picked":"Slimebound:RollThrough","floor":2.0},{"not_picked":["Slimebound:LeechEnergy","Slimebound:GoopSpray"],"picked":"Slimebound:RollThrough","floor":3.0},{"not_picked":["Slimebound:ForwardTackle","Slimebound:MassRepurpose"],"picked":"Slimebound:Prepare","floor":4.0},{"not_picked":["Slimebound:GoopSpray","Slimebound:SplitLeeching"],"picked":"Slimebound:HauntingLick","floor":6},{"not_picked":["Slimebound:LeadByExample","Slimebound:Grow"],"picked":"Slimebound:SplitLeeching","floor":9},{"not_picked":["Slimebound:PressTheAttack","Slimebound:SplitBruiser"],"picked":"Slimebound:ComboTackle","floor":12},{"not_picked":["Slimebound:Gluttony","Slimebound:ItLooksTasty"],"picked":"Slimebound:RollThrough","floor":14},{"not_picked":["Slimebound:LeadByExample","Slimebound:SlimeTap","Slimebound:Dissolve"],"picked":"SKIP","floor":15},{"not_picked":["Slimebound:MassRepurpose","Slimebound:Teamwork"],"picked":"Slimebound:DuplicatedForm","floor":16},{"not_picked":["Slimebound:RainOfGoop","Slimebound:Dissolve"],"picked":"Slimebound:ComboTackle","floor":17},{"not_picked":["Slimebound:GoopSpray","Slimebound:SplitBruiser"],"picked":"Slimebound:LevelUp+1","floor":20},{"not_picked":["Slimebound:ComboTackle","Slimebound:FinishingTackle"],"picked":"Slimebound:ViciousTackle+1","floor":22}],"player_experience":26618,"relics_obtained":[{"floor":11,"key":"PreservedInsect"},{"floor":19,"key":"Necronomicon"},{"floor":24,"key":"Ornamental Fan"}],"event_choices":[{"damage_healed":0,"gold_gain":0,"player_choice":"Ignored","damage_taken":0,"max_hp_gain":0,"max_hp_loss":0,"event_name":"Ghosts","floor":23,"gold_loss":0}],"is_beta":false,"boss_relics":[{"not_picked":["Slimebound:TarBlob","Coffee Dripper"],"picked":"Tiny House"}],"items_purged_floors":[],"is_endless":false,"potions_floor_spawned":[4,6,12,20],"killed_by":"Cultist and Chosen","ascension_level":0}}