{"host":"mq3ujo75gqb6jwby","time":1612648496,"event":{"mods":["BaseMod","BetterRewards","Colored Map","Downfall","Minty Spire (QoL Compilation)","Permanent Neow","Quick Restart","Relic Stats","StSLib","everything is the same but u backflip on backflip"],"gold_per_floor":[144,189,189,14,14,112,161,259,309,358,407,505,554,514,514,839,839,888,937,562,562,611,709,709,709,709,807,807,856,954,954,954,1279,1279,1328,1377,1377,1439,990,990,990,1039,1039,1137,1186,1235,1235,1333,1333,1333],"floor_reached":51,"language":"ENG","playtime":1918,"items_purged":["Normality","Pain"],"score":1185,"play_id":"5d6bc718-ae21-428d-b01b-0e6ce6938b6d","local_time":"20210206225456","daily_mods":["Cursed Run","Time Dilation","Midas"],"is_ascension_mode":false,"campfire_choices":[{"floor":15.0,"key":"REST"},{"floor":24.0,"key":"REST"},{"floor":32.0,"key":"REST"},{"floor":40,"key":"REST"},{"floor":49,"key":"REST"}],"circlet_count":0,"master_deck":["Strike_P+1","Strike_P+1","Strike_P+1","Strike_P+1","Defend_P+1","Defend_P+1","Defend_P+1","Eruption","Vigilance","Vengeance","Tantrum+1","FollowUp+1","Regret","Consecrate","InnerPeace+1","Indignation+1","Doubt","ClearTheMind","EmptyBody","WheelKick+1","Halt+1","Ragnarok","CutThroughFate","FlyingSleeves+1","Regret","Writhe","Ragnarok","WheelKick+1","Purity","Dramatic Entrance","Flash of Steel","Master of Strategy","JustLucky+1","Adaptation+1","Regret","CutThroughFate+1","Injury"],"relics":["Cursed Key","Darkstone Periapt","Du-Vu Doll","Golden Idol","Akabeko","Pantograph","Potion Belt","Meat on the Bone","Boot","Oddly Smooth Stone","Philosopher\u0027s Stone","champ:Barbells","Bag of Marbles","Sundial","bronze:BronzeIdol","Bird Faced Urn","sneckomod:BlankCard","Smiling Mask","expansioncontent:StudyCardRelic","Prayer Wheel","Whetstone","Bag of Preparation","Question Card","PreservedInsect"],"acts_visited":["Exordium","TheCity","TheBeyond"],"potions_floor_usage":[48,50,50,50,50,50,50,50,50,50],"damage_taken":[{"damage":0.0,"enemies":"Small Slimes","floor":1.0,"turns":4.0},{"damage":0.0,"enemies":"2 Louse","floor":2.0,"turns":1.0},{"damage":1.0,"enemies":"Gremlin Nob","floor":6.0,"turns":2.0},{"damage":0.0,"enemies":"Cultist","floor":7.0,"turns":2.0},{"damage":4.0,"enemies":"Lagavulin","floor":8.0,"turns":4.0},{"damage":0.0,"enemies":"Red Slaver","floor":10.0,"turns":1.0},{"damage":7.0,"enemies":"Looter","floor":11.0,"turns":2.0},{"damage":0.0,"enemies":"Gremlin Nob","floor":12.0,"turns":1.0},{"damage":1.0,"enemies":"3 Louse","floor":13.0,"turns":2.0},{"damage":8.0,"enemies":"The Guardian","floor":16.0,"turns":4.0},{"damage":0.0,"enemies":"Spheric Guardian","floor":18.0,"turns":1.0},{"damage":2.0,"enemies":"Chosen","floor":19.0,"turns":3.0},{"damage":20.0,"enemies":"Shelled Parasite and Fungi","floor":22.0,"turns":4.0},{"damage":7.0,"enemies":"Book of Stabbing","floor":23.0,"turns":3.0},{"damage":5.0,"enemies":"Slavers","floor":27.0,"turns":2.0},{"damage":0.0,"enemies":"Chosen and Byrds","floor":29.0,"turns":1.0},{"damage":0.0,"enemies":"Gremlin Leader","floor":30.0,"turns":1.0},{"damage":4.0,"enemies":"Automaton","floor":33.0,"turns":4.0},{"damage":0,"enemies":"3 Darklings","floor":35,"turns":1},{"damage":8,"enemies":"Orb Walker","floor":36,"turns":2},{"damage":7,"enemies":"2 Orb Walkers","floor":38,"turns":2},{"damage":0,"enemies":"3 Darklings","floor":42,"turns":1},{"damage":0,"enemies":"Reptomancer","floor":44,"turns":1},{"damage":0,"enemies":"Spire Growth","floor":45,"turns":1},{"damage":0,"enemies":"Maw","floor":46,"turns":2},{"damage":15,"enemies":"Giant Head","floor":48,"turns":3},{"damage":25,"enemies":"Awakened One","floor":50,"turns":3}],"seed_played":"5285009320175426936","potions_obtained":[{"floor":2.0,"key":"BottledMiracle"},{"floor":7.0,"key":"Regen Potion"},{"floor":8.0,"key":"champ:CounterPotion"},{"floor":13.0,"key":"PowerPotion"},{"floor":14.0,"key":"PowerPotion"},{"floor":14.0,"key":"CultistPotion"},{"floor":22.0,"key":"Dexterity Potion"},{"floor":23.0,"key":"Ambrosia"},{"floor":27.0,"key":"hexamod:SoulburnPotion"},{"floor":35,"key":"Slimebound:ThreeZeroPotion"},{"floor":42,"key":"EntropicBrew"},{"floor":48,"key":"Guardian:BlockOnCardUsePotion"}],"is_trial":false,"path_per_floor":["M","M","?","$","?","E","M","E","T","M","M","E","M","?","R","B",null,"M","M","$","?","M","E","R","?","T","E","?","M","E","T","R","B",null,"M","M","?","?","$","R","?","M","T","E","M","M","?","E","R","B",null],"character_chosen":"WATCHER","items_purchased":["Akabeko","FollowUp","champ:Barbells","Bag of Marbles","Whetstone","Flash of Steel","Master of Strategy"],"campfire_rested":5,"item_purchase_floors":[4,4,20,20,39,39,39],"current_hp_per_floor":[72,72,54,54,60,59,59,55,61,61,54,54,53,53,78,82,90,90,88,88,88,68,70,90,90,96,91,91,91,91,97,102,104,108,108,102,92,87,87,108,118,118,124,124,124,124,124,113,124,105],"gold":1333,"neow_bonus":"","is_daily":true,"chose_seed":false,"campfire_upgraded":0,"win_rate":0.0,"timestamp":1612648496,"path_taken":["M","M","?","$","?","E","M","E","T","M","M","E","M","?","R","BOSS","M","M","$","?","?","E","R","?","T","E","?","M","E","?","R","BOSS","M","M","?","?","$","R","?","M","T","E","?","M","?","E","R","BOSS"],"items_purchased_type":["Relic","Card","Relic","Relic","Relic","Card","Card"],"build_version":"2020-12-22","purchased_purges":2,"victory":true,"max_hp_per_floor":[72,72,72,72,78,78,78,78,84,84,84,84,84,84,84,90,90,90,90,90,90,90,90,90,90,96,96,96,96,96,102,102,108,108,108,108,108,108,108,108,118,118,124,124,124,124,124,124,124,130],"relic_stats":{"Darkstone Periapt":48,"counters":[27,58],"Golden Idol":196,"PreservedInsect":0,"Bag of Preparation":[10],"Whetstone":["WheelKick","FollowUp"],"Cursed Key":4,"Boot":[10],"Smiling Mask":50,"Question Card":5,"Sundial":[0],"Pantograph":6,"Bird Faced Urn":[8],"Prayer Wheel":3,"obtain_stats":[{"Darkstone Periapt":0,"Potion Belt":6,"champ:Barbells":20,"Golden Idol":3,"sneckomod:BlankCard":30,"Oddly Smooth Stone":12,"PreservedInsect":48,"expansioncontent:StudyCardRelic":34,"Bag of Preparation":43,"Whetstone":39,"Cursed Key":0,"Boot":9,"Smiling Mask":31,"Question Card":44,"Akabeko":4,"bronze:BronzeIdol":26,"Du-Vu Doll":0,"Sundial":23,"Pantograph":5,"Bird Faced Urn":27,"Philosopher\u0027s Stone":17,"Prayer Wheel":38,"Bag of Marbles":20,"Meat on the Bone":8},{"Darkstone Periapt":0,"Potion Belt":3,"champ:Barbells":12,"Golden Idol":2,"sneckomod:BlankCard":17,"Oddly Smooth Stone":8,"PreservedInsect":26,"expansioncontent:StudyCardRelic":18,"Bag of Preparation":22,"Whetstone":21,"Cursed Key":0,"Boot":5,"Smiling Mask":17,"Question Card":23,"Akabeko":2,"bronze:BronzeIdol":14,"Du-Vu Doll":0,"Sundial":14,"Pantograph":2,"Bird Faced Urn":15,"Philosopher\u0027s Stone":10,"Prayer Wheel":21,"Bag of Marbles":12,"Meat on the Bone":5},{"Darkstone Periapt":0,"Potion Belt":7,"champ:Barbells":27,"Golden Idol":5,"sneckomod:BlankCard":38,"Oddly Smooth Stone":17,"PreservedInsect":55,"expansioncontent:StudyCardRelic":42,"Bag of Preparation":48,"Whetstone":47,"Cursed Key":0,"Boot":13,"Smiling Mask":38,"Question Card":49,"Akabeko":5,"bronze:BronzeIdol":34,"Du-Vu Doll":0,"Sundial":34,"Pantograph":5,"Bird Faced Urn":36,"Philosopher\u0027s Stone":23,"Prayer Wheel":47,"Bag of Marbles":27,"Meat on the Bone":13}],"Meat on the Bone":0},"card_choices":[{"not_picked":["Halt","Protect"],"picked":"Vengeance","floor":1.0},{"not_picked":["FollowUp","Indignation"],"picked":"Tantrum","floor":2.0},{"not_picked":["EmptyFist","Blasphemy"],"picked":"Consecrate","floor":6.0},{"not_picked":["FlyingSleeves","EmptyBody"],"picked":"InnerPeace","floor":7.0},{"not_picked":["JustLucky","BowlingBash"],"picked":"Indignation","floor":8.0},{"not_picked":["Protect","JustLucky"],"picked":"ClearTheMind","floor":10.0},{"not_picked":["Brilliance","ClearTheMind"],"picked":"EmptyBody","floor":11.0},{"not_picked":["CrushJoints","ClearTheMind"],"picked":"WheelKick","floor":12.0},{"not_picked":["SashWhip","CrushJoints"],"picked":"Halt","floor":13.0},{"not_picked":["DeusExMachina","Brilliance"],"picked":"Ragnarok","floor":16.0},{"not_picked":["EmptyFist","Wallop"],"picked":"CutThroughFate","floor":18.0},{"not_picked":["InnerPeace","SashWhip","Consecrate"],"picked":"SKIP","floor":19.0},{"not_picked":["Crescendo+1","WheelKick"],"picked":"FlyingSleeves+1","floor":22.0},{"not_picked":["Adaptation","Crescendo","CarveReality"],"picked":"SKIP","floor":23.0},{"not_picked":["SignatureMove","CarveReality+1","Indignation+1"],"picked":"SKIP","floor":27.0},{"not_picked":["Consecrate","Meditate","SpiritShield"],"picked":"SKIP","floor":29.0},{"not_picked":["PathToVictory","Worship","ClearTheMind"],"picked":"SKIP","floor":30.0},{"not_picked":["Blasphemy","Establishment"],"picked":"Ragnarok","floor":33.0},{"not_picked":["CrushJoints","Adaptation"],"picked":"WheelKick+1","floor":35},{"not_picked":["EmptyBody","Evaluate","FollowUp"],"picked":"SKIP","floor":36},{"not_picked":["Panache","Forethought"],"picked":"Purity","floor":37},{"not_picked":["PanicButton","Transmutation"],"picked":"Dramatic Entrance","floor":37},{"not_picked":["BattleHymn","ReachHeaven"],"picked":"JustLucky+1","floor":42},{"not_picked":["Prostrate+1","ForeignInfluence+1"],"picked":"Adaptation+1","floor":42},{"not_picked":["EmptyBody","Consecrate","EmptyFist"],"picked":"SKIP","floor":44},{"not_picked":["ThirdEye+1","Protect","Wish"],"picked":"CutThroughFate+1","floor":45},{"not_picked":["Protect","FollowUp","Consecrate","PathToVictory+1"],"picked":"SKIP","floor":45},{"not_picked":["Wireheading","JustLucky+1","Nirvana+1","CrushJoints+1"],"picked":"SKIP","floor":46},{"not_picked":["MentalFortress","JustLucky+1","Swivel","TalkToTheHand+1"],"picked":"SKIP","floor":46},{"not_picked":["FlurryOfBlows+1","Worship","EmptyBody","LessonLearned"],"picked":"SKIP","floor":48}],"player_experience":747886,"relics_obtained":[{"floor":6.0,"key":"Potion Belt"},{"floor":8.0,"key":"Meat on the Bone"},{"floor":9.0,"key":"Boot"},{"floor":12.0,"key":"Oddly Smooth Stone"},{"floor":23.0,"key":"Sundial"},{"floor":26.0,"key":"bronze:BronzeIdol"},{"floor":27.0,"key":"Bird Faced Urn"},{"floor":30.0,"key":"sneckomod:BlankCard"},{"floor":31.0,"key":"Smiling Mask"},{"floor":38,"key":"Prayer Wheel"},{"floor":43,"key":"Bag of Preparation"},{"floor":44,"key":"Question Card"},{"floor":48,"key":"PreservedInsect"}],"event_choices":[{"damage_healed":0.0,"max_hp_gain":0.0,"max_hp_loss":0.0,"gold_gain":0.0,"event_name":"Golden Idol","player_choice":"Take Damage","floor":3.0,"gold_loss":0.0,"damage_taken":18.0,"relics_obtained":["Golden Idol"]},{"damage_healed":0.0,"max_hp_gain":0.0,"max_hp_loss":0.0,"gold_gain":0.0,"event_name":"Big Fish","player_choice":"Box","floor":5.0,"gold_loss":0.0,"damage_taken":0.0,"relics_obtained":["Pantograph"],"cards_obtained":["Regret"]},{"damage_healed":0.0,"max_hp_gain":0.0,"max_hp_loss":0.0,"gold_gain":0.0,"event_name":"The Woman in Blue","player_choice":"Bought 3 Potions","floor":14.0,"gold_loss":0.0,"damage_taken":0.0},{"damage_healed":0.0,"max_hp_gain":0.0,"max_hp_loss":0.0,"gold_gain":0.0,"cards_transformed":["Defend_P"],"event_name":"Transmorgrifier","player_choice":"Transformed","floor":21.0,"gold_loss":0.0,"damage_taken":0.0,"cards_obtained":["LessonLearned"]},{"damage_healed":0.0,"max_hp_gain":0.0,"max_hp_loss":0.0,"gold_gain":0.0,"event_name":"Back to Basics","player_choice":"Simplicity","floor":25.0,"gold_loss":0.0,"damage_taken":0.0,"cards_upgraded":["Strike_P","Strike_P","Strike_P","Defend_P","Defend_P"]},{"damage_healed":0.0,"max_hp_gain":0.0,"max_hp_loss":0.0,"gold_gain":0.0,"event_name":"Vampires","player_choice":"Ignored","floor":28.0,"gold_loss":0.0,"damage_taken":0.0},{"damage_healed":0,"gold_gain":0,"player_choice":"Memory 3","damage_taken":10,"max_hp_gain":0,"max_hp_loss":0,"event_name":"SensoryStone","floor":37,"gold_loss":0},{"damage_healed":0,"gold_gain":0,"player_choice":"Fight","damage_taken":0,"max_hp_gain":0,"max_hp_loss":0,"event_name":"Mysterious Sphere","floor":38,"gold_loss":0},{"cards_removed":["LessonLearned"],"damage_healed":0,"gold_gain":0,"player_choice":"Offered Rare","damage_taken":0,"max_hp_gain":10,"max_hp_loss":0,"event_name":"Bonfire Elementals","floor":41,"gold_loss":0},{"damage_healed":0,"gold_gain":0,"player_choice":"0 cards matched","damage_taken":0,"max_hp_gain":0,"max_hp_loss":0,"event_name":"Match and Keep!","floor":47,"gold_loss":0,"cards_obtained":[]}],"is_beta":false,"boss_relics":[{"not_picked":["Coffee Dripper","Busted Crown"],"picked":"Philosopher\u0027s Stone"},{"not_picked":["Black Star","Astrolabe"],"picked":"expansioncontent:StudyCardRelic"}],"items_purged_floors":[20,39],"is_endless":false,"potions_floor_spawned":[2,7,8,13,22,23,27,35,42,48],"ascension_level":0}}