{"host":"p0hktren06injwdf","time":1612604575,"event":{"mods":["AchievementEnabler","BaseMod","Colored Map","DeckTracker","Minty Spire (QoL Compilation)","Permanent Neow","StSLib","SuperFastMode"],"gold_per_floor":[119,131,46,66,66,66,95,95,95,113,113,113,131,151,151,151,151],"floor_reached":16,"language":"KOR","playtime":272,"items_purged":[],"score":204,"play_id":"545b3f15-b6cf-48ea-a504-458ef7c67521","local_time":"20210206184255","is_ascension_mode":true,"campfire_choices":[{"data":"Dagger Spray","floor":6.0,"key":"SMITH"},{"data":"Noxious Fumes","floor":8.0,"key":"SMITH"},{"data":"Dodge and Roll","floor":11.0,"key":"SMITH"},{"data":"Bane","floor":15.0,"key":"SMITH"}],"circlet_count":0,"master_deck":["AscendersBane","Strike_G","Strike_G","Strike_G","Strike_G","Strike_G","Defend_G","Defend_G","Defend_G","Defend_G","Defend_G","Survivor","Neutralize","Bullet Time+1","Dagger Throw","Slice","Noxious Fumes+1","Dagger Spray+1","Dodge and Roll+1","Bane+1"],"relics":["Ring of the Snake","Paper Crane","MealTicket","Lantern"],"acts_visited":["Exordium"],"potions_floor_usage":[],"damage_taken":[{"damage":3.0,"enemies":"2 Louse","floor":1.0,"turns":4.0},{"damage":2.0,"enemies":"Cultist","floor":2.0,"turns":5.0},{"damage":4.0,"enemies":"Small Slimes","floor":4.0,"turns":3.0},{"damage":15.0,"enemies":"3 Sentries","floor":7.0,"turns":7.0},{"damage":4.0,"enemies":"3 Louse","floor":10.0,"turns":3.0},{"damage":12.0,"enemies":"Exordium Thugs","floor":13.0,"turns":4.0},{"damage":0.0,"enemies":"Looter","floor":14.0,"turns":2.0},{"damage":56,"enemies":"Slime Boss","floor":16,"turns":7}],"seed_played":"7953648540941739626","potions_obtained":[{"floor":1.0,"key":"FairyPotion"},{"floor":4.0,"key":"CultistPotion"}],"is_trial":false,"path_per_floor":["M","M","$","M","?","R","E","R","T","M","R","?","M","M","R","B"],"character_chosen":"THE_SILENT","items_purchased":["Noxious Fumes"],"campfire_rested":0,"item_purchase_floors":[3],"current_hp_per_floor":[56,54,54,50,50,50,35,35,35,31,31,31,19,19,19,1,1],"gold":151,"neow_bonus":"ONE_RANDOM_RARE_CARD","is_daily":false,"chose_seed":false,"campfire_upgraded":4,"win_rate":0.0,"timestamp":1612604575,"path_taken":["M","M","$","M","?","R","E","R","T","M","R","?","M","M","R","BOSS"],"items_purchased_type":["Card"],"build_version":"2020-12-22","purchased_purges":0,"victory":false,"max_hp_per_floor":[66,66,66,66,66,66,66,66,66,66,66,66,66,66,66,66,66],"card_choices":[{"not_picked":["Escape Plan","Bane"],"picked":"Dagger Throw","floor":1.0},{"not_picked":["Catalyst","Bane"],"picked":"Slice","floor":2.0},{"not_picked":["Quick Slash","Backflip"],"picked":"Dagger Spray","floor":4.0},{"not_picked":["Sucker Punch","Storm of Steel"],"picked":"Dodge and Roll","floor":7.0},{"not_picked":["Prepared","Dagger Throw","Poisoned Stab"],"picked":"SKIP","floor":10.0},{"not_picked":["Noxious Fumes","Slice"],"picked":"Bane","floor":13.0},{"not_picked":["Bane","Poisoned Stab","Eviscerate"],"picked":"SKIP","floor":14.0}],"player_experience":1014044,"relics_obtained":[{"floor":7.0,"key":"Paper Crane"},{"floor":9.0,"key":"MealTicket"}],"event_choices":[{"damage_healed":0.0,"max_hp_gain":0.0,"max_hp_loss":0.0,"gold_gain":0.0,"event_name":"Living Wall","player_choice":"Grow","floor":5.0,"gold_loss":0.0,"damage_taken":0.0,"cards_upgraded":["Bullet Time"]},{"damage_healed":0.0,"max_hp_gain":0.0,"max_hp_loss":0.0,"gold_gain":0.0,"event_name":"WeMeetAgain","player_choice":"Gave Potion","floor":12.0,"gold_loss":0.0,"damage_taken":0.0,"relics_obtained":["Lantern"]}],"is_beta":false,"boss_relics":[],"items_purged_floors":[],"is_endless":false,"potions_floor_spawned":[1,4,7,10],"killed_by":"Slime Boss","ascension_level":20}}