{"host":"njruw0b0uprlitpx","time":1612633470,"event":{"mods":["2.2 Compatiblity","Aspiration","Bartender","BaseMod","Better Altar","Better Match","Better Note","Better Sensory Stone","Better Skull","Better Third Choice","BetterRewards","Block Reminder","Colored Map","Colored Powertips","Energized Spire","Jedi Mod","Keyboard Shortcuts","Magitek Elite","Minty Spire (QoL Compilation)","Quick Restart","Rare Cards Sparkle","Relic Stats","Replay The Spire","SacredBarkPlus","Spicy Shops","StSLib","SuperFastMode","The Blackbeard","The Necromancer"],"gold_per_floor":[113,188,48,58,72,104,104,29,29,29,56,89,107,122,122,195,195,214,214,214,228,0,31,31,31,31,31,42,42,68,68,68,139,139,159,176,18,38,55,90,12,12,12,30,44,69,0,50,50,50],"floor_reached":51,"language":"ENG","playtime":1745,"items_purged":["Defend_Bartender","Defend_Bartender"],"score":2162,"play_id":"5b5a3ca6-f932-45bf-a9c7-331f3bfa76b7","local_time":"20210206114430","is_ascension_mode":true,"campfire_choices":[{"data":"Raptor_Form","floor":7.0,"key":"SMITH"},{"data":"OpoOpo_Form","floor":10.0,"key":"SMITH"},{"data":"Alacrity","floor":15.0,"key":"SMITH"},{"data":"Dolphin_Blow","floor":24.0,"key":"SMITH"},{"data":"Beat_Rush","floor":27.0,"key":"SMITH"},{"data":"High_Tide","floor":29.0,"key":"SMITH"},{"data":"Patience","floor":32.0,"key":"SMITH"},{"data":"Discovery","floor":42,"key":"SMITH"},{"data":"Windup","floor":49,"key":"SMITH"}],"circlet_count":0,"master_deck":["AscendersBane","Strike_Bartender","Strike_Bartender","Strike_Bartender","Strike_Bartender","Somersault","Momentum+1","Cross+1","Discovery+1","Ripple","Power_Up_Punch","RockBreaker","Raptor_Form+1","Alacrity+1","OpoOpo_Form+1","Beat_Rush+1","Waterkick","Ripple","High_Tide+1","Ball_Of_Ice","Meteodrive","Moonsault_Kick","Hook","Dolphin_Blow+1","Patience+1","High_Tide","AbeCurse","Scowl+1","Power_Up_Punch","Ripple+1","Dancing_Jab","Hook","Perfect_Balance","Stick_and_Move","Windup+1","Insight_B"],"relics":["Sneakers","jedi:matchstick","Ornamental Fan","CaptainsWheel","Water_Ring","Snack Pack","Gremlin Food","Shuriken","aspiration:SecretTechniqueScroll","Anchor","Tintinnabulum","jedi:archwizardhat","Incense Burner","Abe\u0027s Treasure","Cowboy_Hat","Potion Belt","aspiration:AnachronicSnailShell","Red Mask"],"acts_visited":["Exordium","TheCity","TheBeyond"],"potions_floor_usage":[38],"damage_taken":[{"damage":0.0,"enemies":"Cultist","floor":1.0,"turns":3.0},{"damage":2.0,"enemies":"2 Louse","floor":4.0,"turns":3.0},{"damage":0.0,"enemies":"Small Slimes","floor":5.0,"turns":2.0},{"damage":0.0,"enemies":"Lagavulin","floor":6.0,"turns":4.0},{"damage":1.0,"enemies":"Replay:BlueRogue","floor":12.0,"turns":4.0},{"damage":6.0,"enemies":"Looter","floor":13.0,"turns":3.0},{"damage":14.0,"enemies":"3 Louse","floor":14.0,"turns":4.0},{"damage":0.0,"enemies":"Slime Boss","floor":16.0,"turns":4.0},{"damage":10.0,"enemies":"Shell Parasite","floor":18.0,"turns":3.0},{"damage":0.0,"enemies":"Chosen","floor":21.0,"turns":3.0},{"damage":0.0,"enemies":"Replay:Snechameleon","floor":23.0,"turns":4.0},{"damage":0.0,"enemies":"3 Cultists","floor":28.0,"turns":3.0},{"damage":0.0,"enemies":"Slavers","floor":30.0,"turns":2.0},{"damage":0.0,"enemies":"Collector","floor":33.0,"turns":5.0},{"damage":14,"enemies":"3 Shapes","floor":35,"turns":3},{"damage":0,"enemies":"Orb Walker","floor":36,"turns":3},{"damage":13,"enemies":"Sphere and 2 Shapes","floor":38,"turns":3},{"damage":0,"enemies":"Spire Growth","floor":39,"turns":3},{"damage":1,"enemies":"R_Hoarder","floor":40,"turns":4},{"damage":12,"enemies":"3 Darklings","floor":44,"turns":4},{"damage":12,"enemies":"Transient","floor":45,"turns":4},{"damage":0,"enemies":"Giant Head","floor":46,"turns":4},{"damage":14,"enemies":"Time Eater","floor":50,"turns":5}],"seed_played":"-3386176213531186058","potions_obtained":[{"floor":1.0,"key":"Block Potion"},{"floor":5.0,"key":"Regen Potion"},{"floor":18.0,"key":"PowerPotion"},{"floor":23.0,"key":"jedi:StrikingPotion"},{"floor":33.0,"key":"ColorlessPotion"},{"floor":38,"key":"BlessingOfTheForge"},{"floor":39,"key":"Weak Potion"},{"floor":46,"key":"SmokeBomb"}],"is_trial":false,"path_per_floor":["M","?","$","M","M","E","R","?","T","R","T","E","M","M","R","B",null,"M","?","?","M","$","E","R","$","T","R","M","R","E","?","R","B",null,"M","M","$","M","M","E","$","R","T","M","M","E","?","?","R","B",null],"character_chosen":"BARTENDER","items_purchased":["Momentum","Cross+1","Discovery","Ornamental Fan","CaptainsWheel","Strength Potion","Power_Up_Punch","RockBreaker","Moonsault_Kick","Hook","Strength Potion","Power_Up_Punch","Perfect_Balance"],"campfire_rested":0,"item_purchase_floors":[0,0,0,0,0,0,3,3,22,22,22,37,41],"current_hp_per_floor":[59,59,59,57,57,57,57,57,57,57,57,60,56,56,56,60,64,58,58,58,60,60,65,65,65,65,65,65,65,65,65,65,65,65,53,56,57,53,60,64,65,65,65,57,56,59,60,61,62,57],"gold":50,"neow_bonus":"","is_daily":false,"chose_seed":false,"campfire_upgraded":9,"win_rate":0.0,"timestamp":1612633470,"path_taken":["M","?","$","M","M","E","R","?","T","R","?","E","M","?","R","BOSS","M","?","?","M","$","E","R","$","T","R","M","R","E","?","R","BOSS","M","?","$","M","?","E","?","R","T","M","M","E","?","?","R","BOSS"],"items_purchased_type":["Card","Card","Card","Relic","Relic","Potion","Card","Card","Card","Card","Potion","Card","Card"],"build_version":"2020-12-22","purchased_purges":2,"victory":true,"max_hp_per_floor":[65,65,65,65,65,65,65,65,65,65,65,65,65,65,65,65,65,65,65,65,65,65,65,65,65,65,65,65,65,65,65,65,65,65,65,65,65,65,65,65,65,65,65,65,65,65,65,65,65,65],"relic_stats":{"counters":[45,158],"Ornamental Fan":[200],"Shuriken":[43],"obtain_stats":[{"ReplayFunnel":46,"beaked:ShinyBauble":26,"Calipers":47,"Gremlin Horn":30,"Torii":41,"Bag of Preparation":43,"Incense Burner":30,"jedi:archwizardhat":26,"PrismaticShard":2,"White_Cape":8,"Ancient Tea Set":12,"Pet Ghost":20,"Cowboy_Hat":40,"Blood Vial":5,"Centennial Puzzle":7,"Replay:Bandana":22,"Lizard Tail":25,"Nunchaku":39,"jedi:firstaidkit":47,"aspiration:AnachronicSnailShell":46,"jedi:matchstick":0,"Red Mask":47,"Gremlin Food":11,"Potion Belt":43,"BargainBundle":47,"Sneakers":0,"ReplayTheSpireMod:CursedCoin":8,"aspiration:FetidBarrel":10,"Golden Idol":13,"jedi:crownofsimplicity":9,"aspiration:SecretTechniqueScroll":17,"Frozen Egg 2":47,"jedi:heavyjacket":44,"OrangePellets":47,"Bottled Flame":28,"Replay:Baseball":31,"CaptainsWheel":0,"Anchor":20,"Water_Ring":6,"Ornamental Fan":0,"Shuriken":12,"Orrery":22,"Tintinnabulum":23,"ReplayTheSpireMod:TigerMarble":39,"Snack Pack":9,"aspiration:BeakedSkillbook":17,"Abe\u0027s Treasure":34},{"ReplayFunnel":20,"beaked:ShinyBauble":10,"Calipers":20,"Gremlin Horn":12,"Torii":17,"Bag of Preparation":17,"Incense Burner":35,"jedi:archwizardhat":33,"PrismaticShard":1,"White_Cape":3,"Ancient Tea Set":6,"Pet Ghost":9,"Cowboy_Hat":41,"Blood Vial":2,"Centennial Puzzle":3,"Replay:Bandana":9,"Lizard Tail":10,"Nunchaku":16,"jedi:firstaidkit":20,"aspiration:AnachronicSnailShell":44,"jedi:matchstick":22,"Red Mask":44,"Gremlin Food":26,"Potion Belt":41,"BargainBundle":20,"Sneakers":0,"ReplayTheSpireMod:CursedCoin":3,"aspiration:FetidBarrel":4,"Golden Idol":6,"jedi:crownofsimplicity":3,"aspiration:SecretTechniqueScroll":30,"Frozen Egg 2":20,"jedi:heavyjacket":18,"OrangePellets":20,"Bottled Flame":11,"Replay:Baseball":13,"CaptainsWheel":22,"Anchor":31,"Water_Ring":26,"Ornamental Fan":22,"Shuriken":27,"Orrery":9,"Tintinnabulum":33,"ReplayTheSpireMod:TigerMarble":16,"Snack Pack":26,"aspiration:BeakedSkillbook":7,"Abe\u0027s Treasure":14},{"ReplayFunnel":71,"beaked:ShinyBauble":39,"Calipers":71,"Gremlin Horn":46,"Torii":63,"Bag of Preparation":63,"Incense Burner":120,"jedi:archwizardhat":115,"PrismaticShard":3,"White_Cape":13,"Ancient Tea Set":27,"Pet Ghost":36,"Cowboy_Hat":141,"Blood Vial":6,"Centennial Puzzle":13,"Replay:Bandana":36,"Lizard Tail":39,"Nunchaku":60,"jedi:firstaidkit":71,"aspiration:AnachronicSnailShell":153,"jedi:matchstick":78,"Red Mask":153,"Gremlin Food":90,"Potion Belt":141,"BargainBundle":71,"Sneakers":0,"ReplayTheSpireMod:CursedCoin":13,"aspiration:FetidBarrel":21,"Golden Idol":27,"jedi:crownofsimplicity":13,"aspiration:SecretTechniqueScroll":105,"Frozen Egg 2":71,"jedi:heavyjacket":68,"OrangePellets":71,"Bottled Flame":42,"Replay:Baseball":49,"CaptainsWheel":78,"Anchor":108,"Water_Ring":90,"Ornamental Fan":78,"Shuriken":94,"Orrery":36,"Tintinnabulum":115,"ReplayTheSpireMod:TigerMarble":60,"Snack Pack":90,"aspiration:BeakedSkillbook":30,"Abe\u0027s Treasure":55}]},"card_choices":[{"not_picked":["Dragonkick","With_A_Twist"],"picked":"Ripple","floor":1.0},{"not_picked":["Dragonkick","Momentum"],"picked":"Raptor_Form","floor":4.0},{"not_picked":["With_A_Twist","Snap_Punch"],"picked":"Alacrity","floor":5.0},{"not_picked":["Foot_Thrust","Training_Dummy"],"picked":"OpoOpo_Form","floor":6.0},{"not_picked":["Press_Forward","Tornado_Kick"],"picked":"Beat_Rush","floor":12.0},{"not_picked":["Elbow_Slash","Ripple"],"picked":"Waterkick","floor":13.0},{"not_picked":["Pony_Shot","Bloodbath_Bartender"],"picked":"Ripple","floor":14.0},{"not_picked":["Top_Shelf","Butterfly_Float"],"picked":"High_Tide","floor":16.0},{"not_picked":["With_A_Twist","Well_Drinks"],"picked":"Ball_Of_Ice","floor":18.0},{"not_picked":["Pony_Shot+1","Foot_Thrust"],"picked":"Meteodrive","floor":21.0},{"not_picked":["Bicycle_Kick","Press_Forward"],"picked":"Dolphin_Blow","floor":23.0},{"not_picked":["Scowl","Cross","On_The_Rocks"],"picked":"SKIP","floor":28.0},{"not_picked":["Meteodrive","Mirage"],"picked":"Patience","floor":30.0},{"not_picked":["Patience","Spirits_Within"],"picked":"High_Tide","floor":33.0},{"not_picked":["Ripple","Free_Pour"],"picked":"Scowl+1","floor":35},{"not_picked":["Torment","Training_Dummy","Press_Forward"],"picked":"SKIP","floor":36},{"not_picked":["Hook","With_A_Twist"],"picked":"Ripple+1","floor":38},{"not_picked":["Hook+1","Tornado_Kick"],"picked":"Dancing_Jab","floor":39},{"not_picked":["Center_Self","Meditate"],"picked":"Hook","floor":40},{"not_picked":["Free_Pour+1","Cross"],"picked":"Stick_and_Move","floor":44},{"not_picked":["Perfect_Balance+1","Pony_Shot"],"picked":"Windup","floor":45},{"not_picked":["Cross","Pony_Shot"],"picked":"Insight_B","floor":46}],"player_experience":1346323,"relics_obtained":[{"floor":6.0,"key":"Water_Ring"},{"floor":9.0,"key":"Snack Pack"},{"floor":11.0,"key":"Gremlin Food"},{"floor":12.0,"key":"Shuriken"},{"floor":23.0,"key":"Tintinnabulum"},{"floor":26.0,"key":"jedi:archwizardhat"},{"floor":30.0,"key":"Incense Burner"},{"floor":40,"key":"Cowboy_Hat"},{"floor":43,"key":"Potion Belt"},{"floor":46,"key":"aspiration:AnachronicSnailShell"}],"event_choices":[{"damage_healed":0.0,"max_hp_gain":0.0,"max_hp_loss":0.0,"gold_gain":75.0,"event_name":"Golden Wing","player_choice":"Gained Gold","floor":2.0,"gold_loss":0.0,"damage_taken":0.0},{"cards_removed":["Defend_Bartender"],"damage_healed":0.0,"max_hp_gain":0.0,"max_hp_loss":0.0,"gold_gain":0.0,"event_name":"The Cleric","player_choice":"Card Removal","floor":8.0,"gold_loss":75.0,"damage_taken":0.0},{"damage_healed":0.0,"max_hp_gain":0.0,"max_hp_loss":0.0,"gold_gain":0.0,"event_name":"Accursed Blacksmith","player_choice":"Forge","floor":19.0,"gold_loss":0.0,"damage_taken":0.0,"cards_upgraded":["Momentum"]},{"damage_healed":0.0,"max_hp_gain":0.0,"max_hp_loss":0.0,"gold_gain":0.0,"event_name":"WeMeetAgain","player_choice":"Gave Potion","floor":20.0,"gold_loss":0.0,"damage_taken":0.0,"relics_obtained":["Anchor"]},{"cards_removed":["Defend_Bartender"],"damage_healed":0.0,"max_hp_gain":0.0,"max_hp_loss":0.0,"gold_gain":0.0,"event_name":"Bonfire Elementals","player_choice":"Offered Basic","floor":31.0,"gold_loss":0.0,"damage_taken":0.0},{"damage_healed":0,"gold_gain":0,"player_choice":"Paid","damage_taken":0,"relics_obtained":["Red Mask"],"max_hp_gain":0,"max_hp_loss":0,"event_name":"Tomb of Lord Red Mask","floor":47,"gold_loss":69},{"damage_healed":0,"gold_gain":50,"player_choice":"Pray","damage_taken":0,"max_hp_gain":0,"max_hp_loss":0,"event_name":"Golden Shrine","floor":48,"gold_loss":0}],"is_beta":false,"boss_relics":[{"not_picked":["Calling Bell","Replay:Bronze Core"],"picked":"aspiration:SecretTechniqueScroll"},{"not_picked":["aspiration:RitualDagger","Golden_Hairpin"],"picked":"Abe\u0027s Treasure"}],"items_purged_floors":[0,37],"is_endless":false,"potions_floor_spawned":[1,4,5,6,18,23,33,38,39,40,46],"ascension_level":17}}