{"host":"mw3dmj42qtkbha4b","time":1612593005,"event":{"mods":["BaseMod","Colored Map","Colored Powertips","DeckTracker","Minty Spire (QoL Compilation)","StSLib","SuperFastMode"],"gold_per_floor":[109,109,123,123,198,225,235,160,233,233,268,279,279,290,290,364,364,378,392,392,392],"floor_reached":20,"language":"KOR","playtime":443,"items_purged":[],"score":418,"play_id":"3ccd3d90-c95f-4895-b5f6-74473a42ecc6","local_time":"20210206153005","is_ascension_mode":true,"campfire_choices":[{"data":"Eruption","floor":10.0,"key":"SMITH"},{"data":"Wallop","floor":15.0,"key":"SMITH"}],"circlet_count":0,"master_deck":["AscendersBane","Strike_P","Strike_P","Strike_P","Defend_P","Defend_P","Eruption+1","Vigilance","Wallop+1","Indignation","BattleHymn","Ragnarok"],"relics":["HolyWater","NeowsBlessing","Ancient Tea Set","Matryoshka","Sundial"],"acts_visited":["Exordium","TheCity"],"potions_floor_usage":[18],"damage_taken":[{"damage":0.0,"enemies":"Jaw Worm","floor":1.0,"turns":1.0},{"damage":0.0,"enemies":"2 Louse","floor":3.0,"turns":1.0},{"damage":0.0,"enemies":"3 Sentries","floor":6.0,"turns":1.0},{"damage":13.0,"enemies":"Small Slimes","floor":7.0,"turns":3.0},{"damage":15.0,"enemies":"Lagavulin","floor":11.0,"turns":4.0},{"damage":0.0,"enemies":"Looter","floor":12.0,"turns":2.0},{"damage":0.0,"enemies":"Exordium Wildlife","floor":14.0,"turns":2.0},{"damage":14.0,"enemies":"The Guardian","floor":16.0,"turns":7.0},{"damage":19,"enemies":"2 Thieves","floor":18,"turns":3},{"damage":0,"enemies":"Spheric Guardian","floor":19,"turns":1},{"damage":41,"enemies":"Centurion and Healer","floor":20,"turns":1}],"seed_played":"-4041922162521496340","potions_obtained":[{"floor":6.0,"key":"Weak Potion"},{"floor":7.0,"key":"StancePotion"},{"floor":11.0,"key":"SkillPotion"},{"floor":16.0,"key":"SpeedPotion"},{"floor":18,"key":"SmokeBomb"}],"is_trial":false,"path_per_floor":["M","?","M","$","?","E","M","?","T","R","E","M","?","M","R","B",null,"M","M","M"],"character_chosen":"WATCHER","items_purchased":[],"campfire_rested":0,"item_purchase_floors":[],"current_hp_per_floor":[61,54,54,54,43,43,30,30,30,30,15,15,15,15,15,1,51,32,32,0,0],"gold":392,"neow_bonus":"THREE_ENEMY_KILL","is_daily":false,"chose_seed":false,"campfire_upgraded":2,"win_rate":0.0,"timestamp":1612593005,"path_taken":["M","?","M","?","?","E","M","?","T","R","E","M","?","?","R","BOSS","M","M","M"],"items_purchased_type":[],"build_version":"2020-12-22","purchased_purges":0,"victory":false,"max_hp_per_floor":[68,68,68,68,68,68,68,68,68,68,68,68,68,68,68,68,68,68,68,68,68],"card_choices":[{"not_picked":["Consecrate","FearNoEvil","JustLucky"],"picked":"SKIP","floor":1.0},{"not_picked":["Protect","Study"],"picked":"Wallop","floor":3.0},{"not_picked":["Halt","CrushJoints","CutThroughFate"],"picked":"SKIP","floor":6.0},{"not_picked":["FlyingSleeves","ForeignInfluence"],"picked":"Indignation","floor":7.0},{"not_picked":["DeceiveReality","Fasting2"],"picked":"BattleHymn","floor":11.0},{"not_picked":["Crescendo","Fasting2","BowlingBash"],"picked":"SKIP","floor":12.0},{"not_picked":["EmptyBody","CarveReality","EmptyFist"],"picked":"SKIP","floor":14.0},{"not_picked":["ConjureBlade","Alpha"],"picked":"Ragnarok","floor":16.0},{"not_picked":["Adaptation","WaveOfTheHand","Collect+1"],"picked":"SKIP","floor":18},{"not_picked":["EmptyMind","FollowUp","Nirvana"],"picked":"SKIP","floor":19}],"player_experience":1801064,"relics_obtained":[{"floor":6.0,"key":"Ancient Tea Set"},{"floor":9.0,"key":"Matryoshka"},{"floor":11.0,"key":"Sundial"}],"event_choices":[{"cards_removed":["Defend_P"],"damage_healed":0.0,"max_hp_gain":0.0,"max_hp_loss":0.0,"gold_gain":0.0,"event_name":"Golden Wing","player_choice":"Card Removal","floor":2.0,"gold_loss":0.0,"damage_taken":7.0},{"damage_healed":0.0,"max_hp_gain":0.0,"max_hp_loss":0.0,"gold_gain":75.0,"event_name":"World of Goop","player_choice":"Gather Gold","floor":5.0,"gold_loss":0.0,"damage_taken":11.0},{"cards_removed":["Strike_P"],"damage_healed":0.0,"max_hp_gain":0.0,"max_hp_loss":0.0,"gold_gain":0.0,"event_name":"The Cleric","player_choice":"Card Removal","floor":8.0,"gold_loss":75.0,"damage_taken":0.0},{"cards_removed":["Defend_P"],"damage_healed":0.0,"max_hp_gain":0.0,"max_hp_loss":0.0,"gold_gain":0.0,"event_name":"Living Wall","player_choice":"Forget","floor":13.0,"gold_loss":0.0,"damage_taken":0.0}],"is_beta":false,"boss_relics":[{"not_picked":["Runic Pyramid","Velvet Choker"],"picked":"HolyWater"}],"items_purged_floors":[],"is_endless":false,"potions_floor_spawned":[6,7,11,16,18],"killed_by":"Centurion and Healer","ascension_level":20}}