{"host":"xp5rvh2jwe2ejyfm","time":1612643127,"event":{"mods":["2.2 Compatiblity","Aspiration","BaseMod","Better Altar","Better Match","Better Note","Better Sensory Stone","Better Skull","BetterRewards","Colored Powertips","Conspire","Downfall","GifTheSpireLib","Gremlin Mod","GungeonMod","Hermit","Hubris","Jorbs\u0027s Wanderer Trilogy","Minty Spire (QoL Compilation)","Potionbrewer","Quick Restart","Replay The Spire","Robot Space Explorer","Shade Mod","Somnambulant","StSLib","The Bug Knight","The Clintock","The Construct","The Cursed","The Disciple","The Forsaken","The Hierophant","The Necromancer","The Runesmith","The Servant 0.9.4","The Valiant","The Witch","TheFirefly","thorton"],"gold_per_floor":[110,122,7,19,39,53,53,88,88,88,88,107,4,18,18,117,117,133,147,166,0,11,11,23,23,23,23,33,43,55,71,91,91,91,91],"floor_reached":34,"language":"ENG","playtime":1024,"items_purged":[],"score":289,"play_id":"11af70c8-0acb-4961-8ef4-2eb60716cf6c","local_time":"20210206152527","is_ascension_mode":false,"campfire_choices":[{"data":"Shade:AnimateDead","floor":7,"key":"SMITH"},{"floor":11,"key":"RECALL"},{"floor":15,"key":"REST"},{"floor":23,"key":"REST"},{"data":"Shade:Coordination","floor":27,"key":"SMITH"},{"data":"Specialist","floor":33,"key":"SMITH"}],"circlet_count":0,"master_deck":["Shade:Strike_Shade","Shade:Strike_Shade","Shade:Strike_Shade","Shade:Strike_Shade","Shade:Defend_Shade","Shade:Defend_Shade","Shade:Defend_Shade","Shade:Defend_Shade","Shade:AnimateDead+1","Shade:CarefulCut","Shade:DangerousRitual","Shade:FleshToFlesh","Shade:BoneShards","Shade:FreshBones","Shade:Brains","Shade:Bonestorm+1","Shade:FleshToFlesh","Shade:OpenGraves","Shade:OpenGraves","Shade:FingerOfDeath","Shade:Tombstone","Shade:ExtraLimbs","Shade:FreshBones","Shade:SkeletonArmy","Specialist+1","Shade:AuraOfUnlife","Shade:Coordination+1","Shade:SensePrey+1","Shade:PressTheAttack+1","Shade:SensePrey+1","Shade:Putrefaction","Shade:DangerousRitual"],"relics":["Shade:YorickSkull","NeowsBlessing","Question Card","Matryoshka","hubris:ScarierMask","Pen Nib","aspiration:FrozenJewel"],"acts_visited":["Exordium","TheCity","TheCity"],"potions_floor_usage":[8,8,8,14,22,22,24,34],"damage_taken":[{"damage":0,"enemies":"2 Louse","floor":1,"turns":1},{"damage":0,"enemies":"Cultist","floor":2,"turns":1},{"damage":0,"enemies":"Small Slimes","floor":4,"turns":2},{"damage":0,"enemies":"Blue Slaver","floor":5,"turns":5},{"damage":8,"enemies":"Exordium Wildlife","floor":6,"turns":4},{"damage":0,"enemies":"Gremlin Nob","floor":8,"turns":2},{"damage":0,"enemies":"2 Fungi Beasts","floor":12,"turns":3},{"damage":6,"enemies":"Large Slime","floor":14,"turns":5},{"damage":3,"enemies":"Slime Boss","floor":16,"turns":11},{"damage":11,"enemies":"Chosen","floor":18,"turns":7},{"damage":5,"enemies":"2 Thieves","floor":19,"turns":4},{"damage":1,"enemies":"Centurion and Healer","floor":20,"turns":5},{"damage":6,"enemies":"Shelled Parasite and Fungi","floor":22,"turns":5},{"damage":0,"enemies":"Snake Plant","floor":24,"turns":4},{"damage":0,"enemies":"DemoMod:4_Bullet_Kins","floor":28,"turns":4},{"damage":0,"enemies":"DemoMod:4_Bullet_Kins_with_one_veteran","floor":29,"turns":3},{"damage":3,"enemies":"DemoMod:Red_and_blue_shotgun_kin_with_gunsinger","floor":30,"turns":3},{"damage":0,"enemies":"DemoMod:Veteran_shot_gun_kin_and_blue_shotgun_kin","floor":31,"turns":2},{"damage":0,"enemies":"DemoMod:2_Mousers","floor":32,"turns":4},{"damage":68,"enemies":"DemoMod:ResourcefulRat","floor":34,"turns":6}],"seed_played":"-2237000949457320201","potions_obtained":[{"floor":1,"key":"SneckoOil"},{"floor":4,"key":"Strength Potion"},{"floor":5,"key":"potionbrewer:NoxiousPotion"},{"floor":16,"key":"Weak Potion"},{"floor":20,"key":"EntropicBrew"},{"floor":24,"key":"potionbrewer:NoxiousPotion"},{"floor":28,"key":"LiquidMemories"}],"is_trial":false,"path_per_floor":["M","M","$","M","M","M","R","E","T","?","R","M","$","M","R","B",null,"M","M","M","$","M","R","M","T","T","R","M","M","M","M","M","R","B"],"character_chosen":"SHADE","items_purchased":["DemoMod:GnawedKey","Shade:OpenGraves","AttackPotion","Specialist","Shade:AuraOfUnlife"],"campfire_rested":2,"item_purchase_floors":[3,13,13,21,21],"current_hp_per_floor":[65,65,65,65,65,57,57,57,57,57,57,57,57,51,65,62,65,54,49,48,48,42,61,61,61,65,65,65,65,62,62,62,62,0,0],"gold":91,"neow_bonus":"THREE_ENEMY_KILL","is_daily":false,"chose_seed":false,"campfire_upgraded":3,"win_rate":0.0,"timestamp":1612643127,"path_taken":["M","M","$","M","M","M","R","E","T","?","R","M","$","M","R","BOSS","M","M","M","$","M","R","M","?","T","R","M","M","M","M","M","R","BOSS"],"items_purchased_type":["Relic","Card","Potion","Card","Card"],"build_version":"2020-12-22","purchased_purges":0,"victory":false,"max_hp_per_floor":[65,65,65,65,65,65,65,65,65,65,65,65,65,65,65,65,65,65,65,65,65,65,65,65,65,65,65,65,65,65,65,65,65,65,65],"card_choices":[{"not_picked":["Shade:FingerOfDeath","Shade:FeralStrike"],"picked":"Shade:DangerousRitual","floor":1},{"not_picked":["Shade:WallOfFlesh","Shade:SkeletonHug"],"picked":"Shade:FleshToFlesh","floor":2},{"not_picked":["Shade:Patience","Shade:SanguineRitual"],"picked":"Shade:BoneShards","floor":4},{"not_picked":["Shade:Trample","Shade:SoulPierce"],"picked":"Shade:FreshBones","floor":5},{"not_picked":["Shade:CommandSoldier","Shade:CoffinDance"],"picked":"Shade:Brains","floor":6},{"not_picked":["Shade:GraveStillness","Shade:CoffinDance"],"picked":"Shade:Bonestorm","floor":8},{"not_picked":["Shade:SoulToxin","Shade:LastGasp","Shade:SpontaneousRitual"],"picked":"Shade:FleshToFlesh","floor":12},{"not_picked":["Shade:AncientSpear","Shade:Trample","Shade:WallOfFlesh"],"picked":"Shade:FingerOfDeath","floor":14},{"not_picked":["Shade:LoseControl","Shade:SoulPierce","Shade:OminousRitual"],"picked":"Shade:Tombstone","floor":16},{"not_picked":["Shade:AncientSpear","Shade:Excise+1","Shade:CallOfTheGrave"],"picked":"Shade:ExtraLimbs","floor":18},{"not_picked":["Shade:Frenzy","Shade:Trample","Shade:FingerOfDeath"],"picked":"Shade:FreshBones","floor":19},{"not_picked":["Shade:CommandSoldier","Shade:FuneraryArmor","Shade:GoDigging"],"picked":"Shade:SkeletonArmy","floor":20},{"not_picked":["Shade:Patience+1","Shade:LyeBath","Shade:RavenousHorde"],"picked":"Shade:Coordination","floor":22},{"not_picked":["Shade:Premonition","Shade:Trample+1","Shade:Frenzy"],"picked":"Shade:SensePrey+1","floor":24},{"not_picked":["Shade:CoffinDance+1","Shade:AncientSpear","Shade:SensePrey"],"picked":"Shade:PressTheAttack+1","floor":28},{"not_picked":["Shade:SelfBurial","Shade:SpontaneousRitual","Shade:LyeBath+1","Shade:CallOfTheGrave+1"],"picked":"SKIP","floor":29},{"not_picked":["Shade:SkeletonHug","Shade:WallOfFlesh","Shade:ScuttlingHand+1"],"picked":"Shade:SensePrey+1","floor":30},{"not_picked":["Shade:SkeletonHug+1","Shade:ClawBack","Shade:FeralStrike"],"picked":"Shade:Putrefaction","floor":31},{"not_picked":["Shade:FuneraryArmor","Shade:OminousRitual","Shade:FeralStrike"],"picked":"Shade:DangerousRitual","floor":32}],"player_experience":447828,"relics_obtained":[{"floor":8,"key":"Question Card"},{"floor":9,"key":"Matryoshka"},{"floor":25,"key":"Pen Nib"},{"floor":25,"key":"aspiration:FrozenJewel"}],"event_choices":[{"damage_healed":0,"gold_gain":0,"player_choice":"Forge","damage_taken":0,"max_hp_gain":0,"max_hp_loss":0,"event_name":"Accursed Blacksmith","floor":10,"gold_loss":0,"cards_upgraded":["Shade:Bonestorm"]}],"is_beta":false,"boss_relics":[{"not_picked":["Philosopher\u0027s Stone","construct:ClawGrip"],"picked":"hubris:ScarierMask"}],"items_purged_floors":[],"is_endless":false,"potions_floor_spawned":[1,4,5,16,20,22,24,28,29,30],"killed_by":"DemoMod:ResourcefulRat","ascension_level":0}}