{"host":"iq8y45rd2spacc1d","time":1612621475,"event":{"mods":["Aspiration","BaseMod","DeckTracker","GifTheSpireLib","Halation","Hermit","Hubris","Infinite Spire","Minty Spire (QoL Compilation)","Replay The Spire","StSLib","The Bug Knight","The Cursed","The Disciple"],"gold_per_floor":[118,193,207,224,224,224,255,266,266,300,300,316,345,199,199,298,298,318,318,78,78,95,95,122,137,137,219,219,219,231,265,265,367,367,378,23,85,85,85,85,104,133,133,133,50,117,198,209,259,309],"floor_reached":51,"language":"ENG","playtime":4533,"items_purged":["BiteCommand"],"score":864,"play_id":"d1ab4174-6178-4825-8f4c-2cb84a217845","local_time":"20210206152435","is_ascension_mode":true,"campfire_choices":[{"floor":6,"key":"REST"},{"data":"Keepsakes","floor":11,"key":"SMITH"},{"data":"Accruing","floor":15,"key":"SMITH"},{"data":"ReapSow","floor":23,"key":"SMITH"},{"floor":32,"key":"REST"},{"floor":40,"key":"REST"}],"circlet_count":0,"master_deck":["Strike_Br","Strike_Br","Strike_Br","Strike_Br+1","Defend_Br","Defend_Br","Defend_Br","Defend_Br","SecondHand+1","PatternShift","Keepsakes+1","WindUp","ExoVibe","PrimeTime","Accruing+1","WindUp","AlternateTimeline","WindUp+1","Pendulum+1","AbeCurse","ExoVibe+8","ReapSow+14","WindUp","ResonantCall+1","PrimeTime+1","HandsUpB+1","Echoward+1","TickedOff+1","LockedAnchor+1","LockedAnchor","WindUp+1","LockedScales","ReapSow+3"],"relics":["Chronograph","Smiling Mask","halation:PromiseList","Onion Ring","Pear","FossilizedHelix","hubris:EmptyBottle","Abe\u0027s Treasure","Mercury Hourglass","ReplayTheSpireMod:Shallot","hubris:MobiusCoin","Omamori","halation:EternalFortune","Toxic Egg 2","ReplayTheSpireMod:TigerMarble","Anchor","TheAbacus","Whetstone","hubris:TinFlute","halation:PapillonHeart","aspiration:StickyExplosives_weak"],"acts_visited":["Exordium","TheCity","TheBeyond"],"potions_floor_usage":[3,8,13,18,18,24,27,31,33,33,33,42,42,46,47,50,50],"damage_taken":[{"damage":2,"enemies":"Jaw Worm","floor":1,"turns":6},{"damage":7,"enemies":"Small Slimes","floor":3,"turns":4},{"damage":1,"enemies":"Cultist","floor":4,"turns":3},{"damage":0,"enemies":"HollowMod:MossKnight","floor":7,"turns":15},{"damage":5,"enemies":"Lots of Slimes","floor":8,"turns":5},{"damage":8,"enemies":"Replay:BlueRogue","floor":10,"turns":4},{"damage":13,"enemies":"Blue Slaver","floor":12,"turns":2},{"damage":0,"enemies":"Lagavulin","floor":13,"turns":4},{"damage":21,"enemies":"Hexaghost","floor":16,"turns":7},{"damage":0,"enemies":"2 Thieves","floor":18,"turns":2},{"damage":0,"enemies":"Chosen","floor":22,"turns":3},{"damage":0,"enemies":"Gremlin Leader","floor":24,"turns":5},{"damage":0,"enemies":"Centurion and Healer","floor":25,"turns":4},{"damage":41,"enemies":"Book of Stabbing","floor":27,"turns":5},{"damage":0,"enemies":"Snake Plant","floor":30,"turns":2},{"damage":0,"enemies":"HollowMod:Nosk","floor":31,"turns":2},{"damage":36,"enemies":"Collector","floor":33,"turns":8},{"damage":0,"enemies":"Orb Walker","floor":35,"turns":2},{"damage":19,"enemies":"3 Darklings","floor":37,"turns":4},{"damage":0,"enemies":"infinitespire:Three Voidlings","floor":38,"turns":2},{"damage":0,"enemies":"Maw","floor":41,"turns":6},{"damage":0,"enemies":"Reptomancer","floor":42,"turns":6},{"damage":0,"enemies":"Sphere and 2 Shapes","floor":46,"turns":4},{"damage":22,"enemies":"Giant Head","floor":47,"turns":8},{"damage":0,"enemies":"Spire Growth","floor":48,"turns":3},{"damage":138,"enemies":"Replay:Hell Engine","floor":50,"turns":14}],"seed_played":"2372313110585754847","potions_obtained":[{"floor":3,"key":"Fruit Juice"},{"floor":7,"key":"SpeedPotion"},{"floor":8,"key":"Strength Potion"},{"floor":10,"key":"FairyPotion"},{"floor":13,"key":"Toxic Potion"},{"floor":18,"key":"Ancient Potion"},{"floor":22,"key":"Reflective Coating"},{"floor":29,"key":"Strength Potion"},{"floor":29,"key":"Adrenaline Potion"},{"floor":41,"key":"Languid Potion"},{"floor":42,"key":"Energy Potion"},{"floor":48,"key":"LiquidMemories"}],"is_trial":false,"path_per_floor":["M","?","M","M","?","R","E","M","T","E","R","M","E","$","R","B",null,"M","?","$","?","M","R","E","M","T","E","?","?","M","E","R","B",null,"M","$","M","?","AVR","R","M","E","T","?","$","M","E","M","R","B",null],"character_chosen":"CHRONO_CLASS","items_purchased":["hubris:EmptyBottle","Mercury Hourglass","ReplayTheSpireMod:TigerMarble","Anchor","PowerPotion","WindUp+1"],"campfire_rested":3,"item_purchase_floors":[14,20,36,36,45,45],"current_hp_per_floor":[63,52,50,49,49,70,70,65,65,67,67,54,54,54,54,33,80,80,80,80,80,80,80,80,80,80,39,42,42,42,42,66,30,83,83,83,64,64,64,83,83,83,83,79,79,79,57,57,79,16],"gold":309,"neow_bonus":"RANDOM_COMMON_RELIC","is_daily":false,"chose_seed":false,"campfire_upgraded":3,"win_rate":0.0,"timestamp":1612621475,"path_taken":["M","?","M","M","?","R","E","M","T","E","R","?","E","?","R","BOSS","M","?","$","?","M","R","E","?","T","E","?","?","M","E","R","BOSS","M","$","?","?","AVR","R","M","E","T","?","?","M","E","M","R","BOSS"],"items_purchased_type":["Relic","Relic","Relic","Relic","Potion","Card"],"build_version":"2020-12-22","purchased_purges":1,"victory":true,"max_hp_per_floor":[65,65,70,70,70,70,70,70,70,80,80,80,80,80,80,80,80,80,80,80,80,80,80,80,80,80,80,83,83,83,83,83,83,83,83,83,83,83,83,83,83,83,83,79,79,79,79,79,79,79],"card_choices":[{"not_picked":["Tempo","ExoVibe"],"picked":"Keepsakes","floor":1},{"not_picked":["ExoVibe","Engulf"],"picked":"WindUp","floor":3},{"not_picked":["Echoward","LockedBlood"],"picked":"ExoVibe","floor":4},{"not_picked":["Facsimile","WindUp"],"picked":"PrimeTime","floor":7},{"not_picked":["ShortSighted","LockedUrn"],"picked":"Accruing","floor":8},{"not_picked":["RageCommand","LockedMedicine"],"picked":"WindUp","floor":10},{"not_picked":["Tempo","Analog"],"picked":"AlternateTimeline","floor":12},{"not_picked":["LockedUrn","Chronoelasticity"],"picked":"WindUp","floor":13},{"not_picked":["LockedLightning","RageCommand"],"picked":"Pendulum","floor":16},{"not_picked":["LockedOrichalcum","CrunchTime"],"picked":"ExoVibe+1","floor":18},{"not_picked":["PrimeTime","VestedLegacy"],"picked":"ReapSow","floor":22},{"not_picked":["CrunchTime","LockedThread"],"picked":"WindUp","floor":24},{"not_picked":["LockedMercury","BlueShift+1"],"picked":"ResonantCall+1","floor":25},{"not_picked":["OverTime","OldTimer"],"picked":"PrimeTime","floor":27},{"not_picked":["WakeUpCall","LockedWhetstone"],"picked":"HandsUpB+1","floor":30},{"not_picked":["LockedUrn+1","Cuckoo+1"],"picked":"Echoward+1","floor":31},{"not_picked":["AlternateTimeline+1","LockedThread"],"picked":"BiteCommand","floor":35},{"not_picked":["ShortSighted+1","Tempo+1"],"picked":"TickedOff+1","floor":37},{"not_picked":["HandsUpC","CrunchTime"],"picked":"LockedAnchor+1","floor":41},{"not_picked":["LockedBlood+1","LockedMawBank"],"picked":"LockedAnchor","floor":42},{"not_picked":["LockedMedicine+1","Facsimile+1"],"picked":"LockedScales","floor":46},{"not_picked":["ShortSighted+1","BlueShift+1"],"picked":"ReapSow+1","floor":47},{"not_picked":["OldTimer","LockedMedicine+1","Analog+1"],"picked":"SKIP","floor":48}],"player_experience":334689,"relics_obtained":[{"floor":7,"key":"halation:PromiseList"},{"floor":9,"key":"Onion Ring"},{"floor":10,"key":"Pear"},{"floor":13,"key":"FossilizedHelix"},{"floor":24,"key":"ReplayTheSpireMod:Shallot"},{"floor":26,"key":"hubris:MobiusCoin"},{"floor":27,"key":"Omamori"},{"floor":31,"key":"Toxic Egg 2"},{"floor":42,"key":"Whetstone"},{"floor":43,"key":"hubris:TinFlute"},{"floor":47,"key":"aspiration:StickyExplosives_weak"}],"event_choices":[{"damage_healed":0,"gold_gain":75,"player_choice":"Gather Gold","damage_taken":11,"max_hp_gain":0,"max_hp_loss":0,"event_name":"World of Goop","floor":2,"gold_loss":0},{"damage_healed":0,"gold_gain":0,"player_choice":"Upgraded","damage_taken":0,"max_hp_gain":0,"max_hp_loss":0,"event_name":"Upgrade Shrine","floor":5,"gold_loss":0,"cards_upgraded":["SecondHand"]},{"damage_healed":0,"gold_gain":0,"player_choice":"Ignored","damage_taken":0,"max_hp_gain":0,"max_hp_loss":0,"event_name":"Vampires","floor":21,"gold_loss":0},{"damage_healed":0,"gold_gain":0,"player_choice":"Got Potions","damage_taken":0,"max_hp_gain":0,"max_hp_loss":0,"event_name":"Lab","floor":29,"gold_loss":0}],"is_beta":false,"boss_relics":[{"not_picked":["Tiny House","Runic Dome"],"picked":"Abe\u0027s Treasure"},{"not_picked":["Metronome","aspiration:DefectSkillbook"],"picked":"Chronograph"}],"items_purged_floors":[36],"is_endless":false,"potions_floor_spawned":[3,7,8,10,13,18,22,38,41,42,48],"ascension_level":3}}