{"host":"p8f0otjoacyb9giz","time":1612600086,"event":{"mods":["AchievementEnabler","BaseMod","Downfall","Minty Spire (QoL Compilation)","StSLib"],"gold_per_floor":[99,99,99,162,172,322,376,404,159,259,584,166,66,66,76,172,172,72,89,89,89,89,89,89,74,74,86,86,86,86,86],"floor_reached":29,"language":"ENG","playtime":864,"items_purged":["downfall:Icky"],"score":256,"play_id":"e67684ba-96f6-4c67-ab43-a6c9a8f69bbc","local_time":"20210206112806","is_ascension_mode":true,"campfire_choices":[{"floor":1.0,"key":"RECALL"},{"data":"sneckomod:CheapStock","floor":13.0,"key":"SMITH"},{"data":"sneckomod:SerpentMind","floor":18.0,"key":"SMITH"},{"data":"sneckomod:UnendingSupply","floor":23.0,"key":"SMITH"}],"circlet_count":0,"master_deck":["sneckomod:Strike","sneckomod:Strike","sneckomod:Strike","sneckomod:Defend","sneckomod:Defend","sneckomod:Defend","sneckomod:TailWhip","sneckomod:SnekBite","sneckomod:Unknown","sneckomod:Unknown","sneckomod:UnendingSupply+1","sneckomod:UnendingSupply+1","sneckomod:CheapStock+1","sneckomod:SerpentMind+1","Pride"],"relics":["sneckomod:SneckoSoul","downfall:HeartsMalice","Molten Egg 2","Blue Candle","DollysMirror","Old Coin","Lee\u0027s Waffle","Toxic Egg 2","downfall:HeartBlessingRed","Busted Crown","downfall:HeartBlessingGreen","sneckomod:BlankCard","The Courier","downfall:KnowingSkull"],"acts_visited":["Exordium","TheCity"],"potions_floor_usage":[27,29],"damage_taken":[{"damage":0.0,"enemies":"Small Slimes","floor":2.0,"turns":1.0},{"damage":0.0,"enemies":"2 Louse","floor":3.0,"turns":1.0},{"damage":0.0,"enemies":"3 Sentries","floor":4.0,"turns":1.0},{"damage":5.0,"enemies":"Jaw Worm","floor":5.0,"turns":3.0},{"damage":18.0,"enemies":"3 Sentries","floor":8.0,"turns":6.0},{"damage":5.0,"enemies":"downfall:FleeingMerchant","floor":9.0,"turns":4.0},{"damage":41.0,"enemies":"Lagavulin","floor":11.0,"turns":5.0},{"damage":5.0,"enemies":"downfall:FleeingMerchant","floor":12.0,"turns":5.0},{"damage":15.0,"enemies":"2 Fungi Beasts","floor":15.0,"turns":3.0},{"damage":31.0,"enemies":"DF_ARCHETYPE_STREAMLINE","floor":16.0,"turns":8.0},{"damage":17.0,"enemies":"Shell Parasite","floor":19.0,"turns":8.0},{"damage":9.0,"enemies":"downfall:FleeingMerchant","floor":25.0,"turns":4.0},{"damage":19,"enemies":"Snake Plant","floor":27,"turns":3},{"damage":29,"enemies":"Gremlin Leader","floor":29,"turns":2}],"seed_played":"-7058539343153955260","potions_obtained":[{"floor":4.0,"key":"Explosive Potion"},{"floor":8.0,"key":"sneckomod:OffclassReductionPotion"},{"floor":11.0,"key":"CultistPotion"},{"floor":15.0,"key":"SneckoOil"}],"is_trial":false,"path_per_floor":["R","M","M","?","M","?","T","E","$","?","E","$","R","?","M","B",null,"R","M","?","?","?","R","T","$","?","M","?","E"],"character_chosen":"THE_SNECKO","items_purchased":["DollysMirror","Lee\u0027s Waffle","Toxic Egg 2"],"campfire_rested":0,"item_purchase_floors":[9,12,12],"current_hp_per_floor":[90,90,90,90,85,85,85,67,62,62,36,97,97,97,82,51,97,97,80,80,80,61,61,61,52,52,33,26,0,0,0],"gold":86,"neow_bonus":"THREE_ENEMY_KILL","is_daily":false,"chose_seed":false,"campfire_upgraded":3,"win_rate":0.0,"timestamp":1612600086,"path_taken":["R","M","M","?","M","?","T","E","?","?","E","$","R","?","M","BOSS","R","M","?","?","?","R","T","?","?","?","?","E"],"items_purchased_type":["Relic","Relic","Relic"],"build_version":"2020-12-22","purchased_purges":1,"victory":false,"max_hp_per_floor":[90,90,90,90,90,90,90,90,90,90,90,97,97,97,97,97,97,97,97,97,97,102,102,102,102,102,102,102,102,102,102],"card_choices":[{"not_picked":["sneckomod:SoulDraw","sneckomod:DefensiveFlair","sneckomod:Nope"],"picked":"SKIP","floor":2.0},{"not_picked":["sneckomod:UnknownDraw","sneckomod:TrashToTreasure","sneckomod:QuickBite"],"picked":"SKIP","floor":3.0},{"not_picked":["sneckomod:UnknownStrength","sneckomod:UnknownDraw"],"picked":"sneckomod:UnendingSupply","floor":4.0},{"not_picked":["sneckomod:QuickMove","sneckomod:DefensiveFlair","sneckomod:DiceBlock"],"picked":"SKIP","floor":5.0},{"not_picked":["sneckomod:Transmogrify","sneckomod:MasterEye","sneckomod:Unknown1Cost"],"picked":"SKIP","floor":8.0},{"not_picked":["sneckomod:Unknown1Cost","sneckomod:GlitteringGambit","sneckomod:DiceCrush+1"],"picked":"SKIP","floor":9.0},{"not_picked":["sneckomod:UnknownCommonAttack+1","sneckomod:MixItUp+1"],"picked":"sneckomod:CheapStock","floor":11.0},{"not_picked":["sneckomod:Unknown1Cost","sneckomod:UnknownCommonSkill","sneckomod:IronFang+1"],"picked":"SKIP","floor":12.0},{"not_picked":["sneckomod:UnknownDraw+1","sneckomod:UnknownCommonSkill+1","sneckomod:SoulRoll+1"],"picked":"SKIP","floor":15.0},{"not_picked":["sneckomod:DangerNoodle+1","sneckomod:UnknownRareAttack+1"],"picked":"sneckomod:SerpentMind","floor":16.0},{"not_picked":["sneckomod:UnknownClassRED+1"],"picked":"SKIP","floor":19.0},{"not_picked":["sneckomod:DiceBlock+1"],"picked":"SKIP","floor":25.0},{"not_picked":["sneckomod:TrashToTreasure+1"],"picked":"SKIP","floor":27}],"player_experience":446880,"relics_obtained":[{"floor":4.0,"key":"Molten Egg 2"},{"floor":8.0,"key":"Blue Candle"},{"floor":11.0,"key":"Old Coin"},{"floor":24.0,"key":"The Courier"}],"event_choices":[{"damage_healed":0.0,"max_hp_gain":0.0,"max_hp_loss":0.0,"gold_gain":0.0,"event_name":"Living Wall","player_choice":"Grow","floor":14.0,"gold_loss":0.0,"damage_taken":0.0,"cards_upgraded":["sneckomod:UnendingSupply"]},{"damage_healed":0.0,"max_hp_gain":0.0,"max_hp_loss":0.0,"gold_gain":0.0,"event_name":"Addict","player_choice":"Stole Relic","floor":20.0,"gold_loss":0.0,"damage_taken":0.0,"relics_obtained":["sneckomod:BlankCard"],"cards_obtained":["Pride"]},{"damage_healed":0.0,"max_hp_gain":0.0,"max_hp_loss":0.0,"gold_gain":0.0,"event_name":"FaceTrader","player_choice":"Leave","floor":26.0,"gold_loss":0.0,"damage_taken":0.0}],"is_beta":false,"boss_relics":[{"not_picked":["SlaversCollar","Velvet Choker"],"picked":"Busted Crown"}],"items_purged_floors":[9],"is_endless":false,"potions_floor_spawned":[4,8,11,15],"killed_by":"Gremlin Leader","ascension_level":3}}