{"host":"l4p18zw33fr8bdc3","time":1612578491,"event":{"mods":["AchievementEnabler","BaseMod","Bestiary","Block Reminder","Colored Map","Colored Powertips","Curses Come First","Minty Spire (QoL Compilation)","Quick Restart","Rare Cards Sparkle","StSLib"],"gold_per_floor":[110,130,142,152,170,195,195,205,205,235,247,294,317,0,0,104,104,132,167,21,21,44,44,64,107,107,107,120,120,156,182,182,286,286,310,338,351,351,351,351,367,367,418,468,75,89,89,99,99,99,99,99,24,61,61],"floor_reached":56,"language":"ENG","playtime":5678,"items_purged":["Strike_R","Strike_R","Strike_R","Strike_R"],"score":1321,"play_id":"5ace9f41-cf5e-49a4-bd89-9a9f4cd97185","local_time":"20210205212811","is_ascension_mode":true,"campfire_choices":[{"data":"True Grit","floor":7,"key":"SMITH"},{"floor":15,"key":"REST"},{"data":"Searing Blow","floor":23,"key":"SMITH"},{"data":"Searing Blow+1","floor":27,"key":"SMITH"},{"data":"Searing Blow+2","floor":29,"key":"SMITH"},{"data":"True Grit","floor":32,"key":"SMITH"},{"data":"Corruption","floor":40,"key":"SMITH"},{"floor":42,"key":"RECALL"},{"floor":49,"key":"REST"},{"data":"Sentinel","floor":52,"key":"SMITH"}],"circlet_count":0,"master_deck":["Defend_R","Defend_R","Defend_R","Defend_R+1","Bash","Spot Weakness","Rage+1","True Grit+1","Flame Barrier","Feel No Pain","Pommel Strike","Searing Blow+3","True Grit","Shrug It Off","Corruption+1","Pommel Strike","Feel No Pain","Dark Embrace+1","Exhume","Panacea","Disarm+1","Shrug It Off+1","Disarm","True Grit+1","Feed+1","Exhume","Armaments+1","Sentinel+1","Disarm","Wild Strike+1"],"relics":["SacredBark","Magic Flower","Letter Opener","MawBank","Prayer Wheel","Membership Card","CeramicFish","Runic Pyramid","Singing Bowl","Molten Egg 2","Mercury Hourglass","Busted Crown","Ginger","Torii","Medical Kit","War Paint","Art of War"],"acts_visited":["Exordium","TheCity","TheBeyond","TheEnding"],"potions_floor_usage":[6,6,6,10,10,10,16,16,16,22,25,28,33,37,50,54,55],"damage_taken":[{"damage":8,"enemies":"2 Louse","floor":1,"turns":3},{"damage":1,"enemies":"Cultist","floor":2,"turns":3},{"damage":0,"enemies":"Small Slimes","floor":3,"turns":3},{"damage":9,"enemies":"Red Slaver","floor":4,"turns":4},{"damage":11,"enemies":"Looter","floor":5,"turns":3},{"damage":16,"enemies":"Gremlin Nob","floor":6,"turns":4},{"damage":13,"enemies":"Blue Slaver","floor":8,"turns":5},{"damage":27,"enemies":"Lagavulin","floor":10,"turns":10},{"damage":14,"enemies":"3 Sentries","floor":12,"turns":13},{"damage":0,"enemies":"Exordium Wildlife","floor":13,"turns":4},{"damage":28,"enemies":"Slime Boss","floor":16,"turns":14},{"damage":0,"enemies":"Shell Parasite","floor":18,"turns":5},{"damage":7,"enemies":"Chosen","floor":19,"turns":6},{"damage":28,"enemies":"Snake Plant","floor":22,"turns":8},{"damage":15,"enemies":"Snecko","floor":24,"turns":8},{"damage":34,"enemies":"Slavers","floor":25,"turns":6},{"damage":9,"enemies":"3 Cultists","floor":28,"turns":7},{"damage":7,"enemies":"Centurion and Healer","floor":30,"turns":8},{"damage":1,"enemies":"Gremlin Leader","floor":31,"turns":9},{"damage":20,"enemies":"Automaton","floor":33,"turns":13},{"damage":2,"enemies":"Orb Walker","floor":35,"turns":4},{"damage":6,"enemies":"3 Shapes","floor":36,"turns":4},{"damage":22,"enemies":"Jaw Worm Horde","floor":37,"turns":4},{"damage":7,"enemies":"4 Shapes","floor":41,"turns":8},{"damage":2,"enemies":"Mind Bloom Boss Battle","floor":44,"turns":10},{"damage":2,"enemies":"3 Darklings","floor":46,"turns":6},{"damage":19,"enemies":"Spire Growth","floor":48,"turns":6},{"damage":27,"enemies":"Donu and Deca","floor":50,"turns":9},{"damage":11,"enemies":"Shield and Spear","floor":54,"turns":7},{"damage":86,"enemies":"The Heart","floor":55,"turns":10}],"seed_played":"5087151702101586264","potions_obtained":[{"floor":2,"key":"BloodPotion"},{"floor":3,"key":"EntropicBrew"},{"floor":4,"key":"ElixirPotion"},{"floor":8,"key":"Energy Potion"},{"floor":13,"key":"BlessingOfTheForge"},{"floor":18,"key":"BloodPotion"},{"floor":19,"key":"EssenceOfSteel"},{"floor":25,"key":"Regen Potion"},{"floor":31,"key":"EssenceOfSteel"},{"floor":36,"key":"Weak Potion"},{"floor":37,"key":"Fire Potion"},{"floor":39,"key":"CultistPotion"},{"floor":39,"key":"CultistPotion"}],"is_trial":false,"path_per_floor":["M","M","M","M","M","E","R","M","T","E","?","E","M","$","R","B",null,"M","M","$","?","M","R","M","E","T","R","M","R","M","E","R","B",null,"M","M","M","?","?","R","M","R","T","?","$","M","?","M","R","B",null,"R","$","E","B",null],"character_chosen":"IRONCLAD","items_purchased":["Membership Card","CeramicFish","Shrug It Off","Fire Potion","SpeedPotion","Exhume","Panacea","Disarm","Torii","Medical Kit","War Paint"],"campfire_rested":2,"item_purchase_floors":[14,14,14,14,14,20,20,45,45,45,45],"current_hp_per_floor":[72,71,71,62,51,67,67,54,54,27,27,13,13,13,37,9,80,80,73,73,73,45,45,30,44,44,44,84,84,77,84,84,70,94,100,102,90,90,90,90,99,99,99,117,117,119,119,110,152,131,156,156,156,157,77],"gold":61,"neow_bonus":"BOSS_RELIC","is_daily":false,"chose_seed":false,"campfire_upgraded":7,"win_rate":0.0,"timestamp":1612578491,"path_taken":["M","M","M","M","M","E","R","M","T","E","?","E","?","?","R","BOSS","M","M","$","?","M","R","M","E","T","R","M","R","M","E","R","BOSS","M","M","M","?","?","R","?","R","T","?","$","M","?","M","R","BOSS","R","$","E","BOSS"],"items_purchased_type":["Relic","Relic","Card","Potion","Potion","Card","Card","Card","Relic","Relic","Relic"],"build_version":"2020-12-22","purchased_purges":4,"victory":true,"max_hp_per_floor":[80,80,80,80,80,80,80,80,80,80,80,80,80,80,80,80,80,80,80,80,80,80,80,80,80,80,80,84,84,84,90,90,94,94,100,106,114,114,114,114,126,126,126,140,140,144,144,152,152,156,156,156,156,164,168],"card_choices":[{"not_picked":["Havoc","Dropkick"],"picked":"Spot Weakness","floor":1},{"not_picked":["Anger","Sever Soul"],"picked":"Rage","floor":2},{"not_picked":["Clash","Battle Trance"],"picked":"True Grit","floor":3},{"not_picked":["Reckless Charge","Combust","Perfected Strike"],"picked":"SKIP","floor":4},{"not_picked":["Shrug It Off","Reckless Charge"],"picked":"Flame Barrier","floor":5},{"not_picked":["Demon Form","Flex"],"picked":"Feel No Pain","floor":6},{"not_picked":["Body Slam","Iron Wave","Anger"],"picked":"SKIP","floor":8},{"not_picked":["Heavy Blade","Clothesline"],"picked":"Pommel Strike","floor":10},{"not_picked":["Fire Breathing","Wild Strike","Heavy Blade"],"picked":"SKIP","floor":12},{"not_picked":["Sword Boomerang","Rupture"],"picked":"Searing Blow","floor":13},{"not_picked":["Armaments","Wild Strike"],"picked":"True Grit","floor":13},{"not_picked":["Feed","Impervious"],"picked":"Corruption","floor":16},{"not_picked":["Anger","Second Wind+1"],"picked":"Pommel Strike","floor":18},{"not_picked":["Pommel Strike","Heavy Blade"],"picked":"Feel No Pain","floor":18},{"not_picked":["Clothesline+1","Havoc"],"picked":"Dark Embrace+1","floor":19},{"not_picked":["Anger+1","Cleave","Thunderclap"],"picked":"SKIP","floor":19},{"not_picked":["Anger+1","Thunderclap"],"picked":"Cleave","floor":19},{"not_picked":["Twin Strike+1","Carnage"],"picked":"Disarm+1","floor":22},{"not_picked":["Havoc","Wild Strike+1","Bludgeon"],"picked":"SKIP","floor":22},{"not_picked":["Clash","Wild Strike+1"],"picked":"Shrug It Off+1","floor":24},{"not_picked":["Sever Soul","Cleave","Perfected Strike"],"picked":"SKIP","floor":24},{"not_picked":["Shrug It Off+1","Evolve"],"picked":"Disarm","floor":25},{"not_picked":["Pommel Strike+1","Shrug It Off","Cleave+1"],"picked":"Singing Bowl","floor":28},{"not_picked":["Fire Breathing","Cleave+1","Havoc"],"picked":"Singing Bowl","floor":28},{"not_picked":["Body Slam+1","Iron Wave+1"],"picked":"True Grit","floor":30},{"not_picked":["True Grit","Combust"],"picked":"Feed+1","floor":30},{"not_picked":["Cleave+1","Power Through+1","Clothesline+1"],"picked":"Singing Bowl","floor":31},{"not_picked":["Corruption","Reaper+1"],"picked":"Exhume","floor":33},{"not_picked":["Sever Soul+1"],"picked":"Singing Bowl","floor":35},{"not_picked":[],"picked":"Armaments+1","floor":35},{"not_picked":[],"picked":"Sentinel","floor":36},{"not_picked":["Carnage+1"],"picked":"Singing Bowl","floor":36},{"not_picked":["Warcry"],"picked":"Singing Bowl","floor":37},{"not_picked":["Combust+1"],"picked":"Singing Bowl","floor":37},{"not_picked":["Cleave+1"],"picked":"Singing Bowl","floor":41},{"not_picked":["Twin Strike+1"],"picked":"Singing Bowl","floor":41},{"not_picked":["Battle Trance+1"],"picked":"Singing Bowl","floor":44},{"not_picked":["Heavy Blade+1"],"picked":"Singing Bowl","floor":46},{"not_picked":["Searing Blow+1"],"picked":"Singing Bowl","floor":46},{"not_picked":["Clash+1"],"picked":"Singing Bowl","floor":48},{"not_picked":["Intimidate"],"picked":"Singing Bowl","floor":48},{"not_picked":[],"picked":"Wild Strike+1","floor":54}],"player_experience":246150,"relics_obtained":[{"floor":6,"key":"Magic Flower"},{"floor":9,"key":"Letter Opener"},{"floor":10,"key":"MawBank"},{"floor":12,"key":"Prayer Wheel"},{"floor":25,"key":"Singing Bowl"},{"floor":26,"key":"Molten Egg 2"},{"floor":31,"key":"Mercury Hourglass"},{"floor":44,"key":"Ginger"},{"floor":54,"key":"Art of War"}],"event_choices":[{"cards_removed":["Strike_R"],"damage_healed":0,"gold_gain":0,"player_choice":"Offered Basic","damage_taken":0,"max_hp_gain":0,"max_hp_loss":0,"event_name":"Bonfire Elementals","floor":11,"gold_loss":0},{"damage_healed":0,"gold_gain":0,"player_choice":"Ignored","damage_taken":0,"max_hp_gain":0,"max_hp_loss":0,"event_name":"Mysterious Sphere","floor":38,"gold_loss":0},{"damage_healed":0,"gold_gain":0,"player_choice":"Got Potions","damage_taken":0,"max_hp_gain":0,"max_hp_loss":0,"event_name":"Lab","floor":39,"gold_loss":0},{"damage_healed":0,"gold_gain":0,"player_choice":"Fight","damage_taken":0,"max_hp_gain":0,"max_hp_loss":0,"event_name":"MindBloom","floor":44,"gold_loss":0},{"cards_removed":["Cleave"],"damage_healed":0,"gold_gain":0,"player_choice":"Removed Attack","damage_taken":0,"max_hp_gain":0,"max_hp_loss":0,"event_name":"Falling","floor":47,"gold_loss":0}],"is_beta":false,"boss_relics":[{"not_picked":["SlaversCollar","Runic Cube"],"picked":"Runic Pyramid"},{"not_picked":["Runic Dome","Fusion Hammer"],"picked":"Busted Crown"}],"items_purged_floors":[14,20,45,53],"is_endless":false,"potions_floor_spawned":[2,3,4,8,13,18,19,25,31,36,37,48],"ascension_level":3}}