{"host":"4rvakrj1idbgia3f","time":1612592405,"event":{"mods":["BaseMod","Colored Map","Colored Powertips","DeckTracker","Highlight Path","Minty Spire (QoL Compilation)","Random Character Button","StSLib"],"gold_per_floor":[116,116,134,134,153,153,187,187,187,187,187,200,236,236,236,335,335,359,359,382,297,23,23,23,23,23,23,41,41,75,0,0,95,95,116,116,136,136,152,192,192,192,192],"floor_reached":42,"language":"JPN","playtime":1873,"items_purged":["Strike_P"],"score":950,"play_id":"0a4a1f98-bdbd-41ae-bf14-dc679d750cb5","local_time":"20210206152005","is_ascension_mode":true,"campfire_choices":[{"data":"Eruption","floor":6.0,"key":"SMITH"},{"data":"Vigilance","floor":8.0,"key":"SMITH"},{"data":"FlurryOfBlows","floor":10.0,"key":"SMITH"},{"data":"Consecrate","floor":11.0,"key":"SMITH"},{"data":"CutThroughFate","floor":15.0,"key":"SMITH"},{"data":"RitualDagger","floor":23.0,"key":"SMITH"},{"data":"Blasphemy","floor":24.0,"key":"SMITH"},{"data":"EmptyMind","floor":27.0,"key":"SMITH"},{"floor":29.0,"key":"REST"},{"floor":32.0,"key":"REST"},{"floor":41,"key":"REST"}],"circlet_count":0,"master_deck":["AscendersBane","Strike_P","Strike_P","Strike_P","Defend_P","Defend_P","Defend_P","Defend_P","Eruption+1","Vigilance+1","Vengeance","Consecrate+1","EmptyBody","FlurryOfBlows+1","CutThroughFate+1","EmptyMind+1","Blasphemy+1","MentalFortress+1","RitualDagger+1","Adaptation+1","BowlingBash+1","EmptyMind","DeusExMachina","FlurryOfBlows+1","CrushJoints+1","Vault"],"relics":["PureWater","Centennial Puzzle","WingedGreaves","Golden Idol","Gremlin Horn","Ginger","Ice Cream","VioletLotus","HornCleat","Molten Egg 2","Oddly Smooth Stone","Du-Vu Doll","Fusion Hammer","Ancient Tea Set"],"acts_visited":["Exordium","TheCity","TheBeyond"],"potions_floor_usage":[40],"damage_taken":[{"damage":4.0,"enemies":"2 Louse","floor":1.0,"turns":4.0},{"damage":4.0,"enemies":"Small Slimes","floor":3.0,"turns":2.0},{"damage":0.0,"enemies":"Jaw Worm","floor":5.0,"turns":4.0},{"damage":3.0,"enemies":"Gremlin Nob","floor":7.0,"turns":3.0},{"damage":7.0,"enemies":"Exordium Wildlife","floor":12.0,"turns":4.0},{"damage":8.0,"enemies":"Lagavulin","floor":13.0,"turns":3.0},{"damage":2.0,"enemies":"Hexaghost","floor":16.0,"turns":7.0},{"damage":5.0,"enemies":"2 Thieves","floor":18.0,"turns":3.0},{"damage":6.0,"enemies":"Spheric Guardian","floor":20.0,"turns":3.0},{"damage":28.0,"enemies":"Snecko","floor":28.0,"turns":6.0},{"damage":19.0,"enemies":"Slavers","floor":30.0,"turns":3.0},{"damage":2.0,"enemies":"Collector","floor":33.0,"turns":6.0},{"damage":11.0,"enemies":"3 Shapes","floor":35.0,"turns":4.0},{"damage":0.0,"enemies":"Orb Walker","floor":37.0,"turns":1.0},{"damage":7.0,"enemies":"4 Shapes","floor":39.0,"turns":5.0},{"damage":25,"enemies":"Reptomancer","floor":40,"turns":5},{"damage":74,"enemies":"Transient","floor":42,"turns":2}],"seed_played":"2409678898353540178","potions_obtained":[{"floor":1.0,"key":"LiquidBronze"},{"floor":16.0,"key":"Block Potion"},{"floor":28.0,"key":"SpeedPotion"},{"floor":33.0,"key":"Weak Potion"}],"is_trial":false,"path_per_floor":["M","?","M","?","M","R","E","R","T","R","R","M","E","?","R","B",null,"M","?","M","?","$","R","R","?","T","R","M","R","E","$","R","B",null,"M","?","M","?","M","E","R","M"],"character_chosen":"WATCHER","items_purchased":["Molten Egg 2"],"campfire_rested":3,"item_purchase_floors":[22],"current_hp_per_floor":[57,31,27,27,27,27,24,24,24,24,24,17,9,9,9,7,48,43,37,31,31,31,31,31,31,31,31,3,21,2,2,20,18,51,40,40,40,40,33,8,25,0,0],"gold":192,"neow_bonus":"RANDOM_COMMON_RELIC","is_daily":false,"chose_seed":false,"campfire_upgraded":8,"win_rate":0.0,"timestamp":1612592405,"path_taken":["M","?","M","?","M","R","E","R","T","R","R","M","E","?","R","BOSS","M","?","M","?","?","R","R","?","T","R","M","R","E","$","R","BOSS","M","?","M","?","M","E","R","M"],"items_purchased_type":["Relic"],"build_version":"2020-12-22","purchased_purges":1,"victory":false,"max_hp_per_floor":[68,68,68,62,62,62,62,62,62,62,62,62,62,62,62,62,62,62,62,62,62,62,62,62,62,62,62,62,62,62,62,62,62,62,62,59,59,59,59,59,59,59,59],"card_choices":[{"not_picked":["ClearTheMind","FollowUp"],"picked":"Vengeance","floor":1.0},{"not_picked":["FlurryOfBlows","Prostrate"],"picked":"Consecrate","floor":3.0},{"not_picked":["Protect","PathToVictory"],"picked":"EmptyBody","floor":5.0},{"not_picked":["Sanctity","Evaluate"],"picked":"FlurryOfBlows","floor":7.0},{"not_picked":["SandsOfTime","ThirdEye"],"picked":"CutThroughFate","floor":12.0},{"not_picked":["Perseverance","BattleHymn"],"picked":"EmptyMind","floor":13.0},{"not_picked":["Scrawl","SpiritShield"],"picked":"Blasphemy","floor":16.0},{"not_picked":["Swivel","CrushJoints"],"picked":"MentalFortress+1","floor":18.0},{"not_picked":["WreathOfFlame","PathToVictory"],"picked":"Adaptation+1","floor":20.0},{"not_picked":["ForeignInfluence+1","Protect+1"],"picked":"BowlingBash+1","floor":28.0},{"not_picked":["SashWhip+1","Fasting2"],"picked":"EmptyMind","floor":30.0},{"not_picked":["Establishment","Judgement"],"picked":"DeusExMachina","floor":33.0},{"not_picked":["BowlingBash+1","Crescendo"],"picked":"FlurryOfBlows+1","floor":35.0},{"not_picked":["WaveOfTheHand","Consecrate+1","Worship"],"picked":"SKIP","floor":37.0},{"not_picked":["BattleHymn","SashWhip+1"],"picked":"CrushJoints+1","floor":39.0},{"not_picked":["ReachHeaven+1","Crescendo"],"picked":"Vault","floor":40}],"player_experience":2216250,"relics_obtained":[{"floor":7.0,"key":"Gremlin Horn"},{"floor":9.0,"key":"Ginger"},{"floor":13.0,"key":"Ice Cream"},{"floor":26.0,"key":"Oddly Smooth Stone"},{"floor":30.0,"key":"Du-Vu Doll"},{"floor":40,"key":"Ancient Tea Set"}],"event_choices":[{"damage_healed":0.0,"max_hp_gain":0.0,"max_hp_loss":0.0,"gold_gain":0.0,"event_name":"Scrap Ooze","player_choice":"Success","floor":2.0,"gold_loss":0.0,"damage_taken":26.0,"relics_obtained":["WingedGreaves"]},{"damage_healed":0.0,"max_hp_gain":0.0,"max_hp_loss":6.0,"gold_gain":0.0,"event_name":"Golden Idol","player_choice":"Lose Max HP","floor":4.0,"gold_loss":0.0,"damage_taken":0.0,"relics_obtained":["Golden Idol"]},{"damage_healed":0.0,"max_hp_gain":0.0,"max_hp_loss":0.0,"gold_gain":0.0,"event_name":"Liars Game","player_choice":"Ignored","floor":14.0,"gold_loss":0.0,"damage_taken":0.0},{"damage_healed":0.0,"max_hp_gain":0.0,"max_hp_loss":0.0,"gold_gain":0.0,"event_name":"Nest","player_choice":"Joined the Cult","floor":19.0,"gold_loss":0.0,"damage_taken":6.0,"cards_obtained":["RitualDagger"]},{"damage_healed":0.0,"max_hp_gain":0.0,"max_hp_loss":0.0,"gold_gain":0.0,"event_name":"Addict","player_choice":"Obtained Relic","floor":21.0,"gold_loss":85.0,"damage_taken":0.0,"relics_obtained":["HornCleat"]},{"damage_healed":0.0,"max_hp_gain":0.0,"max_hp_loss":0.0,"gold_gain":0.0,"event_name":"The Mausoleum","player_choice":"Ignored","floor":25.0,"gold_loss":0.0,"damage_taken":0.0},{"damage_healed":0.0,"max_hp_gain":0.0,"max_hp_loss":3.0,"gold_gain":0.0,"event_name":"Winding Halls","player_choice":"Max HP","floor":36.0,"gold_loss":0.0,"damage_taken":0.0},{"damage_healed":0.0,"max_hp_gain":0.0,"max_hp_loss":0.0,"gold_gain":0.0,"event_name":"Mysterious Sphere","player_choice":"Ignored","floor":38.0,"gold_loss":0.0,"damage_taken":0.0}],"is_beta":false,"boss_relics":[{"not_picked":["Black Star","Busted Crown"],"picked":"VioletLotus"},{"not_picked":["Pandora\u0027s Box","Calling Bell"],"picked":"Fusion Hammer"}],"items_purged_floors":[31],"is_endless":false,"potions_floor_spawned":[1,16,28,33,35,39],"killed_by":"Transient","ascension_level":20}}