{"host":"1mv6gj0zv8k9e9tz","time":1612604987,"event":{"mods":["AchievementEnabler","BaseMod","Better Third Choice","Colored Map","DeckTracker","Highlight Path","KOR Keyword Fix","Keyboard Shortcuts","Minty Spire (QoL Compilation)","Permanent Neow","Quick Restart","Rare Cards Sparkle","StSLib","SuperFastMode","everything is the same but u backflip on backflip"],"gold_per_floor":[118,76,151,71,71,104,104,133,156,156,190,208,225,238,238,309,309,326,166,183,73,73,73],"floor_reached":22,"language":"KOR","playtime":524,"items_purged":[],"score":466,"play_id":"07fe9347-bc03-4a26-ac32-bd6f2d1a729f","local_time":"20210206184947","is_ascension_mode":true,"campfire_choices":[{"data":"Dualcast","floor":7.0,"key":"SMITH"},{"data":"White Noise","floor":10.0,"key":"SMITH"},{"floor":15,"key":"REST"}],"circlet_count":0,"master_deck":["AscendersBane","Strike_B","Strike_B","Strike_B","Defend_B","Defend_B","Defend_B","Defend_B","Zap+1","Dualcast+1","Defragment","Capacitor","White Noise+1","All For One","Defragment+1","Hologram","Glacier","Creative AI","Heatsinks"],"relics":["Cracked Core","NeowsBlessing","MealTicket","PreservedInsect","Ice Cream","SlaversCollar","Bronze Scales"],"acts_visited":["Exordium","TheCity"],"potions_floor_usage":[14,18],"damage_taken":[{"damage":0.0,"enemies":"Cultist","floor":1.0,"turns":1.0},{"damage":0.0,"enemies":"Lagavulin","floor":6.0,"turns":1.0},{"damage":0.0,"enemies":"Gremlin Nob","floor":8.0,"turns":1.0},{"damage":15.0,"enemies":"3 Sentries","floor":11.0,"turns":6.0},{"damage":12.0,"enemies":"Jaw Worm","floor":12.0,"turns":3.0},{"damage":10.0,"enemies":"2 Louse","floor":13.0,"turns":2.0},{"damage":9,"enemies":"Lots of Slimes","floor":14,"turns":3},{"damage":3,"enemies":"Slime Boss","floor":16,"turns":17},{"damage":38,"enemies":"3 Byrds","floor":18,"turns":6},{"damage":21,"enemies":"Spheric Guardian","floor":20,"turns":7},{"damage":22,"enemies":"Cultist and Chosen","floor":22,"turns":3}],"seed_played":"-2419658468619887259","potions_obtained":[{"floor":6.0,"key":"EssenceOfDarkness"},{"floor":12.0,"key":"GamblersBrew"},{"floor":13.0,"key":"Block Potion"}],"is_trial":false,"path_per_floor":["M","$","?","$","?","E","R","E","T","R","E","M","M","M","R","B",null,"M","$","M","?","M"],"character_chosen":"DEFECT","items_purchased":["Defragment","Capacitor","Bronze Scales"],"campfire_rested":1,"item_purchase_floors":[2,4,19],"current_hp_per_floor":[64,64,53,53,53,53,53,53,53,53,38,26,16,7,28,25,60,22,37,16,16,0,0],"gold":73,"neow_bonus":"THREE_ENEMY_KILL","is_daily":false,"chose_seed":false,"campfire_upgraded":2,"win_rate":0.0,"timestamp":1612604987,"path_taken":["M","?","?","$","?","E","R","E","T","R","E","?","M","M","R","BOSS","M","$","M","?","?"],"items_purchased_type":["Card","Card","Relic"],"build_version":"2020-12-22","purchased_purges":0,"victory":false,"max_hp_per_floor":[71,71,71,71,71,71,71,71,71,71,71,71,71,71,71,71,71,71,71,71,71,71,71],"card_choices":[{"not_picked":["Redo","Hologram","Doom and Gloom"],"picked":"SKIP","floor":1.0},{"not_picked":["Auto Shields","Sweeping Beam"],"picked":"White Noise","floor":6.0},{"not_picked":["Streamline","Redo"],"picked":"All For One","floor":8.0},{"not_picked":["Fission","Glacier"],"picked":"Defragment","floor":11.0},{"not_picked":["Barrage","Force Field"],"picked":"Hologram","floor":12.0},{"not_picked":["Leap","Double Energy"],"picked":"Glacier","floor":13.0},{"not_picked":["Rip and Tear","Hello World","Loop"],"picked":"SKIP","floor":14},{"not_picked":["Meteor Strike","Hyperbeam"],"picked":"Creative AI","floor":16},{"not_picked":["Cold Snap","Loop","Stack"],"picked":"SKIP","floor":18},{"not_picked":["Barrage","Hologram"],"picked":"Heatsinks","floor":20}],"player_experience":627751,"relics_obtained":[{"floor":6.0,"key":"MealTicket"},{"floor":8.0,"key":"PreservedInsect"},{"floor":11.0,"key":"Ice Cream"}],"event_choices":[{"damage_healed":0.0,"max_hp_gain":0.0,"max_hp_loss":0.0,"gold_gain":75.0,"event_name":"betterThird:BetterGoop","player_choice":"Gold","floor":3.0,"gold_loss":0.0,"damage_taken":11.0},{"damage_healed":0.0,"max_hp_gain":0.0,"max_hp_loss":0.0,"gold_gain":0.0,"event_name":"Upgrade Shrine","player_choice":"Upgraded","floor":5.0,"gold_loss":0.0,"damage_taken":0.0,"cards_upgraded":["Zap"]},{"cards_removed":["Strike_B"],"damage_healed":0,"gold_gain":0,"player_choice":"Upgrade and Remove","damage_taken":0,"max_hp_gain":0,"max_hp_loss":0,"event_name":"Designer","floor":21,"gold_loss":110,"cards_upgraded":["Defragment"]}],"is_beta":false,"boss_relics":[{"not_picked":["Runic Dome","Runic Pyramid"],"picked":"SlaversCollar"}],"items_purged_floors":[],"is_endless":false,"potions_floor_spawned":[6,12,13],"killed_by":"Cultist and Chosen","ascension_level":17}}