{"host":"n1v11un6j7y72mz7","time":1612629970,"event":{"mods":["BaseMod","Downfall","KomeijiMod","Minty Spire (QoL Compilation)","READ ME - Guardian Mod","Reliquary","StSLib","Waifu the Spire"],"gold_per_floor":[99,116,116,116,126,137,162,180,80,99,113,113,123,154,171,268,268,168,179,179,37,54,154,154,154,154,154,166,185,185,198,208,309,309,309,322,322,347,358,358,358,358,358,358],"floor_reached":42,"language":"ZHS","playtime":2222,"items_purged":[],"score":402,"play_id":"06152e41-ade2-4e3c-9486-3506b57f12b6","local_time":"20210207004610","is_ascension_mode":false,"campfire_choices":[{"floor":1,"key":"RECALL"},{"data":"bronze:Terminator","floor":9,"key":"SMITH"},{"data":"bronze:Break","floor":18,"key":"SMITH"},{"data":"bronze:Mutator","floor":27,"key":"SMITH"},{"floor":30,"key":"REST"},{"data":"bronze:Verify","floor":35,"key":"SMITH"},{"data":"bronze:Repulsor","floor":40,"key":"SMITH"}],"circlet_count":0,"master_deck":["bronze:Strike","bronze:Strike","bronze:Strike","bronze:Strike","bronze:Defend","bronze:Defend","bronze:Defend","bronze:Defend","bronze:Replicate","bronze:Goto+1","bronze:ItsAFeature","bronze:Spike","bronze:Repair","bronze:Spike","bronze:Terminator+1","bronze:Overheat","bronze:DelayedSlice","bronze:BuggyMess","bronze:HyperBeam","bronze:DarkDash","bronze:ChildClass","bronze:Break+1","bronze:BronzeOrb","bronze:Repulsor+1","bronze:Mutator+1","bronze:BuggyMess+1","bronze:Boost","bronze:Overload","bronze:FollowUp","bronze:AlphaBuild","bronze:GetLatest+1","bronze:Verify+1","bronze:BitShift+1","Confused"],"relics":["bronze:BronzeCore","Orichalcum","downfall:HeartBlessingRed","The Courier","Boot","bronze:MakeshiftBattery","downfall:HeartBlessingGreen","WingedGreaves","reliquary:IridiumChain","Nloth\u0027s Gift","reliquary:Craggleroot","reliquary:RoseTintedGlasses"],"acts_visited":["Exordium","TheCity","TheBeyond"],"potions_floor_usage":[8,11,14,16,32,33,33,36,42],"damage_taken":[{"damage":0,"enemies":"Small Slimes","floor":2,"turns":3},{"damage":40,"enemies":"Small Slimes","floor":3,"turns":5},{"damage":0,"enemies":"Cultist","floor":5,"turns":4},{"damage":3,"enemies":"Jaw Worm","floor":6,"turns":5},{"damage":3,"enemies":"Gremlin Gang","floor":8,"turns":4},{"damage":7,"enemies":"Blue Slaver","floor":10,"turns":3},{"damage":0,"enemies":"Large Slime","floor":11,"turns":3},{"damage":10,"enemies":"Red Slaver","floor":13,"turns":3},{"damage":6,"enemies":"Gremlin Nob","floor":14,"turns":3},{"damage":0,"enemies":"3 Louse","floor":15,"turns":2},{"damage":1,"enemies":"SI_SHIV_ARCHETYPE","floor":16,"turns":5},{"damage":4,"enemies":"Shell Parasite","floor":19,"turns":3},{"damage":0,"enemies":"downfall:FleeingMerchant","floor":21,"turns":4},{"damage":28,"enemies":"Shelled Parasite and Fungi","floor":22,"turns":4},{"damage":15,"enemies":"IC_STATUS_ARCHETYPE","floor":23,"turns":5},{"damage":23,"enemies":"3 Cultists","floor":28,"turns":5},{"damage":5,"enemies":"Snake Plant","floor":29,"turns":4},{"damage":7,"enemies":"Snecko","floor":31,"turns":4},{"damage":0,"enemies":"Centurion and Healer","floor":32,"turns":3},{"damage":59,"enemies":"DF_ARCHETYPE_CLAW","floor":33,"turns":6},{"damage":19,"enemies":"Orb Walker","floor":36,"turns":2},{"damage":0,"enemies":"3 Shapes","floor":39,"turns":2},{"damage":42,"enemies":"Transient","floor":42,"turns":4}],"seed_played":"-5940246580238158376","potions_obtained":[{"floor":5,"key":"ColorlessPotion"},{"floor":6,"key":"Fire Potion"},{"floor":8,"key":"Fire Potion"},{"floor":11,"key":"Block Potion"},{"floor":13,"key":"Fire Potion"},{"floor":23,"key":"bronze:BurnAndBuffPotion"},{"floor":28,"key":"Ancient Potion"},{"floor":33,"key":"champ:CounterPotion"},{"floor":36,"key":"PowerPotion"}],"is_trial":false,"path_per_floor":["R","M","?","?","M","M","T","M","R","M","M","T","M","E","M","B",null,"R","M","?","$","M","?","T","?","?","R","M","M","R","M","M","B",null,"R","M","?","T","M","R","T","M"],"character_chosen":"THE_AUTOMATON","items_purchased":["bronze:Mutator"],"campfire_rested":1,"item_purchase_floors":[21],"current_hp_per_floor":[70,70,30,30,37,41,41,45,45,45,52,52,49,43,43,49,70,70,66,66,70,49,41,41,41,41,41,25,27,48,48,55,3,70,70,51,51,51,51,51,51,9,9,9],"gold":358,"neow_bonus":"UPGRADE_CARD","is_daily":false,"chose_seed":false,"campfire_upgraded":5,"win_rate":0.0,"timestamp":1612629970,"path_taken":["R","M","?","?","?","M","T","M","R","M","M","?","?","E","M","BOSS","R","M","?","$","M","?","T","?","?","R","?","M","R","M","M","BOSS","R","M","?","?","?","R","T","M"],"items_purchased_type":["Card"],"build_version":"2020-12-22","purchased_purges":0,"victory":false,"max_hp_per_floor":[70,70,70,70,70,70,70,70,70,70,70,70,70,70,70,70,70,70,70,70,70,70,70,70,70,70,70,70,70,70,70,70,70,70,70,70,70,70,70,70,70,70,70,70],"card_choices":[{"not_picked":["bronze:BitShift","bronze:Overload"],"picked":"bronze:ItsAFeature","floor":2},{"not_picked":[],"picked":"bronze:Spike","floor":3},{"not_picked":["bronze:FineTuning","bronze:Refactor"],"picked":"bronze:Repair","floor":3},{"not_picked":["bronze:WhirlingStrike","bronze:Shield"],"picked":"bronze:Terminator","floor":5},{"not_picked":["bronze:Shield","bronze:BugBarrage"],"picked":"bronze:Overheat","floor":6},{"not_picked":["bronze:Overheat","bronze:Iterate"],"picked":"bronze:DelayedSlice","floor":8},{"not_picked":["bronze:ClassDefault","bronze:BugBarrage"],"picked":"bronze:BuggyMess","floor":10},{"not_picked":["bronze:Overload","bronze:Shield"],"picked":"bronze:HyperBeam","floor":11},{"not_picked":["bronze:DelayedGuard","bronze:Flail"],"picked":"bronze:DarkDash","floor":13},{"not_picked":["bronze:NullPointer","bronze:DelayedSlice"],"picked":"bronze:ChildClass","floor":14},{"not_picked":["bronze:DelayedGuard","bronze:CloningBeam","bronze:Safeguard"],"picked":"SKIP","floor":15},{"not_picked":["bronze:TinkerersToolbox","bronze:BurnOut"],"picked":"bronze:Break","floor":16},{"not_picked":["bronze:Overheat","bronze:WildBeam","bronze:BitShift"],"picked":"SKIP","floor":19},{"not_picked":["bronze:InfiniteBeams","bronze:MaxOutput"],"picked":"bronze:Repulsor","floor":21},{"not_picked":["bronze:Deprecate","bronze:Break"],"picked":"bronze:BuggyMess+1","floor":22},{"not_picked":["bronze:DelayedGuard","bronze:Safeguard"],"picked":"bronze:Boost","floor":23},{"not_picked":["bronze:Frontload","bronze:Invalidate"],"picked":"bronze:Overload","floor":28},{"not_picked":["bronze:ChildClass+1","bronze:Turbo"],"picked":"bronze:FollowUp","floor":29},{"not_picked":["bronze:OilSpill+1","bronze:Separator"],"picked":"bronze:AlphaBuild","floor":31},{"not_picked":["bronze:DelayedSlice","bronze:ItsAFeature"],"picked":"bronze:GetLatest+1","floor":32},{"not_picked":["bronze:Hardcode","bronze:ThunderWave"],"picked":"bronze:Verify","floor":33},{"not_picked":["bronze:Shield+1","bronze:Overheat+1"],"picked":"bronze:BitShift+1","floor":36},{"not_picked":["bronze:BronzeArmor","bronze:Terminator","bronze:Mutator"],"picked":"SKIP","floor":39}],"player_experience":175772,"relics_obtained":[{"floor":7,"key":"Orichalcum"},{"floor":12,"key":"The Courier"},{"floor":14,"key":"Boot"},{"floor":23,"key":"WingedGreaves"},{"floor":23,"key":"reliquary:IridiumChain"},{"floor":24,"key":"Mercury Hourglass"},{"floor":38,"key":"reliquary:RoseTintedGlasses"}],"event_choices":[{"damage_healed":0,"gold_gain":0,"player_choice":"Read","damage_taken":0,"max_hp_gain":0,"max_hp_loss":0,"event_name":"The Library","floor":20,"gold_loss":0,"cards_obtained":["bronze:BronzeOrb"]}],"is_beta":false,"boss_relics":[{"not_picked":["Fusion Hammer","reliquary:RedCape"],"picked":"bronze:MakeshiftBattery"},{"not_picked":["reliquary:WritOfMandamus","reliquary:Ember"],"picked":"reliquary:Craggleroot"}],"items_purged_floors":[],"is_endless":false,"potions_floor_spawned":[5,6,8,11,13,23,28,29,33,36],"killed_by":"Transient","ascension_level":0}}