{"host":"3xls0xm49ftugio7","time":1612642091,"event":{"mods":["2.2 Compatiblity","AchievementEnabler","Act Like it!","BaseMod","Colored Powertips","Downfall","GifTheSpireLib","Mimic Mod","Minty Spire (QoL Compilation)","Quick Restart","Relic Stats","Spire Arcade","StSLib","Trackpad","Wandering Minibosses","slay the spire mod where everything is the same but ironclad has a cowboy hat"],"gold_per_floor":[99,112,112,127,127,141,176,188,188,206,238,146,161,191,210,307,307,307,325,345,345,357,357,381,291,303,321,321,221,239,239,254,354,354,354,370,169,219,233,284,311,329,329,359,277,302,102,117,130,130,130,164,94,94,94,94],"floor_reached":57,"language":"ENG","playtime":4342,"items_purged":["Guardian:Strike_Guardian"],"score":1674,"play_id":"fd59cf5a-7074-4362-a73a-98537fd2d8dd","local_time":"20210206220811","is_ascension_mode":true,"campfire_choices":[{"data":"Guardian:TwinSlam","floor":1.0,"key":"SMITH"},{"floor":9.0,"key":"REST"},{"data":"Guardian:ExploitGems","floor":18.0,"key":"SMITH"},{"data":"Finesse","floor":23.0,"key":"SMITH"},{"floor":29.0,"key":"REST"},{"data":"Guardian:BodySlam","floor":35,"key":"SMITH"},{"floor":43,"key":"RECALL"},{"floor":47,"key":"REST"},{"floor":54,"key":"REST"}],"circlet_count":0,"master_deck":["Guardian:Strike_Guardian","Guardian:Strike_Guardian","Guardian:Strike_Guardian","Guardian:Defend_Guardian","Guardian:Defend_Guardian","Guardian:Defend_Guardian","Guardian:Defend_Guardian","Guardian:CurlUp","Guardian:TwinSlam+1","Finesse+1","Guardian:RollAttack","Guardian:ArmoredProtocol","Guardian:SentryBeam+1","Guardian:ShieldCharger","Guardian:CrystalBeam+1","Guardian:PrimingBeam","Guardian:BronzeArmor","Guardian:ChargeCore","Guardian:ExploitGems+1","Guardian:Preprogram","Guardian:SpikerProtocol+1","Guardian:TimeCapacitor+1","Guardian:ArmoredProtocol+1","Guardian:BodySlam+1","Guardian:FastForward","Guardian:FuturePlans","Guardian:GuardianWhirl","Guardian:RollAttack+1","Guardian:FloatingOrbs+1","Guardian:SpikerProtocol+1","expansioncontent:DashGenerateEvil","Guardian:SpikerProtocol+1","Parasite","Guardian:ChargeCore+1","Guardian:Repulse"],"relics":["Guardian:ModeShifter","trackpad:PetRock","Whetstone","trackpad:BottledTsunami","Runic Pyramid","White Beast Statue","downfall:HeartBlessingBlue","Busted Crown","trackpad:SappingStone","Lizard Tail","Pen Nib","Nunchaku","Boot","InkBottle","trackpad:CultistFigurine","downfall:HeartBlessingGreen","downfall:HeartBlessingRed","Ornamental Fan"],"acts_visited":["Exordium","TheCity","TheBeyond","TheEnding"],"potions_floor_usage":[33,56,56],"damage_taken":[{"damage":0.0,"enemies":"Small Slimes","floor":2.0,"turns":3.0},{"damage":6.0,"enemies":"Jaw Worm","floor":4.0,"turns":5.0},{"damage":0.0,"enemies":"Cultist","floor":5.0,"turns":1.0},{"damage":5.0,"enemies":"Large Slime","floor":6.0,"turns":8.0},{"damage":10.0,"enemies":"Red Slaver","floor":7.0,"turns":9.0},{"damage":3.0,"enemies":"Red Slaver","floor":8.0,"turns":3.0},{"damage":1.0,"enemies":"Exordium Thugs","floor":10.0,"turns":4.0},{"damage":0.0,"enemies":"3 Louse","floor":11.0,"turns":6.0},{"damage":0.0,"enemies":"downfall:FleeingMerchant","floor":12.0,"turns":4.0},{"damage":6.0,"enemies":"3 Louse","floor":13.0,"turns":3.0},{"damage":0.0,"enemies":"Lagavulin","floor":14.0,"turns":6.0},{"damage":2.0,"enemies":"2 Fungi Beasts","floor":15.0,"turns":3.0},{"damage":5.0,"enemies":"WA_ARCHETYPE_RETAIN","floor":16.0,"turns":6.0},{"damage":7.0,"enemies":"Chosen","floor":19.0,"turns":4.0},{"damage":9.0,"enemies":"3 Byrds","floor":20.0,"turns":4.0},{"damage":0.0,"enemies":"3 Cultists","floor":22.0,"turns":5.0},{"damage":0.0,"enemies":"downfall:FleeingMerchant","floor":25.0,"turns":4.0},{"damage":0.0,"enemies":"Cultist and Chosen","floor":26.0,"turns":6.0},{"damage":14.0,"enemies":"Centurion and Healer","floor":27.0,"turns":6.0},{"damage":18.0,"enemies":"Chosen and Byrds","floor":30.0,"turns":5.0},{"damage":0.0,"enemies":"Snecko","floor":32.0,"turns":6.0},{"damage":11,"enemies":"DF_ARCHETYPE_CLAW","floor":33,"turns":6},{"damage":2,"enemies":"Orb Walker","floor":36,"turns":3},{"damage":0,"enemies":"downfall:FleeingMerchant","floor":37,"turns":4},{"damage":0,"enemies":"downfall:FleeingMerchant","floor":38,"turns":7},{"damage":0,"enemies":"3 Shapes","floor":39,"turns":2},{"damage":0,"enemies":"Sphere and 2 Shapes","floor":42,"turns":4},{"damage":0,"enemies":"Nemesis","floor":44,"turns":5},{"damage":0,"enemies":"downfall:FleeingMerchant","floor":45,"turns":3},{"damage":47,"enemies":"Giant Head","floor":46,"turns":7},{"damage":0,"enemies":"Maw","floor":48,"turns":6},{"damage":0,"enemies":"Writhing Mass","floor":49,"turns":4},{"damage":8,"enemies":"SI_POISON_ARCHETYPE","floor":50,"turns":12},{"damage":23,"enemies":"downfall:CharBossMerchant","floor":52,"turns":7},{"damage":10,"enemies":"downfall:NeowBoss","floor":55,"turns":13},{"damage":0,"enemies":"downfall:NeowBossFinal","floor":56,"turns":10}],"seed_played":"-5388116357177072577","potions_obtained":[{"floor":4.0,"key":"Swift Potion"},{"floor":8.0,"key":"AttackPotion"},{"floor":14.0,"key":"Guardian:AcceleratePotion"},{"floor":22.0,"key":"Regen Potion"},{"floor":26.0,"key":"PowerPotion"},{"floor":27.0,"key":"DistilledChaos"},{"floor":33,"key":"DuplicationPotion"}],"is_trial":false,"path_per_floor":["R","M","?","M","M","M","MIM","M","R","M","MIM","$","M","E","M","B",null,"R","M","M","?","M","R","T","$","M","M","?","R","M","?","M","B",null,"R","M","$","?","M","T","T","M","R","E","$","E","R","M","M","B",null,"E","$","R","B","B",null],"character_chosen":"GUARDIAN","items_purchased":["Guardian:SentryBeam","trackpad:SappingStone","Guardian:GuardianWhirl","InkBottle","expansioncontent:DashGenerateEvil","Guardian:Repulse"],"campfire_rested":4,"item_purchase_floors":[12,37,37,45,45,53],"current_hp_per_floor":[72,72,72,66,66,61,51,48,72,71,71,71,65,65,63,58,75,75,68,59,59,59,59,59,59,59,45,45,82,64,90,90,79,87,87,85,85,85,85,85,85,85,85,85,85,38,65,65,65,57,82,59,59,86,76,90],"gold":94,"neow_bonus":"RANDOM_COLORLESS","is_daily":false,"chose_seed":false,"campfire_upgraded":4,"win_rate":0.0,"timestamp":1612642091,"path_taken":["R","M","?","M","M","M","MIM","M","R","M","?","?","M","E","M","BOSS","R","M","M","?","M","R","T","$","?","M","?","R","M","?","M","BOSS","R","M","$","?","M","?","T","M","R","E","$","E","R","?","M","BOSS","E","$","R","BOSS","BOSS"],"items_purchased_type":["Card","Relic","Card","Relic","Card","Card"],"build_version":"2020-12-22","purchased_purges":1,"victory":true,"max_hp_per_floor":[80,80,80,80,80,80,80,80,80,80,80,80,80,80,80,80,80,80,80,80,80,80,80,80,80,80,80,80,90,90,90,90,90,90,90,90,90,90,90,90,90,90,90,90,90,90,90,90,90,90,90,90,90,90,90,90],"relic_stats":{"Lizard Tail":0,"Nunchaku":[20],"Busted Crown":22,"counters":[36,189],"Ornamental Fan":[68],"Pen Nib":[20],"Whetstone":["Guardian:CrystalBeam","Guardian:SentryBeam"],"Boot":[64],"obtain_stats":[{"downfall:HeartBlessingRed":47,"trackpad:SappingStone":37,"Guardian:ModeShifter":0,"trackpad:PetRock":7,"downfall:HeartBlessingGreen":47,"Pen Nib":40,"Whetstone":11,"Boot":44,"White Beast Statue":21,"Lizard Tail":38,"Nunchaku":41,"downfall:BrokenWingStatue":3,"Busted Crown":34,"downfall:HeartBlessingBlue":29,"Ornamental Fan":52,"trackpad:CultistFigurine":46,"trackpad:BottledTsunami":14,"InkBottle":45,"Runic Pyramid":17},{"downfall:HeartBlessingRed":30,"trackpad:SappingStone":24,"Guardian:ModeShifter":0,"trackpad:PetRock":5,"downfall:HeartBlessingGreen":30,"Pen Nib":26,"Whetstone":8,"Boot":28,"White Beast Statue":15,"Lizard Tail":25,"Nunchaku":26,"downfall:BrokenWingStatue":1,"Busted Crown":22,"downfall:HeartBlessingBlue":19,"Ornamental Fan":34,"trackpad:CultistFigurine":30,"trackpad:BottledTsunami":11,"InkBottle":29,"Runic Pyramid":13},{"downfall:HeartBlessingRed":137,"trackpad:SappingStone":109,"Guardian:ModeShifter":0,"trackpad:PetRock":26,"downfall:HeartBlessingGreen":137,"Pen Nib":118,"Whetstone":38,"Boot":127,"White Beast Statue":67,"Lizard Tail":116,"Nunchaku":118,"downfall:BrokenWingStatue":3,"Busted Crown":102,"downfall:HeartBlessingBlue":86,"Ornamental Fan":166,"trackpad:CultistFigurine":137,"trackpad:BottledTsunami":51,"InkBottle":130,"Runic Pyramid":59}],"InkBottle":[43]},"card_choices":[{"not_picked":["Deep Breath","Jack Of All Trades"],"picked":"Finesse","floor":0.0},{"not_picked":["Guardian:Planning","Guardian:DonusPower"],"picked":"Guardian:Gem_Cyan","floor":2.0},{"not_picked":["Guardian:ArmoredProtocol","Guardian:Recover"],"picked":"Guardian:RollAttack","floor":4.0},{"not_picked":["Guardian:Emergency","Guardian:PiercingHide"],"picked":"Guardian:ArmoredProtocol","floor":5.0},{"not_picked":["Guardian:PrismaticBeam","Guardian:TemporalStrike"],"picked":"Guardian:SentryBeam","floor":6.0},{"not_picked":["Guardian:PiercingHide","Guardian:ChargeCore"],"picked":"Guardian:ShieldCharger","floor":7.0},{"not_picked":["Guardian:PiercingHide","Guardian:PrimingBeam"],"picked":"Guardian:Gem_Crimson","floor":8.0},{"not_picked":["Guardian:Gem_White","Guardian:Suspension"],"picked":"Guardian:Gem_Orange","floor":10.0},{"not_picked":["Guardian:Reroute","Guardian:Gem_Red"],"picked":"Guardian:CrystalBeam","floor":11.0},{"not_picked":["Guardian:PolyBeam","Guardian:Gem_White"],"picked":"Guardian:PrimingBeam","floor":12.0},{"not_picked":["Guardian:Recover","Guardian:Suspension"],"picked":"Guardian:Gem_Purple","floor":13.0},{"not_picked":["Guardian:Preprogram","Guardian:GuardianWhirl"],"picked":"Guardian:BronzeArmor","floor":14.0},{"not_picked":["Guardian:Reroute","Guardian:Gem_Crimson"],"picked":"Guardian:ChargeCore","floor":15.0},{"not_picked":["Guardian:GatlingBeam","Guardian:AncientConstruct"],"picked":"Guardian:ExploitGems","floor":16.0},{"not_picked":["Guardian:VentSteam+1","Guardian:PiercingHide"],"picked":"Guardian:Preprogram","floor":19.0},{"not_picked":["Guardian:PolyBeam","Guardian:Suspension+1"],"picked":"Guardian:SpikerProtocol+1","floor":20.0},{"not_picked":["Guardian:TemporalShield","Guardian:RollAttack"],"picked":"Guardian:Gem_Cyan","floor":22.0},{"not_picked":["Guardian:ShieldCharger+1","Guardian:ShieldSpikes"],"picked":"Guardian:TimeCapacitor+1","floor":25.0},{"not_picked":["Guardian:TimeBomb+1","Guardian:Planning+1"],"picked":"Guardian:Gem_Lightblue","floor":26.0},{"not_picked":["Guardian:RollAttack","Guardian:ArmoredProtocol"],"picked":"Guardian:Gem_Lightblue","floor":27.0},{"not_picked":["Guardian:Planning+1","Guardian:Suspension+1"],"picked":"Guardian:ArmoredProtocol+1","floor":30.0},{"not_picked":["Guardian:Reroute","Guardian:Gem_Red"],"picked":"Guardian:BodySlam","floor":32},{"not_picked":["Guardian:StasisField","Guardian:ExploitGems"],"picked":"Guardian:FastForward","floor":33},{"not_picked":[],"picked":"Guardian:FuturePlans","floor":36},{"not_picked":["Guardian:VentSteam+1"],"picked":"SKIP","floor":37},{"not_picked":[],"picked":"Guardian:RollAttack+1","floor":38},{"not_picked":[],"picked":"Guardian:FloatingOrbs+1","floor":39},{"not_picked":["Guardian:RefractedBeam+1"],"picked":"SKIP","floor":42},{"not_picked":[],"picked":"Guardian:Gem_Green","floor":44},{"not_picked":[],"picked":"Guardian:SpikerProtocol+1","floor":45},{"not_picked":[],"picked":"Guardian:SpikerProtocol+1","floor":46},{"not_picked":["Guardian:CrystalBeam"],"picked":"SKIP","floor":48},{"not_picked":[],"picked":"Guardian:ChargeCore+1","floor":49},{"not_picked":["Guardian:FuturePlans"],"picked":"SKIP","floor":52}],"player_experience":1034720,"relics_obtained":[{"floor":7.0,"key":"trackpad:PetRock"},{"floor":11.0,"key":"Whetstone"},{"floor":14.0,"key":"trackpad:BottledTsunami"},{"floor":21.0,"key":"White Beast Statue"},{"floor":38,"key":"Lizard Tail"},{"floor":40,"key":"Pen Nib"},{"floor":41,"key":"Nunchaku"},{"floor":44,"key":"Boot"},{"floor":46,"key":"trackpad:CultistFigurine"},{"floor":52,"key":"Ornamental Fan"}],"event_choices":[{"damage_healed":0.0,"max_hp_gain":0.0,"max_hp_loss":0.0,"gold_gain":0.0,"event_name":"Wheel of Change","player_choice":"Relic","floor":21.0,"gold_loss":0.0,"damage_taken":0.0},{"cards_removed":["Guardian:SentryBeam"],"damage_healed":26.0,"max_hp_gain":0.0,"max_hp_loss":0.0,"gold_gain":0.0,"event_name":"Bonfire Elementals","player_choice":"Offered Uncommon","floor":31.0,"gold_loss":0.0,"damage_taken":0.0}],"is_beta":false,"boss_relics":[{"not_picked":["Coffee Dripper","Fusion Hammer"],"picked":"Runic Pyramid"},{"not_picked":["bronze:MakeshiftBattery","Empty Cage"],"picked":"Busted Crown"}],"items_purged_floors":[25],"is_endless":false,"potions_floor_spawned":[4,8,14,15,16,22,25,26,27,30,32,33,36,37,38,39,42,44,45,46,48,49,52],"ascension_level":7}}