{"host":"o9lehcdjc4u6j9un","time":1612641416,"event":{"mods":["BaseMod","Better-Laid Plans","Colored Map","Downfall","Hermit","Marisa£®ÏF”Í°°ƒß¿Ì…≥£©","Minty Spire (QoL Compilation)","Reimu£®≤©¿ˆ¡È√Œ£©","StSLib","The Runesmith","The Senshi","TheSwordswoman"],"gold_per_floor":[119,132,152,227,152,152,177,177,177,206,206,206,222,239,239,334,334,349,363,363,383,399,399,417,392,392,392,379,379,359,359],"floor_reached":30,"language":"ZHS","playtime":1918,"items_purged":["Strike_Lin:ReiMu"],"score":262,"play_id":"fb14e88e-7e40-43a1-ab26-b48f601c38e4","local_time":"20210207035656","is_ascension_mode":false,"campfire_choices":[{"data":"CareerPray:ReiMu","floor":6,"key":"SMITH"},{"data":"SpringWay:ReiMu","floor":8,"key":"SMITH"},{"floor":11,"key":"REST"},{"floor":15,"key":"REST"},{"floor":23,"key":"REST"},{"floor":29,"key":"REST"}],"circlet_count":0,"master_deck":["Strike_Lin:ReiMu","Strike_Lin:ReiMu","Defend_Lin:ReiMu","Defend_Lin:ReiMu","NB:ReiMu","Stagnation:ReiMu","CareerPray:ReiMu+1","SpringWay:ReiMu+1","SafetyPray:ReiMu","Enchanting:ReiMu","EmergencyTakeOff:ReiMu","UniversalSpiritual:ReiMu+1","SpringWay:ReiMu","DependentForm:ReiMu+1","RainPray2:ReiMu","CareerPray:ReiMu","PrepareRite:ReiMu","YinYang:ReiMu","ForcedLanding:ReiMu","FantasyMoon:ReiMu+1","BarrageOfMoneybags:ReiMu","Conquer:ReiMu","Injury","YinYangSange:ReiMu+1"],"relics":["FlyPower:ReiMu","Frozen Egg 2","Darkstone Periapt","Cursed Key","Bottled Tornado","Enchiridion","Molten Egg 2"],"acts_visited":["Exordium","TheCity"],"potions_floor_usage":[16,21,21,28,28,30],"damage_taken":[{"damage":0,"enemies":"Small Slimes","floor":1,"turns":3},{"damage":2,"enemies":"2 Louse","floor":2,"turns":3},{"damage":0,"enemies":"Jaw Worm","floor":3,"turns":2},{"damage":14,"enemies":"Lagavulin","floor":7,"turns":8},{"damage":12,"enemies":"Gremlin Nob","floor":10,"turns":4},{"damage":9,"enemies":"Exordium Wildlife","floor":13,"turns":4},{"damage":0,"enemies":"Large Slime","floor":14,"turns":4},{"damage":22,"enemies":"Slime Boss","floor":16,"turns":11},{"damage":8,"enemies":"Chosen","floor":18,"turns":6},{"damage":0,"enemies":"Spheric Guardian","floor":19,"turns":5},{"damage":18,"enemies":"3 Cultists","floor":21,"turns":6},{"damage":7,"enemies":"Snecko","floor":22,"turns":4},{"damage":23,"enemies":"Centurion and Healer","floor":24,"turns":5},{"damage":13,"enemies":"Snake Plant","floor":25,"turns":4},{"damage":9,"enemies":"Gremlin Leader","floor":28,"turns":6},{"damage":47,"enemies":"Book of Stabbing","floor":30,"turns":4}],"seed_played":"-110855327586309535","potions_obtained":[{"floor":1,"key":"BlessingOfTheForge"},{"floor":7,"key":"DistilledChaos"},{"floor":18,"key":"EssenceOfSteel"},{"floor":19,"key":"Fire Potion"},{"floor":21,"key":"Energy Potion"},{"floor":25,"key":"Regen Potion"}],"is_trial":false,"path_per_floor":["M","M","M","?","$","R","E","R","T","E","R","?","M","M","R","B",null,"M","M","?","M","M","R","M","M","T","?","E","R","E"],"character_chosen":"REIMU","items_purchased":[],"campfire_rested":4,"item_purchase_floors":[],"current_hp_per_floor":[71,69,69,58,58,58,44,44,44,32,53,46,37,37,58,36,71,63,63,63,45,38,59,36,23,29,13,19,42,0,0],"gold":359,"neow_bonus":"TEN_PERCENT_HP_BONUS","is_daily":false,"chose_seed":false,"campfire_upgraded":2,"win_rate":0.0,"timestamp":1612641416,"path_taken":["M","M","M","?","$","R","E","R","T","E","R","?","M","M","R","BOSS","M","M","?","M","M","R","M","M","T","?","E","R","E"],"items_purchased_type":[],"build_version":"2020-12-22","purchased_purges":1,"victory":false,"max_hp_per_floor":[71,71,71,71,71,71,71,71,71,71,71,71,71,71,71,71,71,71,71,71,71,71,71,71,71,77,77,77,77,77,77],"card_choices":[{"not_picked":["NineCharacters:ReiMu","SubcavityInstant:ReiMu"],"picked":"CareerPray:ReiMu","floor":1},{"not_picked":["AlertArray:ReiMu","AirManeuver:ReiMu"],"picked":"SpringWay:ReiMu","floor":2},{"not_picked":["SubAcupoint:ReiMu","Intuition:ReiMu"],"picked":"SafetyPray:ReiMu","floor":3},{"not_picked":["Shading:ReiMu","Intuition:ReiMu"],"picked":"Enchanting:ReiMu","floor":7},{"not_picked":["FoulBorder2:ReiMu+1","SpreadBorder2:ReiMu"],"picked":"EmergencyTakeOff:ReiMu","floor":10},{"not_picked":["AirStrike:ReiMu","Amulet:ReiMu"],"picked":"UniversalSpiritual:ReiMu+1","floor":13},{"not_picked":["SubcavityInstant:ReiMu","OrbThrow:ReiMu"],"picked":"SpringWay:ReiMu","floor":14},{"not_picked":["RunawayExorcism:ReiMu","CleanRite:ReiMu"],"picked":"DependentForm:ReiMu+1","floor":16},{"not_picked":["KamiSacrifice:ReiMu","FantasyMoon:ReiMu+1"],"picked":"RainPray2:ReiMu","floor":18},{"not_picked":["WonderfulDomain:ReiMu","SafetyPray:ReiMu"],"picked":"CareerPray:ReiMu","floor":19},{"not_picked":["Amulet:ReiMu","PhosphorusFlame:ReiMu"],"picked":"ForcedLanding:ReiMu","floor":21},{"not_picked":["AlertArray:ReiMu","ForcedLanding:ReiMu"],"picked":"FantasyMoon:ReiMu+1","floor":22},{"not_picked":["TightArray:ReiMu+1","SubAcupoint:ReiMu"],"picked":"BarrageOfMoneybags:ReiMu","floor":24},{"not_picked":["EmergencyTakeOff:ReiMu","RainPray2:ReiMu"],"picked":"Conquer:ReiMu","floor":25},{"not_picked":["PayForSelf:ReiMu+1","PassingAway:ReiMu+1"],"picked":"YinYangSange:ReiMu+1","floor":28}],"player_experience":120992,"relics_obtained":[{"floor":7,"key":"Frozen Egg 2"},{"floor":10,"key":"Darkstone Periapt"},{"floor":26,"key":"Bottled Tornado"},{"floor":27,"key":"Enchiridion"},{"floor":28,"key":"Molten Egg 2"}],"event_choices":[{"damage_healed":0,"gold_gain":75,"player_choice":"Gather Gold","damage_taken":11,"max_hp_gain":0,"max_hp_loss":0,"event_name":"World of Goop","floor":4,"gold_loss":0},{"cards_removed":["Defend_Lin:ReiMu"],"damage_healed":0,"gold_gain":0,"player_choice":"Card Removal","damage_taken":7,"max_hp_gain":0,"max_hp_loss":0,"event_name":"Golden Wing","floor":12,"gold_loss":0},{"damage_healed":0,"gold_gain":0,"cards_transformed":["Strike_Lin:ReiMu","Defend_Lin:ReiMu"],"player_choice":"Became Test Subject","damage_taken":0,"max_hp_gain":0,"max_hp_loss":0,"event_name":"Drug Dealer","floor":20,"gold_loss":0,"cards_obtained":["PrepareRite:ReiMu","YinYang:ReiMu"]},{"damage_healed":0,"gold_gain":0,"player_choice":"Obtained Book","damage_taken":16,"max_hp_gain":0,"max_hp_loss":0,"event_name":"Cursed Tome","floor":27,"gold_loss":0}],"is_beta":false,"boss_relics":[{"not_picked":["RedLine:ReiMu","Black Star"],"picked":"Cursed Key"}],"items_purged_floors":[5],"is_endless":false,"potions_floor_spawned":[1,7,18,19,21,25],"killed_by":"Book of Stabbing","ascension_level":0}}