{"host":"z5bn7jsck728mmiq","time":1612598407,"event":{"mods":["BaseMod","Bestiary","DeckTracker","Hermit","Marisa????????","Minty Spire (QoL Compilation)","Permanent Neow","StSLib","The Disciple","The Gatherer","The Hierophant","The Servant 0.9.4","Trackpad","Wide Potions"],"gold_per_floor":[117,16,16,91,101,130,130,147,170,170,170,188,208,220,220,318,318,335,335,347,105,75,75,87,105,105,105,123,156,174,187,187,287,287,307,40,90,102,119,119,139,139,139],"floor_reached":42,"language":"ENG","playtime":1993,"items_purged":["Clumsy","Defend_S"],"score":549,"play_id":"175d17fb-2ffb-46d5-89e2-75f72bf17a96","local_time":"20210206000007","is_ascension_mode":false,"campfire_choices":[{"floor":7,"key":"REST"},{"floor":10,"key":"REST"},{"data":"KidneyShot","floor":15,"key":"SMITH"},{"data":"Initiator","floor":23,"key":"SMITH"},{"data":"ReturningBlade+1","floor":27,"key":"SMITH"},{"floor":32,"key":"REST"},{"data":"SilverBlades","floor":40,"key":"SMITH"}],"circlet_count":0,"master_deck":["Strike_S","Defend_S","Defend_S","KidneyShot+1","Exchange","Misdirection","Defy","BestPractice","Dilation","ShatteredReality","DoubleEdge","Rearm","Starlight","Initiator+1","Sunlight+1","MoonPhase+1","TheWorld+1","ReturningBlade+2","Defy+1","StarChef","Alleviate","Contraction","Snipe","Defy+1","FastForward","ShiftingGears+1","Desolation+1","DualDimension+1","Ricochet","Misdirection+1","SoulSculpture","Defy+1","SurpressingFire","Dramatic Entrance","Hightail","Ricochet","BottledTime+1","Parasite","Rearm+1","SilverBlades+1","Spin+1","SilverBlades+1"],"relics":["Uniform","trackpad:IceCube","trackpad:Mousetrap","Smiling Mask","Astrolabe","Membership Card","Prayer Wheel","Letter Opener","trackpad:Trackpad","Pen Nib","Nunchaku","Medical Kit","StoneCalendar"],"acts_visited":["Exordium","TheCity","TheBeyond"],"potions_floor_usage":[14,29,31,39],"damage_taken":[{"damage":0,"enemies":"Small Slimes","floor":1,"turns":3},{"damage":0,"enemies":"2 Louse","floor":5,"turns":5},{"damage":16,"enemies":"Gremlin Nob","floor":6,"turns":4},{"damage":0,"enemies":"Cultist","floor":8,"turns":4},{"damage":7,"enemies":"Exordium Wildlife","floor":12,"turns":5},{"damage":5,"enemies":"Blue Slaver","floor":13,"turns":3},{"damage":2,"enemies":"Lots of Slimes","floor":14,"turns":4},{"damage":18,"enemies":"The Guardian","floor":16,"turns":9},{"damage":0,"enemies":"2 Thieves","floor":18,"turns":4},{"damage":20,"enemies":"3 Byrds","floor":20,"turns":4},{"damage":11,"enemies":"Shelled Parasite and Fungi","floor":24,"turns":4},{"damage":0,"enemies":"Sentry and Sphere","floor":25,"turns":7},{"damage":0,"enemies":"Chosen and Byrds","floor":28,"turns":6},{"damage":0,"enemies":"Book of Stabbing","floor":29,"turns":1},{"damage":11,"enemies":"Snake Plant","floor":30,"turns":3},{"damage":0,"enemies":"Sentry and Sphere","floor":31,"turns":4},{"damage":0,"enemies":"Champ","floor":33,"turns":21},{"damage":0,"enemies":"3 Shapes","floor":35,"turns":3},{"damage":0,"enemies":"Mind Bloom Boss Battle","floor":37,"turns":3},{"damage":15,"enemies":"Orb Walker","floor":38,"turns":3},{"damage":0,"enemies":"Writhing Mass","floor":39,"turns":6},{"damage":22,"enemies":"Sphere and 2 Shapes","floor":41,"turns":3},{"damage":42,"enemies":"Transient","floor":42,"turns":4}],"seed_played":"8550287574795152120","potions_obtained":[{"floor":8,"key":"Strength Potion"},{"floor":12,"key":"Regen Potion"},{"floor":13,"key":"SteroidPotion"},{"floor":20,"key":"Fire Potion"},{"floor":22,"key":"SmokeBomb"},{"floor":25,"key":"DuplicationPotion"},{"floor":29,"key":"Dexterity Potion"},{"floor":30,"key":"SkillPotion"},{"floor":37,"key":"SteroidPotion"},{"floor":38,"key":"PowerPotion"}],"is_trial":false,"path_per_floor":["M","$","?","?","M","E","R","M","T","R","?","M","M","M","R","B",null,"M","?","M","$","?","R","M","M","T","R","M","E","M","M","R","B",null,"M","$","?","M","M","R","M","M"],"character_chosen":"THE_SERVANT","items_purchased":["Defy","Membership Card","StarChef","Alleviate","Pen Nib","Dramatic Entrance","Nunchaku","Medical Kit"],"campfire_rested":3,"item_purchase_floors":[2,21,21,21,36,36,36,36],"current_hp_per_floor":[65,65,32,21,21,5,24,24,24,43,75,68,63,73,73,55,75,75,75,55,55,55,55,44,44,44,44,44,44,33,33,55,55,75,75,75,75,60,60,60,38,0,0],"gold":139,"neow_bonus":"THREE_RARE_CARDS","is_daily":false,"chose_seed":false,"campfire_upgraded":4,"win_rate":0.0,"timestamp":1612598407,"path_taken":["M","$","?","?","M","E","R","M","T","R","?","M","M","?","R","BOSS","M","?","M","$","?","R","?","M","T","R","M","E","M","M","R","BOSS","M","$","?","M","M","R","M","M"],"items_purchased_type":["Card","Relic","Card","Card","Relic","Card","Relic","Relic"],"build_version":"2020-12-22","purchased_purges":2,"victory":false,"max_hp_per_floor":[65,65,65,65,65,65,65,65,65,65,75,75,75,75,75,75,75,75,75,75,75,75,75,75,75,75,75,75,75,75,75,75,75,75,75,75,75,75,75,75,75,75,75],"card_choices":[{"not_picked":["KillingDoll","FloweringNight"],"picked":"Initiator","floor":0},{"not_picked":["Reset","Read"],"picked":"Misdirection","floor":1},{"not_picked":["Starlight","Replace"],"picked":"BestPractice","floor":5},{"not_picked":["Foresight","Unruled"],"picked":"Dilation","floor":6},{"not_picked":["Potential","Reset"],"picked":"ShatteredReality","floor":8},{"not_picked":["Defy","BottledTime"],"picked":"DoubleEdge","floor":12},{"not_picked":["Shuttle","BottledTime"],"picked":"Rearm","floor":13},{"not_picked":["Revamp","Rewind"],"picked":"Starlight","floor":14},{"not_picked":["FloweringNight","Duplication"],"picked":"Initiator","floor":16},{"not_picked":["Reset","BottledTime"],"picked":"ReturningBlade+1","floor":18},{"not_picked":["Potential+1","Ricochet"],"picked":"Defy+1","floor":20},{"not_picked":["Defy","Rearm"],"picked":"Contraction","floor":24},{"not_picked":["Alleviate","Moondial"],"picked":"Snipe","floor":25},{"not_picked":["Deny","Revamp"],"picked":"Defy+1","floor":28},{"not_picked":["Replace","Moondial"],"picked":"FastForward","floor":28},{"not_picked":["Reset","FastForward"],"picked":"ShiftingGears+1","floor":29},{"not_picked":["Defy","ShatteredReality"],"picked":"Desolation+1","floor":30},{"not_picked":["Collapse","RealityMarble"],"picked":"DualDimension+1","floor":30},{"not_picked":["Rearm+1","Replace"],"picked":"Ricochet","floor":31},{"not_picked":["Defy","Starlight"],"picked":"Misdirection+1","floor":31},{"not_picked":["KillingDoll","FloweringNight"],"picked":"SoulSculpture","floor":33},{"not_picked":["Rewind","Unruled+1"],"picked":"Defy+1","floor":35},{"not_picked":["Hightail","Rewind+1"],"picked":"SurpressingFire","floor":35},{"not_picked":["TimeWarp","MoonPhase+1"],"picked":"Hightail","floor":37},{"not_picked":["DoubleEdge","Rewind"],"picked":"Ricochet","floor":38},{"not_picked":["DoubleEdge","Starlight"],"picked":"BottledTime+1","floor":38},{"not_picked":["Rewind+1","BottledTime+1"],"picked":"Rearm+1","floor":39},{"not_picked":["Unruled+1","Comet+1"],"picked":"SilverBlades","floor":39},{"not_picked":["TimeWarp","KillingDoll"],"picked":"Spin+1","floor":41},{"not_picked":["DoubleEdge","DualDimension"],"picked":"SilverBlades+1","floor":41}],"player_experience":110928,"relics_obtained":[{"floor":6,"key":"trackpad:Mousetrap"},{"floor":9,"key":"Smiling Mask"},{"floor":26,"key":"Prayer Wheel"},{"floor":29,"key":"Letter Opener"},{"floor":37,"key":"StoneCalendar"}],"event_choices":[{"damage_healed":0,"gold_gain":0,"player_choice":"Success","damage_taken":33,"relics_obtained":["trackpad:IceCube"],"max_hp_gain":0,"max_hp_loss":0,"event_name":"Scrap Ooze","floor":3,"gold_loss":0},{"damage_healed":0,"gold_gain":75,"player_choice":"Gather Gold","damage_taken":11,"max_hp_gain":0,"max_hp_loss":0,"event_name":"World of Goop","floor":4,"gold_loss":0},{"cards_removed":["Initiator"],"damage_healed":22,"gold_gain":0,"player_choice":"Offered Rare","damage_taken":0,"max_hp_gain":10,"max_hp_loss":0,"event_name":"Bonfire Elementals","floor":11,"gold_loss":0},{"cards_removed":["Strike_S"],"damage_healed":0,"gold_gain":0,"player_choice":"Elegance","damage_taken":0,"max_hp_gain":0,"max_hp_loss":0,"event_name":"Back to Basics","floor":19,"gold_loss":0},{"damage_healed":0,"gold_gain":0,"player_choice":"Bought 2 Potions","damage_taken":0,"max_hp_gain":0,"max_hp_loss":0,"event_name":"The Woman in Blue","floor":22,"gold_loss":0},{"damage_healed":0,"gold_gain":0,"player_choice":"Fight","damage_taken":0,"max_hp_gain":0,"max_hp_loss":0,"event_name":"MindBloom","floor":37,"gold_loss":0}],"is_beta":false,"boss_relics":[{"not_picked":["SlaversCollar","Tiny House"],"picked":"Astrolabe"},{"not_picked":["Runic Pyramid","Busted Crown"],"picked":"trackpad:Trackpad"}],"items_purged_floors":[2,21],"is_endless":false,"potions_floor_spawned":[8,12,13,14,20,25,29,30,37,38],"killed_by":"Transient","ascension_level":0}}