{"host":"msfr2axb1w9025n0","time":1612609600,"event":{"mods":["BaseMod","Bestiary","Block Reminder","Colored Map","DeckTracker","Minty Spire (QoL Compilation)","Relic Stats","Weighted Paths"],"gold_per_floor":[114,124,143,93,112,112,124,199,252,283,37,37,62,92,92,193,193,209,223,223,148,148,178,178,206,258,270,313,325,352,64,64,159,159,172,186,206,206,206],"floor_reached":38,"language":"ENG","playtime":1408,"items_purged":["Doom and Gloom"],"score":707,"play_id":"0ca436f1-db9a-4de6-83f6-d7d965e0ad03","local_time":"20210206180640","is_ascension_mode":true,"campfire_choices":[{"data":"Zap","floor":6.0,"key":"SMITH"},{"data":"Darkness","floor":12.0,"key":"SMITH"},{"data":"Dualcast","floor":15.0,"key":"SMITH"},{"floor":24.0,"key":"REST"},{"floor":27.0,"key":"REST"},{"floor":29.0,"key":"REST"},{"data":"Coolheaded","floor":32.0,"key":"SMITH"}],"circlet_count":0,"master_deck":["AscendersBane","Strike_B","Defend_B","Defend_B","Defend_B","Defend_B","Zap+1","Dualcast+1","Compile Driver","White Noise","Capacitor","Darkness+1","Auto Shields","Steam","Static Discharge+1","Conserve Battery","Auto Shields","Chaos","Multi-Cast","Loop+1","Conserve Battery","Ball Lightning","Glacier","Defragment+1","Redo","Coolheaded+1","Multi-Cast"],"relics":["Cracked Core","Juzu Bracelet","Frozen Egg 2","DataDisk","Regal Pillow","Inserter","Vajra","Orichalcum","Akabeko","MawBank","Oddly Smooth Stone","Anchor","Busted Crown"],"acts_visited":["Exordium","TheCity","TheBeyond"],"potions_floor_usage":[],"damage_taken":[{"damage":0.0,"enemies":"2 Louse","floor":1.0,"turns":3.0},{"damage":3.0,"enemies":"Jaw Worm","floor":2.0,"turns":4.0},{"damage":1.0,"enemies":"Cultist","floor":3.0,"turns":4.0},{"damage":6.0,"enemies":"Blue Slaver","floor":5.0,"turns":3.0},{"damage":10.0,"enemies":"Looter","floor":7.0,"turns":4.0},{"damage":5.0,"enemies":"Lagavulin","floor":10.0,"turns":7.0},{"damage":4.0,"enemies":"Gremlin Nob","floor":13.0,"turns":5.0},{"damage":23.0,"enemies":"Slime Boss","floor":16.0,"turns":9.0},{"damage":6.0,"enemies":"Chosen","floor":18.0,"turns":3.0},{"damage":35.0,"enemies":"2 Thieves","floor":19.0,"turns":4.0},{"damage":12.0,"enemies":"Book of Stabbing","floor":23.0,"turns":4.0},{"damage":36.0,"enemies":"Slavers","floor":25.0,"turns":9.0},{"damage":60.0,"enemies":"Book of Stabbing","floor":28.0,"turns":6.0},{"damage":16.0,"enemies":"Chosen and Byrds","floor":30.0,"turns":6.0},{"damage":9.0,"enemies":"Collector","floor":33.0,"turns":10.0},{"damage":9,"enemies":"3 Darklings","floor":35,"turns":7},{"damage":4,"enemies":"Orb Walker","floor":36,"turns":3},{"damage":49,"enemies":"Transient","floor":37,"turns":5},{"damage":25,"enemies":"4 Shapes","floor":38,"turns":1}],"seed_played":"8096970345190740492","potions_obtained":[{"floor":3.0,"key":"BlessingOfTheForge"},{"floor":5.0,"key":"FocusPotion"},{"floor":7.0,"key":"Block Potion"},{"floor":13.0,"key":"Fire Potion"},{"floor":19.0,"key":"FairyPotion"},{"floor":25.0,"key":"FairyPotion"},{"floor":30.0,"key":"Fire Potion"}],"is_trial":false,"path_per_floor":["M","M","M","?","M","R","M","?","T","E","$","R","E","?","R","B",null,"M","M","?","?","?","E","R","E","T","R","E","R","M","$","R","B",null,"M","M","M","M"],"character_chosen":"DEFECT","items_purchased":["DataDisk","Conserve Battery","Auto Shields","Anchor","Redo","Coolheaded"],"campfire_rested":3,"item_purchase_floors":[11,11,11,31,31,31],"current_hp_per_floor":[68,65,64,64,58,58,48,41,41,36,36,36,32,32,32,9,59,53,18,18,18,18,6,43,7,7,44,15,52,36,36,36,27,63,54,50,1,0,0],"gold":206,"neow_bonus":"TRANSFORM_CARD","is_daily":false,"chose_seed":false,"campfire_upgraded":4,"win_rate":0.0,"timestamp":1612609600,"path_taken":["M","M","M","?","M","R","M","?","T","E","$","R","E","?","R","BOSS","M","M","?","?","?","E","R","E","T","R","E","R","M","$","R","BOSS","M","M","M","M"],"items_purchased_type":["Relic","Card","Card","Relic","Card","Card"],"build_version":"2020-12-22","purchased_purges":1,"victory":false,"max_hp_per_floor":[75,75,75,75,75,75,75,75,75,75,75,75,75,75,75,75,75,75,75,75,75,75,75,75,75,75,75,75,75,75,75,75,75,75,75,75,75,75,75],"relic_stats":{"Regal Pillow":45,"Inserter":[29],"Busted Crown":6,"counters":[19,97],"Juzu Bracelet":1,"Orichalcum":[54],"MawBank":60,"obtain_stats":[{"Regal Pillow":13,"Inserter":17,"Vajra":22,"Oddly Smooth Stone":28,"Juzu Bracelet":9,"Frozen Egg 2":10,"Orichalcum":23,"MawBank":26,"Akabeko":25,"DataDisk":11,"Anchor":31,"Busted Crown":34,"Cracked Core":0},{"Regal Pillow":7,"Inserter":8,"Vajra":10,"Oddly Smooth Stone":13,"Juzu Bracelet":5,"Frozen Egg 2":6,"Orichalcum":11,"MawBank":12,"Akabeko":12,"DataDisk":6,"Anchor":14,"Busted Crown":15,"Cracked Core":0},{"Regal Pillow":30,"Inserter":39,"Vajra":46,"Oddly Smooth Stone":65,"Juzu Bracelet":18,"Frozen Egg 2":25,"Orichalcum":50,"MawBank":59,"Akabeko":59,"DataDisk":25,"Anchor":71,"Busted Crown":81,"Cracked Core":0}]},"card_choices":[{"not_picked":["Steam","Stack"],"picked":"White Noise","floor":1.0},{"not_picked":["Reprogram","Ball Lightning"],"picked":"Capacitor","floor":2.0},{"not_picked":["Sweeping Beam","Fusion"],"picked":"Darkness","floor":3.0},{"not_picked":["Capacitor","Hologram"],"picked":"Auto Shields","floor":5.0},{"not_picked":["Stack","Sweeping Beam"],"picked":"Steam","floor":7.0},{"not_picked":["Go for the Eyes","Reinforced Body"],"picked":"Static Discharge+1","floor":10.0},{"not_picked":["Hologram","Sunder"],"picked":"Chaos","floor":13.0},{"not_picked":["Amplify","Core Surge"],"picked":"Multi-Cast","floor":16.0},{"not_picked":["Steam Power","Aggregate"],"picked":"Doom and Gloom","floor":18.0},{"not_picked":["Steam","Blizzard"],"picked":"Loop+1","floor":19.0},{"not_picked":["Steam Power","Coolheaded"],"picked":"Conserve Battery","floor":23.0},{"not_picked":["Rip and Tear","Steam"],"picked":"Ball Lightning","floor":25.0},{"not_picked":["Turbo","Blizzard"],"picked":"Glacier","floor":28.0},{"not_picked":["FTL","Heatsinks+1"],"picked":"Defragment+1","floor":30.0},{"not_picked":["Core Surge","All For One"],"picked":"Multi-Cast","floor":33.0},{"not_picked":["Beam Cell"],"picked":"SKIP","floor":35},{"not_picked":["Rebound"],"picked":"SKIP","floor":36},{"not_picked":["Streamline+1"],"picked":"SKIP","floor":37}],"player_experience":295731,"relics_obtained":[{"floor":9.0,"key":"Juzu Bracelet"},{"floor":10.0,"key":"Frozen Egg 2"},{"floor":13.0,"key":"Regal Pillow"},{"floor":23.0,"key":"Orichalcum"},{"floor":25.0,"key":"Akabeko"},{"floor":26.0,"key":"MawBank"},{"floor":28.0,"key":"Oddly Smooth Stone"}],"event_choices":[{"cards_removed":["Strike_B"],"damage_healed":0.0,"max_hp_gain":0.0,"max_hp_loss":0.0,"gold_gain":0.0,"event_name":"The Cleric","player_choice":"Card Removal","floor":4.0,"gold_loss":50.0,"damage_taken":0.0},{"damage_healed":0.0,"max_hp_gain":0.0,"max_hp_loss":0.0,"gold_gain":75.0,"event_name":"FaceTrader","player_choice":"Touch","floor":8.0,"gold_loss":0.0,"damage_taken":7.0},{"damage_healed":0.0,"max_hp_gain":0.0,"max_hp_loss":0.0,"gold_gain":30.0,"event_name":"Dead Adventurer","player_choice":"Searched \u00271\u0027 times","floor":14.0,"gold_loss":0.0,"damage_taken":0.0},{"damage_healed":0.0,"max_hp_gain":0.0,"max_hp_loss":0.0,"gold_gain":0.0,"event_name":"Ghosts","player_choice":"Ignored","floor":20.0,"gold_loss":0.0,"damage_taken":0.0},{"cards_removed":["Strike_B"],"damage_healed":0.0,"max_hp_gain":0.0,"max_hp_loss":0.0,"gold_gain":0.0,"event_name":"Beggar","player_choice":"Gave Gold","floor":21.0,"gold_loss":75.0,"damage_taken":0.0},{"damage_healed":0.0,"max_hp_gain":0.0,"max_hp_loss":0.0,"gold_gain":0.0,"event_name":"The Mausoleum","player_choice":"Opened","floor":22.0,"gold_loss":0.0,"damage_taken":0.0,"relics_obtained":["Vajra"]}],"is_beta":false,"boss_relics":[{"not_picked":["Fusion Hammer","Ectoplasm"],"picked":"Inserter"},{"not_picked":["Velvet Choker","SlaversCollar"],"picked":"Busted Crown"}],"items_purged_floors":[31],"is_endless":false,"potions_floor_spawned":[3,5,7,13,16,19,25,30,37],"killed_by":"4 Shapes","ascension_level":12}}