{"host":"zxkjcgzis4pm3za5","time":1612632389,"event":{"mods":["AchievementEnabler","Act Like it!","BaseMod","Colored Map","Colored Powertips","Friendly Minions","GifTheSpireLib","Minty Spire (QoL Compilation)","Quick Restart","RNG Fix","Random Character Button","Relic Sorter","Relic Stats","StSLib"],"gold_per_floor":[118,118,138,138,162,200,200,228,300,342,267,288,326,401,401,401,401],"floor_reached":16,"language":"ENG","playtime":352,"items_purged":["Strike_R"],"score":283,"play_id":"de364f97-cb12-4764-ab8e-cb73852d9dad","local_time":"20210206225629","is_ascension_mode":true,"campfire_choices":[{"data":"Immolate","floor":7,"key":"SMITH"},{"data":"Rupture","floor":15,"key":"SMITH"}],"circlet_count":0,"master_deck":["AscendersBane","Strike_R","Strike_R","Strike_R","Strike_R","Defend_R","Defend_R","Defend_R","Defend_R","Bash","Anger","Sword Boomerang","Immolate+1","Metallicize","Clothesline","Rupture+1","Thunderclap","Double Tap"],"relics":["Burning Blood","NeowsBlessing","CeramicFish","Ginger","Letter Opener","PreservedInsect","Anchor"],"acts_visited":["Exordium"],"potions_floor_usage":[10,12,16],"damage_taken":[{"damage":0,"enemies":"Cultist","floor":1,"turns":1},{"damage":0,"enemies":"Small Slimes","floor":3,"turns":1},{"damage":0,"enemies":"2 Louse","floor":5,"turns":1},{"damage":35,"enemies":"Lagavulin","floor":6,"turns":5},{"damage":7,"enemies":"2 Fungi Beasts","floor":8,"turns":3},{"damage":3,"enemies":"Gremlin Nob","floor":10,"turns":3},{"damage":0,"enemies":"3 Louse","floor":12,"turns":1},{"damage":0,"enemies":"3 Sentries","floor":13,"turns":2},{"damage":54,"enemies":"Hexaghost","floor":16,"turns":9}],"seed_played":"7910627335269581176","potions_obtained":[{"floor":1,"key":"Fire Potion"},{"floor":6,"key":"SkillPotion"},{"floor":12,"key":"BloodPotion"},{"floor":13,"key":"Block Potion"}],"is_trial":false,"path_per_floor":["M","T","M","?","M","E","R","M","T","E","$","M","E","?","R","B"],"character_chosen":"IRONCLAD","items_purchased":[],"campfire_rested":0,"item_purchase_floors":[],"current_hp_per_floor":[74,74,75,80,80,51,51,50,50,53,53,59,65,54,54,0,0],"gold":401,"neow_bonus":"THREE_ENEMY_KILL","is_daily":false,"chose_seed":false,"campfire_upgraded":2,"win_rate":0.0,"timestamp":1612632389,"path_taken":["M","?","?","?","?","E","R","?","T","E","$","M","E","?","R","BOSS"],"items_purchased_type":[],"build_version":"2020-12-22","purchased_purges":1,"victory":false,"max_hp_per_floor":[75,75,75,80,80,80,80,80,80,80,80,80,80,80,80,80,80],"relic_stats":{"counters":[9,26],"CeramicFish":63,"PreservedInsect":33,"Ginger":[0],"Letter Opener":[0],"obtain_stats":[{"Anchor":13,"NeowsBlessing":0,"CeramicFish":2,"PreservedInsect":10,"Ginger":6,"Letter Opener":9,"Burning Blood":0},{"Anchor":8,"NeowsBlessing":0,"CeramicFish":1,"PreservedInsect":6,"Ginger":4,"Letter Opener":5,"Burning Blood":0},{"Anchor":17,"NeowsBlessing":0,"CeramicFish":1,"PreservedInsect":14,"Ginger":8,"Letter Opener":11,"Burning Blood":0}],"Burning Blood":37},"card_choices":[{"not_picked":["Armaments","Dark Embrace"],"picked":"Anger","floor":1},{"not_picked":["Iron Wave","Clash"],"picked":"Sword Boomerang","floor":3},{"not_picked":["Flex","Infernal Blade"],"picked":"Immolate","floor":5},{"not_picked":["True Grit","Clash"],"picked":"Metallicize","floor":6},{"not_picked":["Anger","Warcry"],"picked":"Clothesline","floor":8},{"not_picked":["Infernal Blade","Immolate"],"picked":"Rupture","floor":10},{"not_picked":["Cleave","Sword Boomerang"],"picked":"Thunderclap","floor":12},{"not_picked":["Headbutt","Iron Wave"],"picked":"Double Tap","floor":13}],"player_experience":321588,"relics_obtained":[{"floor":2,"key":"CeramicFish"},{"floor":6,"key":"Ginger"},{"floor":9,"key":"Letter Opener"},{"floor":10,"key":"PreservedInsect"},{"floor":13,"key":"Anchor"}],"event_choices":[{"damage_healed":0,"gold_gain":0,"player_choice":"Donut","damage_taken":0,"max_hp_gain":5,"max_hp_loss":0,"event_name":"Big Fish","floor":4,"gold_loss":0},{"damage_healed":0,"gold_gain":75,"player_choice":"Gather Gold","damage_taken":11,"max_hp_gain":0,"max_hp_loss":0,"event_name":"World of Goop","floor":14,"gold_loss":0}],"is_beta":false,"boss_relics":[],"items_purged_floors":[11],"is_endless":false,"potions_floor_spawned":[1,6,12,13],"killed_by":"Hexaghost","ascension_level":19}}