{"host":"w8xisjf5mgmfjvmt","time":1612584661,"event":{"mods":["BaseMod","BetterRewards","Challenge The Spire","Conspire","Energized Spire","Filter the Spire","Minty Spire (QoL Compilation)","Quarter Circle Forward PUNCH!","Quick Restart","Relic Filter Mod","Relic Stats","Reliquary","Replay The Spire","Shop Mod","Spicy Shops","StSLib","Thieving Mod","¡¾ÒÅÎï¿¨ÅÆ¡¿REMEMod","óô»ðÖ¸ÄÏ"],"gold_per_floor":[118,134,147,147,159,159,196,233,233,233,13,48,42,83,83,183,183,201,101,115,134,134,160,172,233,288,288,66,100,113,113,113,217,217,259,308,322,322,322,322,322],"floor_reached":40,"language":"ZHS","playtime":1764,"items_purged":["Shame","Strike_P","Defend_P"],"score":961,"play_id":"4c8c2da6-9266-45c6-a55a-f64733c964f9","local_time":"20210206121101","is_ascension_mode":true,"campfire_choices":[{"data":"Eruption","floor":6.0,"key":"SMITH"},{"data":"Strike_P","floor":10.0,"key":"PURGE"},{"data":"Strike_P","floor":15.0,"key":"PURGE"},{"data":"Defend_P","floor":27.0,"key":"PURGE"},{"data":"CrushJoints","floor":32.0,"key":"PURGE"}],"circlet_count":0,"master_deck":["Strike_P","Defend_P","Defend_P","Eruption+1","Vigilance","Master of Strategy","Riddle With Holes","FlurryOfBlows","ForeignInfluence","Adaptation","Adaptation","EmptyFist","MentalFortress+1","Vault+1","Crescendo+1","ClearTheMind+1","Fasting2","Wish+1"],"relics":["PureWater","REME_ComplimentaryCards","CeramicFish","Peace Pipe","Blue Doll","conspire:GlowingRock","Toxic Egg 2","reliquary:IridiumChain","Sozu","ReplayTheSpireMod:Shallot","conspire:Flyswatter","reliquary:ExpiredCoupon","Gremlin Horn","reliquary:WritOfMandamus"],"acts_visited":["Exordium","TheCity","TheBeyond"],"potions_floor_usage":[],"damage_taken":[{"damage":2.0,"enemies":"2 Louse","floor":1.0,"turns":4.0},{"damage":0.0,"enemies":"Jaw Worm","floor":2.0,"turns":2.0},{"damage":0.0,"enemies":"Cultist","floor":3.0,"turns":2.0},{"damage":12.0,"enemies":"Gremlin Gang","floor":5.0,"turns":4.0},{"damage":12.0,"enemies":"3 Sentries","floor":7.0,"turns":5.0},{"damage":10.0,"enemies":"Lagavulin","floor":12.0,"turns":5.0},{"damage":10.0,"enemies":"3 Sentries","floor":14.0,"turns":6.0},{"damage":10.0,"enemies":"Hexaghost","floor":16.0,"turns":8.0},{"damage":0.0,"enemies":"Chosen","floor":18.0,"turns":4.0},{"damage":0.0,"enemies":"Spheric Guardian","floor":20.0,"turns":2.0},{"damage":4.0,"enemies":"Centurion and Healer","floor":21.0,"turns":3.0},{"damage":13.0,"enemies":"Slavers","floor":23.0,"turns":6.0},{"damage":13.0,"enemies":"Snake Plant","floor":24.0,"turns":5.0},{"damage":0.0,"enemies":"Book of Stabbing","floor":25.0,"turns":4.0},{"damage":2.0,"enemies":"Gremlin Leader","floor":29.0,"turns":6.0},{"damage":0.0,"enemies":"Sentry and Sphere","floor":30.0,"turns":3.0},{"damage":0.0,"enemies":"Pondfish","floor":33.0,"turns":7.0},{"damage":20.0,"enemies":"3 Darklings","floor":35.0,"turns":4.0},{"damage":0.0,"enemies":"Orb Walker","floor":36.0,"turns":3.0},{"damage":7.0,"enemies":"Spire Growth","floor":37.0,"turns":4.0},{"damage":0,"enemies":"R_Hoarder","floor":40,"turns":1}],"seed_played":"1095407035083798378","potions_obtained":[{"floor":5.0,"key":"Regen Potion"},{"floor":12.0,"key":"Dexterity Potion"},{"floor":14.0,"key":"GamblersBrew"},{"floor":16.0,"key":"REME_GoldPotion"}],"is_trial":false,"path_per_floor":["M","M","M","?","M","R","E","?","T","R","$","E","$","E","R","B",null,"M","$","M","M","T","E","M","E","T","R","$","E","M","?","R","B",null,"M","M","M","?","?","E"],"character_chosen":"WATCHER","items_purchased":["MentalFortress+1","conspire:GlowingRock","Crescendo+1","Fasting2"],"campfire_rested":0,"item_purchase_floors":[11,11,13,28],"current_hp_per_floor":[63,63,63,68,56,56,58,58,58,58,58,48,48,38,38,28,60,60,60,60,56,56,43,30,30,30,30,30,28,28,28,28,28,60,40,40,33,33,33,33,33],"gold":322,"neow_bonus":"RANDOM_COLORLESS_2","is_daily":false,"chose_seed":false,"campfire_upgraded":1,"win_rate":0.0,"timestamp":1612584661,"path_taken":["M","M","M","?","M","R","E","?","T","R","$","E","$","E","R","BOSS","M","$","M","M","?","E","?","E","T","R","?","E","M","?","R","BOSS","M","M","M","?","?","E"],"items_purchased_type":["Card","Relic","Card","Card"],"build_version":"2020-12-22","purchased_purges":3,"victory":false,"max_hp_per_floor":[65,65,65,70,70,70,70,70,70,70,70,70,70,70,70,70,70,70,70,70,70,70,70,70,70,70,70,70,70,70,70,70,70,70,70,70,70,70,70,70,70],"relic_stats":{"Peace Pipe":4,"Sozu":5,"Gremlin Horn":[4,4],"counters":[21,88],"CeramicFish":81,"obtain_stats":[{"Gremlin Horn":29,"CeramicFish":7,"Blue Doll":9,"reliquary:IridiumChain":14,"Peace Pipe":8,"Sozu":17,"reliquary:ExpiredCoupon":25,"conspire:GlowingRock":11,"ReplayTheSpireMod:Shallot":22,"PureWater":0,"Toxic Egg 2":12,"reliquary:WritOfMandamus":34,"REME_ComplimentaryCards":0,"conspire:Flyswatter":23},{"Gremlin Horn":15,"CeramicFish":5,"Blue Doll":5,"reliquary:IridiumChain":7,"Peace Pipe":5,"Sozu":8,"reliquary:ExpiredCoupon":14,"conspire:GlowingRock":5,"ReplayTheSpireMod:Shallot":11,"PureWater":0,"Toxic Egg 2":6,"reliquary:WritOfMandamus":17,"REME_ComplimentaryCards":0,"conspire:Flyswatter":12},{"Gremlin Horn":66,"CeramicFish":17,"Blue Doll":17,"reliquary:IridiumChain":28,"Peace Pipe":17,"Sozu":36,"reliquary:ExpiredCoupon":60,"conspire:GlowingRock":17,"ReplayTheSpireMod:Shallot":45,"PureWater":0,"Toxic Egg 2":22,"reliquary:WritOfMandamus":76,"REME_ComplimentaryCards":0,"conspire:Flyswatter":51}]},"card_choices":[{"not_picked":["Violence","Transmutation"],"picked":"Master of Strategy","floor":0.0},{"not_picked":["Replay:ManipulateFuture","Prostrate"],"picked":"CrushJoints","floor":1.0},{"not_picked":["Replay:ManipulateFuture","Prostrate"],"picked":"CrushJoints","floor":1.0},{"not_picked":["REME_Repentance","JustLucky"],"picked":"FlurryOfBlows","floor":2.0},{"not_picked":["Nirvana","SashWhip"],"picked":"ForeignInfluence","floor":3.0},{"not_picked":["Evaluate","Replay:AtTheReady"],"picked":"Adaptation","floor":5.0},{"not_picked":["WindmillStrike","Tantrum"],"picked":"Adaptation","floor":7.0},{"not_picked":["Replay:AtTheReady","BowlingBash"],"picked":"EmptyFist","floor":8.0},{"not_picked":["REME_Repentance+1","EmptyBody+1"],"picked":"Vault+1","floor":12.0},{"not_picked":["Replay:ManipulateFuture+1","Conclude"],"picked":"ClearTheMind+1","floor":14.0},{"not_picked":["CarveReality+1","CutThroughFate","FlyingSleeves"],"picked":"SKIP","floor":18.0},{"not_picked":["Crescendo+1","SashWhip","WaveOfTheHand+1"],"picked":"SKIP","floor":20.0},{"not_picked":["Worship+1","BattleHymn","Consecrate+1"],"picked":"SKIP","floor":21.0},{"not_picked":["ReachHeaven","WreathOfFlame+1","CrushJoints"],"picked":"SKIP","floor":23.0},{"not_picked":["Evaluate+1","DeceiveReality+1","Sanctity+1"],"picked":"SKIP","floor":24.0},{"not_picked":["FlyingSleeves+1","Protect+1","Consecrate"],"picked":"SKIP","floor":25.0},{"not_picked":["Fasting2","Swivel+1","Wireheading+1"],"picked":"SKIP","floor":29.0},{"not_picked":["Conclude","Study","PathToVictory+1"],"picked":"SKIP","floor":30.0},{"not_picked":["Omniscience+1","Devotion"],"picked":"Wish+1","floor":33.0},{"not_picked":["Prostrate+1","PathToVictory+1","BowlingBash+1"],"picked":"SKIP","floor":35.0},{"not_picked":["REME_Repentance+1","JustLucky+1","Replay:BluntJabs"],"picked":"SKIP","floor":36.0},{"not_picked":["Replay:ManipulateFuture+1","Collect+1","ReachHeaven+1"],"picked":"SKIP","floor":37.0}],"player_experience":1281644,"relics_obtained":[{"floor":7.0,"key":"CeramicFish"},{"floor":8.0,"key":"Peace Pipe"},{"floor":9.0,"key":"Blue Doll"},{"floor":12.0,"key":"Toxic Egg 2"},{"floor":14.0,"key":"reliquary:IridiumChain"},{"floor":22.0,"key":"ReplayTheSpireMod:Shallot"},{"floor":23.0,"key":"conspire:Flyswatter"},{"floor":25.0,"key":"reliquary:ExpiredCoupon"},{"floor":29.0,"key":"Gremlin Horn"}],"event_choices":[{"damage_healed":0.0,"max_hp_gain":5.0,"max_hp_loss":0.0,"gold_gain":0.0,"event_name":"Big Fish","player_choice":"Donut","floor":4.0,"gold_loss":0.0,"damage_taken":0.0},{"damage_healed":0.0,"max_hp_gain":0.0,"max_hp_loss":0.0,"gold_gain":0.0,"event_name":"conspire:Investor","player_choice":"Leave","floor":31.0,"gold_loss":0.0,"damage_taken":0.0},{"cards_removed":["CrushJoints"],"damage_healed":0.0,"max_hp_gain":0.0,"max_hp_loss":0.0,"gold_gain":0.0,"event_name":"Falling","player_choice":"Removed Attack","floor":38.0,"gold_loss":0.0,"damage_taken":0.0}],"is_beta":false,"boss_relics":[{"not_picked":["Empty Cage","conspire:SpecialSausage"],"picked":"Sozu"},{"not_picked":["Honey Jar","Replay:Ancient Bell"],"picked":"reliquary:WritOfMandamus"}],"items_purged_floors":[11,19,28],"is_endless":false,"potions_floor_spawned":[5,12,14,16,21,25,29,30,36],"killed_by":"R_Hoarder","ascension_level":6}}