{"host":"og2dufvjgkards7m","time":1612651557,"event":{"mods":["AchievementEnabler","BaseMod","Better Match","Better Note","Better Sensory Stone","Block Reminder","Colored Map","Colored Powertips","DeckTracker","Highlight Path","Minty Spire (QoL Compilation)","Rare Cards Sparkle","Relic Sorter","StSLib","SuperFastMode"],"gold_per_floor":[117,117,132,17,17,49,49,49,49,49,59,87,104,119,119,224,224,241,259,269,283,283,283,299,299,299,319,319,370,397,413,413,509,509,525,536,549,285,305,305,323,358,384,431,431,431,464,464,464,464,464],"floor_reached":50,"language":"SPA","playtime":2138,"items_purged":["Strike_B","Zap"],"score":849,"play_id":"7221f187-599d-4c4c-8ba1-aab478ce479c","local_time":"20210206144557","is_ascension_mode":true,"campfire_choices":[{"data":"Rip and Tear","floor":7.0,"key":"SMITH"},{"data":"Melter","floor":10.0,"key":"SMITH"},{"floor":15.0,"key":"RECALL"},{"data":"Hyperbeam","floor":23.0,"key":"SMITH"},{"data":"Hyperbeam","floor":25.0,"key":"SMITH"},{"floor":28.0,"key":"REST"},{"floor":32.0,"key":"REST"},{"data":"Metamorphosis","floor":40.0,"key":"SMITH"},{"floor":46.0,"key":"REST"},{"data":"Dualcast","floor":49.0,"key":"SMITH"}],"circlet_count":0,"master_deck":["Defend_B","Defend_B","Dualcast+1","Melter+1","Rip and Tear+1","Hyperbeam+1","BootSequence","Rebound+1","Hyperbeam+1","Recycle","Core Surge","Leap+1","Chaos+1","Seek+1","Beam Cell+1","Auto Shields+1","Parasite","Metamorphosis+1","Fission+1","Beam Cell+1"],"relics":["Cracked Core","NeowsBlessing","Pear","Shuriken","Bottled Flame","Nuclear Battery","Regal Pillow","Symbiotic Virus","Astrolabe","Mercury Hourglass","Bag of Marbles","CaptainsWheel","HornCleat"],"acts_visited":["Exordium","TheCity","TheBeyond"],"potions_floor_usage":[50,50],"damage_taken":[{"damage":0.0,"enemies":"Small Slimes","floor":1.0,"turns":1.0},{"damage":0.0,"enemies":"Cultist","floor":3.0,"turns":1.0},{"damage":0.0,"enemies":"Lagavulin","floor":6.0,"turns":2.0},{"damage":0.0,"enemies":"2 Louse","floor":11.0,"turns":1.0},{"damage":0.0,"enemies":"Gremlin Nob","floor":12.0,"turns":3.0},{"damage":6.0,"enemies":"Lots of Slimes","floor":13.0,"turns":2.0},{"damage":17.0,"enemies":"Gremlin Gang","floor":14.0,"turns":4.0},{"damage":52.0,"enemies":"Slime Boss","floor":16.0,"turns":9.0},{"damage":11.0,"enemies":"2 Thieves","floor":18.0,"turns":2.0},{"damage":15.0,"enemies":"Shell Parasite","floor":19.0,"turns":4.0},{"damage":12.0,"enemies":"3 Cultists","floor":20.0,"turns":4.0},{"damage":7.0,"enemies":"Cultist and Chosen","floor":21.0,"turns":4.0},{"damage":12.0,"enemies":"Shelled Parasite and Fungi","floor":24.0,"turns":3.0},{"damage":5.0,"enemies":"Snecko","floor":27.0,"turns":3.0},{"damage":4.0,"enemies":"Book of Stabbing","floor":30.0,"turns":2.0},{"damage":14.0,"enemies":"Snake Plant","floor":31.0,"turns":2.0},{"damage":35.0,"enemies":"Automaton","floor":33.0,"turns":6.0},{"damage":0.0,"enemies":"3 Darklings","floor":35.0,"turns":1.0},{"damage":1.0,"enemies":"3 Shapes","floor":36.0,"turns":2.0},{"damage":16.0,"enemies":"Writhing Mass","floor":37.0,"turns":4.0},{"damage":23.0,"enemies":"Spire Growth","floor":39.0,"turns":6.0},{"damage":0.0,"enemies":"Maw","floor":41.0,"turns":4.0},{"damage":0.0,"enemies":"Reptomancer","floor":42.0,"turns":3.0},{"damage":16.0,"enemies":"2 Orb Walkers","floor":44.0,"turns":3.0},{"damage":0.0,"enemies":"Nemesis","floor":47.0,"turns":3.0},{"damage":85,"enemies":"Awakened One","floor":50,"turns":8}],"seed_played":"-8370693210578668360","potions_obtained":[{"floor":3.0,"key":"PowerPotion"},{"floor":6.0,"key":"Explosive Potion"},{"floor":8.0,"key":"Fruit Juice"},{"floor":8.0,"key":"PowerPotion"},{"floor":8.0,"key":"AttackPotion"},{"floor":14.0,"key":"Strength Potion"},{"floor":20.0,"key":"FearPotion"},{"floor":21.0,"key":"SneckoOil"},{"floor":24.0,"key":"FocusPotion"},{"floor":30.0,"key":"AttackPotion"},{"floor":33.0,"key":"Ancient Potion"},{"floor":36.0,"key":"DuplicationPotion"},{"floor":39.0,"key":"Regen Potion"},{"floor":47.0,"key":"PowerPotion"}],"is_trial":false,"path_per_floor":["M","?","M","$","?","E","R","?","T","R","M","E","M","M","R","B",null,"M","M","M","M","?","R","M","R","T","M","R","T","E","M","R","B",null,"M","M","M","$","M","R","M","E","T","?","?","R","E","?","R","B"],"character_chosen":"DEFECT","items_purchased":["Rip and Tear","Metamorphosis"],"campfire_rested":3,"item_purchase_floors":[4,38],"current_hp_per_floor":[68,68,68,68,61,71,71,76,76,76,76,76,70,53,53,1,68,57,42,30,23,23,23,11,11,11,6,33,33,29,15,57,22,73,73,72,56,56,33,33,33,33,33,17,17,59,59,59,59,0,0],"gold":464,"neow_bonus":"THREE_ENEMY_KILL","is_daily":false,"chose_seed":false,"campfire_upgraded":6,"win_rate":0.0,"timestamp":1612651557,"path_taken":["M","?","M","?","?","E","R","?","T","R","?","E","M","M","R","BOSS","M","?","M","?","?","R","M","R","T","?","R","?","E","M","R","BOSS","M","M","?","$","M","R","M","E","T","?","?","R","E","?","R","BOSS"],"items_purchased_type":["Card","Card"],"build_version":"2020-12-22","purchased_purges":2,"victory":false,"max_hp_per_floor":[75,75,75,75,75,85,85,90,90,90,90,90,90,90,90,90,90,90,90,90,90,90,90,90,90,90,90,90,90,90,90,90,90,90,90,90,90,90,90,90,90,90,90,90,90,90,90,90,90,90,90],"card_choices":[{"not_picked":["Steam","Rebound"],"picked":"Melter","floor":1.0},{"not_picked":["Stack","Turbo","Conserve Battery"],"picked":"SKIP","floor":3.0},{"not_picked":["Streamline","Redo","Cold Snap"],"picked":"SKIP","floor":6.0},{"not_picked":["Steam","Steam Power","Stack"],"picked":"SKIP","floor":11.0},{"not_picked":["Leap","Steam Power","Compile Driver"],"picked":"SKIP","floor":12.0},{"not_picked":["Hello World","Amplify","Coolheaded"],"picked":"SKIP","floor":13.0},{"not_picked":["Cold Snap","Go for the Eyes","Barrage"],"picked":"SKIP","floor":14.0},{"not_picked":["Electrodynamics","Rainbow"],"picked":"Hyperbeam","floor":16.0},{"not_picked":["Cold Snap","Barrage","Genetic Algorithm"],"picked":"SKIP","floor":18.0},{"not_picked":["Leap","Streamline+1"],"picked":"BootSequence","floor":19.0},{"not_picked":["Leap","Steam"],"picked":"Rebound+1","floor":20.0},{"not_picked":["Static Discharge","Beam Cell"],"picked":"Sunder","floor":21.0},{"not_picked":["Force Field","Amplify","Genetic Algorithm"],"picked":"SKIP","floor":24.0},{"not_picked":["Lockon","Gash"],"picked":"Recycle","floor":27.0},{"not_picked":["Hologram","Heatsinks","Lockon"],"picked":"SKIP","floor":30.0},{"not_picked":["Undo","Coolheaded","Steam"],"picked":"SKIP","floor":31.0},{"not_picked":["Multi-Cast","Machine Learning"],"picked":"Core Surge","floor":33.0},{"not_picked":["Coolheaded","Streamline+1"],"picked":"Beam Cell+1","floor":35.0},{"not_picked":["Doom and Gloom","Glacier+1"],"picked":"Auto Shields+1","floor":36.0},{"not_picked":["Turbo","Stack","Coolheaded"],"picked":"SKIP","floor":37.0},{"not_picked":["Turbo+1","Barrage"],"picked":"Fission","floor":39.0},{"not_picked":["Chaos+1","Hologram","Steam Power"],"picked":"SKIP","floor":41.0},{"not_picked":["Stack+1","Compile Driver+1"],"picked":"Beam Cell+1","floor":42.0},{"not_picked":["Rip and Tear","Go for the Eyes","Gash+1"],"picked":"SKIP","floor":47.0}],"player_experience":182583,"relics_obtained":[{"floor":6.0,"key":"Pear"},{"floor":9.0,"key":"Shuriken"},{"floor":12.0,"key":"Bottled Flame"},{"floor":29.0,"key":"Regal Pillow"},{"floor":30.0,"key":"Symbiotic Virus"},{"floor":42.0,"key":"Mercury Hourglass"},{"floor":43.0,"key":"Bag of Marbles"},{"floor":44.0,"key":"CaptainsWheel"},{"floor":47.0,"key":"HornCleat"}],"event_choices":[{"cards_removed":["Strike_B"],"damage_healed":0.0,"max_hp_gain":0.0,"max_hp_loss":0.0,"gold_gain":0.0,"event_name":"Bonfire Elementals","player_choice":"Offered Basic","floor":2.0,"gold_loss":0.0,"damage_taken":0.0},{"cards_removed":["Defend_B"],"damage_healed":0.0,"max_hp_gain":0.0,"max_hp_loss":0.0,"gold_gain":0.0,"event_name":"Golden Wing","player_choice":"Card Removal","floor":5.0,"gold_loss":0.0,"damage_taken":7.0},{"damage_healed":0.0,"max_hp_gain":0.0,"max_hp_loss":0.0,"gold_gain":0.0,"event_name":"Lab","player_choice":"Got Potions","floor":8.0,"gold_loss":0.0,"damage_taken":0.0},{"damage_healed":0.0,"max_hp_gain":0.0,"max_hp_loss":0.0,"gold_gain":0.0,"event_name":"Duplicator","player_choice":"Copied","floor":22.0,"gold_loss":0.0,"damage_taken":0.0,"cards_obtained":["Hyperbeam"]},{"damage_healed":0.0,"max_hp_gain":0.0,"max_hp_loss":0.0,"gold_gain":0.0,"event_name":"Mysterious Sphere","player_choice":"Fight","floor":44.0,"gold_loss":0.0,"damage_taken":0.0},{"cards_removed":["Sunder"],"damage_healed":0.0,"max_hp_gain":0.0,"max_hp_loss":0.0,"gold_gain":0.0,"event_name":"Falling","player_choice":"Removed Attack","floor":45.0,"gold_loss":0.0,"damage_taken":0.0},{"damage_healed":0.0,"max_hp_gain":0.0,"max_hp_loss":0.0,"gold_gain":0.0,"event_name":"Accursed Blacksmith","player_choice":"Forge","floor":48.0,"gold_loss":0.0,"damage_taken":0.0,"cards_upgraded":["Fission"]}],"is_beta":false,"boss_relics":[{"not_picked":["SlaversCollar","Inserter"],"picked":"Nuclear Battery"},{"not_picked":["Philosopher\u0027s Stone","SacredBark"],"picked":"Astrolabe"}],"items_purged_floors":[4,38],"is_endless":false,"potions_floor_spawned":[3,6,14,20,21,24,30,33,36,39,47],"killed_by":"Awakened One","ascension_level":6}}