{"host":"5dhwd44u3dydylwe","time":1612613068,"event":{"mods":["AchievementEnabler","BaseMod","BetterRewards","Dota2Spire","Downfall","Hubris","Minty Spire (QoL Compilation)","Shop Mod","StSLib","Wandering Minibosses"],"gold_per_floor":[99,99,99,99,199,75,99,127,138,151,151,151,185,185,196,212,212,212,212],"floor_reached":17,"language":"ENG","playtime":735,"items_purged":["Slimebound:Defend_Slimebound"],"score":130,"play_id":"3aa60a69-feeb-400c-b73c-2343314a86a2","local_time":"20210206200428","is_ascension_mode":true,"campfire_choices":[{"data":"Slimebound:Split","floor":1,"key":"SMITH"},{"floor":12,"key":"REST"},{"floor":14,"key":"REST"}],"circlet_count":0,"master_deck":["Slimebound:Strike_Slimebound","Slimebound:Strike_Slimebound","Slimebound:Strike_Slimebound","Slimebound:Tackle","Slimebound:Defend_Slimebound","Slimebound:Defend_Slimebound","Slimebound:Defend_Slimebound","Slimebound:Split+1","Slimebound:CorrosiveSpit","Slimebound:ItLooksTasty","Slimebound:GoopTackle","Slimebound:LivingWall","Slimebound:Repurpose","Slimebound:Dissolve","Slimebound:GrowthPunch","Slimebound:SplitBruiser"],"relics":["Slimebound:AbsorbEndCombat","downfall:HeartsMalice","hubris:Icosahedron","Omamori","Peace Pipe","Dota2Spire:EtherealBlade","Dota2Spire:BlackKingBar"],"acts_visited":["Exordium"],"potions_floor_usage":[],"damage_taken":[{"damage":0,"enemies":"Cultist","floor":2,"turns":1},{"damage":0,"enemies":"Small Slimes","floor":3,"turns":1},{"damage":0,"enemies":"Jaw Worm","floor":5,"turns":1},{"damage":0,"enemies":"downfall:FleeingMerchant","floor":6,"turns":4},{"damage":41,"enemies":"Gremlin Nob","floor":8,"turns":5},{"damage":9,"enemies":"3 Louse","floor":9,"turns":3},{"damage":9,"enemies":"Blue Slaver","floor":10,"turns":4},{"damage":12,"enemies":"Lagavulin","floor":13,"turns":7},{"damage":31,"enemies":"Exordium Wildlife","floor":15,"turns":6},{"damage":4,"enemies":"3 Louse","floor":16,"turns":4},{"damage":32,"enemies":"IC_STATUS_ARCHETYPE","floor":17,"turns":8}],"seed_played":"-7063594879488606616","potions_obtained":[{"floor":8,"key":"ColorlessPotion"},{"floor":9,"key":"Slimebound:ThreeZeroPotion"},{"floor":10,"key":"Slimebound:SlimedPotion"},{"floor":15,"key":"Slimebound:ThreeZeroPotion"},{"floor":16,"key":"Dota2Spire:HealingSalve"}],"is_trial":false,"path_per_floor":["R","M","M","?","M","$","T","E","M","M","T","R","E","R","M","M","B"],"character_chosen":"SLIMEBOUND","items_purchased":["Slimebound:Repurpose"],"campfire_rested":2,"item_purchase_floors":[6],"current_hp_per_floor":[65,65,65,65,65,65,65,26,19,14,14,33,27,46,23,23,0,0,0],"gold":212,"neow_bonus":"THREE_ENEMY_KILL","is_daily":false,"chose_seed":false,"campfire_upgraded":1,"win_rate":0.0,"timestamp":1612613068,"path_taken":["R","M","?","?","M","$","T","E","M","M","?","R","E","R","M","M","BOSS"],"items_purchased_type":["Card"],"build_version":"2020-12-22","purchased_purges":1,"victory":false,"max_hp_per_floor":[65,65,65,65,65,65,65,65,65,65,65,65,65,65,65,65,65,65,65],"card_choices":[{"not_picked":["Slimebound:BestDefense","Slimebound:TongueLash","Slimebound:DisruptingSlam"],"picked":"SKIP","floor":2},{"not_picked":["Slimebound:Nibble","Slimebound:Prepare"],"picked":"Slimebound:ItLooksTasty","floor":3},{"not_picked":["Slimebound:FinishingTackle","Slimebound:HauntingLick"],"picked":"Slimebound:GoopTackle","floor":5},{"not_picked":["Slimebound:LeechEnergy","Slimebound:SplitBruiser"],"picked":"Slimebound:LivingWall","floor":6},{"not_picked":["Slimebound:HauntingLick","Slimebound:PressTheAttack"],"picked":"Slimebound:Dissolve","floor":8},{"not_picked":["Slimebound:Gluttony","Slimebound:Dissolve"],"picked":"Slimebound:GrowthPunch","floor":9},{"not_picked":["Slimebound:FinishingTackle","Slimebound:HungryTackle","Slimebound:DisruptingSlam"],"picked":"SKIP","floor":10},{"not_picked":["Slimebound:HauntingLick","Slimebound:Replication","Slimebound:FlameTackle"],"picked":"SKIP","floor":13},{"not_picked":["Slimebound:SplitLeeching","Slimebound:RollThrough"],"picked":"Slimebound:SplitBruiser","floor":15},{"not_picked":["Slimebound:SpikyOuterGoop","Slimebound:OneTwoCombo","Slimebound:Dissolve"],"picked":"SKIP","floor":16}],"player_experience":207862,"relics_obtained":[{"floor":7,"key":"Omamori"},{"floor":8,"key":"Peace Pipe"},{"floor":11,"key":"Dota2Spire:EtherealBlade"},{"floor":13,"key":"Dota2Spire:BlackKingBar"}],"event_choices":[],"is_beta":false,"boss_relics":[],"items_purged_floors":[6],"is_endless":false,"potions_floor_spawned":[8,9,10,15,16],"killed_by":"IC_STATUS_ARCHETYPE","ascension_level":3}}