{"host":"0jugj35n0ams2iav","time":1612613985,"event":{"mods":["BaseMod","Downfall","Hubris","Minty Spire (QoL Compilation)","Replay The Spire","StSLib","The Cursed","The Marked"],"gold_per_floor":[115,115,125,50,50,82,82,82,82,117,117,117,144,160,160,255,255,272,322,334,334,334,334,334],"floor_reached":23,"language":"ENG","playtime":1516,"items_purged":["Strike_R","Writhe"],"score":276,"play_id":"1fb4ef56-1650-44bc-aa5c-483bc5482201","local_time":"20210206131945","is_ascension_mode":true,"campfire_choices":[{"data":"Searing Blow+1","floor":7.0,"key":"SMITH"},{"data":"Searing Blow+2","floor":12,"key":"SMITH"},{"data":"Regret","floor":15,"key":"PURGE"}],"circlet_count":0,"master_deck":["Strike_R","Strike_R","Strike_R","Defend_R","Defend_R","Defend_R","Defend_R","Bash","Searing Blow+3","Metallicize+1","Seeing Red","Seeing Red","CurseOfTheBell","Uppercut+1","Voices"],"relics":["Burning Blood","NeowsBlessing","King of Hearts","Molten Egg 2","Blood Vial","Matryoshka","hubris:ChampionShield","Calling Bell","Vajra","Gremlin Horn","TungstenRod","ReplayTheSpireMod:CursedCoin","ReplayTheSpireMod:Ring of Addiction","Toy Ornithopter","SacredBark"],"acts_visited":["Exordium","TheCity"],"potions_floor_usage":[16,16,22,23,23],"damage_taken":[{"damage":0.0,"enemies":"Cultist","floor":1.0,"turns":1.0},{"damage":0.0,"enemies":"Small Slimes","floor":3.0,"turns":1.0},{"damage":0.0,"enemies":"Lagavulin","floor":6.0,"turns":1.0},{"damage":44,"enemies":"Gremlin Nob","floor":10,"turns":5},{"damage":17,"enemies":"Replay:BlueRogue","floor":13,"turns":8},{"damage":0,"enemies":"2 Louse","floor":14,"turns":2},{"damage":20,"enemies":"Hexaghost","floor":16,"turns":8},{"damage":14,"enemies":"Spheric Guardian","floor":18,"turns":5},{"damage":38,"enemies":"Shell Parasite","floor":20,"turns":8},{"damage":67,"enemies":"Gremlin Leader","floor":23,"turns":7}],"seed_played":"-3733228270377786594","potions_obtained":[{"floor":1.0,"key":"Venom Potion"},{"floor":10,"key":"BlessingOfTheForge"},{"floor":14,"key":"SteroidPotion"},{"floor":16,"key":"LifebloodPotion"},{"floor":20,"key":"hexamod:SoulburnPotion"},{"floor":21,"key":"BloodPotion"}],"is_trial":false,"path_per_floor":["M","$","M","$","?","E","R","?","T","E","?","R","E","M","R","B",null,"M","$","M","?","?","E"],"character_chosen":"IRONCLAD","items_purchased":["ReplayTheSpireMod:CursedCoin"],"campfire_rested":0,"item_purchase_floors":[19],"current_hp_per_floor":[80,80,80,80,80,80,80,80,80,42,42,42,33,41,41,29,80,72,72,42,42,50,0,0],"gold":334,"neow_bonus":"THREE_ENEMY_KILL","is_daily":false,"chose_seed":false,"campfire_upgraded":2,"win_rate":0.0,"timestamp":1612613985,"path_taken":["M","?","M","$","?","E","R","?","T","E","?","R","E","?","R","BOSS","M","$","M","?","?","E"],"items_purchased_type":["Relic"],"build_version":"2020-12-22","purchased_purges":2,"victory":false,"max_hp_per_floor":[80,80,80,80,80,80,80,80,80,80,80,80,80,80,80,80,80,80,80,80,80,85,85,85],"card_choices":[{"not_picked":["Infernal Blade","hubris:ReadiedAction"],"picked":"Searing Blow","floor":1.0},{"not_picked":["Iron Wave","Headbutt","True Grit"],"picked":"SKIP","floor":3.0},{"not_picked":["Warcry","Pommel Strike","Armaments"],"picked":"SKIP","floor":6.0},{"not_picked":["Power Through","Sword Boomerang+1"],"picked":"Seeing Red","floor":10},{"not_picked":["hubris:ReadiedAction","Power Through"],"picked":"Seeing Red","floor":13},{"not_picked":["hubris:ReadiedAction","Fiend Fire+1","Flex"],"picked":"SKIP","floor":14},{"not_picked":["Thunderclap+1","hubris:ReadiedAction","Iron Wave+1"],"picked":"SKIP","floor":18},{"not_picked":["Clothesline+1","Shockwave"],"picked":"Uppercut+1","floor":20}],"player_experience":170325,"relics_obtained":[{"floor":6.0,"key":"King of Hearts"},{"floor":9,"key":"Molten Egg 2"},{"floor":10,"key":"Blood Vial"},{"floor":13,"key":"hubris:ChampionShield"},{"floor":17,"key":"Vajra"},{"floor":17,"key":"Gremlin Horn"},{"floor":17,"key":"TungstenRod"},{"floor":21,"key":"ReplayTheSpireMod:Ring of Addiction"},{"floor":21,"key":"Toy Ornithopter"},{"floor":21,"key":"SacredBark"}],"event_choices":[{"damage_healed":0,"gold_gain":0,"player_choice":"Box","damage_taken":0,"relics_obtained":["Matryoshka"],"max_hp_gain":0,"max_hp_loss":0,"event_name":"Big Fish","floor":11,"gold_loss":0,"cards_obtained":["Regret"]},{"damage_healed":0,"gold_gain":0,"player_choice":"Shed Blood","damage_taken":20,"max_hp_gain":5,"max_hp_loss":0,"event_name":"Forgotten Altar","floor":22,"gold_loss":0}],"is_beta":false,"boss_relics":[{"not_picked":["Astrolabe","Kintsugi"],"picked":"Calling Bell"}],"items_purged_floors":[4,19],"is_endless":false,"potions_floor_spawned":[1,10,14,16,20],"killed_by":"Gremlin Leader","ascension_level":4}}