{"host":"soyfmymeou4emntr","time":1612585392,"event":{"mods":["BaseMod","BetterRewards","Minty Spire (QoL Compilation)","Relic Sorter","Relic Stats","StSLib"],"gold_per_floor":[11,286,305,305,5,5,31,31,31,59,69,98,98,118,118,192,192,192,192,192,192,20,20,20,20,20,20,20,20,20,20,20,20,20],"floor_reached":33,"language":"ENG","playtime":2537,"items_purged":["Regret"],"score":606,"play_id":"bc587eed-c9ae-4ef4-9db2-ddce6ffe4ce9","local_time":"20210205212312","is_ascension_mode":true,"campfire_choices":[{"data":"Dagger Spray","floor":6.0,"key":"SMITH"},{"floor":13.0,"key":"REST"},{"data":"Malaise","floor":15.0,"key":"SMITH"},{"data":"Wraith Form v2","floor":23.0,"key":"SMITH"},{"data":"Burst","floor":25.0,"key":"SMITH"},{"data":"Noxious Fumes","floor":27.0,"key":"SMITH"},{"floor":32,"key":"REST"}],"circlet_count":0,"master_deck":["AscendersBane","Strike_G","Strike_G","Defend_G","Defend_G","Defend_G","Defend_G","Defend_G","Survivor","Neutralize","Malaise+1","Blade Dance","Dash","Dagger Spray+1","Quick Slash","Deflect","Noxious Fumes+1","Leg Sweep","Burst+1","Cloak And Dagger","Wraith Form v2+1","Slice","Dagger Throw+1","Accuracy+1"],"relics":["Ring of the Snake","Art of War","Singing Bowl","Potion Belt","Centennial Puzzle","Sundial","Ectoplasm","Sling","Ancient Tea Set","Frozen Egg 2","CeramicFish"],"acts_visited":["Exordium","TheCity"],"potions_floor_usage":[29,33,33],"damage_taken":[{"damage":2.0,"enemies":"Jaw Worm","floor":1.0,"turns":4.0},{"damage":1.0,"enemies":"Cultist","floor":3.0,"turns":4.0},{"damage":17.0,"enemies":"Gremlin Nob","floor":7.0,"turns":5.0},{"damage":2.0,"enemies":"3 Sentries","floor":10.0,"turns":7.0},{"damage":0.0,"enemies":"Small Slimes","floor":11.0,"turns":2.0},{"damage":28.0,"enemies":"Gremlin Nob","floor":12.0,"turns":6.0},{"damage":2.0,"enemies":"Blue Slaver","floor":14.0,"turns":4.0},{"damage":13.0,"enemies":"The Guardian","floor":16.0,"turns":16.0},{"damage":4.0,"enemies":"Shell Parasite","floor":18.0,"turns":6.0},{"damage":3.0,"enemies":"Chosen","floor":20.0,"turns":10.0},{"damage":18.0,"enemies":"Book of Stabbing","floor":24.0,"turns":8.0},{"damage":13.0,"enemies":"Shelled Parasite and Fungi","floor":28.0,"turns":9.0},{"damage":4,"enemies":"Gremlin Leader","floor":29,"turns":6},{"damage":8,"enemies":"Sentry and Sphere","floor":30,"turns":6},{"damage":0,"enemies":"Centurion and Healer","floor":31,"turns":8},{"damage":45,"enemies":"Automaton","floor":33,"turns":14}],"seed_played":"-7959801017288266284","potions_obtained":[{"floor":1.0,"key":"CunningPotion"},{"floor":3.0,"key":"Block Potion"},{"floor":11.0,"key":"Dexterity Potion"},{"floor":18.0,"key":"ColorlessPotion"},{"floor":20.0,"key":"BlessingOfTheForge"},{"floor":28.0,"key":"PowerPotion"},{"floor":31,"key":"DuplicationPotion"}],"is_trial":false,"path_per_floor":["M","?","M","?","$","R","E","?","T","E","M","E","R","M","R","B",null,"M","?","M","?","$","R","E","R","T","R","M","E","M","M","R","B"],"character_chosen":"THE_SILENT","items_purchased":["Art of War","Dagger Spray","Sling"],"campfire_rested":2,"item_purchase_floors":[5,5,22],"current_hp_per_floor":[57,57,56,56,56,56,39,39,39,37,39,11,31,29,29,16,55,51,51,50,50,50,50,34,34,34,34,21,19,13,13,35,0,0],"gold":20,"neow_bonus":"THREE_RARE_CARDS","is_daily":false,"chose_seed":false,"campfire_upgraded":5,"win_rate":0.0,"timestamp":1612585392,"path_taken":["M","?","?","?","$","R","E","?","T","E","M","E","R","M","R","BOSS","M","?","M","?","?","R","E","R","T","R","M","E","M","M","R","BOSS"],"items_purchased_type":["Relic","Card","Relic"],"build_version":"2020-12-22","purchased_purges":1,"victory":false,"max_hp_per_floor":[66,66,66,66,66,66,66,66,66,66,68,68,68,68,68,68,68,68,68,70,70,70,70,72,72,72,72,72,74,76,76,76,76,76],"relic_stats":{"Centennial Puzzle":[30],"Singing Bowl":10,"counters":[16,115],"Sundial":[14],"CeramicFish":0,"Ectoplasm":230,"Art of War":[13],"obtain_stats":[{"Potion Belt":9,"Centennial Puzzle":10,"Singing Bowl":7,"Sundial":12,"CeramicFish":29,"Ectoplasm":17,"Art of War":5,"Frozen Egg 2":26,"Sling":22,"Ancient Tea Set":24,"Ring of the Snake":0},{"Potion Belt":3,"Centennial Puzzle":4,"Singing Bowl":3,"Sundial":6,"CeramicFish":13,"Ectoplasm":8,"Art of War":2,"Frozen Egg 2":11,"Sling":10,"Ancient Tea Set":11,"Ring of the Snake":0},{"Potion Belt":13,"Centennial Puzzle":20,"Singing Bowl":13,"Sundial":28,"CeramicFish":87,"Ectoplasm":48,"Art of War":8,"Frozen Egg 2":72,"Sling":64,"Ancient Tea Set":72,"Ring of the Snake":0}],"Ring of the Snake":[32]},"card_choices":[{"not_picked":["Die Die Die","Burst"],"picked":"Malaise","floor":0.0},{"not_picked":["Reflex","Flying Knee"],"picked":"Blade Dance","floor":1.0},{"not_picked":["Distraction","Backflip"],"picked":"Dash","floor":3.0},{"not_picked":["Backflip","Prepared"],"picked":"Quick Slash","floor":7.0},{"not_picked":["Bouncing Flask","Backflip"],"picked":"Deflect","floor":10.0},{"not_picked":["Choke","Quick Slash","Dagger Spray"],"picked":"Singing Bowl","floor":11.0},{"not_picked":["Predator","Blur"],"picked":"Noxious Fumes","floor":12.0},{"not_picked":["Blur","Deflect"],"picked":"Leg Sweep","floor":14.0},{"not_picked":["Wraith Form v2","Night Terror"],"picked":"Burst","floor":16.0},{"not_picked":["Setup+1","Bouncing Flask"],"picked":"Cloak And Dagger","floor":18.0},{"not_picked":["Flying Knee","Backstab","Quick Slash"],"picked":"Singing Bowl","floor":20.0},{"not_picked":["Infinite Blades","Distraction","Deadly Poison"],"picked":"Singing Bowl","floor":24.0},{"not_picked":["Sucker Punch","Bane"],"picked":"Dagger Throw+1","floor":28.0},{"not_picked":["Dagger Spray","Deadly Poison","Flying Knee"],"picked":"Singing Bowl","floor":29},{"not_picked":["Slice","Endless Agony","Bane"],"picked":"Singing Bowl","floor":30},{"not_picked":["Escape Plan","Footwork+1"],"picked":"Accuracy+1","floor":31}],"player_experience":3077648,"relics_obtained":[{"floor":7.0,"key":"Singing Bowl"},{"floor":9.0,"key":"Potion Belt"},{"floor":10.0,"key":"Centennial Puzzle"},{"floor":12.0,"key":"Sundial"},{"floor":24.0,"key":"Ancient Tea Set"},{"floor":26.0,"key":"Frozen Egg 2"},{"floor":29,"key":"CeramicFish"}],"event_choices":[{"damage_healed":0.0,"max_hp_gain":0.0,"max_hp_loss":0.0,"gold_gain":275.0,"event_name":"Golden Shrine","player_choice":"Desecrate","floor":2.0,"gold_loss":0.0,"damage_taken":0.0,"cards_obtained":["Regret"]},{"damage_healed":0.0,"max_hp_gain":0.0,"max_hp_loss":0.0,"gold_gain":0.0,"event_name":"Liars Game","player_choice":"Ignored","floor":4.0,"gold_loss":0.0,"damage_taken":0.0},{"cards_removed":["Strike_G"],"damage_healed":0.0,"max_hp_gain":0.0,"max_hp_loss":0.0,"gold_gain":0.0,"event_name":"Purifier","player_choice":"Purged","floor":8.0,"gold_loss":0.0,"damage_taken":0.0},{"damage_healed":0.0,"max_hp_gain":0.0,"max_hp_loss":0.0,"gold_gain":0.0,"event_name":"The Mausoleum","player_choice":"Ignored","floor":19.0,"gold_loss":0.0,"damage_taken":0.0},{"damage_healed":0.0,"max_hp_gain":0.0,"max_hp_loss":0.0,"gold_gain":0.0,"cards_transformed":["Strike_G","Strike_G"],"event_name":"Drug Dealer","player_choice":"Became Test Subject","floor":21.0,"gold_loss":0.0,"damage_taken":0.0,"cards_obtained":["Wraith Form v2","Slice"]}],"is_beta":false,"boss_relics":[{"not_picked":["Philosopher\u0027s Stone","Fusion Hammer"],"picked":"Ectoplasm"}],"items_purged_floors":[5],"is_endless":false,"potions_floor_spawned":[1,3,11,18,20,28,31],"killed_by":"Automaton","ascension_level":20}}