{"host":"onjcd8pn3ar4eq0z","time":1612598197,"event":{"mods":["2.2 Compatiblity","AchievementEnabler","Act Like it!","Aspiration","BaseMod","Bestiary","Better Note","Better Third Choice","BetterRewards","CapriCore","ChefMod","Colored Map","Colored Powertips","Conspire","Downfall","Friendly Minions","Gensokyo","GifTheSpireLib","Gremlin Mod","Hallownest","Hermit","Highlight Path","Hubris","Infinite Spire","Jorbs\u0027s Wanderer Trilogy","Koishi","Lobotomy","LobotomyExtend","Marisa????????","Mimic Mod","Minty Spire (QoL Compilation)","Pale of the Ancients","Potionbrewer","Practice Mode","Relic Sorter","Reliquary","Remilia??????","Replay The Spire","Shop Mod","Spicy Shops","StSLib","Synergy Search","The Administrix","The Animator","The Blue Laboratory","The Bug Knight","The Cursed","The Disciple","The Hierophant","The Immortal","The Mystic","The Necromancer","The Runesmith","The Sage","The Servant 0.9.4","TheBandit","Wandering Minibosses","Yohane!","Yuyuko","noobMod"],"gold_per_floor":[99,99,99,99,99,99,99,142,168,343,353,363,63,63,92,201,201,201,216,235,249,75,75,75,97,130,130,145,145,160,174,200,318,318,318,335,345,359,415,415,415,131,147,159,90,90,90,139,158,164,164],"floor_reached":50,"language":"ENG","playtime":10579,"items_purged":["Doubt"],"score":573,"play_id":"f9d60828-ba81-4d27-ae60-8ea5ae417aef","local_time":"20210206015637","is_ascension_mode":false,"campfire_choices":[{"floor":1,"key":"RECALL"},{"floor":13,"key":"REST"},{"data":"animator:Eris","floor":18,"key":"SMITH"},{"floor":27,"key":"REST"},{"floor":35,"key":"DIG"},{"floor":47,"key":"REST"}],"circlet_count":0,"master_deck":["animator:Strike_GATE","animator:Defend_GATE","animator:Strike","animator:Strike","animator:Strike","animator:TukaLunaMarceau","animator:Kuribayashi","animator:IrohaTamaki","animator:EmiyaShirou","Setup","Toxin Wave","m_BronzeSurvivor","animator:YachiyoNanami","animator:Kuribayashi","animator:PinaCoLada","animator:Mitsurugi+1","animator:GoblinSlayer+1","animator:GuildGirl","animator:IzunaHatsuse","animator:YaoHaDucy+1","animator:IrohaTamaki+1","animator:IrohaTamaki+1","animator:Priestess+1","animator:Canti+1","animator:RinTohsaka+1","animator:HighElfArcher+1","animator:Jibril+1","animator:MetalKnight+1","animator:Bozes+1","animator:Hans","animator:RoryMercury+1","animator:CowGirl","animator:Hans","animator:ItamiYouji+1","animator:DolaRiku+1","expansioncontent:AwakenDeath","expansioncontent:StudyTheSpire","animator:Illya","animator:Chris+1","animator:YunYun+1","Replay:SS_forest_2","animator:GoblinSlayer+1","animator:DolaCouronne"],"relics":["animator:LivingPicture","animator:TheMissingPiece","downfall:HeartsMalice","LetterFromLob","Molten Egg 2","downfall:HeartBlessingBlue","downfall:HeartBlessingRed","downfall:HeartBlessingGreen","MagicBullet_r","animator:HolyGrailRelic","aspiration:HummingbirdHeart","hubris:ToyBattleship","Nloth\u0027s Gift","aspiration:RitualDagger","Unceasing Top","reliquary:Stiletto","reliquary:BallBearing"],"acts_visited":["Exordium","TheCity","TheBeyond"],"potions_floor_usage":[16,19,20,21,26,32,33,42,49,50,50],"damage_taken":[{"damage":0,"enemies":"Jaw Worm","floor":2,"turns":1},{"damage":0,"enemies":"2 Louse","floor":5,"turns":1},{"damage":0,"enemies":"Cultist","floor":6,"turns":1},{"damage":22,"enemies":"3 Sentries","floor":8,"turns":13},{"damage":0,"enemies":"conspire:2 RoseBushes","floor":9,"turns":6},{"damage":26,"enemies":"Large Slime","floor":11,"turns":8},{"damage":7,"enemies":"Blue Slaver","floor":12,"turns":4},{"damage":7,"enemies":"Exordium Thugs","floor":15,"turns":5},{"damage":16,"enemies":"DF_ARCHETYPE_STREAMLINE","floor":16,"turns":11},{"damage":26,"enemies":"Shell Parasite","floor":19,"turns":6},{"damage":2,"enemies":"Centurion and Healer","floor":20,"turns":10},{"damage":32,"enemies":"Shelled Parasite and Fungi","floor":21,"turns":6},{"damage":0,"enemies":"downfall:FleeingMerchant","floor":22,"turns":4},{"damage":20,"enemies":"Snake Plant","floor":25,"turns":5},{"damage":10,"enemies":"Slavers","floor":26,"turns":6},{"damage":0,"enemies":"conspire:HollyBat","floor":28,"turns":8},{"damage":9,"enemies":"Centurion and Healer","floor":30,"turns":10},{"damage":3,"enemies":"Snake Plant","floor":31,"turns":2},{"damage":6,"enemies":"Shelled Parasite and Fungi","floor":32,"turns":7},{"damage":25,"enemies":"IC_MUSHROOM_ARCHETYPE","floor":33,"turns":7},{"damage":55,"enemies":"3 Darklings","floor":36,"turns":6},{"damage":11,"enemies":"Orb Walker","floor":37,"turns":3},{"damage":46,"enemies":"Transient","floor":38,"turns":5},{"damage":23,"enemies":"4 Shapes","floor":39,"turns":6},{"damage":9,"enemies":"downfall:FleeingMerchant","floor":42,"turns":4},{"damage":10,"enemies":"Sphere and 2 Shapes","floor":43,"turns":3},{"damage":25,"enemies":"Jaw Worm Horde","floor":44,"turns":6},{"damage":33,"enemies":"downfall:FleeingMerchant","floor":45,"turns":4},{"damage":63,"enemies":"Nemesis","floor":48,"turns":9},{"damage":21,"enemies":"Maw","floor":49,"turns":9},{"damage":198,"enemies":"SI_POISON_ARCHETYPE","floor":50,"turns":9}],"seed_played":"8207988908876069188","potions_obtained":[{"floor":8,"key":"blueLaboratory:BottleOfRum"},{"floor":9,"key":"blueLaboratory:Moonshine"},{"floor":15,"key":"DistilledChaos"},{"floor":16,"key":"SkillPotion"},{"floor":19,"key":"Adrenaline Potion"},{"floor":20,"key":"Dexterity Potion"},{"floor":21,"key":"Dexterity Potion"},{"floor":31,"key":"potionbrewer:InfectionPotion"},{"floor":33,"key":"Energy Potion"},{"floor":36,"key":"potionbrewer:CleansingPotion"},{"floor":37,"key":"Weak Potion"},{"floor":38,"key":"potionbrewer:AcidPotion"},{"floor":48,"key":"blueLaboratory:HummingbirdPotion"},{"floor":49,"key":"PowerPotion"}],"is_trial":false,"path_per_floor":["R","M","?","?","M","M","T","E","M","?","M","M","R","E","M","B",null,"R","M","M","M","$","?","T","M","E","R","M","?","M","M","M","B",null,"R_BF","M","M","M","M","AVR","T","$","M","M","$","?","R","E","M","B"],"character_chosen":"THE_ANIMATOR","items_purchased":["animator:Canti+1","expansioncontent:AwakenDeath","expansioncontent:StudyTheSpire","Replay:SS_forest_2"],"campfire_rested":3,"item_purchase_floors":[22,42,42,45],"current_hp_per_floor":[66,66,66,66,66,66,66,44,44,44,18,11,43,43,36,21,85,85,62,68,44,58,50,50,32,30,59,68,68,67,66,68,45,109,109,57,48,4,113,113,113,120,122,113,91,91,127,78,92,0,0],"gold":164,"neow_bonus":"THREE_ENEMY_KILL","is_daily":false,"chose_seed":false,"campfire_upgraded":1,"win_rate":0.0,"timestamp":1612598197,"path_taken":["R","M","?","?","?","M","T","E","M","?","M","M","R","E","M","BOSS","R","M","M","M","$","?","T","M","E","R","M","?","M","?","M","BOSS","R_BF","M","M","M","M","AVR","T","$","M","M","$","?","R","E","M","BOSS"],"items_purchased_type":["Card","Card","Card","Card"],"build_version":"2020-12-22","purchased_purges":1,"victory":false,"max_hp_per_floor":[66,66,66,66,66,66,66,66,66,66,66,66,76,76,76,77,85,85,88,90,92,94,94,94,96,98,98,101,101,103,105,107,109,109,109,112,114,116,118,118,118,120,122,125,127,127,127,129,132,132,132],"card_choices":[{"not_picked":["animator:CowGirl","animator:DwarfShaman"],"picked":"animator:IrohaTamaki","floor":2},{"not_picked":["animator:Priestess","animator:Megumin"],"picked":"animator:YachiyoNanami","floor":5},{"not_picked":["animator:LeleiLaLalena","animator:MetalKnight"],"picked":"animator:Kuribayashi","floor":6},{"not_picked":["animator:Tyuule","animator:LeleiLaLalena"],"picked":"animator:PinaCoLada","floor":8},{"not_picked":["animator:Kazuma","animator:SakuraMatou"],"picked":"animator:Mitsurugi+1","floor":9},{"not_picked":["animator:Caster","animator:Illya"],"picked":"animator:GoblinSlayer+1","floor":11},{"not_picked":["animator:ShinjiMatou","animator:Rider"],"picked":"animator:GuildGirl","floor":12},{"not_picked":["animator:FielNirvalen","animator:DolaSchwi+1"],"picked":"animator:IzunaHatsuse","floor":15},{"not_picked":["animator:Kyubey","animator:Wiz"],"picked":"animator:Eris","floor":16},{"not_picked":["animator:RoryMercury+1","animator:KyokoSakura+1"],"picked":"animator:YaoHaDucy+1","floor":19},{"not_picked":["animator:SuzuneAmano+1","animator:SilverFang"],"picked":"animator:IrohaTamaki+1","floor":20},{"not_picked":["animator:SilverFang+1","animator:ShinjiMatou"],"picked":"animator:IrohaTamaki+1","floor":21},{"not_picked":["animator:LizardPriest","animator:DwarfShaman+1"],"picked":"animator:Priestess","floor":22},{"not_picked":["animator:Tatsumaki+1","animator:Kazuma"],"picked":"animator:RinTohsaka+1","floor":25},{"not_picked":["animator:RinTohsaka+1","animator:SuzuneAmano+1"],"picked":"animator:HighElfArcher+1","floor":26},{"not_picked":["animator:GuildGirl","animator:YachiyoNanami"],"picked":"animator:Jibril+1","floor":28},{"not_picked":["animator:DwarfShaman+1","animator:HighElfArcher+1"],"picked":"animator:Priestess","floor":30},{"not_picked":["animator:OrikoMikuni","animator:TukaLunaMarceau+1"],"picked":"animator:MetalKnight+1","floor":31},{"not_picked":["animator:SayakaMiki","animator:SwordMaiden"],"picked":"animator:Bozes+1","floor":32},{"not_picked":["animator:HomuraAkemi","animator:Eris"],"picked":"animator:Hans","floor":33},{"not_picked":["animator:Illya+1","animator:TukaLunaMarceau+1"],"picked":"animator:RoryMercury+1","floor":36},{"not_picked":["animator:DwarfShaman+1","animator:Priestess"],"picked":"animator:CowGirl","floor":37},{"not_picked":["animator:IrohaTamaki+1","animator:LizardPriest+1"],"picked":"animator:Hans","floor":38},{"not_picked":["animator:Illya","animator:ShinjiMatou"],"picked":"animator:ItamiYouji+1","floor":39},{"not_picked":["animator:Arpeggio+1","animator:YaoHaDucy+1"],"picked":"animator:DolaRiku+1","floor":42},{"not_picked":["animator:EmiyaShirou","animator:RinTohsaka"],"picked":"animator:Illya","floor":43},{"not_picked":["animator:DolaCouronne","animator:LizardPriest"],"picked":"animator:Chris+1","floor":44},{"not_picked":["animator:GuildGirl","animator:GoblinSlayer+1"],"picked":"animator:YunYun+1","floor":45},{"not_picked":["animator:Sonic+1","animator:Lancer+1"],"picked":"animator:GoblinSlayer+1","floor":48},{"not_picked":["animator:DolaRiku","animator:IzunaHatsuse"],"picked":"animator:DolaCouronne","floor":49}],"player_experience":448853,"relics_obtained":[{"floor":2,"key":"LetterFromLob"},{"floor":8,"key":"Molten Egg 2"},{"floor":24,"key":"aspiration:HummingbirdHeart"},{"floor":26,"key":"hubris:ToyBattleship"},{"floor":35,"key":"Unceasing Top"},{"floor":41,"key":"reliquary:Stiletto"},{"floor":48,"key":"reliquary:BallBearing"}],"event_choices":[{"cards_removed":["animator:Priestess"],"damage_healed":0,"gold_gain":0,"player_choice":"Removed Skill","damage_taken":0,"max_hp_gain":0,"max_hp_loss":0,"event_name":"Falling","floor":46,"gold_loss":0}],"is_beta":false,"boss_relics":[{"not_picked":["aspiration:FutureDiary","Pandora\u0027s Box"],"picked":"animator:HolyGrailRelic"},{"not_picked":["animator:CursedBlade","SacredBark"],"picked":"aspiration:RitualDagger"}],"items_purged_floors":[22],"is_endless":false,"potions_floor_spawned":[8,9,15,16,19,20,21,31,33,36,37,38,48,49],"killed_by":"SI_POISON_ARCHETYPE","ascension_level":0}}