{"host":"at5b10nm0iti0w4x","time":1612640657,"event":{"mods":["AchievementEnabler","BaseMod","Bestiary","Block Reminder","Colored Map","Colored Powertips","Highlight Path","Keyboard Shortcuts","Minty Spire (QoL Compilation)","Relic Stats","StSLib","SuperFastMode"],"gold_per_floor":[111,60,60,70,83,83,110,129,153,153,165,221,221,221,221,323,323,338,338,338,338,349,349,359,359,359,390,390,390,390,120,120,219,219,232,29,44,44,0,0,100,100,100,113,113,113],"floor_reached":45,"language":"ENG","playtime":1178,"items_purged":[],"score":427,"play_id":"cd3fb79f-3058-438f-af11-9331cc424bfa","local_time":"20210206144417","is_ascension_mode":false,"campfire_choices":[{"data":"Armaments","floor":6,"key":"SMITH"},{"floor":10,"key":"REST"},{"floor":15,"key":"REST"},{"data":"Fire Breathing","floor":23,"key":"SMITH"},{"floor":25,"key":"REST"},{"floor":32,"key":"REST"},{"data":"Barricade","floor":42,"key":"SMITH"}],"circlet_count":0,"master_deck":["Strike_R+1","Strike_R+1","Defend_R+1","Defend_R+1","Defend_R+1","Defend_R+1","Bash","CurseOfTheBell","Metallicize","Armaments+1","Dark Embrace","Combust+1","Shrug It Off","Berserk+1","Headbutt","Inflame","Flame Barrier","Offering","Sword Boomerang","Writhe","Fire Breathing+1","Metallicize+1","Twin Strike","Armaments","Barricade+1","Headbutt+1","Writhe","Pain","Seeing Red+1"],"relics":["Calling Bell","Boot","Paper Frog","Pocketwatch","Juzu Bracelet","Potion Belt","War Paint","SlaversCollar","Charon\u0027s Ashes","Pear","Meat on the Bone","Bottled Lightning","Enchiridion","Bottled Flame","Cursed Key","Bag of Marbles","Red Mask","Letter Opener"],"acts_visited":["Exordium","TheCity","TheBeyond"],"potions_floor_usage":[24,24,27,33,33,33],"damage_taken":[{"damage":2,"enemies":"Small Slimes","floor":1,"turns":3},{"damage":10,"enemies":"Cultist","floor":4,"turns":5},{"damage":6,"enemies":"2 Louse","floor":5,"turns":2},{"damage":15,"enemies":"Lagavulin","floor":7,"turns":6},{"damage":10,"enemies":"Looter","floor":8,"turns":3},{"damage":18,"enemies":"3 Louse","floor":11,"turns":4},{"damage":15,"enemies":"Gremlin Nob","floor":12,"turns":4},{"damage":40,"enemies":"Slime Boss","floor":16,"turns":11},{"damage":17,"enemies":"3 Byrds","floor":18,"turns":5},{"damage":14,"enemies":"Spheric Guardian","floor":22,"turns":8},{"damage":17,"enemies":"Snake Plant","floor":24,"turns":5},{"damage":35,"enemies":"Book of Stabbing","floor":27,"turns":6},{"damage":84,"enemies":"Collector","floor":33,"turns":12},{"damage":25,"enemies":"Orb Walker","floor":35,"turns":5},{"damage":4,"enemies":"3 Shapes","floor":37,"turns":4},{"damage":32,"enemies":"Maw","floor":44,"turns":8},{"damage":53,"enemies":"Reptomancer","floor":45,"turns":2}],"seed_played":"-8056115765558810459","potions_obtained":[{"floor":1,"key":"HeartOfIron"},{"floor":11,"key":"DistilledChaos"},{"floor":12,"key":"DuplicationPotion"},{"floor":18,"key":"Regen Potion"},{"floor":24,"key":"SneckoOil"},{"floor":27,"key":"BloodPotion"},{"floor":33,"key":"EssenceOfSteel"},{"floor":44,"key":"ColorlessPotion"}],"is_trial":false,"path_per_floor":["M","$","?","M","M","R","E","M","T","R","M","?","?","?","R","B",null,"M","?","?","T","M","R","M","R","T","E","?","?","?","$","R","B",null,"M","$","M","?","?","?","?","R","T","M","E"],"character_chosen":"IRONCLAD","items_purchased":["Armaments","Bottled Flame","Armaments","Bag of Marbles","Strength Potion"],"campfire_rested":4,"item_purchase_floors":[2,31,31,36,36],"current_hp_per_floor":[78,78,78,68,62,62,47,37,37,61,43,28,28,21,45,5,80,63,63,63,73,59,59,42,69,69,64,64,64,48,48,75,18,90,65,65,61,84,84,84,84,84,84,52,0,0],"gold":113,"neow_bonus":"BOSS_RELIC","is_daily":false,"chose_seed":false,"campfire_upgraded":3,"win_rate":0.0,"timestamp":1612640657,"path_taken":["M","$","?","M","M","R","E","M","T","R","M","?","?","?","R","BOSS","M","?","?","?","M","R","M","R","T","E","?","?","?","$","R","BOSS","M","$","M","?","?","?","?","R","T","M","E"],"items_purchased_type":["Card","Relic","Card","Relic","Potion"],"build_version":"2020-12-22","purchased_purges":0,"victory":false,"max_hp_per_floor":[80,80,80,80,80,80,80,80,80,80,80,80,80,80,80,80,80,80,80,80,90,90,90,90,90,90,90,90,90,90,90,90,90,90,90,90,90,90,90,90,90,90,90,90,90,90],"relic_stats":{"counters":[17,93],"Charon\u0027s Ashes":[15],"Juzu Bracelet":3,"Letter Opener":[15],"War Paint":["Defend_R","Defend_R"],"Boot":[7],"Cursed Key":1,"obtain_stats":[{"Potion Belt":9,"Pear":21,"Enchiridion":30,"Charon\u0027s Ashes":20,"Juzu Bracelet":7,"Letter Opener":43,"War Paint":12,"Boot":0,"Cursed Key":34,"Burning Blood":0,"Calling Bell":0,"SlaversCollar":17,"Bottled Flame":31,"Bag of Marbles":36,"Red Mask":39,"Bottled Lightning":27,"Paper Frog":0,"Pocketwatch":0,"Meat on the Bone":26},{"Potion Belt":5,"Pear":9,"Enchiridion":12,"Charon\u0027s Ashes":9,"Juzu Bracelet":4,"Letter Opener":15,"War Paint":7,"Boot":0,"Cursed Key":13,"Burning Blood":0,"Calling Bell":0,"SlaversCollar":8,"Bottled Flame":12,"Bag of Marbles":14,"Red Mask":15,"Bottled Lightning":12,"Paper Frog":0,"Pocketwatch":0,"Meat on the Bone":11},{"Potion Belt":19,"Pear":43,"Enchiridion":62,"Charon\u0027s Ashes":43,"Juzu Bracelet":16,"Letter Opener":83,"War Paint":27,"Boot":0,"Cursed Key":74,"Burning Blood":0,"Calling Bell":0,"SlaversCollar":38,"Bottled Flame":62,"Bag of Marbles":79,"Red Mask":83,"Bottled Lightning":62,"Paper Frog":0,"Pocketwatch":0,"Meat on the Bone":56}],"Pocketwatch":[120],"Meat on the Bone":24},"card_choices":[{"not_picked":["True Grit","Sword Boomerang"],"picked":"Metallicize","floor":1},{"not_picked":["Shrug It Off","Sever Soul"],"picked":"Combust","floor":4},{"not_picked":["Sword Boomerang","Warcry"],"picked":"Shrug It Off","floor":5},{"not_picked":["Second Wind","Feel No Pain"],"picked":"Berserk","floor":7},{"not_picked":["Clash","Warcry"],"picked":"Headbutt","floor":8},{"not_picked":["Havoc","Flex"],"picked":"Inflame","floor":11},{"not_picked":["Shockwave","Clothesline"],"picked":"Flame Barrier","floor":12},{"not_picked":["Fiend Fire","Berserk"],"picked":"Offering","floor":16},{"not_picked":["Flex","True Grit"],"picked":"Sword Boomerang","floor":18},{"not_picked":["Second Wind+1","Warcry"],"picked":"Fire Breathing","floor":22},{"not_picked":["Power Through","Perfected Strike+1"],"picked":"Metallicize+1","floor":24},{"not_picked":["Anger","Feed"],"picked":"Twin Strike","floor":27},{"not_picked":["Brutality","Limit Break"],"picked":"Barricade","floor":33},{"not_picked":["Anger+1","Flex","Cleave"],"picked":"SKIP","floor":35},{"not_picked":["Havoc","Perfected Strike"],"picked":"Headbutt+1","floor":37},{"not_picked":["Thunderclap","Wild Strike+1"],"picked":"Seeing Red+1","floor":44}],"player_experience":46434,"relics_obtained":[{"floor":0,"key":"Boot"},{"floor":0,"key":"Paper Frog"},{"floor":0,"key":"Pocketwatch"},{"floor":7,"key":"Juzu Bracelet"},{"floor":9,"key":"Potion Belt"},{"floor":12,"key":"War Paint"},{"floor":21,"key":"Pear"},{"floor":26,"key":"Meat on the Bone"},{"floor":27,"key":"Bottled Lightning"},{"floor":30,"key":"Enchiridion"},{"floor":43,"key":"Letter Opener"}],"event_choices":[{"damage_healed":0,"gold_gain":0,"cards_transformed":["Strike_R"],"player_choice":"Transformed","damage_taken":0,"max_hp_gain":0,"max_hp_loss":0,"event_name":"Transmorgrifier","floor":3,"gold_loss":0,"cards_obtained":["Dark Embrace"]},{"damage_healed":0,"gold_gain":0,"player_choice":"Searched \u00272\u0027 times","damage_taken":0,"max_hp_gain":0,"max_hp_loss":0,"event_name":"Dead Adventurer","floor":12,"gold_loss":0},{"damage_healed":0,"gold_gain":0,"player_choice":"Grow","damage_taken":0,"max_hp_gain":0,"max_hp_loss":0,"event_name":"Living Wall","floor":13,"gold_loss":0,"cards_upgraded":["Berserk"]},{"cards_removed":["Strike_R"],"damage_healed":0,"gold_gain":0,"player_choice":"Card Removal","damage_taken":7,"max_hp_gain":0,"max_hp_loss":0,"event_name":"Golden Wing","floor":14,"gold_loss":0},{"damage_healed":0,"gold_gain":0,"player_choice":"Ignored","damage_taken":0,"max_hp_gain":0,"max_hp_loss":0,"event_name":"Ghosts","floor":19,"gold_loss":0},{"damage_healed":0,"gold_gain":0,"player_choice":"Opened","damage_taken":0,"relics_obtained":["Charon\u0027s Ashes"],"max_hp_gain":0,"max_hp_loss":0,"event_name":"The Mausoleum","floor":20,"gold_loss":0,"cards_obtained":["Writhe"]},{"damage_healed":0,"gold_gain":0,"player_choice":"Forge","damage_taken":0,"max_hp_gain":0,"max_hp_loss":0,"event_name":"Accursed Blacksmith","floor":28,"gold_loss":0,"cards_upgraded":["Combust"]},{"damage_healed":0,"gold_gain":0,"player_choice":"Simplicity","damage_taken":0,"max_hp_gain":0,"max_hp_loss":0,"event_name":"Back to Basics","floor":29,"gold_loss":0,"cards_upgraded":["Strike_R","Strike_R","Strike_R","Defend_R","Defend_R"]},{"damage_healed":0,"gold_gain":0,"player_choice":"Obtained Book","damage_taken":16,"max_hp_gain":0,"max_hp_loss":0,"event_name":"Cursed Tome","floor":30,"gold_loss":0},{"damage_healed":23,"gold_gain":0,"player_choice":"Writhe","damage_taken":0,"max_hp_gain":0,"max_hp_loss":0,"event_name":"Winding Halls","floor":38,"gold_loss":0,"cards_obtained":["Writhe"]},{"damage_healed":0,"gold_gain":0,"player_choice":"Paid","damage_taken":0,"relics_obtained":["Red Mask"],"max_hp_gain":0,"max_hp_loss":0,"event_name":"Tomb of Lord Red Mask","floor":39,"gold_loss":44},{"cards_removed":["Strike_R"],"damage_healed":0,"gold_gain":0,"player_choice":"Removed Attack","damage_taken":0,"max_hp_gain":0,"max_hp_loss":0,"event_name":"Falling","floor":40,"gold_loss":0},{"damage_healed":0,"gold_gain":100,"player_choice":"Pray","damage_taken":0,"max_hp_gain":0,"max_hp_loss":0,"event_name":"Golden Shrine","floor":41,"gold_loss":0}],"is_beta":false,"boss_relics":[{"not_picked":["Coffee Dripper","Runic Cube"],"picked":"SlaversCollar"},{"not_picked":["Fusion Hammer","Snecko Eye"],"picked":"Cursed Key"}],"items_purged_floors":[],"is_endless":false,"potions_floor_spawned":[1,11,12,18,24,27,33,44],"killed_by":"Reptomancer","ascension_level":0}}