{"host":"0srjqcvl8k9r4fi9","time":1612638121,"event":{"mods":["AchievementEnabler","BaseMod","Minty Spire (QoL Compilation)","Uncapped"],"gold_per_floor":[17,17,35,35,35,35,70,70,70,89,104,121,121,141,141,141,141],"floor_reached":16,"language":"ENG","playtime":1012,"items_purged":[],"score":138,"play_id":"5e23bd3a-1b85-45c2-8e0a-29d3ead75774","local_time":"20210206130201","is_ascension_mode":true,"campfire_choices":[{"data":"Bash","floor":6,"key":"SMITH"},{"data":"Pommel Strike","floor":8,"key":"SMITH"},{"data":"Body Slam","floor":13,"key":"SMITH"},{"floor":15,"key":"REST"}],"circlet_count":0,"master_deck":["Strike_R","Strike_R","Strike_R","Defend_R","Defend_R","Defend_R","Bash+1","Pommel Strike+1","True Grit","Armaments","Body Slam+1","Shrug It Off"],"relics":["Burning Blood","Strawberry","Eternal Feather","Peace Pipe","Shuriken"],"acts_visited":["Exordium"],"potions_floor_usage":[16,16],"damage_taken":[{"damage":4,"enemies":"Small Slimes","floor":1,"turns":5},{"damage":8,"enemies":"Cultist","floor":3,"turns":6},{"damage":55,"enemies":"3 Sentries","floor":7,"turns":15},{"damage":0,"enemies":"2 Louse","floor":10,"turns":4},{"damage":11,"enemies":"Red Slaver","floor":11,"turns":3},{"damage":5,"enemies":"Gremlin Gang","floor":12,"turns":6},{"damage":12,"enemies":"3 Louse","floor":14,"turns":5},{"damage":72,"enemies":"Slime Boss","floor":16,"turns":8}],"seed_played":"2927931854638646111","potions_obtained":[{"floor":1,"key":"Swift Potion"},{"floor":12,"key":"Block Potion"},{"floor":14,"key":"BloodPotion"}],"is_trial":false,"path_per_floor":["M","?","M","?","?","R","E","R","T","M","M","M","R","M","R","B"],"character_chosen":"IRONCLAD","items_purchased":[],"campfire_rested":1,"item_purchase_floors":[],"current_hp_per_floor":[74,81,79,61,61,64,15,18,18,24,19,20,26,20,52,0,0],"gold":141,"neow_bonus":"REMOVE_TWO","is_daily":false,"chose_seed":false,"campfire_upgraded":3,"win_rate":0.0,"timestamp":1612638121,"path_taken":["M","?","?","?","?","R","E","R","T","M","?","M","R","M","R","BOSS"],"items_purchased_type":[],"build_version":"2020-12-22","purchased_purges":0,"victory":false,"max_hp_per_floor":[80,87,87,87,87,87,87,87,87,87,87,87,87,87,87,87,87],"card_choices":[{"not_picked":["Combust","Battle Trance","Heavy Blade"],"picked":"SKIP","floor":1},{"not_picked":["Second Wind","Reckless Charge"],"picked":"Pommel Strike","floor":3},{"not_picked":["Spot Weakness","Second Wind","Iron Wave"],"picked":"SKIP","floor":7},{"not_picked":["Sword Boomerang","Cleave"],"picked":"True Grit","floor":10},{"not_picked":["Wild Strike","Pummel"],"picked":"Armaments","floor":11},{"not_picked":["Immolate","Flex"],"picked":"Body Slam","floor":12},{"not_picked":["Warcry","Clothesline"],"picked":"Shrug It Off","floor":14}],"player_experience":345483,"relics_obtained":[{"floor":7,"key":"Peace Pipe"},{"floor":9,"key":"Shuriken"}],"event_choices":[{"damage_healed":0,"gold_gain":0,"player_choice":"Gave Potion","damage_taken":0,"relics_obtained":["Strawberry"],"max_hp_gain":0,"max_hp_loss":0,"event_name":"WeMeetAgain","floor":2,"gold_loss":0},{"damage_healed":0,"gold_gain":0,"player_choice":"Success","damage_taken":18,"relics_obtained":["Eternal Feather"],"max_hp_gain":0,"max_hp_loss":0,"event_name":"Scrap Ooze","floor":4,"gold_loss":0},{"cards_removed":["Defend_R"],"damage_healed":0,"gold_gain":0,"player_choice":"Offered Basic","damage_taken":0,"max_hp_gain":0,"max_hp_loss":0,"event_name":"Bonfire Elementals","floor":5,"gold_loss":0}],"is_beta":false,"boss_relics":[],"items_purged_floors":[],"is_endless":false,"potions_floor_spawned":[1,12,14],"killed_by":"Slime Boss","ascension_level":7}}