{"host":"jwbw4f4imxd0v0b0","time":1612642361,"event":{"mods":["BaseMod","Colored Map","Highlight Path","Minty Spire (QoL Compilation)","Relic Stats","StSLib"],"gold_per_floor":[119,138,138,138,138,163,163,198,266,300,320,320,357,389,389,493,493,514,537,537,564,589,629,629,76,109,159,193,202,311,347,347,460,460,487,153,253,262,285,321,321,356,389,413,448,29,29,44,44,44],"floor_reached":51,"language":"ENG","playtime":2801,"items_purged":["Strike_P","Strike_P","Decay"],"score":1164,"play_id":"47e487fd-1529-42e7-bde2-95603035c359","local_time":"20210206141241","is_ascension_mode":true,"campfire_choices":[{"floor":7.0,"key":"REST"},{"floor":12.0,"key":"REST"},{"floor":15.0,"key":"REST"},{"floor":24.0,"key":"REST"},{"floor":32,"key":"REST"},{"floor":41,"key":"REST"},{"floor":49,"key":"REST"}],"circlet_count":0,"master_deck":["Strike_P","Strike_P","Defend_P","Defend_P","Defend_P","Defend_P","Eruption+1","Vigilance","EmptyFist","Halt","SandsOfTime+1","InnerPeace","Protect","WheelKick","JustLucky+1","MentalFortress","Blasphemy","FlurryOfBlows","TalkToTheHand","FlurryOfBlows+1","Protect+1","Tantrum","MentalFortress+1","InnerPeace","TalkToTheHand","MentalFortress+1","FlyingSleeves+1","Establishment+1","Ragnarok","FlyingSleeves+1","Panache+1","Panache+1","WreathOfFlame","Protect+1","Halt+1","WreathOfFlame+1","TalkToTheHand"],"relics":["Fusion Hammer","MealTicket","Vajra","CeramicFish","Meat on the Bone","Yang","Odd Mushroom","Cursed Key","Nilry\u0027s Codex","Pen Nib","Frozen Egg 2","ClockworkSouvenir","Juzu Bracelet","Shuriken","Girya","HornCleat","Akabeko","VioletLotus","Matryoshka","StrikeDummy","Lantern","Regal Pillow","OrangePellets","Whetstone","Spirit Poop"],"acts_visited":["Exordium","TheCity","TheBeyond"],"potions_floor_usage":[30,35,39,42],"damage_taken":[{"damage":7.0,"enemies":"2 Louse","floor":1.0,"turns":3.0},{"damage":0.0,"enemies":"Small Slimes","floor":2.0,"turns":2.0},{"damage":15.0,"enemies":"3 Sentries","floor":6.0,"turns":6.0},{"damage":16.0,"enemies":"Gremlin Nob","floor":8.0,"turns":3.0},{"damage":8.0,"enemies":"3 Sentries","floor":10.0,"turns":5.0},{"damage":0.0,"enemies":"Jaw Worm","floor":11.0,"turns":3.0},{"damage":0.0,"enemies":"Gremlin Nob","floor":13.0,"turns":2.0},{"damage":0.0,"enemies":"The Mushroom Lair","floor":14.0,"turns":3.0},{"damage":32.0,"enemies":"Hexaghost","floor":16.0,"turns":9.0},{"damage":0.0,"enemies":"3 Byrds","floor":18.0,"turns":3.0},{"damage":0.0,"enemies":"Spheric Guardian","floor":19.0,"turns":3.0},{"damage":2.0,"enemies":"Cultist and Chosen","floor":21.0,"turns":5.0},{"damage":4.0,"enemies":"Snecko","floor":22.0,"turns":4.0},{"damage":6.0,"enemies":"Slavers","floor":23.0,"turns":7.0},{"damage":12,"enemies":"Book of Stabbing","floor":28,"turns":5},{"damage":18,"enemies":"Colosseum Slavers","floor":30,"turns":4},{"damage":0,"enemies":"Colosseum Nobs","floor":30,"turns":3},{"damage":49,"enemies":"Slavers","floor":31,"turns":6},{"damage":0,"enemies":"Collector","floor":33,"turns":5},{"damage":0,"enemies":"3 Darklings","floor":35,"turns":4},{"damage":0,"enemies":"Orb Walker","floor":39,"turns":1},{"damage":29,"enemies":"Reptomancer","floor":40,"turns":5},{"damage":0,"enemies":"Nemesis","floor":42,"turns":1},{"damage":18,"enemies":"4 Shapes","floor":44,"turns":4},{"damage":12,"enemies":"Giant Head","floor":45,"turns":6},{"damage":34,"enemies":"Transient","floor":48,"turns":5},{"damage":64,"enemies":"Donu and Deca","floor":50,"turns":6}],"seed_played":"-7433944736813917356","potions_obtained":[{"floor":1.0,"key":"FearPotion"},{"floor":8.0,"key":"BottledMiracle"},{"floor":13.0,"key":"Regen Potion"},{"floor":18.0,"key":"BottledMiracle"},{"floor":21.0,"key":"Ambrosia"},{"floor":31,"key":"AttackPotion"},{"floor":35,"key":"Ancient Potion"},{"floor":40,"key":"BottledMiracle"},{"floor":44,"key":"PowerPotion"},{"floor":45,"key":"DistilledChaos"}],"is_trial":false,"path_per_floor":["M","M","?","?","?","E","R","E","T","E","M","R","E","?","R","B",null,"M","M","?","M","M","E","R","$","T","?","E","?","?","E","R","B",null,"M","$","?","?","M","E","R","E","T","M","E","$","?","M","R","B",null],"character_chosen":"WATCHER","items_purchased":["Frozen Egg 2","MentalFortress+1","InnerPeace","ClockworkSouvenir","Panache+1","PowerPotion","OrangePellets","Whetstone"],"campfire_rested":7,"item_purchase_floors":[25,25,25,25,36,36,46,46],"current_hp_per_floor":[65,65,65,62,62,47,68,52,52,44,44,65,65,65,72,40,72,72,72,56,54,50,44,65,72,72,72,60,60,51,14,35,47,72,72,72,72,72,72,43,64,64,64,46,46,61,61,39,72,20],"gold":44,"neow_bonus":"BOSS_RELIC","is_daily":false,"chose_seed":false,"campfire_upgraded":0,"win_rate":0.0,"timestamp":1612642361,"path_taken":["M","M","?","?","?","E","R","E","T","E","M","R","E","?","R","BOSS","M","M","?","M","M","E","R","$","T","?","E","?","?","E","R","BOSS","M","$","?","?","M","E","R","E","T","M","E","?","?","M","R","BOSS"],"items_purchased_type":["Relic","Card","Card","Relic","Card","Potion","Relic","Relic"],"build_version":"2020-12-22","purchased_purges":3,"victory":true,"max_hp_per_floor":[72,72,72,72,72,72,72,72,72,72,72,72,72,72,72,72,72,72,72,72,72,72,72,72,72,72,72,72,72,72,72,72,72,72,72,72,72,72,72,72,72,72,72,72,72,72,72,72,72,72],"relic_stats":{"Regal Pillow":12,"counters":[27,113],"CeramicFish":252,"Yang":[245],"Pen Nib":[15],"Juzu Bracelet":3,"Whetstone":["JustLucky","SandsOfTime"],"Cursed Key":2,"OrangePellets":[5],"Shuriken":[29],"MealTicket":22,"VioletLotus":[5],"obtain_stats":[{"Lantern":43,"Regal Pillow":45,"Nilry\u0027s Codex":20,"CeramicFish":8,"Vajra":6,"Spirit Poop":47,"Yang":10,"Juzu Bracelet":26,"Whetstone":46,"Cursed Key":17,"ClockworkSouvenir":25,"HornCleat":30,"Matryoshka":40,"MealTicket":4,"Fusion Hammer":0,"VioletLotus":34,"Girya":30,"Pen Nib":23,"Odd Mushroom":14,"Frozen Egg 2":25,"Akabeko":31,"OrangePellets":46,"Shuriken":28,"PureWater":0,"StrikeDummy":42,"Meat on the Bone":9},{"Lantern":23,"Regal Pillow":25,"Nilry\u0027s Codex":11,"CeramicFish":4,"Vajra":3,"Spirit Poop":25,"Yang":5,"Juzu Bracelet":14,"Whetstone":25,"Cursed Key":9,"ClockworkSouvenir":14,"HornCleat":17,"Matryoshka":22,"MealTicket":2,"Fusion Hammer":0,"VioletLotus":19,"Girya":17,"Pen Nib":14,"Odd Mushroom":8,"Frozen Egg 2":14,"Akabeko":18,"OrangePellets":25,"Shuriken":15,"PureWater":0,"StrikeDummy":23,"Meat on the Bone":4},{"Lantern":92,"Regal Pillow":102,"Nilry\u0027s Codex":42,"CeramicFish":14,"Vajra":11,"Spirit Poop":102,"Yang":19,"Juzu Bracelet":58,"Whetstone":102,"Cursed Key":36,"ClockworkSouvenir":58,"HornCleat":70,"Matryoshka":91,"MealTicket":5,"Fusion Hammer":0,"VioletLotus":81,"Girya":70,"Pen Nib":58,"Odd Mushroom":27,"Frozen Egg 2":58,"Akabeko":76,"OrangePellets":102,"Shuriken":63,"PureWater":0,"StrikeDummy":92,"Meat on the Bone":14}],"Meat on the Bone":60},"card_choices":[{"not_picked":["BattleHymn","Prostrate"],"picked":"EmptyFist","floor":1.0},{"not_picked":["FollowUp","Prostrate"],"picked":"Halt","floor":2.0},{"not_picked":["CarveReality","PathToVictory"],"picked":"SandsOfTime","floor":6.0},{"not_picked":["Devotion","SignatureMove"],"picked":"InnerPeace","floor":8.0},{"not_picked":["Prostrate","Meditate"],"picked":"Protect","floor":10.0},{"not_picked":["WheelKick","Fasting2","EmptyFist"],"picked":"SKIP","floor":11.0},{"not_picked":["Fasting2","EmptyFist"],"picked":"WheelKick","floor":11.0},{"not_picked":["SignatureMove","SandsOfTime"],"picked":"JustLucky","floor":13.0},{"not_picked":["Halt","Nirvana"],"picked":"MentalFortress","floor":14.0},{"not_picked":["SpiritShield","Establishment"],"picked":"Blasphemy","floor":16.0},{"not_picked":["CarveReality","Nirvana+1"],"picked":"FlurryOfBlows","floor":18.0},{"not_picked":["WaveOfTheHand","FlyingSleeves"],"picked":"TalkToTheHand","floor":19.0},{"not_picked":["SignatureMove","Study"],"picked":"FlurryOfBlows+1","floor":21.0},{"not_picked":["CrushJoints","CarveReality"],"picked":"Protect+1","floor":22.0},{"not_picked":["Wallop","ReachHeaven"],"picked":"Tantrum","floor":23.0},{"not_picked":["WheelKick+1","Wireheading+1"],"picked":"TalkToTheHand","floor":28},{"not_picked":["CutThroughFate","CarveReality"],"picked":"FlyingSleeves+1","floor":30},{"not_picked":["Pray","ThirdEye"],"picked":"Establishment+1","floor":31},{"not_picked":["Vault","Wish"],"picked":"Ragnarok","floor":33},{"not_picked":["FlurryOfBlows","Protect+1"],"picked":"FlyingSleeves+1","floor":35},{"not_picked":["ThirdEye","Nirvana+1"],"picked":"WreathOfFlame","floor":39},{"not_picked":["SignatureMove","CarveReality"],"picked":"Protect+1","floor":40},{"not_picked":["Wallop","ClearTheMind+1"],"picked":"Halt+1","floor":42},{"not_picked":["Conclude+1","PathToVictory"],"picked":"WreathOfFlame+1","floor":44},{"not_picked":["Fasting2+1","FlyingSleeves"],"picked":"TalkToTheHand","floor":45},{"not_picked":["EmptyFist+1","ClearTheMind","BowlingBash"],"picked":"SKIP","floor":48}],"player_experience":1227033,"relics_obtained":[{"floor":6.0,"key":"Vajra"},{"floor":8.0,"key":"CeramicFish"},{"floor":9.0,"key":"Meat on the Bone"},{"floor":10.0,"key":"Yang"},{"floor":14.0,"key":"Odd Mushroom"},{"floor":20.0,"key":"Nilry\u0027s Codex"},{"floor":23.0,"key":"Pen Nib"},{"floor":26,"key":"Juzu Bracelet"},{"floor":28,"key":"Shuriken"},{"floor":30,"key":"Girya"},{"floor":30,"key":"HornCleat"},{"floor":31,"key":"Akabeko"},{"floor":40,"key":"Matryoshka"},{"floor":42,"key":"StrikeDummy"},{"floor":43,"key":"Lantern"},{"floor":45,"key":"Regal Pillow"}],"event_choices":[{"damage_healed":0.0,"max_hp_gain":0.0,"max_hp_loss":0.0,"gold_gain":0.0,"event_name":"Liars Game","player_choice":"Ignored","floor":3.0,"gold_loss":0.0,"damage_taken":0.0},{"damage_healed":0.0,"max_hp_gain":0.0,"max_hp_loss":0.0,"gold_gain":0.0,"event_name":"Scrap Ooze","player_choice":"Success","floor":4.0,"gold_loss":0.0,"damage_taken":3.0,"relics_obtained":["MealTicket"]},{"damage_healed":0.0,"max_hp_gain":0.0,"max_hp_loss":0.0,"gold_gain":0.0,"event_name":"Living Wall","player_choice":"Grow","floor":5.0,"gold_loss":0.0,"damage_taken":0.0,"cards_upgraded":["Eruption"]},{"damage_healed":0.0,"max_hp_gain":0.0,"max_hp_loss":0.0,"gold_gain":0.0,"event_name":"Mushrooms","player_choice":"Fought Mushrooms","floor":14.0,"gold_loss":0.0,"damage_taken":0.0},{"damage_healed":0.0,"max_hp_gain":0.0,"max_hp_loss":0.0,"gold_gain":0.0,"event_name":"Cursed Tome","player_choice":"Obtained Book","floor":20.0,"gold_loss":0.0,"damage_taken":16.0},{"damage_healed":0,"gold_gain":100,"player_choice":"Bet on Murderer","damage_taken":0,"max_hp_gain":0,"max_hp_loss":0,"event_name":"The Joust","floor":27,"gold_loss":50},{"damage_healed":0,"gold_gain":0,"player_choice":"Read","damage_taken":0,"max_hp_gain":0,"max_hp_loss":0,"event_name":"The Library","floor":29,"gold_loss":0,"cards_obtained":["MentalFortress"]},{"damage_healed":0,"gold_gain":0,"player_choice":"Fight","damage_taken":0,"max_hp_gain":0,"max_hp_loss":0,"event_name":"Colosseum","floor":30,"gold_loss":0},{"damage_healed":0,"gold_gain":0,"player_choice":"Fought Nobs","damage_taken":0,"max_hp_gain":0,"max_hp_loss":0,"event_name":"Colosseum","floor":30,"gold_loss":0},{"damage_healed":0,"gold_gain":100,"player_choice":"Pray","damage_taken":0,"max_hp_gain":0,"max_hp_loss":0,"event_name":"Golden Shrine","floor":37,"gold_loss":0},{"damage_healed":0,"gold_gain":0,"player_choice":"Copied","damage_taken":0,"max_hp_gain":0,"max_hp_loss":0,"event_name":"Duplicator","floor":38,"gold_loss":0,"cards_obtained":["Panache"]},{"cards_removed":["Decay"],"damage_healed":0,"gold_gain":0,"player_choice":"Offered Curse","damage_taken":0,"relics_obtained":["Spirit Poop"],"max_hp_gain":0,"max_hp_loss":0,"event_name":"Bonfire Elementals","floor":47,"gold_loss":0}],"is_beta":false,"boss_relics":[{"not_picked":["Sozu","Velvet Choker"],"picked":"Cursed Key"},{"not_picked":["Runic Pyramid","Busted Crown"],"picked":"VioletLotus"}],"items_purged_floors":[25,36,46],"is_endless":false,"potions_floor_spawned":[1,8,13,18,21,30,31,35,40,44,45],"ascension_level":4}}