{"host":"o98f72bjn8jxgroo","time":1612642364,"event":{"mods":["Act Like it!","BaseMod","GifTheSpireLib","Jedi Mod","Minty Spire (QoL Compilation)","Relic Stats","Spicy Shops","StSLib","[IsaacMod]????"],"gold_per_floor":[112,112,112,123,135,135,166,166,247,266,15,15,31,31,31,159,159,204,244,295,295,295,295,295,295,320,361,386,301,301,321,321,464,464,511,636,84,104,26,26,33,60,130,130,130,130,130,130,130,130,130,130,41,90,174,174],"floor_reached":55,"language":"PTB","playtime":11694,"items_purged":["Decay"],"score":811,"play_id":"368d2459-b8a4-4868-937a-4ec257b845d0","local_time":"20210206181244","daily_mods":["Vintage","Colorless Cards","Heirloom","Flight"],"is_ascension_mode":false,"campfire_choices":[{"floor":6,"key":"RECALL"},{"data":"Carnage","floor":15,"key":"SMITH"},{"data":"EpicFetus","floor":23,"key":"SMITH"},{"data":"HandOfGreed","floor":24,"key":"SMITH"},{"data":"Strike_R","floor":25,"key":"SMITH"},{"data":"Defend_R","floor":32,"key":"SMITH"},{"data":"Strike_R","floor":40,"key":"SMITH"},{"data":"Strike_R","floor":45,"key":"SMITH"},{"data":"Strike_R","floor":46,"key":"SMITH"},{"data":"Strike_R","floor":49,"key":"SMITH"},{"data":"Defend_R","floor":52,"key":"SMITH"}],"circlet_count":0,"master_deck":["Strike_R+1","Strike_R+1","Strike_R+1","Strike_R+1","Strike_R+1","Defend_R+1","Defend_R+1","Defend_R","Defend_R+1","Bash+1","Mayhem+1","Carnage+1","HandOfGreed+1","EpicFetus+1","SuicideKing","Madness+1","jedi:forcepull+1"],"relics":["Black Blood","HushsDoor","Incense Burner","Leech","Toy Ornithopter","Orichalcum","jedi:heavyjacket","Ginger","Golden Idol","DeadEye","AnarchistCookbook","Eternal Feather","Bronze Scales","Ancient Tea Set","Blood Vial","HowToJump","SalivaCoin","Akabeko","GnawedLeaf","Toxic Egg 2","jedi:matchstick","GuppysPaw","Centennial Puzzle","Philosopher\u0027s Stone","DoctorsRemote","ClockworkSouvenir","BookofShadows","Toolbox","jedi:HeartOfTheCards","Chemical X","Bottled Tornado","HornCleat","Art of War","Vajra"],"acts_visited":["Exordium","TheCity","TheBeyond","TheEnding"],"potions_floor_usage":[18,40,50,55,55],"damage_taken":[{"damage":0,"enemies":"2 Louse","floor":1,"turns":3},{"damage":1,"enemies":"Jaw Worm","floor":4,"turns":3},{"damage":3,"enemies":"Small Slimes","floor":5,"turns":3},{"damage":18,"enemies":"Gremlin Nob","floor":7,"turns":5},{"damage":0,"enemies":"Looter","floor":10,"turns":2},{"damage":0,"enemies":"2 Fungi Beasts","floor":13,"turns":3},{"damage":0,"enemies":"Slime Boss","floor":16,"turns":4},{"damage":3,"enemies":"3 Byrds","floor":18,"turns":3},{"damage":0,"enemies":"Spheric Guardian","floor":19,"turns":3},{"damage":0,"enemies":"Centurion and Healer","floor":27,"turns":3},{"damage":6,"enemies":"Snake Plant","floor":28,"turns":2},{"damage":0,"enemies":"Shelled Parasite and Fungi","floor":31,"turns":4},{"damage":24,"enemies":"Champ","floor":33,"turns":7},{"damage":2,"enemies":"3 Darklings","floor":35,"turns":3},{"damage":0,"enemies":"Orb Walker","floor":38,"turns":2},{"damage":15,"enemies":"Writhing Mass","floor":42,"turns":3},{"damage":0,"enemies":"Donu and Deca","floor":50,"turns":4},{"damage":9,"enemies":"Shield and Spear","floor":54,"turns":4},{"damage":78,"enemies":"Delirium","floor":55,"turns":10}],"seed_played":"-7032805679717496990","potions_obtained":[{"floor":5,"key":"jedi:StrikingPotion"},{"floor":7,"key":"EntropicBrew"},{"floor":16,"key":"SmokeBomb"},{"floor":19,"key":"jedi:mysterypotion"},{"floor":27,"key":"PowerPotion"},{"floor":38,"key":"Weak Potion"},{"floor":42,"key":"ColorlessPotion"}],"is_trial":true,"path_per_floor":["M","?","?","M","M","R","E","?","T","M","$","T","M","?","R","B",null,"M","M","T","?","T","R","R","R","T","M","M","?","?","M","R","B",null,"M","?","$","M","$","R","?","M","T","?","R","R","?","T","R","B",null,"R","$","E","B"],"character_chosen":"IRONCLAD","items_purchased":["Eternal Feather","Carnage","EpicFetus","ClockworkSouvenir","BookofShadows","Toolbox","Chemical X","jedi:forcepull+1"],"campfire_rested":0,"item_purchase_floors":[11,11,17,37,37,37,39,53],"current_hp_per_floor":[80,80,80,80,80,80,70,50,50,57,57,57,65,49,55,64,75,75,75,75,75,75,75,75,75,75,75,75,75,75,75,75,66,75,75,75,75,75,75,75,66,67,67,67,75,75,75,75,75,75,75,75,75,75,12,12],"gold":174,"neow_bonus":"","is_daily":false,"chose_seed":false,"campfire_upgraded":10,"win_rate":0.0,"timestamp":1612642364,"path_taken":["M","?","?","M","?","R","E","?","T","?","?","?","?","?","R","BOSS","M","?","?","?","?","R","R","R","T","M","?","?","?","?","R","BOSS","M","?","$","?","?","R","?","?","T","?","R","R","?","?","R","BOSS","R","$","E","BOSS"],"items_purchased_type":["Relic","Card","Card","Relic","Relic","Relic","Relic","Card"],"build_version":"2020-12-22","purchased_purges":1,"victory":false,"max_hp_per_floor":[80,80,80,80,80,80,80,80,80,80,80,80,80,80,80,80,75,75,75,75,75,75,75,75,75,75,75,75,75,75,75,75,75,75,75,75,75,75,75,75,75,75,75,75,75,75,75,75,75,75,75,75,75,75,75,75],"relic_stats":{"counters":[19,71],"Golden Idol":145,"Black Blood":66,"Eternal Feather":14,"Ginger":[14],"Orichalcum":[210],"Blood Vial":2,"Centennial Puzzle":[15],"Bronze Scales":[204],"Art of War":[1],"Chemical X":[1],"obtain_stats":[{"AnarchistCookbook":10,"GuppysPaw":30,"GnawedLeaf":27,"Black Blood":17,"Vajra":54,"Incense Burner":0,"Ginger":7,"DeadEye":9,"Bottled Tornado":42,"Ancient Tea Set":13,"Burning Blood":0,"Leech":0,"ClockworkSouvenir":37,"Blood Vial":18,"Centennial Puzzle":31,"HornCleat":43,"Toolbox":37,"jedi:matchstick":29,"Philosopher\u0027s Stone":34,"Chemical X":39,"Toxic Egg 2":28,"KeepersGift":0,"DoctorsRemote":35,"BookofShadows":37,"HowToJump":19,"Golden Idol":8,"Eternal Feather":11,"Orichalcum":4,"jedi:HeartOfTheCards":38,"Akabeko":26,"jedi:heavyjacket":5,"Bronze Scales":12,"SalivaCoin":20,"Art of War":48,"HushsDoor":0,"Toy Ornithopter":1},{"AnarchistCookbook":5,"GuppysPaw":11,"GnawedLeaf":10,"Black Blood":7,"Vajra":18,"Incense Burner":0,"Ginger":4,"DeadEye":4,"Bottled Tornado":16,"Ancient Tea Set":6,"Burning Blood":0,"Leech":0,"ClockworkSouvenir":14,"Blood Vial":8,"Centennial Puzzle":12,"HornCleat":16,"Toolbox":14,"jedi:matchstick":11,"Philosopher\u0027s Stone":13,"Chemical X":15,"Toxic Egg 2":11,"KeepersGift":0,"DoctorsRemote":14,"BookofShadows":14,"HowToJump":9,"Golden Idol":4,"Eternal Feather":5,"Orichalcum":2,"jedi:HeartOfTheCards":15,"Akabeko":9,"jedi:heavyjacket":3,"Bronze Scales":5,"SalivaCoin":9,"Art of War":16,"HushsDoor":0,"Toy Ornithopter":1},{"AnarchistCookbook":16,"GuppysPaw":34,"GnawedLeaf":32,"Black Blood":23,"Vajra":61,"Incense Burner":0,"Ginger":14,"DeadEye":14,"Bottled Tornado":53,"Ancient Tea Set":19,"Burning Blood":0,"Leech":0,"ClockworkSouvenir":48,"Blood Vial":26,"Centennial Puzzle":38,"HornCleat":53,"Toolbox":48,"jedi:matchstick":34,"Philosopher\u0027s Stone":45,"Chemical X":50,"Toxic Egg 2":34,"KeepersGift":0,"DoctorsRemote":48,"BookofShadows":48,"HowToJump":29,"Golden Idol":14,"Eternal Feather":16,"Orichalcum":6,"jedi:HeartOfTheCards":50,"Akabeko":29,"jedi:heavyjacket":9,"Bronze Scales":16,"SalivaCoin":29,"Art of War":53,"HushsDoor":0,"Toy Ornithopter":3}],"Toy Ornithopter":10},"card_choices":[{"not_picked":[],"picked":"Bomb","floor":0},{"not_picked":["Blind","Feel No Pain"],"picked":"Mayhem","floor":7},{"not_picked":["Demon Form","Battery"],"picked":"HandOfGreed","floor":16},{"not_picked":["jedi:bloodyhammer+1","Violence+1"],"picked":"SuicideKing","floor":33},{"not_picked":["Spot Weakness+1","jedi:fear+1","Wild Strike+1"],"picked":"SKIP","floor":54}],"player_experience":278753,"relics_obtained":[{"floor":1,"key":"Toy Ornithopter"},{"floor":4,"key":"Orichalcum"},{"floor":5,"key":"jedi:heavyjacket"},{"floor":7,"key":"Ginger"},{"floor":9,"key":"DeadEye"},{"floor":10,"key":"AnarchistCookbook"},{"floor":12,"key":"Bronze Scales"},{"floor":13,"key":"Ancient Tea Set"},{"floor":18,"key":"Blood Vial"},{"floor":19,"key":"HowToJump"},{"floor":20,"key":"SalivaCoin"},{"floor":26,"key":"Akabeko"},{"floor":27,"key":"GnawedLeaf"},{"floor":28,"key":"Toxic Egg 2"},{"floor":31,"key":"Centennial Puzzle"},{"floor":35,"key":"DoctorsRemote"},{"floor":38,"key":"jedi:HeartOfTheCards"},{"floor":42,"key":"Bottled Tornado"},{"floor":43,"key":"HornCleat"},{"floor":48,"key":"Art of War"},{"floor":54,"key":"Vajra"}],"event_choices":[{"damage_healed":0,"gold_gain":0,"player_choice":"Grow","damage_taken":0,"max_hp_gain":0,"max_hp_loss":0,"event_name":"Living Wall","floor":2,"gold_loss":0,"cards_upgraded":["Bash"]},{"damage_healed":0,"gold_gain":0,"player_choice":"Leave","damage_taken":0,"max_hp_gain":0,"max_hp_loss":0,"event_name":"The Cleric","floor":3,"gold_loss":0},{"damage_healed":0,"gold_gain":0,"player_choice":"Take Damage","damage_taken":20,"relics_obtained":["Golden Idol"],"max_hp_gain":0,"max_hp_loss":0,"event_name":"Golden Idol","floor":8,"gold_loss":0},{"damage_healed":0,"gold_gain":0,"player_choice":"Entered Light","damage_taken":16,"max_hp_gain":0,"max_hp_loss":0,"event_name":"Shining Light","floor":14,"gold_loss":0,"cards_upgraded":["Mayhem","Defend_R"]},{"damage_healed":0,"gold_gain":0,"player_choice":"Ignored","damage_taken":0,"max_hp_gain":0,"max_hp_loss":0,"event_name":"Beggar","floor":21,"gold_loss":0},{"damage_healed":0,"gold_gain":0,"player_choice":"Obtained Relic","damage_taken":0,"relics_obtained":["jedi:matchstick"],"max_hp_gain":0,"max_hp_loss":0,"event_name":"Addict","floor":29,"gold_loss":85},{"damage_healed":0,"gold_gain":0,"player_choice":"Gave Potion","damage_taken":0,"relics_obtained":["GuppysPaw"],"max_hp_gain":0,"max_hp_loss":0,"event_name":"WeMeetAgain","floor":30,"gold_loss":0},{"damage_healed":0,"gold_gain":0,"player_choice":"Embrace Madness","damage_taken":9,"max_hp_gain":0,"max_hp_loss":0,"event_name":"Winding Halls","floor":41,"gold_loss":0,"cards_obtained":["Madness","Madness"]},{"cards_removed":["Madness"],"damage_healed":0,"gold_gain":0,"player_choice":"Removed Skill","damage_taken":0,"max_hp_gain":0,"max_hp_loss":0,"event_name":"Falling","floor":44,"gold_loss":0}],"is_beta":false,"boss_relics":[{"not_picked":["jedi:battlestandard","Busted Crown"],"picked":"Black Blood"},{"not_picked":[]},{"not_picked":["Snecko Eye","Pandora\u0027s Box"],"picked":"Philosopher\u0027s Stone"},{"not_picked":[]}],"items_purged_floors":[11],"is_endless":false,"potions_floor_spawned":[5,7,16,19,27,28,38,42],"killed_by":"Delirium","ascension_level":0}}