{"host":"utqe55yv0jihe4d6","time":1612586184,"event":{"mods":["2.2 Compatiblity","AchievementEnabler","BaseMod","Block Reminder","Colored Map","Colored Powertips","Minty Spire (QoL Compilation)","Quick Restart","Rare Cards Sparkle","Relic Stats","SuperFastMode"],"gold_per_floor":[117,129,129,149,169,199,28,62,136,136,156,181,181,27,27,103,103,113,131,131,151,76,104,117,150,174,204,204,223,223,238,238,309,309,326,337,362,262,276,306,306,333,358,373,389,389,408,433,433,433,433,433,433,92,124,124],"floor_reached":57,"language":"ENG","playtime":3192,"items_purged":["Strike_R","Strike_R","Strike_R"],"score":3373,"play_id":"af97e3fa-20a7-4753-ae99-885e2ef1acf6","local_time":"20210205233624","is_ascension_mode":true,"campfire_choices":[{"floor":10.0,"key":"REST"},{"data":"Bash","floor":13.0,"key":"SMITH"},{"data":"Clothesline","floor":15.0,"key":"SMITH"},{"data":"Feel No Pain","floor":28.0,"key":"SMITH"},{"data":"Dual Wield","floor":30.0,"key":"SMITH"},{"data":"Burning Pact","floor":32.0,"key":"SMITH"},{"floor":41,"key":"RECALL"},{"data":"Evolve","floor":46,"key":"SMITH"},{"data":"Uppercut","floor":49,"key":"SMITH"},{"data":"Impervious","floor":53,"key":"SMITH"}],"circlet_count":0,"master_deck":["AscendersBane","Strike_R","Defend_R","Defend_R","Defend_R","Defend_R","Bash+1","Clothesline+1","Shrug It Off","Second Wind","Whirlwind","Heavy Blade","Barricade","Feel No Pain+1","Burning Pact+1","Feed","Power Through+1","Dual Wield+1","Corruption","Dual Wield+1","Dark Embrace","Bludgeon","Body Slam","Evolve+1","Impervious+1","Uppercut+1","Doubt","Flame Barrier","Impervious"],"relics":["Snecko Eye","Boot","Toolbox","Torii","White Beast Statue","Strawberry","Coffee Dripper","Vajra","CaptainsWheel","Pen Nib","Anchor","Cursed Key","Pocketwatch","Happy Flower","Mercury Hourglass","Bag of Marbles","Blood Vial","Centennial Puzzle"],"acts_visited":["Exordium","TheCity","TheBeyond","TheEnding"],"potions_floor_usage":[33,51,55,56,56],"damage_taken":[{"damage":0.0,"enemies":"2 Louse","floor":1.0,"turns":4.0},{"damage":0.0,"enemies":"Cultist","floor":2.0,"turns":2.0},{"damage":2.0,"enemies":"Small Slimes","floor":4.0,"turns":4.0},{"damage":7.0,"enemies":"Exordium Thugs","floor":5.0,"turns":3.0},{"damage":17.0,"enemies":"Lagavulin","floor":6.0,"turns":6.0},{"damage":21.0,"enemies":"Gremlin Nob","floor":8.0,"turns":4.0},{"damage":0.0,"enemies":"3 Louse","floor":11.0,"turns":2.0},{"damage":0.0,"enemies":"Lagavulin","floor":12.0,"turns":5.0},{"damage":5.0,"enemies":"Hexaghost","floor":16.0,"turns":11.0},{"damage":6.0,"enemies":"Chosen","floor":18.0,"turns":4.0},{"damage":2.0,"enemies":"3 Byrds","floor":19.0,"turns":4.0},{"damage":20.0,"enemies":"Snake Plant","floor":21.0,"turns":4.0},{"damage":0.0,"enemies":"Book of Stabbing","floor":23.0,"turns":4.0},{"damage":9.0,"enemies":"Cultist and Chosen","floor":24.0,"turns":12.0},{"damage":2.0,"enemies":"Gremlin Leader","floor":25.0,"turns":7.0},{"damage":1.0,"enemies":"Book of Stabbing","floor":27.0,"turns":5.0},{"damage":9.0,"enemies":"Shelled Parasite and Fungi","floor":29.0,"turns":5.0},{"damage":8.0,"enemies":"Chosen and Byrds","floor":31.0,"turns":6.0},{"damage":14,"enemies":"Champ","floor":33,"turns":11},{"damage":0,"enemies":"3 Darklings","floor":35,"turns":4},{"damage":7,"enemies":"Orb Walker","floor":36,"turns":4},{"damage":0,"enemies":"Mind Bloom Boss Battle","floor":37,"turns":6},{"damage":0,"enemies":"Maw","floor":39,"turns":6},{"damage":0,"enemies":"Nemesis","floor":40,"turns":5},{"damage":0,"enemies":"Giant Head","floor":42,"turns":5},{"damage":0,"enemies":"Sphere and 2 Shapes","floor":44,"turns":5},{"damage":0,"enemies":"4 Shapes","floor":45,"turns":5},{"damage":1,"enemies":"Spire Growth","floor":47,"turns":5},{"damage":0,"enemies":"Nemesis","floor":48,"turns":9},{"damage":0,"enemies":"Time Eater","floor":50,"turns":7},{"damage":0,"enemies":"Donu and Deca","floor":51,"turns":6},{"damage":0,"enemies":"Shield and Spear","floor":55,"turns":3},{"damage":68,"enemies":"The Heart","floor":56,"turns":9}],"seed_played":"7229243796386720484","potions_obtained":[{"floor":2.0,"key":"Weak Potion"},{"floor":4.0,"key":"Strength Potion"},{"floor":11.0,"key":"SmokeBomb"},{"floor":12.0,"key":"Regen Potion"},{"floor":16.0,"key":"BloodPotion"},{"floor":18.0,"key":"EntropicBrew"},{"floor":19.0,"key":"DuplicationPotion"},{"floor":23.0,"key":"PowerPotion"},{"floor":25.0,"key":"AttackPotion"},{"floor":29.0,"key":"LiquidMemories"},{"floor":31.0,"key":"PowerPotion"},{"floor":33,"key":"EssenceOfSteel"},{"floor":35,"key":"Swift Potion"},{"floor":55,"key":"BlessingOfTheForge"}],"is_trial":false,"path_per_floor":["M","M","?","M","M","E","$","E","T","R","M","E","R","$","R","B",null,"M","M","?","M","$","E","M","E","T","E","R","M","R","M","R","B",null,"M","M","?","$","M","E","R","E","T","M","M","R","M","E","R","B","B",null,"R","$","E","B",null],"character_chosen":"IRONCLAD","items_purchased":["Toolbox","Feel No Pain","Burning Pact","ColorlessPotion","Blood Vial"],"campfire_rested":1,"item_purchase_floors":[7,14,14,54,54],"current_hp_per_floor":[68,68,68,66,59,42,42,21,21,43,43,50,50,50,50,45,73,76,85,85,68,68,72,66,67,67,69,69,63,63,58,58,44,91,94,90,102,102,105,108,108,108,108,116,128,128,130,133,133,136,139,157,157,157,159,93],"gold":124,"neow_bonus":"BOSS_RELIC","is_daily":false,"chose_seed":false,"campfire_upgraded":8,"win_rate":0.0,"timestamp":1612586184,"path_taken":["M","M","?","M","M","E","$","E","T","R","M","E","R","$","R","BOSS","M","?","?","M","?","E","M","E","T","E","R","M","R","M","R","BOSS","M","M","?","$","M","E","R","E","T","M","M","R","M","E","R","BOSS","BOSS","R","$","E","BOSS"],"items_purchased_type":["Relic","Card","Card","Potion","Relic"],"build_version":"2020-12-22","purchased_purges":3,"victory":true,"max_hp_per_floor":[75,75,75,75,75,75,75,75,75,75,75,82,82,82,82,82,82,82,85,85,88,88,92,95,98,98,101,101,104,104,107,107,107,107,110,113,125,125,128,131,131,131,131,139,151,151,154,157,157,160,163,163,163,163,163,163],"relic_stats":{"Blood Vial":4,"Centennial Puzzle":[2],"Torii":34,"Happy Flower":[18],"counters":[33,182],"Snecko Eye":[367,343,368,334],"Pen Nib":[23],"Boot":[161],"Cursed Key":1,"obtain_stats":[{"Torii":8,"Happy Flower":40,"Vajra":23,"Pen Nib":26,"Boot":6,"Cursed Key":34,"Burning Blood":0,"White Beast Statue":9,"Mercury Hourglass":42,"Blood Vial":54,"CaptainsWheel":25,"Anchor":27,"Centennial Puzzle":55,"Strawberry":12,"Snecko Eye":0,"Toolbox":7,"Coffee Dripper":17,"Bag of Marbles":48,"Pocketwatch":37},{"Torii":6,"Happy Flower":24,"Vajra":13,"Pen Nib":15,"Boot":5,"Cursed Key":19,"Burning Blood":0,"White Beast Statue":6,"Mercury Hourglass":25,"Blood Vial":31,"CaptainsWheel":15,"Anchor":16,"Centennial Puzzle":32,"Strawberry":8,"Snecko Eye":0,"Toolbox":5,"Coffee Dripper":9,"Bag of Marbles":29,"Pocketwatch":22},{"Torii":23,"Happy Flower":128,"Vajra":57,"Pen Nib":76,"Boot":19,"Cursed Key":103,"Burning Blood":0,"White Beast Statue":23,"Mercury Hourglass":133,"Blood Vial":170,"CaptainsWheel":76,"Anchor":81,"Centennial Puzzle":173,"Strawberry":30,"Snecko Eye":0,"Toolbox":19,"Coffee Dripper":41,"Bag of Marbles":157,"Pocketwatch":117}],"Pocketwatch":[9],"Mercury Hourglass":[169]},"card_choices":[{"not_picked":["Shrug It Off","Rupture"],"picked":"Clothesline","floor":1.0},{"not_picked":["Intimidate","Reckless Charge"],"picked":"Shrug It Off","floor":2.0},{"not_picked":["Metallicize","Pommel Strike"],"picked":"Second Wind","floor":4.0},{"not_picked":["Cleave","Heavy Blade"],"picked":"Whirlwind","floor":5.0},{"not_picked":["Armaments","Anger","Iron Wave"],"picked":"SKIP","floor":6.0},{"not_picked":["Infernal Blade","Perfected Strike","Havoc"],"picked":"SKIP","floor":8.0},{"not_picked":["Warcry","Anger"],"picked":"Heavy Blade","floor":11.0},{"not_picked":["Pommel Strike","Clothesline"],"picked":"Barricade","floor":12.0},{"not_picked":["Fiend Fire","Berserk"],"picked":"Feed","floor":16.0},{"not_picked":["Sword Boomerang","Blood for Blood","True Grit"],"picked":"SKIP","floor":18.0},{"not_picked":["Intimidate+1","Pommel Strike","Anger"],"picked":"SKIP","floor":19.0},{"not_picked":["Anger","Sword Boomerang","Cleave"],"picked":"SKIP","floor":21.0},{"not_picked":["Uppercut","Bludgeon"],"picked":"Power Through+1","floor":23.0},{"not_picked":["Headbutt","Infernal Blade"],"picked":"Dual Wield+1","floor":24.0},{"not_picked":["Armaments","Sword Boomerang"],"picked":"Corruption","floor":25.0},{"not_picked":["Brutality","Warcry+1"],"picked":"Dual Wield","floor":27.0},{"not_picked":["Flex","Blood for Blood+1"],"picked":"Dark Embrace","floor":29.0},{"not_picked":["Sword Boomerang+1","Heavy Blade","Pommel Strike"],"picked":"SKIP","floor":31.0},{"not_picked":["Exhume","Double Tap"],"picked":"Bludgeon","floor":33},{"not_picked":["Havoc","Clash"],"picked":"Body Slam","floor":35},{"not_picked":["Heavy Blade","Clothesline"],"picked":"Evolve","floor":36},{"not_picked":["Fire Breathing","Battle Trance+1"],"picked":"Impervious","floor":37},{"not_picked":["Iron Wave","Cleave","Warcry"],"picked":"SKIP","floor":39},{"not_picked":["Evolve","Dropkick","Havoc"],"picked":"SKIP","floor":40},{"not_picked":["Pommel Strike","Twin Strike"],"picked":"Uppercut","floor":42},{"not_picked":["Hemokinesis","Warcry","Inflame"],"picked":"SKIP","floor":44},{"not_picked":["Seeing Red+1","Warcry","Whirlwind"],"picked":"SKIP","floor":45},{"not_picked":["Headbutt","Perfected Strike"],"picked":"Flame Barrier","floor":47},{"not_picked":["Headbutt","Inflame","Perfected Strike"],"picked":"SKIP","floor":48},{"not_picked":["Combust","Warcry+1"],"picked":"Impervious","floor":55}],"player_experience":3022435,"relics_obtained":[{"floor":6.0,"key":"Boot"},{"floor":8.0,"key":"Torii"},{"floor":9.0,"key":"White Beast Statue"},{"floor":12.0,"key":"Strawberry"},{"floor":23.0,"key":"Vajra"},{"floor":25.0,"key":"CaptainsWheel"},{"floor":26.0,"key":"Pen Nib"},{"floor":27.0,"key":"Anchor"},{"floor":37,"key":"Pocketwatch"},{"floor":40,"key":"Happy Flower"},{"floor":42,"key":"Mercury Hourglass"},{"floor":48,"key":"Bag of Marbles"},{"floor":55,"key":"Centennial Puzzle"}],"event_choices":[{"cards_removed":["Strike_R"],"damage_healed":0.0,"max_hp_gain":0.0,"max_hp_loss":0.0,"gold_gain":0.0,"event_name":"Bonfire Elementals","player_choice":"Offered Basic","floor":3.0,"gold_loss":0.0,"damage_taken":0.0},{"damage_healed":0.0,"max_hp_gain":0.0,"max_hp_loss":0.0,"gold_gain":0.0,"event_name":"The Mausoleum","player_choice":"Ignored","floor":20.0,"gold_loss":0.0,"damage_taken":0.0},{"damage_healed":0,"gold_gain":0,"player_choice":"Fight","damage_taken":0,"max_hp_gain":0,"max_hp_loss":0,"event_name":"MindBloom","floor":37,"gold_loss":0}],"is_beta":false,"boss_relics":[{"not_picked":["Tiny House","Busted Crown"],"picked":"Coffee Dripper"},{"not_picked":["SacredBark","Runic Dome"],"picked":"Cursed Key"}],"items_purged_floors":[22,38,54],"is_endless":false,"potions_floor_spawned":[2,4,5,11,12,16,18,19,21,23,24,25,27,29,31,33,35,36,37,39,40,42,44,45,47,48,55],"ascension_level":20}}