{"host":"3j2m8n0ywf988fwb","time":1612653230,"event":{"mods":["2.2 Compatiblity","AchievementEnabler","Act Like it!","Aspiration","Astrologer","BaseMod","Better Altar","Better Match","Better Note","Better Sensory Stone","Better Skull","Better Third Choice","CCEM2","ChefMod","Colored Map","Colored Powertips","Conspire","Dark Map","Energized Spire","GifTheSpireLib","Halation","Hallownest","Highlight Path","Hubris","Infinite Spire","Jedi Mod","Marisa????????","Marked Mod","Mimic Mod","Minty Spire (QoL Compilation)","Monster B Gone","Random Character Button","Relic Filter Mod","Relic Stats","Reliquary","Replay The Spire","Robot Space Explorer","Shade Mod","Shop Mod","Somnambulant","StS++","StSLib","Stuff the Spire","The Bug Knight","The Elementalist","The Hierophant","The Runesmith","TheBandit","TheFirefly","Unceasing Turn Reminder","Weighted Paths","everything is the same but u backflip on backflip"],"gold_per_floor":[113,126,176,176,187,213,213,244,244,293,303,110,129,145,145,240,240,258,258,269,209,235,235,235,264,290,314,314],"floor_reached":27,"language":"ENG","playtime":1366,"items_purged":["Strike_MRS"],"score":255,"play_id":"6d261d47-7d67-4451-bad5-1ba14de240de","local_time":"20210206171350","is_ascension_mode":true,"campfire_choices":[{"data":"PropBag","floor":7,"key":"SMITH"},{"floor":15,"key":"REST"},{"data":"ManaRampage","floor":23,"key":"SMITH"}],"circlet_count":0,"master_deck":["Strike_MRS","Strike_MRS","Strike_MRS","Defend_MRS","Defend_MRS","Defend_MRS","Defend_MRS","MasterSpark+1","UpSweep","IllusionStar+1","DragonMeteor","UnstableBomb","PropBag+1","6A","ManaConvection","MysteriousBeam","Orbital","MysteriousBeam","ManaRampage+1","PropBag+1","conspire:SpireCoStock","6A","EarthLightRay","MilkyWay"],"relics":["MiniHakkero","Regal Pillow","PreservedInsect","Pear","aspiration:PocketMushroom","reliquary:Craggleroot","halation:PromiseList","Tiny Chest","Kunai","Ornamental Fan"],"acts_visited":["Exordium","TheCity"],"potions_floor_usage":[16,22],"damage_taken":[{"damage":3,"enemies":"Small Slimes","floor":1,"turns":3},{"damage":0,"enemies":"conspire:RoseBush","floor":2,"turns":3},{"damage":2,"enemies":"2 Louse","floor":5,"turns":2},{"damage":8,"enemies":"Replay:BlueRogue","floor":6,"turns":4},{"damage":15,"enemies":"3 Sentries","floor":8,"turns":5},{"damage":9,"enemies":"Blue Slaver","floor":11,"turns":3},{"damage":5,"enemies":"Looter","floor":13,"turns":3},{"damage":5,"enemies":"conspire:2 RoseBushes","floor":14,"turns":3},{"damage":32,"enemies":"The Guardian","floor":16,"turns":7},{"damage":14,"enemies":"conspire:FuzzyDice","floor":18,"turns":2},{"damage":28,"enemies":"2 Thieves","floor":20,"turns":4},{"damage":20,"enemies":"Sentry and Sphere","floor":22,"turns":4},{"damage":15,"enemies":"Nightmare","floor":25,"turns":5},{"damage":22,"enemies":"Snecko","floor":27,"turns":3}],"seed_played":"-517871900099545624","potions_obtained":[{"floor":1,"key":"jedi:StrikingPotion"},{"floor":8,"key":"GamblersBrew"},{"floor":11,"key":"Reflective Coating"},{"floor":20,"key":"SkillPotion"},{"floor":25,"key":"Fire Potion"}],"is_trial":false,"path_per_floor":["M","M","?","?","M","E","R","E","T","T","M","$","M","M","R_BF","B",null,"M","?","M","?","M","R","?","NM","T","M"],"character_chosen":"MARISA","items_purchased":["MysteriousBeam","Orbital"],"campfire_rested":1,"item_purchase_floors":[12,12],"current_hp_per_floor":[72,72,72,72,70,62,62,47,57,57,48,48,43,38,78,46,85,71,71,43,43,35,35,35,20,20,0,0],"gold":314,"neow_bonus":"UPGRADE_CARD","is_daily":false,"chose_seed":false,"campfire_upgraded":2,"win_rate":0.0,"timestamp":1612653230,"path_taken":["M","M","?","?","M","E","R","E","T","?","M","?","M","?","R_BF","BOSS","M","?","M","?","?","R","?","NM","T","?"],"items_purchased_type":["Card","Card"],"build_version":"2020-12-22","purchased_purges":1,"victory":false,"max_hp_per_floor":[75,75,75,75,75,75,75,75,85,85,85,85,85,85,85,85,85,85,85,85,85,85,85,85,85,85,85,85],"relic_stats":{"Regal Pillow":15,"counters":[14,51],"Ornamental Fan":[8],"Tiny Chest":0,"PreservedInsect":50,"Kunai":[5],"obtain_stats":[{"AmplifyWand":25,"Regal Pillow":6,"Pear":9,"Gremlin Horn":8,"Blue Candle":22,"PreservedInsect":8,"aspiration:PocketMushroom":10,"Mummified Hand":11,"Sundial":14,"Ornamental Fan":27,"reliquary:Craggleroot":17,"Tiny Chest":26,"halation:PromiseList":25,"MiniHakkero":0,"Kunai":18,"Meat on the Bone":22},{"AmplifyWand":13,"Regal Pillow":4,"Pear":5,"Gremlin Horn":5,"Blue Candle":12,"PreservedInsect":5,"aspiration:PocketMushroom":5,"Mummified Hand":6,"Sundial":8,"Ornamental Fan":14,"reliquary:Craggleroot":9,"Tiny Chest":13,"halation:PromiseList":13,"MiniHakkero":0,"Kunai":10,"Meat on the Bone":12},{"AmplifyWand":44,"Regal Pillow":12,"Pear":17,"Gremlin Horn":13,"Blue Candle":40,"PreservedInsect":17,"aspiration:PocketMushroom":17,"Mummified Hand":18,"Sundial":24,"Ornamental Fan":49,"reliquary:Craggleroot":33,"Tiny Chest":48,"halation:PromiseList":48,"MiniHakkero":0,"Kunai":34,"Meat on the Bone":40}]},"card_choices":[{"not_picked":["Acceleration","DeepEcoloBomb"],"picked":"IllusionStar","floor":1},{"not_picked":["DarkSpark","MachineGunSpark"],"picked":"DragonMeteor","floor":2},{"not_picked":["DarkSpark","DC"],"picked":"UnstableBomb","floor":5},{"not_picked":["WitchLeyline","6A"],"picked":"PropBag","floor":6},{"not_picked":["WitchLeyline","SporeBomb"],"picked":"6A","floor":8},{"not_picked":["ChargingUp","DragonMeteor"],"picked":"ManaConvection","floor":11},{"not_picked":["GasGiant","GalacticHalo","EventHorizon"],"picked":"SKIP","floor":13},{"not_picked":["NonDirectionalLaser","PulseMagic"],"picked":"MysteriousBeam","floor":14},{"not_picked":["UltimateShortwave","SuperNova"],"picked":"ManaRampage","floor":16},{"not_picked":["GalacticHalo","ManaConvection+1"],"picked":"PropBag+1","floor":18},{"not_picked":["FairyDestructionRay","WitchLeyline"],"picked":"6A","floor":20},{"not_picked":["WitchLeyline+1","ShootingEcho"],"picked":"EarthLightRay","floor":22},{"not_picked":["DC","EscapeVelocity"],"picked":"MilkyWay","floor":25}],"player_experience":1074947,"relics_obtained":[{"floor":6,"key":"Regal Pillow"},{"floor":8,"key":"PreservedInsect"},{"floor":9,"key":"Pear"},{"floor":10,"key":"aspiration:PocketMushroom"},{"floor":25,"key":"halation:PromiseList"},{"floor":26,"key":"Tiny Chest"}],"event_choices":[{"damage_healed":0,"gold_gain":0,"player_choice":"Take","damage_taken":0,"max_hp_gain":0,"max_hp_loss":0,"event_name":"betterNote:BetterNote","floor":19,"gold_loss":0,"cards_obtained":["conspire:SpireCoStock"]},{"damage_healed":0,"gold_gain":0,"player_choice":"Ignored","damage_taken":0,"max_hp_gain":0,"max_hp_loss":0,"event_name":"Ghosts","floor":24,"gold_loss":0}],"is_beta":false,"boss_relics":[{"not_picked":["conspire:SeveredTorchhead","Runesmith:UraniumAnvil"],"picked":"reliquary:Craggleroot"}],"items_purged_floors":[12],"is_endless":true,"potions_floor_spawned":[1,8,11,13,20,25],"killed_by":"Snecko","ascension_level":1}}