{"host":"9bcvatsnbq1a3xq4","time":1612632757,"event":{"mods":["BaseMod","Bestiary","Block Reminder","Highlight Path","Minty Spire (QoL Compilation)","Relic Stats"],"gold_per_floor":[119,132,151,170,170,201,201,236,236,73,91,56,56,84,84,84,84],"floor_reached":16,"language":"ENG","playtime":1328,"items_purged":[],"score":240,"play_id":"845a5e5d-319c-479b-8cca-238e3f226099","local_time":"20210206183237","is_ascension_mode":true,"campfire_choices":[{"floor":7,"key":"REST"},{"data":"Barrage","floor":13,"key":"SMITH"},{"data":"Fission","floor":15,"key":"SMITH"}],"circlet_count":0,"master_deck":["AscendersBane","Strike_B","Strike_B","Strike_B","Strike_B","Defend_B","Defend_B","Defend_B","Defend_B","Zap","Dualcast","Magnetism","Static Discharge","Rebound","Fission+1","Sweeping Beam","Double Energy","Cold Snap","Barrage+1","FTL"],"relics":["Cracked Core","Nunchaku","Happy Flower","HornCleat","ClockworkSouvenir","Incense Burner"],"acts_visited":["Exordium"],"potions_floor_usage":[6,14],"damage_taken":[{"damage":3,"enemies":"Cultist","floor":1,"turns":4},{"damage":3,"enemies":"Small Slimes","floor":2,"turns":5},{"damage":1,"enemies":"Jaw Worm","floor":3,"turns":4},{"damage":12,"enemies":"Large Slime","floor":4,"turns":6},{"damage":32,"enemies":"Gremlin Nob","floor":6,"turns":4},{"damage":20,"enemies":"Lagavulin","floor":8,"turns":6},{"damage":8,"enemies":"Looter","floor":11,"turns":4},{"damage":8,"enemies":"Gremlin Nob","floor":14,"turns":4},{"damage":20,"enemies":"Hexaghost","floor":16,"turns":8}],"seed_played":"-6606613522560929931","potions_obtained":[{"floor":2,"key":"Swift Potion"},{"floor":3,"key":"Dexterity Potion"},{"floor":8,"key":"Weak Potion"},{"floor":14,"key":"Explosive Potion"}],"is_trial":false,"path_per_floor":["M","M","M","M","?","E","R","E","T","$","M","?","R","E","R","B"],"character_chosen":"DEFECT","items_purchased":["ClockworkSouvenir"],"campfire_rested":1,"item_purchase_floors":[10],"current_hp_per_floor":[61,58,57,45,50,18,38,18,18,18,10,27,27,19,19,0,0],"gold":84,"neow_bonus":"RANDOM_COLORLESS_2","is_daily":false,"chose_seed":false,"campfire_upgraded":2,"win_rate":0.0,"timestamp":1612632757,"path_taken":["M","M","M","?","?","E","R","E","T","?","M","?","R","E","R","BOSS"],"items_purchased_type":["Relic"],"build_version":"2020-12-22","purchased_purges":0,"victory":false,"max_hp_per_floor":[64,64,64,64,69,69,69,69,69,69,69,69,69,69,69,69,69],"relic_stats":{"Nunchaku":[3],"Happy Flower":[5],"counters":[9,45],"obtain_stats":[{"Nunchaku":6,"HornCleat":9,"Happy Flower":8,"Incense Burner":14,"Cracked Core":0,"ClockworkSouvenir":10},{"Nunchaku":5,"HornCleat":6,"Happy Flower":6,"Incense Burner":8,"Cracked Core":0,"ClockworkSouvenir":6},{"Nunchaku":23,"HornCleat":29,"Happy Flower":29,"Incense Burner":37,"Cracked Core":0,"ClockworkSouvenir":29}]},"card_choices":[{"not_picked":["Transmutation","Metamorphosis"],"picked":"Magnetism","floor":0},{"not_picked":["Force Field","Barrage"],"picked":"Static Discharge","floor":1},{"not_picked":["Steam","Barrage"],"picked":"Rebound","floor":2},{"not_picked":["Stack","Redo"],"picked":"Fission","floor":3},{"not_picked":["Force Field","Coolheaded"],"picked":"Sweeping Beam","floor":4},{"not_picked":["Force Field","Fusion"],"picked":"Double Energy","floor":6},{"not_picked":["Conserve Battery","Auto Shields"],"picked":"Cold Snap","floor":8},{"not_picked":["Coolheaded","Amplify"],"picked":"Barrage","floor":11},{"not_picked":["Undo","Ball Lightning"],"picked":"FTL","floor":14}],"player_experience":787390,"relics_obtained":[{"floor":6,"key":"Nunchaku"},{"floor":8,"key":"Happy Flower"},{"floor":9,"key":"HornCleat"},{"floor":14,"key":"Incense Burner"}],"event_choices":[{"damage_healed":0,"gold_gain":0,"player_choice":"Donut","damage_taken":0,"max_hp_gain":5,"max_hp_loss":0,"event_name":"Big Fish","floor":5,"gold_loss":0},{"damage_healed":17,"gold_gain":0,"player_choice":"Healed","damage_taken":0,"max_hp_gain":0,"max_hp_loss":0,"event_name":"The Cleric","floor":12,"gold_loss":35}],"is_beta":false,"boss_relics":[],"items_purged_floors":[],"is_endless":false,"potions_floor_spawned":[2,3,8,14],"killed_by":"Hexaghost","ascension_level":20}}