{"host":"hv7yb09uheo1d113","time":1612605948,"event":{"mods":["Act Like it!","Ascension Unlocker","BaseMod","Better Altar","Better Note","Colored Map","Colored Powertips","Conspire","Gensokyo","GifTheSpireLib","Hallownest","Minty Spire (QoL Compilation)","Replay The Spire","Reworked Bosses","Shop Mod","StSLib","Stuff the Spire","Synergy Search","vexMod"],"gold_per_floor":[114,125,139,87,98,98,123,123,123,123,148,148,159,174,174,250,250,265,284,304,174,189,223,255,302,340,352,364,51,70,70,70,141,141,151,36,53,69,94,123,136,136,136,153,153,184,184,196,196,196,196,196,196,82,114,114,114],"floor_reached":56,"language":"ENG","playtime":5028,"items_purged":["conspire:Blindness","Gensokyo:AllTheWorldsEvil"],"score":1647,"play_id":"4e65f604-4cf1-4962-8117-61f33ab683de","local_time":"20210206040548","is_ascension_mode":true,"campfire_choices":[{"data":"Uppercut","floor":6.0,"key":"SMITH"},{"data":"Perfected Strike","floor":8.0,"key":"SMITH"},{"data":"Perfected Strike","floor":10.0,"key":"SMITH"},{"data":"StuffTheSpire:Slingshot","floor":12.0,"key":"SMITH"},{"floor":15.0,"key":"DIG"},{"floor":28.0,"key":"REST"},{"floor":32.0,"key":"DIG"},{"floor":45.0,"key":"RECALL"},{"data":"conspire:HitWhereItHurts","floor":47.0,"key":"SMITH"},{"data":"Shockwave","floor":53.0,"key":"SMITH"}],"circlet_count":0,"master_deck":["AscendersBane","Strike_R+1","Strike_R+1","Strike_R+1","Strike_R+1","Strike_R+1","Defend_R+1","Defend_R+1","Defend_R+1","Defend_R+1","Bash","Perfected Strike+1","Uppercut+1","Perfected Strike+1","StuffTheSpire:Slingshot+1","Battle Trance","Spot Weakness","Shockwave","Perfected Strike+1","conspire:HitWhereItHurts+1","StuffTheSpire:RagingBull","ReplayTheSpireMod:Strike From Hell","Dark Embrace","Perfected Strike","ReplayTheSpireMod:Strike From Hell","Battle Trance","Seeing Red+1","Feel No Pain","Pommel Strike","Offering","ReplayTheSpireMod:Strike From Hell+1","Feel No Pain","Sever Soul","Shrug It Off","Battle Trance+1","Pommel Strike","Wild Strike","Shockwave+1","Feel No Pain","ReplayTheSpireMod:IOU","StuffTheSpire:Resist"],"relics":["Charon\u0027s Ashes","Philosopher\u0027s Stone","Potion Belt","vexMod:CursedCompass","Ancient Tea Set","Vajra","MerchantsRug","Centennial Puzzle","StuffTheSpire:GrapeVine","StoneCalendar"],"acts_visited":["Exordium","TheCity","TheBeyond","TheEnding"],"potions_floor_usage":[55,56,56,56,56],"damage_taken":[{"damage":13.0,"enemies":"Cultist","floor":1.0,"turns":5.0},{"damage":6.0,"enemies":"Jaw Worm","floor":2.0,"turns":2.0},{"damage":4.0,"enemies":"Small Slimes","floor":3.0,"turns":3.0},{"damage":6.0,"enemies":"Looter","floor":5.0,"turns":2.0},{"damage":11.0,"enemies":"Replay:BlueRogue","floor":7.0,"turns":3.0},{"damage":15.0,"enemies":"3 Sentries","floor":11.0,"turns":4.0},{"damage":0.0,"enemies":"3 Louse","floor":13.0,"turns":2.0},{"damage":0.0,"enemies":"Large Slime","floor":14.0,"turns":3.0},{"damage":18.0,"enemies":"Slime Boss","floor":16.0,"turns":5.0},{"damage":0.0,"enemies":"Chosen","floor":18.0,"turns":3.0},{"damage":12.0,"enemies":"Shell Parasite","floor":19.0,"turns":2.0},{"damage":18.0,"enemies":"conspire:HollyBat","floor":20.0,"turns":5.0},{"damage":25.0,"enemies":"Shelled Parasite and Fungi","floor":22.0,"turns":3.0},{"damage":24.0,"enemies":"Book of Stabbing","floor":23.0,"turns":3.0},{"damage":18.0,"enemies":"Snake Plant","floor":24.0,"turns":3.0},{"damage":20.0,"enemies":"conspire:SneckoGhost","floor":25.0,"turns":4.0},{"damage":11.0,"enemies":"Chosen and Byrds","floor":30.0,"turns":4.0},{"damage":51.0,"enemies":"bossMod:newChamp","floor":33.0,"turns":6.0},{"damage":6.0,"enemies":"3 Darklings","floor":35.0,"turns":3.0},{"damage":0.0,"enemies":"3 Shapes","floor":37.0,"turns":2.0},{"damage":0.0,"enemies":"Jaw Worm Horde","floor":38.0,"turns":2.0},{"damage":20.0,"enemies":"conspire:MimicChest","floor":39.0,"turns":3.0},{"damage":26.0,"enemies":"Giant Head","floor":40.0,"turns":4.0},{"damage":0.0,"enemies":"Sphere and 2 Shapes","floor":41.0,"turns":1.0},{"damage":0.0,"enemies":"Transient","floor":44.0,"turns":6.0},{"damage":17.0,"enemies":"Reptomancer","floor":46.0,"turns":2.0},{"damage":25.0,"enemies":"Maw","floor":48.0,"turns":4.0},{"damage":33.0,"enemies":"Replay:Hell Engine","floor":50.0,"turns":5.0},{"damage":54.0,"enemies":"bossMod:newAwakened","floor":51.0,"turns":8.0},{"damage":98,"enemies":"Shield and Spear","floor":55,"turns":7},{"damage":48,"enemies":"The Heart","floor":56,"turns":3}],"seed_played":"-8562356530998017370","potions_obtained":[{"floor":1.0,"key":"HeartOfIron"},{"floor":3.0,"key":"Strength Potion"},{"floor":5.0,"key":"SpeedPotion"},{"floor":11.0,"key":"LiquidBronze"},{"floor":16.0,"key":"Energy Potion"},{"floor":20.0,"key":"ColorlessPotion"},{"floor":25.0,"key":"Fire Potion"},{"floor":30.0,"key":"SkillPotion"},{"floor":31.0,"key":"Dexterity Potion"},{"floor":33.0,"key":"LiquidBronze"},{"floor":35.0,"key":"ElixirPotion"},{"floor":38.0,"key":"GamblersBrew"},{"floor":44.0,"key":"Elixir"},{"floor":46.0,"key":"SkillPotion"},{"floor":48.0,"key":"Reflective Coating"},{"floor":55,"key":"Dexterity Potion"}],"is_trial":false,"path_per_floor":["M","M","M","$","M","R","E","R","T","R","E","R","M","M","R_BF","B",null,"M","M","M","$","M","E","M","E","T","?","R","$","M","?","R_BF","B",null,"M","$","M","M","?","E","M","?","T","M","R","E","R","M","R_BF","B","B",null,"R","$","E","B"],"character_chosen":"IRONCLAD","items_purchased":["StuffTheSpire:Slingshot","Perfected Strike","Feel No Pain","Pommel Strike","Elixir","BloodPotion","Shrug It Off","Feel No Pain","MerchantsRug","Feel No Pain","Centennial Puzzle","Swift Potion","Strength Potion","StuffTheSpire:GrapeVine"],"campfire_rested":1,"item_purchase_floors":[4,21,29,29,29,29,36,36,54,54,54,54,54,54],"current_hp_per_floor":[61,61,63,63,63,63,58,58,58,58,51,51,59,67,67,57,77,85,81,71,73,58,42,32,26,26,26,56,60,59,80,80,41,92,96,100,110,117,109,95,103,103,103,117,117,110,110,99,127,102,62,111,111,113,15,0,0],"gold":114,"neow_bonus":"CURSED_BOSS_RELIC","is_daily":false,"chose_seed":false,"campfire_upgraded":6,"win_rate":0.0,"timestamp":1612605948,"path_taken":["M","M","M","$","M","R","E","R","T","R","E","R","M","M","R_BF","BOSS","M","?","M","$","M","E","M","E","T","?","R","$","M","?","R_BF","BOSS","M","$","M","M","?","E","M","?","T","?","R","E","R","M","R_BF","BOSS","BOSS","R","$","E","BOSS"],"items_purchased_type":["Card","Card","Card","Card","Potion","Potion","Card","Card","Relic","Card","Relic","Potion","Potion","Relic"],"build_version":"2020-12-22","purchased_purges":2,"victory":false,"max_hp_per_floor":[75,75,75,75,75,75,75,75,75,75,77,77,79,81,81,83,83,85,87,89,91,93,95,95,103,103,103,103,107,107,107,107,109,109,111,115,117,117,119,121,123,123,123,125,125,125,125,127,127,127,127,127,127,129,129,129,129],"card_choices":[{"not_picked":["Wild Strike","Replay:Undeath\u0027s Touch"],"picked":"Perfected Strike","floor":1.0},{"not_picked":["Shockwave","Headbutt"],"picked":"Uppercut","floor":2.0},{"not_picked":["Intimidate","Reckless Charge"],"picked":"Perfected Strike","floor":3.0},{"not_picked":["ReplayTheSpireMod:Stacked","Exhume"],"picked":"Battle Trance","floor":5.0},{"not_picked":["Clash","Thunderclap","Cleave"],"picked":"SKIP","floor":7.0},{"not_picked":["Uppercut","StuffTheSpire:RockThrow"],"picked":"Spot Weakness","floor":11.0},{"not_picked":["Intimidate","conspire:Charge"],"picked":"Shockwave","floor":13.0},{"not_picked":["StuffTheSpire:RockThrow","True Grit"],"picked":"Perfected Strike","floor":14.0},{"not_picked":["Exhume","Brutality"],"picked":"conspire:HitWhereItHurts","floor":16.0},{"not_picked":["Rage","Pummel"],"picked":"StuffTheSpire:RagingBull","floor":18.0},{"not_picked":["Headbutt","StuffTheSpire:Pyroclast"],"picked":"ReplayTheSpireMod:Strike From Hell","floor":19.0},{"not_picked":["Sentinel","Shockwave"],"picked":"Dark Embrace","floor":20.0},{"not_picked":["Anger","Clothesline"],"picked":"ReplayTheSpireMod:Strike From Hell","floor":22.0},{"not_picked":["conspire:Purge","Armaments"],"picked":"Battle Trance","floor":23.0},{"not_picked":["Clothesline","Combust","Heavy Blade"],"picked":"SKIP","floor":24.0},{"not_picked":["Fire Breathing","conspire:Charge"],"picked":"Seeing Red+1","floor":25.0},{"not_picked":["Sword Boomerang","StuffTheSpire:Slingshot","Cleave"],"picked":"SKIP","floor":30.0},{"not_picked":["StuffTheSpire:TitanForm","Feed"],"picked":"Offering","floor":33.0},{"not_picked":["Headbutt","Thunderclap+1"],"picked":"ReplayTheSpireMod:Strike From Hell+1","floor":35.0},{"not_picked":["StuffTheSpire:Pyroclast","Headbutt"],"picked":"Sever Soul","floor":37.0},{"not_picked":["Clash","Iron Wave","Clothesline"],"picked":"SKIP","floor":38.0},{"not_picked":["StuffTheSpire:RagingBull","Heavy Blade"],"picked":"Shrug It Off","floor":39.0},{"not_picked":["StuffTheSpire:RagingBull","Headbutt"],"picked":"Battle Trance+1","floor":40.0},{"not_picked":["Armaments","Rage+1"],"picked":"Pommel Strike","floor":41.0},{"not_picked":["Clash","Dual Wield"],"picked":"Wild Strike","floor":44.0},{"not_picked":["Bloodletting+1","StuffTheSpire:RockThrow","Sword Boomerang"],"picked":"SKIP","floor":46.0},{"not_picked":["Headbutt","StuffTheSpire:Incineration"],"picked":"Shockwave","floor":48.0},{"not_picked":["Body Slam","Cleave"],"picked":"StuffTheSpire:Resist","floor":55}],"player_experience":207160,"relics_obtained":[{"floor":7.0,"key":"vexMod:CardConverter"},{"floor":9.0,"key":"Charon\u0027s Ashes"},{"floor":11.0,"key":"Bird Faced Urn"},{"floor":23.0,"key":"MawBank"},{"floor":25.0,"key":"vexMod:BerryBomb"},{"floor":26.0,"key":"Potion Belt"},{"floor":32.0,"key":"Replay:Wax Seal"},{"floor":39.0,"key":"Ancient Tea Set"},{"floor":40.0,"key":"Vajra"},{"floor":46.0,"key":"Replay:Bottled Flurry"},{"floor":55,"key":"StoneCalendar"}],"event_choices":[{"damage_healed":0.0,"max_hp_gain":0.0,"max_hp_loss":0.0,"gold_gain":0.0,"event_name":"Back to Basics","player_choice":"Simplicity","floor":27.0,"gold_loss":0.0,"damage_taken":0.0,"cards_upgraded":["Strike_R","Strike_R","Strike_R","Strike_R","Strike_R","Defend_R","Defend_R","Defend_R","Defend_R"]},{"cards_removed":["Shrug It Off"],"damage_healed":0.0,"max_hp_gain":0.0,"max_hp_loss":0.0,"gold_gain":0.0,"event_name":"Falling","player_choice":"Removed Skill","floor":42.0,"gold_loss":0.0,"damage_taken":0.0}],"is_beta":false,"boss_relics":[{"not_picked":["Calling Bell","Sozu"],"picked":"Philosopher\u0027s Stone"},{"not_picked":["Runic Cube","conspire:RunicOctahedron"],"picked":"vexMod:CursedCompass"}],"items_purged_floors":[21,29],"is_endless":false,"potions_floor_spawned":[1,3,5,11,16,20,25,30,33,35,38,44,46,48,55],"killed_by":"The Heart","ascension_level":20}}