{"host":"8f5cu9y0fpol72qs","time":1612653822,"event":{"mods":["AlwaysNeverKeys","BaseMod","Colored Map","Colored Powertips","Curses Come First","Highlight Path","Key Reminder","Minty Spire (QoL Compilation)","StSLib"],"gold_per_floor":[209,36,36,55,68,101,101,1,77,77,102,102,123,158,158,252,252,273,323,347,11,31,31,31,31,80,80,22,42,42,74,74,150,150,161,178,178,191,211,245,11,41,118,118,118,148,165,215,215,215,215],"floor_reached":50,"language":"ENG","playtime":3884,"items_purged":["Strike_G","Defend_G","Strike_G","Strike_G"],"score":1165,"play_id":"ec078f5b-5d47-404d-ac28-5a4dc43d5d40","local_time":"20210206152342","is_ascension_mode":true,"campfire_choices":[{"floor":7.0,"key":"REST"},{"data":"Neutralize","floor":10.0,"key":"SMITH"},{"data":"Blade Dance","floor":15.0,"key":"SMITH"},{"data":"Adrenaline","floor":23.0,"key":"SMITH"},{"data":"Crippling Poison","floor":25.0,"key":"SMITH"},{"data":"Accuracy","floor":27.0,"key":"SMITH"},{"data":"Cloak And Dagger","floor":30.0,"key":"SMITH"},{"data":"Infinite Blades","floor":32.0,"key":"SMITH"},{"data":"Wraith Form v2","floor":45.0,"key":"SMITH"},{"floor":49.0,"key":"RECALL"}],"circlet_count":0,"master_deck":["AscendersBane","Strike_G","Strike_G","Defend_G+1","Defend_G","Defend_G","Defend_G","Survivor+1","Neutralize+1","Dodge and Roll","Bandage Up","Slice","Dash","Die Die Die","Dagger Throw","Cloak And Dagger+1","Blade Dance+1","Adrenaline+1","Crippling Poison+1","Leg Sweep+1","Accuracy+1","Calculated Gamble","Blade Dance","Infinite Blades+1","Wraith Form v2+1","PiercingWail+1","Deflect+1","Well Laid Plans","Madness","Madness","Envenom"],"relics":["Ring of the Serpent","War Paint","Vajra","Question Card","Sundial","Bloody Idol","PreservedInsect","Frozen Eye","Darkstone Periapt","WristBlade","StrikeDummy","Singing Bowl","Mummified Hand","Pen Nib"],"acts_visited":["Exordium","TheCity","TheBeyond"],"potions_floor_usage":[],"damage_taken":[{"damage":3.0,"enemies":"Small Slimes","floor":1.0,"turns":5.0},{"damage":0.0,"enemies":"2 Louse","floor":4.0,"turns":4.0},{"damage":0.0,"enemies":"Cultist","floor":5.0,"turns":5.0},{"damage":40.0,"enemies":"Lagavulin","floor":6.0,"turns":12.0},{"damage":11.0,"enemies":"3 Sentries","floor":11.0,"turns":10.0},{"damage":0.0,"enemies":"Blue Slaver","floor":13.0,"turns":3.0},{"damage":1.0,"enemies":"Lagavulin","floor":14.0,"turns":6.0},{"damage":21.0,"enemies":"Hexaghost","floor":16.0,"turns":11.0},{"damage":1.0,"enemies":"Spheric Guardian","floor":18.0,"turns":3.0},{"damage":9.0,"enemies":"Shell Parasite","floor":20.0,"turns":5.0},{"damage":20.0,"enemies":"Centurion and Healer","floor":22.0,"turns":7.0},{"damage":0.0,"enemies":"Chosen and Byrds","floor":29.0,"turns":3.0},{"damage":0.0,"enemies":"Gremlin Leader","floor":31.0,"turns":4.0},{"damage":28.0,"enemies":"Collector","floor":33.0,"turns":8.0},{"damage":12.0,"enemies":"Orb Walker","floor":35.0,"turns":4.0},{"damage":20.0,"enemies":"3 Darklings","floor":36.0,"turns":6.0},{"damage":19.0,"enemies":"Maw","floor":38.0,"turns":8.0},{"damage":26.0,"enemies":"Transient","floor":39.0,"turns":6.0},{"damage":1.0,"enemies":"Nemesis","floor":40.0,"turns":5.0},{"damage":4.0,"enemies":"Giant Head","floor":42.0,"turns":7.0},{"damage":0.0,"enemies":"Nemesis","floor":46.0,"turns":3.0},{"damage":0.0,"enemies":"Jaw Worm Horde","floor":47.0,"turns":3.0},{"damage":71,"enemies":"Time Eater","floor":50,"turns":7}],"seed_played":"-3438086431569105183","potions_obtained":[{"floor":5.0,"key":"Weak Potion"},{"floor":6.0,"key":"Regen Potion"},{"floor":13.0,"key":"FearPotion"},{"floor":16.0,"key":"Swift Potion"},{"floor":18.0,"key":"Regen Potion"},{"floor":20.0,"key":"Swift Potion"},{"floor":22.0,"key":"LiquidBronze"},{"floor":33.0,"key":"FairyPotion"},{"floor":36.0,"key":"Strength Potion"},{"floor":40.0,"key":"ColorlessPotion"},{"floor":46.0,"key":"BlessingOfTheForge"}],"is_trial":false,"path_per_floor":["M","$","?","M","M","E","R","$","T","R","E","?","M","E","R","B",null,"M","?","M","$","M","R","?","R","T","R","$","M","R","E","R","B",null,"M","M","?","M","M","E","$","E","T","?","R","E","M","?","R","B"],"character_chosen":"THE_SILENT","items_purchased":["Bandage Up","Accuracy","Frozen Eye","Blade Dance","Well Laid Plans"],"campfire_rested":1,"item_purchase_floors":[2,21,21,28,41],"current_hp_per_floor":[56,56,38,42,46,10,29,29,29,29,37,37,41,44,44,27,52,55,55,60,60,44,44,44,44,49,49,49,54,54,60,60,41,55,52,41,41,31,14,22,22,29,34,23,23,32,39,44,44,0,0],"gold":215,"neow_bonus":"HUNDRED_GOLD","is_daily":false,"chose_seed":false,"campfire_upgraded":8,"win_rate":0.0,"timestamp":1612653822,"path_taken":["M","$","?","M","M","E","R","$","T","R","E","?","M","E","R","BOSS","M","?","M","?","M","R","?","R","T","R","$","M","R","E","R","BOSS","M","M","?","M","M","E","$","E","T","?","R","E","M","?","R","BOSS"],"items_purchased_type":["Card","Card","Relic","Card","Card"],"build_version":"2020-12-22","purchased_purges":4,"victory":false,"max_hp_per_floor":[66,66,66,66,66,66,66,66,66,66,66,60,60,60,60,60,60,60,60,60,60,60,60,60,60,60,60,60,60,60,60,60,60,60,60,60,60,60,60,60,60,62,62,62,62,62,64,64,64,64,64],"card_choices":[{"not_picked":["Acrobatics","Bane"],"picked":"Dodge and Roll","floor":1.0},{"not_picked":["Prepared","Escape Plan"],"picked":"Slice","floor":4.0},{"not_picked":["Slice","Deadly Poison"],"picked":"Dash","floor":5.0},{"not_picked":["Terror","Setup"],"picked":"Die Die Die","floor":6.0},{"not_picked":["Catalyst","Prepared","All Out Attack"],"picked":"Dagger Throw","floor":11.0},{"not_picked":["Dash","Bane","Prepared"],"picked":"Cloak And Dagger","floor":13.0},{"not_picked":["Reflex","Finisher","PiercingWail"],"picked":"Blade Dance","floor":14.0},{"not_picked":["Night Terror","Malaise","Envenom"],"picked":"Adrenaline","floor":16.0},{"not_picked":["Deadly Poison","Deflect","Dagger Spray"],"picked":"Crippling Poison","floor":18.0},{"not_picked":["Slice","Terror","PiercingWail"],"picked":"Leg Sweep+1","floor":20.0},{"not_picked":["Cloak And Dagger","Deflect","Acrobatics"],"picked":"Calculated Gamble","floor":22.0},{"not_picked":["Eviscerate","Backflip","Envenom","Tactician"],"picked":"SKIP","floor":29.0},{"not_picked":["Distraction","Skewer","Flying Knee"],"picked":"Infinite Blades","floor":31.0},{"not_picked":["Bullet Time","Die Die Die","Adrenaline"],"picked":"Wraith Form v2","floor":33.0},{"not_picked":["Deadly Poison","Prepared","Dagger Throw","Slice"],"picked":"SKIP","floor":35.0},{"not_picked":["Setup+1","Acrobatics+1","Terror"],"picked":"PiercingWail+1","floor":36.0},{"not_picked":["Underhanded Strike+1","Dagger Throw","Sucker Punch","Cloak And Dagger"],"picked":"SKIP","floor":38.0},{"not_picked":["Dash","Acrobatics+1","Poisoned Stab+1","Dagger Spray"],"picked":"SKIP","floor":39.0},{"not_picked":["All Out Attack","Underhanded Strike","Prepared"],"picked":"Deflect+1","floor":40.0},{"not_picked":["Deflect","Bane+1","Setup","PiercingWail"],"picked":"Singing Bowl","floor":42.0},{"not_picked":["Bouncing Flask","Eviscerate","Cloak And Dagger"],"picked":"Envenom","floor":46.0},{"not_picked":["Riddle With Holes","Leg Sweep+1","Bouncing Flask","Sucker Punch"],"picked":"Singing Bowl","floor":47.0}],"player_experience":1035181,"relics_obtained":[{"floor":6.0,"key":"Vajra"},{"floor":9.0,"key":"Question Card"},{"floor":11.0,"key":"Sundial"},{"floor":14.0,"key":"PreservedInsect"},{"floor":31.0,"key":"Darkstone Periapt"},{"floor":40.0,"key":"StrikeDummy"},{"floor":42.0,"key":"Singing Bowl"},{"floor":43.0,"key":"Mummified Hand"},{"floor":46.0,"key":"Pen Nib"}],"event_choices":[{"damage_healed":0.0,"max_hp_gain":0.0,"max_hp_loss":0.0,"gold_gain":0.0,"event_name":"Scrap Ooze","player_choice":"Success","floor":3.0,"gold_loss":0.0,"damage_taken":18.0,"relics_obtained":["War Paint"]},{"damage_healed":0.0,"max_hp_gain":0.0,"max_hp_loss":6.0,"gold_gain":0.0,"event_name":"Golden Idol","player_choice":"Lose Max HP","floor":12.0,"gold_loss":0.0,"damage_taken":0.0,"relics_obtained":["Golden Idol"]},{"damage_healed":0.0,"max_hp_gain":0.0,"max_hp_loss":0.0,"gold_gain":100.0,"event_name":"The Joust","player_choice":"Bet on Murderer","floor":19.0,"gold_loss":50.0,"damage_taken":0.0},{"damage_healed":0.0,"max_hp_gain":0.0,"max_hp_loss":0.0,"gold_gain":0.0,"event_name":"Forgotten Altar","player_choice":"Gave Idol","floor":24.0,"relics_lost":["Golden Idol"],"gold_loss":0.0,"damage_taken":0.0,"relics_obtained":["Bloody Idol"]},{"damage_healed":0.0,"max_hp_gain":0.0,"max_hp_loss":0.0,"gold_gain":0.0,"event_name":"Tomb of Lord Red Mask","player_choice":"Ignored","floor":37.0,"gold_loss":0.0,"damage_taken":0.0},{"damage_healed":0.0,"max_hp_gain":0.0,"max_hp_loss":0.0,"gold_gain":0.0,"event_name":"Winding Halls","player_choice":"Embrace Madness","floor":44.0,"gold_loss":0.0,"damage_taken":11.0,"cards_obtained":["Madness","Madness"]},{"damage_healed":0.0,"max_hp_gain":0.0,"max_hp_loss":0.0,"gold_gain":50.0,"event_name":"Golden Shrine","player_choice":"Pray","floor":48.0,"gold_loss":0.0,"damage_taken":0.0}],"is_beta":false,"boss_relics":[{"not_picked":["Velvet Choker","Ectoplasm"],"picked":"Ring of the Serpent"},{"not_picked":["Empty Cage","Black Star"],"picked":"WristBlade"}],"items_purged_floors":[2,8,21,41],"is_endless":false,"potions_floor_spawned":[5,6,13,16,18,20,22,33,36,40,46],"killed_by":"Time Eater","ascension_level":17}}