{"host":"hgp4s9chziw0zf0g","time":1612612009,"event":{"mods":["BaseMod","BetterRewards","Defuse TimeMaze Blight","Downfall","GifTheSpireLib","Hubris","Infinite Spire","Mimic Mod","Minty Spire (QoL Compilation)","Remove Card Discount Mod","Replay The Spire","StSLib","Stuff the Spire","Synergy Search","The Jungle"],"gold_per_floor":[118,131,131,131,144,160,193,193,193,193,193,193,213,238,238,312,312,431,431,447,447,447,447,460,460,460],"floor_reached":25,"language":"ENG","playtime":1831,"items_purged":[],"score":201,"play_id":"8ae376b4-a716-4b2e-a038-9f393ecb2970","local_time":"20210206054649","is_ascension_mode":false,"campfire_choices":[{"floor":10,"key":"REST"},{"floor":17,"key":"REST"}],"circlet_count":0,"master_deck":["Defend_G","Defend_G","Defend_G","Defend_G","Defend_G","Survivor","Neutralize","Blade Dance","Backflip","Infinite Blades+1","Hidden Blade","Hidden Blade","Cloak And Dagger","StuffTheSpire:Shiver","Toxin Wave","Replay:Bag of Tricks","Shame","Amnesia","Outmaneuver+1","Clumsy","Voices","hubris:Fate"],"relics":["Ring of the Snake","NeowsBlessing","Snake Skull","Golden Idol","Mummified Hand","infinitespire:Eraser","hubris:MysteriousPyramids","Kintsugi","hubris:Towel","theJungle:WildStrawberry"],"acts_visited":["Exordium","Exordium"],"potions_floor_usage":[7,7,16,20],"damage_taken":[{"damage":0,"enemies":"2 Louse","floor":1,"turns":1},{"damage":0,"enemies":"Jaw Worm","floor":2,"turns":1},{"damage":0,"enemies":"Small Slimes","floor":5,"turns":1},{"damage":36,"enemies":"Exordium Thugs","floor":6,"turns":8},{"damage":16,"enemies":"Lagavulin","floor":7,"turns":7},{"damage":4,"enemies":"Exordium Wildlife","floor":13,"turns":8},{"damage":0,"enemies":"2 Fungi Beasts","floor":14,"turns":4},{"damage":7,"enemies":"Lagavulin Event","floor":16,"turns":6},{"damage":18,"enemies":"Hexaghost","floor":18,"turns":11},{"damage":14,"enemies":"theJungle:5_Spyders","floor":20,"turns":8},{"damage":18,"enemies":"theJungle:Flameango_and_Byrd","floor":24,"turns":8},{"damage":35,"enemies":"Snake Plant","floor":25,"turns":4}],"seed_played":"-7548429941376931003","potions_obtained":[{"floor":2,"key":"Venom Potion"},{"floor":6,"key":"EssenceOfSteel"},{"floor":14,"key":"PowerPotion"},{"floor":18,"key":"LiquidBronze"}],"is_trial":false,"path_per_floor":["M","M","?","?","M","M","E","?","T","R","PTL","PTL","M","M","?","?","R","B",null,"M","?","?","?","M","M"],"character_chosen":"THE_SILENT","items_purchased":[],"campfire_rested":2,"item_purchase_floors":[],"current_hp_per_floor":[70,70,70,53,53,17,1,1,1,22,22,22,18,18,18,11,32,14,70,56,56,49,49,31,0,0],"gold":460,"neow_bonus":"THREE_ENEMY_KILL","is_daily":false,"chose_seed":false,"campfire_upgraded":0,"win_rate":0.0,"timestamp":1612612009,"path_taken":["M","M","?","?","M","M","E","?","T","R","PTL","PTL","?","M","?","?","R","BOSS","M","?","?","?","?","M"],"items_purchased_type":[],"build_version":"2020-12-22","purchased_purges":0,"victory":false,"max_hp_per_floor":[70,70,70,70,70,70,70,70,70,70,70,70,70,70,70,70,70,70,70,70,70,77,77,77,77,77],"card_choices":[{"not_picked":["StuffTheSpire:Sprint","Outmaneuver"],"picked":"Blade Dance","floor":1},{"not_picked":["Sucker Punch","Outmaneuver"],"picked":"Backflip","floor":2},{"not_picked":["Flying Knee","hubris:TrickCloak"],"picked":"Infinite Blades","floor":5},{"not_picked":["Expertise","Dagger Spray"],"picked":"Hidden Blade","floor":6},{"not_picked":["Backstab","Finisher"],"picked":"Hidden Blade","floor":7},{"not_picked":["StuffTheSpire:Injection","Calculated Gamble"],"picked":"Cloak And Dagger","floor":13},{"not_picked":["Infinite Blades","StuffTheSpire:Fury"],"picked":"StuffTheSpire:Shiver","floor":14},{"not_picked":["Bane","PiercingWail"],"picked":"Toxin Wave","floor":16},{"not_picked":["ReplayTheSpireMod:Necrosis","Atom Bomb"],"picked":"Replay:Bag of Tricks","floor":18},{"not_picked":["Prepared","StuffTheSpire:Incantation"],"picked":"Outmaneuver+1","floor":20},{"not_picked":["hubris:InfiniteBlow","infinitespire:TheBestDefense"],"picked":"hubris:Fate","floor":23},{"not_picked":["Dagger Throw","Slice","ReplayTheSpireMod:Tripwire+1"],"picked":"SKIP","floor":24}],"player_experience":488622,"relics_obtained":[{"floor":3,"key":"Snake Skull"},{"floor":7,"key":"Mummified Hand"},{"floor":9,"key":"infinitespire:Eraser"},{"floor":16,"key":"hubris:MysteriousPyramids"}],"event_choices":[{"damage_healed":0,"gold_gain":0,"player_choice":"Take Damage","damage_taken":17,"relics_obtained":["Golden Idol"],"max_hp_gain":0,"max_hp_loss":0,"event_name":"Golden Idol","floor":4,"gold_loss":0},{"damage_healed":0,"gold_gain":0,"player_choice":"Upgraded","damage_taken":0,"max_hp_gain":0,"max_hp_loss":0,"event_name":"Upgrade Shrine","floor":8,"gold_loss":0,"cards_upgraded":["Infinite Blades"]},{"damage_healed":0,"gold_gain":0,"player_choice":"Searched \u00271\u0027 times","damage_taken":0,"max_hp_gain":0,"max_hp_loss":0,"event_name":"Dead Adventurer","floor":16,"gold_loss":0}],"is_beta":false,"boss_relics":[{"not_picked":["hubris:RunicObelisk","StuffTheSpire:RunicHypercube"],"picked":"Kintsugi"}],"items_purged_floors":[],"is_endless":false,"potions_floor_spawned":[2,6,14,18],"killed_by":"Snake Plant","ascension_level":0}}