{"host":"0tiuc76yumknr6qf","time":1612577692,"event":{"mods":["BaseMod","Bestiary","Colored Map","DeckTracker","Highlight Path","Jedi Mod","Minty Spire (QoL Compilation)","StSLib"],"gold_per_floor":[111,128,141,160,171,197,197,216,516,516,529,554,565,530,530,606,606,621,621,633,651,336,363,20,48,101,113,138,138,150,184,184,262,262,280,295,295,295],"floor_reached":37,"language":"ENG","playtime":2446,"items_purged":["Strike_G+1"],"score":1115,"play_id":"3f854001-dc09-4a82-a0cf-0e4ebded5b56","local_time":"20210205201452","is_ascension_mode":true,"campfire_choices":[{"data":"jedi:rejectivetoxin","floor":7.0,"key":"SMITH"},{"floor":10.0,"key":"REST"},{"data":"jedi:unstablefumes","floor":15,"key":"SMITH"},{"data":"jedi:collectorvenom","floor":29,"key":"SMITH"},{"floor":32,"key":"REST"}],"circlet_count":0,"master_deck":["AscendersBane","Strike_G+1","Strike_G+1","Strike_G+1","Strike_G+1","Defend_G+1","Defend_G+1","Defend_G+1","Defend_G+1","Defend_G+1","Survivor","Neutralize","jedi:rejectivetoxin+1","Masterful Stab","jedi:collectorvenom+1","Backflip","Acrobatics","jedi:unstablefumes+1","Corpse Explosion","Backflip+1","Well Laid Plans","Calculated Gamble","Predator+1"],"relics":["Ring of the Snake","jedi:crownofsimplicity","Old Coin","jedi:bottledfury","Snecko Eye","Lantern","Tingsha","Unceasing Top","Red Mask","MealTicket","Blue Candle","Bottled Tornado","HoveringKite"],"acts_visited":["Exordium","TheCity","TheBeyond"],"potions_floor_usage":[25],"damage_taken":[{"damage":0.0,"enemies":"Cultist","floor":1.0,"turns":3.0},{"damage":0.0,"enemies":"Small Slimes","floor":2.0,"turns":2.0},{"damage":1.0,"enemies":"2 Louse","floor":3.0,"turns":4.0},{"damage":6.0,"enemies":"Exordium Thugs","floor":4.0,"turns":3.0},{"damage":0.0,"enemies":"2 Fungi Beasts","floor":5.0,"turns":4.0},{"damage":28.0,"enemies":"Gremlin Nob","floor":6.0,"turns":4.0},{"damage":4.0,"enemies":"Large Slime","floor":8.0,"turns":6.0},{"damage":4.0,"enemies":"Red Slaver","floor":11.0,"turns":2.0},{"damage":0,"enemies":"Lagavulin","floor":12,"turns":4},{"damage":0,"enemies":"Gremlin Gang","floor":13,"turns":4},{"damage":9,"enemies":"Hexaghost","floor":16,"turns":7},{"damage":0,"enemies":"3 Byrds","floor":18,"turns":3},{"damage":12,"enemies":"2 Thieves","floor":20,"turns":3},{"damage":0,"enemies":"Chosen and Byrds","floor":21,"turns":3},{"damage":0,"enemies":"Book of Stabbing","floor":23,"turns":4},{"damage":12,"enemies":"Masked Bandits","floor":25,"turns":2},{"damage":0,"enemies":"Snake Plant","floor":27,"turns":2},{"damage":0,"enemies":"Gremlin Leader","floor":28,"turns":4},{"damage":0,"enemies":"3 Cultists","floor":30,"turns":2},{"damage":10,"enemies":"Slavers","floor":31,"turns":3},{"damage":3,"enemies":"Automaton","floor":33,"turns":5},{"damage":2,"enemies":"Orb Walker","floor":35,"turns":2},{"damage":0,"enemies":"3 Shapes","floor":36,"turns":2}],"seed_played":"-4202890656021636460","potions_obtained":[{"floor":3.0,"key":"EssenceOfSteel"},{"floor":4.0,"key":"ColorlessPotion"},{"floor":25,"key":"ColorlessPotion"}],"is_trial":false,"path_per_floor":["M","M","M","M","M","E","R","M","T","R","M","E","M","?","R","B",null,"M","?","M","M","$","E","$","?","T","M","E","R","M","E","R","B",null,"M","M","?"],"character_chosen":"THE_SILENT","items_purchased":["Lantern","Well Laid Plans","Unceasing Top"],"campfire_rested":2,"item_purchase_floors":[22,22,24],"current_hp_per_floor":[44,44,43,37,37,9,9,5,5,24,20,20,20,36,36,27,56,56,56,44,44,44,44,44,32,32,32,32,32,32,22,41,38,59,57,57,0,0],"gold":295,"neow_bonus":"THREE_RARE_CARDS","is_daily":false,"chose_seed":false,"campfire_upgraded":3,"win_rate":0.0,"timestamp":1612577692,"path_taken":["M","?","M","?","M","E","R","M","T","R","M","E","M","?","R","BOSS","M","?","M","M","?","E","$","?","T","M","E","R","M","E","R","BOSS","M","M","?"],"items_purchased_type":["Relic","Card","Relic"],"build_version":"2020-12-22","purchased_purges":1,"victory":false,"max_hp_per_floor":[66,66,66,66,66,66,66,66,66,66,66,66,66,66,66,66,66,66,66,66,66,66,66,66,66,66,66,66,66,66,66,66,66,66,66,66,66,66],"card_choices":[{"not_picked":["Die Die Die","Night Terror"],"picked":"jedi:rejectivetoxin","floor":0.0},{"not_picked":["Underhanded Strike","Sucker Punch"],"picked":"Masterful Stab","floor":1.0},{"not_picked":["Underhanded Strike","Outmaneuver"],"picked":"jedi:collectorvenom","floor":2.0},{"not_picked":["Accuracy","Masterful Stab","Outmaneuver"],"picked":"SKIP","floor":3.0},{"not_picked":["Blur","Backflip"],"picked":"jedi:collectorvenom","floor":4.0},{"not_picked":["Prepared","Slice"],"picked":"Backflip","floor":5.0},{"not_picked":["jedi:acidrain","Backstab"],"picked":"jedi:collectorvenom","floor":6.0},{"not_picked":["Setup","Outmaneuver"],"picked":"jedi:collectorvenom","floor":8.0},{"not_picked":["Underhanded Strike","Deadly Poison"],"picked":"jedi:collectorvenom","floor":11.0},{"not_picked":["jedi:collectorvenom","Dash"],"picked":"Acrobatics","floor":12},{"not_picked":["Sucker Punch","jedi:unstablefumes","jedi:poisonivy"],"picked":"SKIP","floor":13},{"not_picked":["Sucker Punch","jedi:poisonivy"],"picked":"jedi:unstablefumes","floor":13},{"not_picked":["Unload","jedi:collectorvenom"],"picked":"Corpse Explosion","floor":16},{"not_picked":["Deflect","Dagger Throw+1"],"picked":"Backflip+1","floor":18},{"not_picked":["Outmaneuver","Cloak And Dagger"],"picked":"jedi:collectorvenom","floor":20},{"not_picked":["Dagger Spray","Malaise"],"picked":"jedi:collectorvenom","floor":21},{"not_picked":["Flechettes","Backflip"],"picked":"jedi:collectorvenom","floor":23},{"not_picked":["Crippling Poison","Flying Knee"],"picked":"Calculated Gamble","floor":25},{"not_picked":["Deflect","Dagger Spray"],"picked":"Predator+1","floor":27},{"not_picked":["Backstab","Setup"],"picked":"jedi:collectorvenom","floor":28},{"not_picked":["Acrobatics","Poisoned Stab"],"picked":"jedi:collectorvenom+1","floor":30},{"not_picked":["Poisoned Stab","Expertise"],"picked":"jedi:collectorvenom+1","floor":31},{"not_picked":["Glass Knife","A Thousand Cuts"],"picked":"jedi:collectorvenom+1","floor":33},{"not_picked":["Blur","Blade Dance"],"picked":"jedi:collectorvenom+1","floor":35},{"not_picked":["Dagger Spray+1","Dagger Throw+1"],"picked":"jedi:collectorvenom+1","floor":36}],"player_experience":1952666,"relics_obtained":[{"floor":6.0,"key":"jedi:crownofsimplicity"},{"floor":9.0,"key":"Old Coin"},{"floor":12,"key":"jedi:bottledfury"},{"floor":23,"key":"Tingsha"},{"floor":25,"key":"Red Mask"},{"floor":26,"key":"MealTicket"},{"floor":28,"key":"Blue Candle"},{"floor":31,"key":"Bottled Tornado"}],"event_choices":[{"damage_healed":16,"gold_gain":0,"player_choice":"Healed","damage_taken":0,"max_hp_gain":0,"max_hp_loss":0,"event_name":"The Cleric","floor":14,"gold_loss":35},{"damage_healed":0,"gold_gain":0,"player_choice":"Simplicity","damage_taken":0,"max_hp_gain":0,"max_hp_loss":0,"event_name":"Back to Basics","floor":19,"gold_loss":0,"cards_upgraded":["Strike_G","Strike_G","Strike_G","Strike_G","Strike_G","Defend_G","Defend_G","Defend_G","Defend_G","Defend_G"]},{"damage_healed":0,"gold_gain":0,"player_choice":"Fought Bandits","damage_taken":0,"max_hp_gain":0,"max_hp_loss":0,"event_name":"Masked Bandits","floor":25,"gold_loss":0}],"is_beta":false,"boss_relics":[{"not_picked":["Coffee Dripper","jedi:battlestandard"],"picked":"Snecko Eye"},{"not_picked":["Astrolabe","Cursed Key"],"picked":"HoveringKite"}],"items_purged_floors":[22],"is_endless":false,"potions_floor_spawned":[3,4,6,8,25,27,28,33,35],"ascension_level":20}}