{"host":"djoj10dqzzvtkauc","time":1612623708,"event":{"mods":["2.2 Compatiblity","BaseMod","Colored Map","DeckTracker","Highlight Path","Keyboard Shortcuts","Marisa£¨Ùöéë¡¡Øª×âÞÞ£©","Minty Spire (QoL Compilation)","Permanent Neow","Quick Restart","Random Character Button","StSLib","SuperFastMode","everything is the same but u backflip on backflip"],"gold_per_floor":[110,110,125,125,300,332,342,342,342,342,353,24,24,50,50,152,152,166,7,7,24,38,38,54,54,78,95,105,121,39,56,56,154,154,169,169,187,49,0,25,25,51,51,97,107,107,17,52,52,52],"floor_reached":51,"language":"KOR","playtime":1496,"items_purged":["Doubt"],"score":994,"play_id":"8a1cf0b1-7f55-40b8-ae7d-01e09d0ac93a","local_time":"20210207000148","is_ascension_mode":true,"campfire_choices":[{"data":"Survivor","floor":8,"key":"SMITH"},{"data":"Accuracy","floor":10,"key":"SMITH"},{"data":"Dagger Spray","floor":15,"key":"SMITH"},{"floor":23,"key":"REST"},{"floor":25,"key":"REST"},{"floor":32,"key":"REST"},{"data":"Adrenaline","floor":41,"key":"SMITH"},{"data":"Phantasmal Killer","floor":46,"key":"SMITH"},{"floor":49,"key":"REST"}],"circlet_count":0,"master_deck":["Strike_G","Strike_G","Strike_G","Defend_G","Defend_G","Defend_G","Defend_G","Defend_G","Survivor+1","Neutralize+1","Accuracy","Dagger Throw+1","Adrenaline+1","Accuracy+1","Dagger Spray+1","Slice","Phantasmal Killer+1","Deflect+1","Accuracy","Swift Strike","Blade Dance","Infinite Blades","Blade Dance","Dagger Throw+1","Slice+1","PiercingWail+1","Infinite Blades","Deflect","Prepared","After Image","Slice+1","Adrenaline+1","Blade Dance+1","Blade Dance+1","Cloak And Dagger+1","Blur+1","Backflip"],"relics":["Ring of the Snake","NeowsBlessing","Matryoshka","Oddly Smooth Stone","Shuriken","Centennial Puzzle","HoveringKite","Nloth\u0027s Gift","Bronze Scales","Pen Nib","WristBlade","Red Mask","Dream Catcher","White Beast Statue","StoneCalendar","CatCart","The Specimen"],"acts_visited":["Exordium","TheCity","TheBeyond"],"potions_floor_usage":[14,16,22,33,50,50,50],"damage_taken":[{"damage":0,"enemies":"Jaw Worm","floor":1,"turns":1},{"damage":0,"enemies":"Small Slimes","floor":3,"turns":1},{"damage":0,"enemies":"Gremlin Nob","floor":6,"turns":1},{"damage":0,"enemies":"2 Louse","floor":7,"turns":3},{"damage":0,"enemies":"2 Fungi Beasts","floor":11,"turns":5},{"damage":8,"enemies":"3 Sentries","floor":14,"turns":7},{"damage":16,"enemies":"Hexaghost","floor":16,"turns":10},{"damage":2,"enemies":"Chosen","floor":18,"turns":3},{"damage":4,"enemies":"3 Byrds","floor":21,"turns":4},{"damage":54,"enemies":"Snecko","floor":22,"turns":7},{"damage":0,"enemies":"3 Cultists","floor":24,"turns":4},{"damage":8,"enemies":"Shelled Parasite and Fungi","floor":27,"turns":3},{"damage":0,"enemies":"Sentry and Sphere","floor":28,"turns":3},{"damage":5,"enemies":"Centurion and Healer","floor":29,"turns":3},{"damage":6,"enemies":"Snecko","floor":31,"turns":3},{"damage":23,"enemies":"Collector","floor":33,"turns":5},{"damage":0,"enemies":"Orb Walker","floor":35,"turns":2},{"damage":7,"enemies":"3 Darklings","floor":37,"turns":4},{"damage":13,"enemies":"Reptomancer","floor":40,"turns":4},{"damage":1,"enemies":"Giant Head","floor":42,"turns":2},{"damage":0,"enemies":"Orin","floor":44,"turns":4},{"damage":2,"enemies":"4 Shapes","floor":45,"turns":3},{"damage":16,"enemies":"Reptomancer","floor":48,"turns":3},{"damage":27,"enemies":"Awakened One","floor":50,"turns":7}],"seed_played":"2568729598547612654","potions_obtained":[{"floor":3,"key":"Poison Potion"},{"floor":6,"key":"CunningPotion"},{"floor":16,"key":"GamblersBrew"},{"floor":18,"key":"DuplicationPotion"},{"floor":21,"key":"BlessingOfTheForge"},{"floor":24,"key":"LiquidBronze"},{"floor":29,"key":"Strength Potion"},{"floor":31,"key":"SteroidPotion"},{"floor":40,"key":"EssenceOfSteel"},{"floor":45,"key":"EssenceOfSteel"}],"is_trial":false,"path_per_floor":["M","?","M","?","?","E","M","R","T","R","M","$","?","E","R","B",null,"M","$","?","M","M","R","M","R","T","M","M","M","$","M","R","B",null,"M","?","M","$","?","E","R","E","T","?","M","R","?","E","R","B",null],"character_chosen":"THE_SILENT","items_purchased":["Shuriken","Accuracy","Swift Strike","Infinite Blades","Deflect","Adrenaline"],"campfire_rested":4,"item_purchase_floors":[12,19,19,30,30,38],"current_hp_per_floor":[70,70,70,63,63,63,63,63,63,63,63,63,68,60,60,44,75,73,73,73,69,15,37,37,59,59,51,51,46,46,40,62,39,75,75,75,68,68,68,55,55,54,54,54,52,52,52,36,58,31],"gold":52,"neow_bonus":"THREE_ENEMY_KILL","is_daily":false,"chose_seed":false,"campfire_upgraded":5,"win_rate":0.0,"timestamp":1612623708,"path_taken":["M","?","M","?","?","E","M","R","T","R","M","$","?","E","R","BOSS","M","$","?","?","M","R","M","R","T","M","M","M","$","M","R","BOSS","M","?","M","?","?","E","R","E","T","?","?","R","?","E","R","BOSS"],"items_purchased_type":["Relic","Card","Card","Card","Card","Card"],"build_version":"2020-12-22","purchased_purges":1,"victory":true,"max_hp_per_floor":[70,70,70,70,70,70,70,70,70,70,70,70,75,75,75,75,75,75,75,75,75,75,75,75,75,75,75,75,75,75,75,75,75,75,75,75,75,75,75,75,75,75,75,75,75,75,75,75,75,75],"card_choices":[{"not_picked":["Quick Slash","PiercingWail"],"picked":"Accuracy","floor":1},{"not_picked":["Crippling Poison","Flying Knee"],"picked":"Dagger Throw","floor":3},{"not_picked":["Deadly Poison","Quick Slash"],"picked":"Adrenaline","floor":6},{"not_picked":["Finisher","Sucker Punch"],"picked":"Accuracy","floor":7},{"not_picked":["Underhanded Strike","Expertise"],"picked":"Dagger Spray","floor":11},{"not_picked":["Well Laid Plans","Leg Sweep"],"picked":"Slice","floor":14},{"not_picked":["Burst","Adrenaline"],"picked":"Phantasmal Killer","floor":16},{"not_picked":["Setup","Slice"],"picked":"Deflect+1","floor":18},{"not_picked":["Riddle With Holes","Backflip"],"picked":"Blade Dance","floor":21},{"not_picked":["Wraith Form v2","Acrobatics"],"picked":"Infinite Blades","floor":22},{"not_picked":["Sucker Punch","Flying Knee"],"picked":"Blade Dance","floor":24},{"not_picked":["Outmaneuver","Concentrate"],"picked":"Dagger Throw+1","floor":27},{"not_picked":["Deadly Poison+1","All Out Attack"],"picked":"Slice+1","floor":28},{"not_picked":["Dagger Spray","Underhanded Strike+1"],"picked":"PiercingWail+1","floor":29},{"not_picked":["Sucker Punch+1","PiercingWail"],"picked":"Prepared","floor":31},{"not_picked":["Glass Knife","Die Die Die"],"picked":"After Image","floor":33},{"not_picked":["Well Laid Plans+1","Dagger Throw+1"],"picked":"Slice+1","floor":35},{"not_picked":["Deadly Poison+1","Catalyst","Distraction"],"picked":"SKIP","floor":37},{"not_picked":["Deflect+1","Adrenaline"],"picked":"Blade Dance+1","floor":40},{"not_picked":["Infinite Blades+1","Flying Knee+1"],"picked":"Blade Dance+1","floor":42},{"not_picked":["Caltrops","Endless Agony+1"],"picked":"Cloak And Dagger+1","floor":44},{"not_picked":["Prepared","All Out Attack"],"picked":"Blur+1","floor":45},{"not_picked":["Grand Finale","Quick Slash+1"],"picked":"Backflip","floor":48}],"player_experience":177546,"relics_obtained":[{"floor":6,"key":"Matryoshka"},{"floor":9,"key":"HornCleat"},{"floor":9,"key":"Oddly Smooth Stone"},{"floor":14,"key":"Centennial Puzzle"},{"floor":26,"key":"Bronze Scales"},{"floor":26,"key":"Pen Nib"},{"floor":40,"key":"Dream Catcher"},{"floor":42,"key":"White Beast Statue"},{"floor":43,"key":"StoneCalendar"},{"floor":44,"key":"CatCart"},{"floor":48,"key":"The Specimen"}],"event_choices":[{"damage_healed":0,"gold_gain":0,"player_choice":"Grow","damage_taken":0,"max_hp_gain":0,"max_hp_loss":0,"event_name":"Living Wall","floor":2,"gold_loss":0,"cards_upgraded":["Neutralize"]},{"cards_removed":["Strike_G"],"damage_healed":0,"gold_gain":0,"player_choice":"Card Removal","damage_taken":7,"max_hp_gain":0,"max_hp_loss":0,"event_name":"Golden Wing","floor":4,"gold_loss":0},{"damage_healed":0,"gold_gain":175,"player_choice":"AGREE","damage_taken":0,"max_hp_gain":0,"max_hp_loss":0,"event_name":"Liars Game","floor":5,"gold_loss":0,"cards_obtained":["Doubt"]},{"damage_healed":0,"gold_gain":0,"player_choice":"Donut","damage_taken":0,"max_hp_gain":5,"max_hp_loss":0,"event_name":"Big Fish","floor":13,"gold_loss":0},{"damage_healed":0,"gold_gain":0,"player_choice":"Traded Relic","damage_taken":0,"relics_obtained":["Nloth\u0027s Gift"],"max_hp_gain":0,"max_hp_loss":0,"event_name":"N\u0027loth","floor":20,"relics_lost":["HornCleat"],"gold_loss":0},{"damage_healed":0,"gold_gain":0,"player_choice":"Upgraded","damage_taken":0,"max_hp_gain":0,"max_hp_loss":0,"event_name":"Upgrade Shrine","floor":36,"gold_loss":0,"cards_upgraded":["Adrenaline"]},{"damage_healed":0,"gold_gain":0,"player_choice":"Paid","damage_taken":0,"relics_obtained":["Red Mask"],"max_hp_gain":0,"max_hp_loss":0,"event_name":"Tomb of Lord Red Mask","floor":39,"gold_loss":49},{"damage_healed":0,"gold_gain":0,"player_choice":"Fight","damage_taken":0,"max_hp_gain":0,"max_hp_loss":0,"event_name":"OrinTheCat","floor":44,"gold_loss":0},{"cards_removed":["Strike_G"],"damage_healed":0,"gold_gain":0,"player_choice":"Upgrade and Remove","damage_taken":0,"max_hp_gain":0,"max_hp_loss":0,"event_name":"Designer","floor":47,"gold_loss":90,"cards_upgraded":["Dagger Throw"]}],"is_beta":false,"boss_relics":[{"not_picked":["Velvet Choker","Ectoplasm"],"picked":"HoveringKite"},{"not_picked":["SlaversCollar","Busted Crown"],"picked":"WristBlade"}],"items_purged_floors":[12],"is_endless":false,"potions_floor_spawned":[3,6,16,18,21,24,29,31,40,44,45,48],"ascension_level":4}}