{"host":"1ooxfz79hmpvpehx","time":1612583047,"event":{"mods":["BaseMod","Minty Spire (QoL Compilation)","Quick Restart","Replay The Spire","StSLib","SuperFastMode"],"gold_per_floor":[118,118,118,43,66,106,127,37,37,37,70,90,90,90,90],"floor_reached":14,"language":"ENG","playtime":200,"items_purged":["Defend_B"],"score":129,"play_id":"f95a2fc0-eb75-4d9d-8f28-dcd6944d2ca8","local_time":"20210206004407","is_ascension_mode":true,"campfire_choices":[{"data":"ReplayGash","floor":10,"key":"SMITH"},{"floor":13,"key":"REST"}],"circlet_count":0,"master_deck":["Strike_B","Strike_B","Strike_B","Defend_B","Defend_B","Defend_B","Zap","Dualcast","ReplayGash+1","Flash of Steel"],"relics":["Cracked Core","NeowsBlessing","Golden Idol","Replay:Accelerometer","Frozen Egg 2","Darkstone Periapt"],"acts_visited":["Exordium"],"potions_floor_usage":[12],"damage_taken":[{"damage":0,"enemies":"Jaw Worm","floor":1,"turns":1},{"damage":0,"enemies":"Small Slimes","floor":5,"turns":1},{"damage":0,"enemies":"3 Sentries","floor":6,"turns":1},{"damage":1,"enemies":"Cultist","floor":7,"turns":3},{"damage":26,"enemies":"Lagavulin","floor":11,"turns":6},{"damage":18,"enemies":"Lots of Slimes","floor":12,"turns":4},{"damage":30,"enemies":"3 Sentries","floor":14,"turns":5}],"seed_played":"-3391906741521702795","potions_obtained":[{"floor":11,"key":"Languid Potion"},{"floor":12,"key":"Languid Potion"}],"is_trial":false,"path_per_floor":["M","?","?","$","M","E","M","$","T","R","E","M","R","E"],"character_chosen":"DEFECT","items_purchased":["Flash of Steel"],"campfire_rested":1,"item_purchase_floors":[8],"current_hp_per_floor":[75,57,57,57,57,57,56,56,56,56,30,12,34,4,4],"gold":90,"neow_bonus":"THREE_ENEMY_KILL","is_daily":false,"chose_seed":false,"campfire_upgraded":1,"win_rate":0.0,"timestamp":1612583047,"path_taken":["M","?","?","$","?","E","M","?","T","R","E","?","R","E"],"items_purchased_type":["Card"],"build_version":"2020-12-22","purchased_purges":1,"victory":false,"max_hp_per_floor":[75,75,75,75,75,75,75,75,75,75,75,75,75,75,75],"card_choices":[{"not_picked":["Coolheaded","Steam"],"picked":"ReplayGash","floor":1},{"not_picked":["Turbo","Hologram","Streamline"],"picked":"SKIP","floor":5},{"not_picked":["Panic Button","Go for the Eyes","ReplayTheSpireMod:Omega Cannon"],"picked":"SKIP","floor":6},{"not_picked":["Leap","Panic Button","Stack"],"picked":"SKIP","floor":7},{"not_picked":["Crystallizer+1","FIFO Queue+1","Hologram"],"picked":"SKIP","floor":11},{"not_picked":["Coolheaded","Recycle","Panic Button"],"picked":"SKIP","floor":12}],"player_experience":14984,"relics_obtained":[{"floor":6,"key":"Replay:Accelerometer"},{"floor":9,"key":"Frozen Egg 2"},{"floor":11,"key":"Darkstone Periapt"}],"event_choices":[{"damage_healed":0,"gold_gain":0,"player_choice":"Take Damage","damage_taken":18,"relics_obtained":["Golden Idol"],"max_hp_gain":0,"max_hp_loss":0,"event_name":"Golden Idol","floor":2,"gold_loss":0},{"cards_removed":["Strike_B"],"damage_healed":0,"gold_gain":0,"player_choice":"Purged","damage_taken":0,"max_hp_gain":0,"max_hp_loss":0,"event_name":"Purifier","floor":3,"gold_loss":0}],"is_beta":false,"boss_relics":[],"items_purged_floors":[4],"is_endless":false,"potions_floor_spawned":[11,12],"killed_by":"3 Sentries","ascension_level":1}}