{"host":"bp73yv6vym73vckj","time":1612646234,"event":{"mods":["BaseMod","Colored Powertips","Conspire","Downfall","Highlight Path","Hubris","Infinite Spire","Ironclad Rager","Minty Spire (QoL Compilation)","Quick Restart","Replay The Spire","StSLib"],"gold_per_floor":[99,111,23,23,23,23,100,275,468,484,494,505,70,86,102,102,102,102],"floor_reached":16,"language":"ENG","playtime":995,"items_purged":[],"score":92,"play_id":"5c865bbf-3ce2-4a25-8e1d-0608529616b0","local_time":"20210206161714","is_ascension_mode":false,"campfire_choices":[{"floor":1,"key":"DIG"},{"data":"sneckomod:DefensiveFlair","floor":6,"key":"SMITH"}],"circlet_count":0,"master_deck":["sneckomod:Strike","sneckomod:Strike","sneckomod:Strike","sneckomod:Defend","sneckomod:Defend","sneckomod:Defend","sneckomod:TailWhip","sneckomod:SnekBite","sneckomod:Unknown","sneckomod:Unknown","sneckomod:UnknownClassGUARDIAN","sneckomod:Nope","sneckomod:DefensiveFlair+1","hubris:Envy","Doubt","ReplayTheSpireMod:Splinters","Havoc","sneckomod:UnknownClassHEXA_GHOST_PURPLE","sneckomod:QuickMove","Hello World","sneckomod:TrashToTreasure","sneckomod:UnknownRareAttack","sneckomod:UnknownClassRED","sneckomod:SerpentMind","Guardian:Gem_Green","sneckomod:UnknownClassGREEN","White Noise"],"relics":["Black Star","Shuriken","m_SnakeBloodCore","InkBottle","Sundial","PreservedInsect"],"acts_visited":["Exordium"],"potions_floor_usage":[16],"damage_taken":[{"damage":0,"enemies":"2 Louse","floor":2,"turns":2},{"damage":10,"enemies":"downfall:FleeingMerchant","floor":3,"turns":4},{"damage":11,"enemies":"Jaw Worm","floor":10,"turns":5},{"damage":22,"enemies":"Small Slimes","floor":11,"turns":3},{"damage":25,"enemies":"Red Slaver","floor":12,"turns":5},{"damage":19,"enemies":"downfall:FleeingMerchant","floor":13,"turns":4},{"damage":10,"enemies":"Large Slime","floor":14,"turns":8},{"damage":6,"enemies":"3 Louse","floor":15,"turns":4},{"damage":9,"enemies":"DF_ARCHETYPE_STREAMLINE","floor":16,"turns":3}],"seed_played":"6695989486590468315","potions_obtained":[{"floor":11,"key":"BlessingOfTheForge"},{"floor":14,"key":"sneckomod:DiceRollPotion"}],"is_trial":false,"path_per_floor":["R","M","$","?","?","R","T","?","?","M","M","M","$","M","M","B"],"character_chosen":"THE_SNECKO","items_purchased":["sneckomod:DefensiveFlair","PreservedInsect","sneckomod:UnknownRareAttack","sneckomod:UnknownClassRED","sneckomod:SerpentMind"],"campfire_rested":0,"item_purchase_floors":[3,13,13,13,13],"current_hp_per_floor":[90,90,80,80,80,80,80,80,80,72,53,31,15,8,5,0,0,0],"gold":102,"neow_bonus":"BOSS_RELIC","is_daily":false,"chose_seed":false,"campfire_upgraded":1,"win_rate":0.0,"timestamp":1612646234,"path_taken":["R","M","$","?","?","R","T","?","?","?","M","M","?","M","M","BOSS"],"items_purchased_type":["Card","Relic","Card","Card","Card"],"build_version":"2020-12-22","purchased_purges":0,"victory":false,"max_hp_per_floor":[90,90,90,90,90,90,90,90,90,90,90,90,90,90,90,90,90,90],"card_choices":[{"not_picked":["sneckomod:UnknownClassBLUE","sneckomod:TrashToTreasure"],"picked":"sneckomod:UnknownClassGUARDIAN","floor":2},{"not_picked":["sneckomod:UnknownCommonAttack","sneckomod:UnknownClassSLIMEBOUND"],"picked":"sneckomod:Nope","floor":3},{"not_picked":["sneckomod:UnknownVulnerable","sneckomod:UnknownClassPURPLE"],"picked":"Havoc","floor":9},{"not_picked":["sneckomod:UnknownClassTHE_CHAMP_GRAY","ReplayTheSpireMod:LeadingStrike"],"picked":"sneckomod:UnknownClassHEXA_GHOST_PURPLE","floor":10},{"not_picked":["Distraction","sneckomod:Unknown2Cost"],"picked":"sneckomod:QuickMove","floor":11},{"not_picked":["sneckomod:UnknownClassHEXA_GHOST_PURPLE","sneckomod:UnknownWeak"],"picked":"Hello World","floor":12},{"not_picked":["Dagger Throw","sneckomod:UnknownCommonAttack"],"picked":"sneckomod:TrashToTreasure","floor":13},{"not_picked":["Guardian:Gem_Lightblue","Guardian:Gem_Red"],"picked":"Guardian:Gem_Green","floor":14},{"not_picked":["ReplayTheSpireMod:LeadingStrike","sneckomod:RainOfDice"],"picked":"sneckomod:UnknownClassGREEN","floor":14},{"not_picked":["sneckomod:Unknown2Cost","Reflex"],"picked":"White Noise","floor":15}],"player_experience":856747,"relics_obtained":[{"floor":1,"key":"Shuriken"},{"floor":5,"key":"InkBottle"},{"floor":7,"key":"Sundial"}],"event_choices":[],"is_beta":false,"boss_relics":[],"items_purged_floors":[],"is_endless":false,"potions_floor_spawned":[11,14],"killed_by":"DF_ARCHETYPE_STREAMLINE","ascension_level":0}}