{"host":"8is2j71l4wmybkoi","time":1612592148,"event":{"mods":["AchievementEnabler","BaseMod","Colored Map","Minty Spire (QoL Compilation)","Rare Cards Sparkle","StSLib","SuperFastMode"],"gold_per_floor":[112,132,150,162,176,176,201,201,201,227,227,244,244,259,259,334,334,360,287,38,52,69,88,101,101,101,119,144,144,194,37,37,111,111,126,126,174,174,174,174],"floor_reached":39,"language":"KOR","playtime":2090,"items_purged":["Strike_R"],"score":723,"play_id":"90488839-690e-4482-ae37-3cc1f9f8d65c","local_time":"20210206151548","is_ascension_mode":true,"campfire_choices":[{"data":"Bash","floor":6.0,"key":"SMITH"},{"floor":8.0,"key":"REST"},{"data":"Rupture","floor":13.0,"key":"SMITH"},{"data":"Evolve","floor":15.0,"key":"SMITH"},{"data":"Bloodletting","floor":25,"key":"SMITH"},{"floor":29,"key":"REST"},{"data":"Burning Pact","floor":32,"key":"SMITH"}],"circlet_count":0,"master_deck":["AscendersBane","Strike_R","Strike_R","Defend_R","Defend_R","Defend_R","Defend_R","Bash+1","Inflame","Evolve+1","Bloodletting+1","Sword Boomerang","Shrug It Off","Shrug It Off","Battle Trance","Rupture+1","Shockwave","Brutality","CurseOfTheBell","Power Through","Twin Strike+1","Pummel","Combust","Burning Pact+1","Armaments+1","Second Wind","Barricade","Flash of Steel","Panacea","Madness","Entrench"],"relics":["Burning Blood","HornCleat","Shuriken","Vajra","Calling Bell","MawBank","Question Card","Torii","Magic Flower","Mummified Hand","Mercury Hourglass","Blood Vial","Mark of Pain","Gambling Chip","Orichalcum"],"acts_visited":["Exordium","TheCity","TheBeyond"],"potions_floor_usage":[27,28,28,33],"damage_taken":[{"damage":6.0,"enemies":"Cultist","floor":1.0,"turns":3.0},{"damage":3.0,"enemies":"2 Louse","floor":2.0,"turns":4.0},{"damage":12.0,"enemies":"Jaw Worm","floor":3.0,"turns":3.0},{"damage":24.0,"enemies":"Looter","floor":4.0,"turns":4.0},{"damage":12.0,"enemies":"2 Fungi Beasts","floor":5.0,"turns":4.0},{"damage":8.0,"enemies":"Gremlin Nob","floor":7.0,"turns":3.0},{"damage":13.0,"enemies":"Lagavulin","floor":10.0,"turns":6.0},{"damage":0.0,"enemies":"Blue Slaver","floor":12.0,"turns":4.0},{"damage":9.0,"enemies":"Red Slaver","floor":14.0,"turns":2.0},{"damage":20.0,"enemies":"Slime Boss","floor":16.0,"turns":10.0},{"damage":37.0,"enemies":"3 Byrds","floor":18.0,"turns":6.0},{"damage":11.0,"enemies":"Spheric Guardian","floor":21.0,"turns":5.0},{"damage":7.0,"enemies":"Centurion and Healer","floor":22.0,"turns":4.0},{"damage":13,"enemies":"Chosen and Byrds","floor":23,"turns":5},{"damage":15,"enemies":"Cultist and Chosen","floor":24,"turns":5},{"damage":6,"enemies":"3 Cultists","floor":27,"turns":4},{"damage":30,"enemies":"Slavers","floor":28,"turns":4},{"damage":32,"enemies":"Collector","floor":33,"turns":7},{"damage":4,"enemies":"3 Darklings","floor":35,"turns":5},{"damage":53,"enemies":"2 Orb Walkers","floor":37,"turns":6},{"damage":33,"enemies":"3 Shapes","floor":39,"turns":3}],"seed_played":"6552381643666902626","potions_obtained":[{"floor":1.0,"key":"ColorlessPotion"},{"floor":5.0,"key":"SteroidPotion"},{"floor":7.0,"key":"DistilledChaos"},{"floor":16.0,"key":"Strength Potion"},{"floor":22,"key":"Fire Potion"},{"floor":23,"key":"SkillPotion"},{"floor":27,"key":"Fruit Juice"},{"floor":35,"key":"SmokeBomb"}],"is_trial":false,"path_per_floor":["M","M","M","M","M","R","E","R","T","E","?","M","R","M","R","B",null,"M","?","$","M","M","M","M","R","T","M","E","R","?","$","R","B",null,"M","?","?","?","M"],"character_chosen":"IRONCLAD","items_purchased":["Mummified Hand","Second Wind","Explosive Potion"],"campfire_rested":2,"item_purchase_floors":[20,31,31],"current_hp_per_floor":[50,53,47,29,23,23,21,43,43,36,36,42,42,39,39,25,63,32,32,32,30,32,28,22,22,22,25,12,36,36,36,36,16,64,72,62,21,21,0,0],"gold":174,"neow_bonus":"REMOVE_TWO","is_daily":false,"chose_seed":false,"campfire_upgraded":5,"win_rate":0.0,"timestamp":1612592148,"path_taken":["M","M","?","M","M","R","E","R","T","E","?","M","R","M","R","BOSS","M","?","$","M","M","M","M","R","T","M","E","R","?","$","R","BOSS","M","?","?","?","?"],"items_purchased_type":["Relic","Card","Potion"],"build_version":"2020-12-22","purchased_purges":1,"victory":false,"max_hp_per_floor":[75,75,75,75,75,75,75,75,75,75,75,75,75,75,75,75,75,75,75,75,75,75,75,75,75,75,75,80,80,80,80,80,80,80,80,80,80,80,80,80],"card_choices":[{"not_picked":["Sword Boomerang","Clothesline"],"picked":"Inflame","floor":1.0},{"not_picked":["Intimidate","Havoc"],"picked":"Evolve","floor":2.0},{"not_picked":["Warcry","Flex"],"picked":"Bloodletting","floor":3.0},{"not_picked":["Twin Strike","Thunderclap"],"picked":"Sword Boomerang","floor":4.0},{"not_picked":["Perfected Strike","Hemokinesis"],"picked":"Shrug It Off","floor":5.0},{"not_picked":["Havoc","Metallicize"],"picked":"Shrug It Off","floor":7.0},{"not_picked":["Wild Strike","Perfected Strike"],"picked":"Battle Trance","floor":10.0},{"not_picked":["Havoc","Second Wind"],"picked":"Rupture","floor":12.0},{"not_picked":["Warcry","Reckless Charge"],"picked":"Shockwave","floor":14.0},{"not_picked":["Corruption","Juggernaut"],"picked":"Brutality","floor":16.0},{"not_picked":["True Grit","Cleave","Thunderclap"],"picked":"Power Through","floor":18.0},{"not_picked":["Cleave","Intimidate","Flame Barrier"],"picked":"Twin Strike+1","floor":21.0},{"not_picked":["Thunderclap","True Grit","Clothesline"],"picked":"Pummel","floor":22},{"not_picked":["Blood for Blood","Clothesline+1","Wild Strike","Thunderclap"],"picked":"SKIP","floor":23},{"not_picked":["Power Through","Infernal Blade","Seeing Red"],"picked":"Combust","floor":24},{"not_picked":["Combust","Perfected Strike+1","Searing Blow"],"picked":"Burning Pact","floor":27},{"not_picked":["Exhume","Headbutt","Searing Blow"],"picked":"Armaments+1","floor":28},{"not_picked":["Brutality","Double Tap","Berserk"],"picked":"Barricade","floor":33},{"not_picked":["Battle Trance","Burning Pact","Dropkick+1","Sever Soul"],"picked":"SKIP","floor":35},{"not_picked":["Bandage Up","Dark Shackles","Mind Blast"],"picked":"Flash of Steel","floor":36},{"not_picked":["Madness","Panache","Forethought"],"picked":"Panacea","floor":36},{"not_picked":["Impatience","Thinking Ahead","Sadistic Nature"],"picked":"Madness","floor":36},{"not_picked":["Dual Wield+1","Armaments","Cleave"],"picked":"Entrench","floor":37}],"player_experience":1003724,"relics_obtained":[{"floor":7.0,"key":"HornCleat"},{"floor":9.0,"key":"Shuriken"},{"floor":10.0,"key":"Vajra"},{"floor":17.0,"key":"MawBank"},{"floor":17.0,"key":"Question Card"},{"floor":17.0,"key":"Torii"},{"floor":26,"key":"Mercury Hourglass"},{"floor":28,"key":"Blood Vial"},{"floor":37,"key":"Gambling Chip"}],"event_choices":[{"damage_healed":0.0,"max_hp_gain":0.0,"max_hp_loss":0.0,"gold_gain":0.0,"event_name":"Dead Adventurer","player_choice":"Searched \u00271\u0027 times","floor":11.0,"gold_loss":0.0,"damage_taken":0.0},{"damage_healed":0.0,"max_hp_gain":0.0,"max_hp_loss":0.0,"gold_gain":0.0,"event_name":"Addict","player_choice":"Obtained Relic","floor":19.0,"gold_loss":85.0,"damage_taken":0.0,"relics_obtained":["Magic Flower"]},{"damage_healed":0,"gold_gain":50,"player_choice":"Stole From Cult","damage_taken":0,"max_hp_gain":0,"max_hp_loss":0,"event_name":"Nest","floor":30,"gold_loss":0},{"damage_healed":0,"gold_gain":0,"player_choice":"Memory 3","damage_taken":10,"max_hp_gain":0,"max_hp_loss":0,"event_name":"SensoryStone","floor":36,"gold_loss":0},{"damage_healed":0,"gold_gain":0,"player_choice":"Fight","damage_taken":0,"max_hp_gain":0,"max_hp_loss":0,"event_name":"Mysterious Sphere","floor":37,"gold_loss":0},{"damage_healed":0,"gold_gain":0,"player_choice":"Gave Potion","damage_taken":0,"relics_obtained":["Orichalcum"],"max_hp_gain":0,"max_hp_loss":0,"event_name":"WeMeetAgain","floor":38,"gold_loss":0}],"is_beta":false,"boss_relics":[{"not_picked":["Pandora\u0027s Box","Snecko Eye"],"picked":"Calling Bell"},{"not_picked":["Tiny House","SacredBark"],"picked":"Mark of Pain"}],"items_purged_floors":[31],"is_endless":false,"potions_floor_spawned":[1,5,7,16,22,23,24,27,35],"killed_by":"3 Shapes","ascension_level":15}}