{"host":"i2ntsfwoh5q5m216","time":1612654610,"event":{"mods":["BaseMod","Colored Map","Downfall","Minty Spire (QoL Compilation)","StSLib"],"gold_per_floor":[114,129,141,154,168,168,202,220,289,78,89,107,124,154,154,253,253,264,264,279,279,279,279,298,298,298,298,72,83,83,97,97,97,97],"floor_reached":33,"language":"ENG","playtime":907,"items_purged":["Offering"],"score":253,"play_id":"6f7163b5-cb8a-41d2-9d39-08645a221461","local_time":"20210206173649","is_ascension_mode":false,"campfire_choices":[{"data":"Armaments","floor":6,"key":"SMITH"},{"floor":15,"key":"REST"},{"data":"Barricade","floor":23,"key":"SMITH"},{"data":"Entrench","floor":27,"key":"SMITH"},{"data":"Demon Form","floor":30,"key":"SMITH"},{"data":"Flame Barrier","floor":32,"key":"SMITH"}],"circlet_count":0,"master_deck":["Defend_R","Defend_R","Defend_R","Defend_R","Bash","Flame Barrier+1","Sword Boomerang","Armaments+1","Pommel Strike","Clash","Thunderclap","Entrench+1","Barricade+1","Body Slam+1","Body Slam+1","Heavy Blade+1","Demon Form+1","Iron Wave+1","Slimebound:Tackle+1","Slimebound:Tackle+1","Slimebound:Tackle+1","Shrug It Off+1"],"relics":["Burning Blood","Calipers","Molten Egg 2","Velvet Choker","Gremlin Horn","Orrery"],"acts_visited":["Exordium","TheCity"],"potions_floor_usage":[16,20,29,31],"damage_taken":[{"damage":6,"enemies":"2 Louse","floor":1,"turns":2},{"damage":0,"enemies":"Jaw Worm","floor":2,"turns":4},{"damage":6,"enemies":"Small Slimes","floor":3,"turns":3},{"damage":6,"enemies":"Looter","floor":4,"turns":3},{"damage":7,"enemies":"2 Fungi Beasts","floor":5,"turns":5},{"damage":32,"enemies":"Lagavulin","floor":7,"turns":6},{"damage":9,"enemies":"Gremlin Gang","floor":8,"turns":5},{"damage":6,"enemies":"Large Slime","floor":11,"turns":2},{"damage":25,"enemies":"Lots of Slimes","floor":12,"turns":4},{"damage":12,"enemies":"2 Fungi Beasts","floor":13,"turns":3},{"damage":9,"enemies":"Slime Boss","floor":16,"turns":7},{"damage":12,"enemies":"3 Byrds","floor":18,"turns":5},{"damage":6,"enemies":"Chosen","floor":20,"turns":6},{"damage":14,"enemies":"3 Cultists","floor":24,"turns":5},{"damage":27,"enemies":"Snake Plant","floor":29,"turns":3},{"damage":12,"enemies":"Sentry and Sphere","floor":31,"turns":6},{"damage":86,"enemies":"Collector","floor":33,"turns":6}],"seed_played":"352796955960746572","potions_obtained":[{"floor":2,"key":"Strength Potion"},{"floor":3,"key":"bronze:BurnAndBuffPotion"},{"floor":4,"key":"sneckomod:MuddlingPotion"},{"floor":13,"key":"Regen Potion"},{"floor":24,"key":"hexamod:SoulburnPotion"},{"floor":31,"key":"SteroidPotion"}],"is_trial":false,"path_per_floor":["M","M","M","M","M","R","E","M","T","$","M","M","M","?","R","B",null,"M","?","M","?","?","R","M","?","T","R","$","M","R","M","R","B"],"character_chosen":"IRONCLAD","items_purchased":["Barricade","Body Slam+1","Orrery"],"campfire_rested":1,"item_purchase_floors":[10,10,28],"current_hp_per_floor":[80,80,80,80,79,79,53,50,50,50,50,31,25,25,49,46,80,74,59,59,59,59,59,51,79,79,79,79,58,58,67,67,0,0],"gold":97,"neow_bonus":"ONE_RANDOM_RARE_CARD","is_daily":false,"chose_seed":false,"campfire_upgraded":5,"win_rate":0.0,"timestamp":1612654609,"path_taken":["M","M","M","M","M","R","E","M","T","$","M","M","M","?","R","BOSS","M","?","M","?","?","R","M","?","T","R","?","M","R","M","R","BOSS"],"items_purchased_type":["Card","Card","Relic"],"build_version":"2020-12-22","purchased_purges":1,"victory":false,"max_hp_per_floor":[80,80,80,80,80,80,80,80,80,80,80,80,80,80,80,80,80,80,85,85,85,85,85,85,85,85,85,85,85,85,85,85,85,85],"card_choices":[{"not_picked":["Pommel Strike","Battle Trance"],"picked":"Flame Barrier","floor":1},{"not_picked":["Second Wind","Headbutt"],"picked":"Sword Boomerang","floor":2},{"not_picked":["Rage","Sword Boomerang"],"picked":"Armaments","floor":3},{"not_picked":["Fiend Fire","Anger"],"picked":"Pommel Strike","floor":4},{"not_picked":["Shrug It Off","Headbutt"],"picked":"Clash","floor":5},{"not_picked":["Searing Blow","Anger"],"picked":"Thunderclap","floor":7},{"not_picked":["Warcry","Twin Strike"],"picked":"Entrench","floor":8},{"not_picked":["Reckless Charge+1","Infernal Blade","Battle Trance"],"picked":"SKIP","floor":11},{"not_picked":["Shockwave","Perfected Strike+1"],"picked":"Body Slam+1","floor":12},{"not_picked":["Battle Trance","Warcry"],"picked":"Heavy Blade+1","floor":13},{"not_picked":["Limit Break","Brutality"],"picked":"Demon Form","floor":16},{"not_picked":["Body Slam+1","Flex+1","Clash+1"],"picked":"SKIP","floor":18},{"not_picked":["Bloodletting","Shockwave+1"],"picked":"Iron Wave+1","floor":20},{"not_picked":["Sword Boomerang+1","Headbutt+1","Carnage+1"],"picked":"SKIP","floor":24},{"not_picked":["Iron Wave+1","Clash+1"],"picked":"Shrug It Off+1","floor":28},{"not_picked":["Heavy Blade+1","Iron Wave+1","Perfected Strike+1"],"picked":"SKIP","floor":29},{"not_picked":["Reaper+1","Combust+1","Pommel Strike+1"],"picked":"SKIP","floor":31}],"player_experience":32372,"relics_obtained":[{"floor":7,"key":"Calipers"},{"floor":9,"key":"Molten Egg 2"},{"floor":26,"key":"Gremlin Horn"}],"event_choices":[{"damage_healed":0,"gold_gain":30,"player_choice":"Searched \u00272\u0027 times","damage_taken":0,"max_hp_gain":0,"max_hp_loss":0,"event_name":"Dead Adventurer","floor":14,"gold_loss":0},{"damage_healed":0,"gold_gain":0,"player_choice":"Shed Blood","damage_taken":20,"max_hp_gain":5,"max_hp_loss":0,"event_name":"Forgotten Altar","floor":19,"gold_loss":0},{"damage_healed":0,"gold_gain":0,"player_choice":"Ignored","damage_taken":0,"max_hp_gain":0,"max_hp_loss":0,"event_name":"Vampires","floor":22,"gold_loss":0},{"damage_healed":28,"gold_gain":0,"player_choice":"Heal","damage_taken":0,"max_hp_gain":0,"max_hp_loss":0,"event_name":"The Library","floor":25,"gold_loss":0}],"is_beta":false,"boss_relics":[{"not_picked":["Astrolabe","Coffee Dripper"],"picked":"Velvet Choker"}],"items_purged_floors":[28],"is_endless":false,"potions_floor_spawned":[2,3,4,13,24,31],"killed_by":"Collector","ascension_level":0}}