{"host":"hcg2wesxzfo46upw","time":1612613997,"event":{"mods":["2.2 Compatiblity","AchievementEnabler","Act Like it!","Aspiration","BaseMod","Beaked The Cultist","Better Altar","Better Match","Better Note","Better Sensory Stone","Better Skull","Better Third Choice","ChefMod","Clockwork Mod","Conspire","Downfall","Elementarium","Gensokyo","GifTheSpireLib","Glutton Mod","Hubris","Infinite Spire","Jedi Mod","Mad Scientist","Minty Spire (QoL Compilation)","Pale of the Ancients","Reliquary","Replay The Spire","Robot Space Explorer","Shade Mod","Spicy Shops","Spikes Relics","StSLib","Stuff the Spire","The Blackbeard","The Bug Knight","The Construct","The Cursed","The Death Knight","The Disciple","The Edgeheg","The Jungle","The Marked","The Necromancer","The Runesmith","Wandering Minibosses"],"gold_per_floor":[110,110,110,129,143,172,172,67,149,181,181,258,272,3,3,107,107,118,118,218,143,153,153,184,184,184,184,211,211,211,211,239,34,34,50,50,50],"floor_reached":35,"language":"ENG","playtime":1622,"items_purged":["blackbeard:BlackbeardStrike"],"score":306,"play_id":"4ffcb792-c39e-4651-8ed8-67d1bfe8a36b","local_time":"20210206131957","is_ascension_mode":false,"campfire_choices":[{"data":"blackbeard:Toast","floor":7,"key":"SMITH"},{"floor":23,"key":"REST"},{"data":"Gensokyo:CrescentMoonSlash","floor":25,"key":"SMITH"},{"data":"blackbeard:DoubleCannonball","floor":27,"key":"SMITH"},{"data":"blackbeard:PiratesWill","floor":31,"key":"SMITH"},{"floor":34,"key":"REST"}],"circlet_count":0,"master_deck":["blackbeard:BlackbeardStrike","blackbeard:BlackbeardStrike","blackbeard:BlackbeardStrike","blackbeard:IntimidatingStrike","blackbeard:BlackbeardDefend","blackbeard:BlackbeardDefend","blackbeard:BlackbeardDefend","blackbeard:BlackbeardDefend","blackbeard:Cutlass","blackbeard:Toast+1","blackbeard:Sword","blackbeard:Scrap","blackbeard:DoubleBottom","blackbeard:ChaoticDefense","blackbeard:Fencing","Gensokyo:CrescentMoonSlash+1","blackbeard:Spear","blackbeard:DoubleCannonball+1","blackbeard:CaptainsCabin+1","blackbeard:ReapersScythe","blackbeard:Toast","blackbeard:InfiniteBarrage+1","blackbeard:Shrapnel","blackbeard:BrownPants+1","blackbeard:PiratesWill+1","blackbeard:BrownPants+1"],"relics":["blackbeard:LoadTheCannons","NeowsBlessing","Ice Cream","conspire:TopHat","Replay:Bottled Snecko","reliquary:TridentHead","Frozen Egg 2","jedi:arcanewood","aspiration:SecretTechniqueScroll","Counterbalance","Durian","Replay:Bandana","beaked:ShinyBauble","Mirror"],"acts_visited":["Exordium","Gensokyo:Gensokyo"],"potions_floor_usage":[10,16,20,20,20,28,32],"damage_taken":[{"damage":0,"enemies":"Gensokyo:Gryphon","floor":1,"turns":1},{"damage":0,"enemies":"Gensokyo:3_Fairies","floor":4,"turns":1},{"damage":0,"enemies":"Gensokyo:2_Kodama","floor":5,"turns":1},{"damage":25,"enemies":"Gensokyo:Cirno","floor":6,"turns":6},{"damage":17,"enemies":"Gensokyo:Aya","floor":10,"turns":8},{"damage":0,"enemies":"Gensokyo:Kitsune","floor":13,"turns":5},{"damage":25,"enemies":"Gensokyo:Kokoro","floor":16,"turns":10},{"damage":12,"enemies":"Gensokyo:Chomper","floor":18,"turns":4},{"damage":35,"enemies":"Gensokyo:Chomper","floor":20,"turns":5},{"damage":30,"enemies":"Gensokyo:2_Gloops","floor":22,"turns":6},{"damage":0,"enemies":"Gensokyo:Reisen","floor":24,"turns":3},{"damage":26,"enemies":"Gensokyo:Wraith","floor":28,"turns":4},{"damage":6,"enemies":"Gensokyo:Slime_Group","floor":32,"turns":4},{"damage":50,"enemies":"Gensokyo:Eternal_Rivals","floor":35,"turns":7}],"seed_played":"5268520330022213106","potions_obtained":[{"floor":5,"key":"bronze:BurnAndBuffPotion"},{"floor":10,"key":"blackbeard:OrangeJuicePotion"},{"floor":16,"key":"Strength Potion"},{"floor":18,"key":"blackbeard:OrangeJuicePotion"},{"floor":24,"key":"LiquidBronze"},{"floor":28,"key":"AttackPotion"}],"is_trial":false,"path_per_floor":["M","?","?","M","M","E","R","$","T","E","?","T","M","$","R","B",null,"M","?","?","?","M","R","E","R","T","R","M","PTL","PTL","R","M","$","R","B"],"character_chosen":"BLACKBEARD_CLASS","items_purchased":["conspire:TopHat","blackbeard:ChaoticDefense","jedi:arcanewood","blackbeard:DoubleCannonball","blackbeard:CaptainsCabin","AttackPotion","Mirror"],"campfire_rested":2,"item_purchase_floors":[8,8,14,14,14,14,33],"current_hp_per_floor":[75,75,75,75,75,50,50,50,50,33,22,22,22,22,44,19,75,63,63,49,49,19,43,43,43,43,43,17,17,17,17,11,11,35,0,0,0],"gold":50,"neow_bonus":"THREE_ENEMY_KILL","is_daily":false,"chose_seed":false,"campfire_upgraded":4,"win_rate":0.0,"timestamp":1612613997,"path_taken":["M","?","?","?","M","E","R","$","T","E","?","?","M","$","R","BOSS","M","?","?","?","M","R","E","R","T","?","M","PTL","PTL","R","?","?","R","BOSS"],"items_purchased_type":["Relic","Card","Relic","Card","Card","Potion","Relic"],"build_version":"2020-12-22","purchased_purges":1,"victory":false,"max_hp_per_floor":[75,75,75,75,75,75,75,75,75,75,75,75,75,75,75,75,75,75,75,80,80,80,80,80,80,80,80,80,80,80,80,80,80,80,80,80,80],"card_choices":[{"not_picked":["blackbeard:BlindAttacks","blackbeard:Bandana"],"picked":"blackbeard:Toast","floor":1},{"not_picked":["blackbeard:SwordDance","blackbeard:DangerousBlow"],"picked":"blackbeard:Sword","floor":4},{"not_picked":["blackbeard:Eyepatch","blackbeard:Anchor"],"picked":"blackbeard:Scrap","floor":5},{"not_picked":["blackbeard:WiseDefense","blackbeard:SwordDance"],"picked":"blackbeard:DoubleBottom","floor":6},{"not_picked":["blackbeard:SwordDance","blackbeard:Lifeboat"],"picked":"blackbeard:Fencing","floor":10},{"not_picked":["blackbeard:GoldenStrike","blackbeard:Sword"],"picked":"blackbeard:Spear","floor":13},{"not_picked":["blackbeard:GoldenGuillotine","blackbeard:MegaUpgrade"],"picked":"blackbeard:ReapersScythe","floor":16},{"not_picked":["blackbeard:Sharpening","blackbeard:Revenge"],"picked":"blackbeard:Toast","floor":18},{"not_picked":["blackbeard:ChaoticDefense","blackbeard:TacticalRetreat"],"picked":"blackbeard:InfiniteBarrage+1","floor":20},{"not_picked":["blackbeard:Bandana+1","blackbeard:RearmingStrike"],"picked":"blackbeard:Shrapnel","floor":22},{"not_picked":["blackbeard:AgileStrike","blackbeard:Dagger"],"picked":"blackbeard:BrownPants+1","floor":24},{"not_picked":["blackbeard:Fencing","blackbeard:CloakAndCannonball"],"picked":"blackbeard:PiratesWill","floor":28},{"not_picked":["blackbeard:VengefulSpirit","blackbeard:Revenge+1"],"picked":"blackbeard:BrownPants+1","floor":32}],"player_experience":277788,"relics_obtained":[{"floor":6,"key":"Ice Cream"},{"floor":9,"key":"Replay:Bottled Snecko"},{"floor":10,"key":"reliquary:TridentHead"},{"floor":12,"key":"Frozen Egg 2"},{"floor":20,"key":"Counterbalance"},{"floor":20,"key":"Durian"},{"floor":24,"key":"Replay:Bandana"},{"floor":26,"key":"beaked:ShinyBauble"}],"event_choices":[{"damage_healed":0,"gold_gain":0,"player_choice":"Leave","damage_taken":0,"max_hp_gain":0,"max_hp_loss":0,"event_name":"conspire:Investor","floor":3,"gold_loss":0},{"damage_healed":0,"gold_gain":0,"player_choice":"3","damage_taken":0,"max_hp_gain":0,"max_hp_loss":0,"event_name":"betterMatch:BetterMatch","floor":21,"gold_loss":0,"cards_obtained":[]}],"is_beta":false,"boss_relics":[{"not_picked":["reliquary:KinkedSpring","aspiration:RunicSpoon"],"picked":"aspiration:SecretTechniqueScroll"}],"items_purged_floors":[33],"is_endless":false,"potions_floor_spawned":[5,10,16,18,24,28],"killed_by":"Gensokyo:Eternal_Rivals","ascension_level":0}}