{"host":"4r4l1f06pwjt6l1i","time":1612649668,"event":{"mods":["AchievementEnabler","BaseMod","Bestiary","Colored Powertips","Filter the Spire","Highlight Path","Minty Spire (QoL Compilation)","Rare Cards Sparkle","Relic Stats"],"gold_per_floor":[117,117,192,211,222,252,252,284,284,37,63,83,102,131,131,131,131],"floor_reached":16,"language":"ENG","playtime":998,"items_purged":[],"score":202,"play_id":"132b5635-08ff-41ae-8817-9ad3ed65f7e2","local_time":"20210206171428","is_ascension_mode":true,"campfire_choices":[{"floor":7,"key":"REST"},{"floor":15,"key":"REST"}],"circlet_count":0,"master_deck":["AscendersBane","Strike_B","Strike_B","Strike_B","Strike_B","Defend_B","Defend_B","Defend_B","Defend_B","Zap","Dualcast","Deep Breath","Streamline+1","Hyperbeam","Hologram","Reprogram","Steam","Mayhem","Turbo","Hologram","Gash","Genetic Algorithm","Sunder"],"relics":["Cracked Core","White Beast Statue","Letter Opener","Bottled Lightning","Oddly Smooth Stone","Frozen Egg 2"],"acts_visited":["Exordium"],"potions_floor_usage":[8,14,16],"damage_taken":[{"damage":5,"enemies":"2 Louse","floor":1,"turns":3},{"damage":2,"enemies":"Jaw Worm","floor":4,"turns":3},{"damage":0,"enemies":"Small Slimes","floor":5,"turns":2},{"damage":27,"enemies":"Lagavulin","floor":6,"turns":5},{"damage":11,"enemies":"3 Sentries","floor":8,"turns":4},{"damage":17,"enemies":"Lagavulin","floor":11,"turns":5},{"damage":0,"enemies":"2 Fungi Beasts","floor":12,"turns":1},{"damage":1,"enemies":"Exordium Wildlife","floor":13,"turns":3},{"damage":21,"enemies":"3 Sentries","floor":14,"turns":4},{"damage":30,"enemies":"The Guardian","floor":16,"turns":13}],"seed_played":"-2286621914980664943","potions_obtained":[{"floor":4,"key":"EssenceOfSteel"},{"floor":8,"key":"Dexterity Potion"},{"floor":11,"key":"Regen Potion"},{"floor":13,"key":"Explosive Potion"},{"floor":14,"key":"FearPotion"}],"is_trial":false,"path_per_floor":["M","?","?","M","M","E","R","E","T","$","E","M","M","E","R","B"],"character_chosen":"DEFECT","items_purchased":["Mayhem","Turbo"],"campfire_rested":2,"item_purchase_floors":[10,10],"current_hp_per_floor":[63,63,52,50,50,23,45,34,34,34,17,17,16,7,29,0,0],"gold":131,"neow_bonus":"RANDOM_COLORLESS","is_daily":false,"chose_seed":false,"campfire_upgraded":0,"win_rate":0.0,"timestamp":1612649668,"path_taken":["M","?","?","M","M","E","R","E","T","$","E","M","M","E","R","BOSS"],"items_purchased_type":["Card","Card"],"build_version":"2020-12-22","purchased_purges":0,"victory":false,"max_hp_per_floor":[75,75,75,75,75,75,75,75,75,75,75,75,75,75,75,75,75],"relic_stats":{"counters":[10,43],"Letter Opener":[45],"obtain_stats":[{"Oddly Smooth Stone":11,"Letter Opener":8,"Bottled Lightning":9,"Frozen Egg 2":14,"Cracked Core":0,"White Beast Statue":6},{"Oddly Smooth Stone":6,"Letter Opener":5,"Bottled Lightning":5,"Frozen Egg 2":9,"Cracked Core":0,"White Beast Statue":4},{"Oddly Smooth Stone":22,"Letter Opener":17,"Bottled Lightning":17,"Frozen Egg 2":30,"Cracked Core":0,"White Beast Statue":13}]},"card_choices":[{"not_picked":["Panacea","Discovery"],"picked":"Deep Breath","floor":0},{"not_picked":["Conserve Battery","Coolheaded"],"picked":"Streamline","floor":1},{"not_picked":["Genetic Algorithm","Hologram"],"picked":"Hyperbeam","floor":4},{"not_picked":["Loop","Coolheaded"],"picked":"Hologram","floor":5},{"not_picked":["Cold Snap","Darkness"],"picked":"Reprogram","floor":6},{"not_picked":["Chill","Fusion"],"picked":"Steam","floor":8},{"not_picked":["Coolheaded","Stack"],"picked":"Hologram","floor":11},{"not_picked":["Multi-Cast","Defragment"],"picked":"Gash","floor":12},{"not_picked":["Streamline","Turbo"],"picked":"Genetic Algorithm","floor":13},{"not_picked":["Hologram","Static Discharge+1"],"picked":"Sunder","floor":14}],"player_experience":395355,"relics_obtained":[{"floor":6,"key":"White Beast Statue"},{"floor":8,"key":"Letter Opener"},{"floor":9,"key":"Bottled Lightning"},{"floor":11,"key":"Oddly Smooth Stone"},{"floor":14,"key":"Frozen Egg 2"}],"event_choices":[{"damage_healed":0,"gold_gain":0,"player_choice":"Grow","damage_taken":0,"max_hp_gain":0,"max_hp_loss":0,"event_name":"Living Wall","floor":2,"gold_loss":0,"cards_upgraded":["Streamline"]},{"damage_healed":0,"gold_gain":75,"player_choice":"Gather Gold","damage_taken":11,"max_hp_gain":0,"max_hp_loss":0,"event_name":"World of Goop","floor":3,"gold_loss":0}],"is_beta":false,"boss_relics":[],"items_purged_floors":[],"is_endless":false,"potions_floor_spawned":[4,8,11,12,13,14],"killed_by":"The Guardian","ascension_level":11}}