{"host":"d73an99q9oevilk5","time":1612606506,"event":{"mods":["2.2 Compatiblity","AchievementEnabler","Act Like it!","Aspiration","BaseMod","Beaked The Cultist","Better Third Choice","BetterRewards","Colored Map","Colored Powertips","Conspire","Downfall","GifTheSpireLib","Halation","Hubris","Infinite Spire","Marisa????????","Mimic Mod","Minty Spire (QoL Compilation)","Quick Restart","Relic Sorter","Reliquary","Replay The Spire","Shop Mod","Spikes Relics","StSLib","Stuff the Spire","The Cursed","The Necromancer","The Saiyan","Waifu the Spire","egg","slay the spire mod where everything is the same but ironclad has a cowboy hat"],"gold_per_floor":[117,136,136,147,160,186,204,204,237,255,255,275,275,308,308,410,410,422,432,446,446,460,460,489,501,513,544,556,568,568],"floor_reached":29,"language":"ENG","playtime":736,"items_purged":[],"score":359,"play_id":"5ed81f35-9530-4ac9-ac7a-10a1a80c6681","local_time":"20210206031506","is_ascension_mode":false,"campfire_choices":[{"data":"Defragment","floor":8,"key":"SMITH"},{"data":"Defragment","floor":11,"key":"SMITH"},{"data":"BasicCrystalCard","floor":13,"key":"SMITH"},{"data":"BasicCrystalCard","floor":15,"key":"SMITH"},{"data":"hubris:PowerSurge","floor":23,"key":"SMITH"}],"circlet_count":0,"master_deck":["Strike_B","Strike_B","Strike_B","Strike_B","Defend_B","Defend_B","Defend_B","Defend_B","Zap","Dualcast","StuffTheSpire:Synthwave","StuffTheSpire:Plugnplay+1","FIFO Queue","hubris:PowerSurge+1","hubris:PowerSurge","Ball Lightning","Defragment+1","BasicCrystalCard","Defragment+1","BasicCrystalCard+1","BasicCrystalCard+1","Seek","Streamline+1","Tempest","White Noise","Jack Of All Trades"],"relics":["Cracked Core","hubris:Reverence","infinitespire:FocusingShard","halation:SwordOfLegend","reliquary:PartyBalloon","Shuriken","hubris:Backtick","DataDisk","MutagenicStrength","MawBank","Mummified Hand"],"acts_visited":["Exordium","TheCity"],"potions_floor_usage":[5,22],"damage_taken":[{"damage":0,"enemies":"Cultist","floor":1,"turns":3},{"damage":4,"enemies":"2 Louse","floor":2,"turns":3},{"damage":3,"enemies":"Small Slimes","floor":4,"turns":3},{"damage":8,"enemies":"2 Fungi Beasts","floor":5,"turns":4},{"damage":21,"enemies":"3 Sentries","floor":6,"turns":4},{"damage":1,"enemies":"Exordium Wildlife","floor":7,"turns":2},{"damage":1,"enemies":"Large Slime","floor":9,"turns":4},{"damage":0,"enemies":"Large Slime","floor":10,"turns":2},{"damage":7,"enemies":"Blue Slaver","floor":12,"turns":2},{"damage":18,"enemies":"Lagavulin","floor":14,"turns":4},{"damage":25,"enemies":"Hexaghost","floor":16,"turns":8},{"damage":15,"enemies":"3 Byrds","floor":18,"turns":3},{"damage":5,"enemies":"Spheric Guardian","floor":19,"turns":3},{"damage":15,"enemies":"Snecko","floor":20,"turns":3},{"damage":10,"enemies":"Sentry and Sphere","floor":22,"turns":3},{"damage":22,"enemies":"Replay:Snechameleon","floor":24,"turns":4},{"damage":15,"enemies":"Shelled Parasite and Fungi","floor":27,"turns":2},{"damage":12,"enemies":"3 Cultists","floor":29,"turns":2}],"seed_played":"1687817761982363879","potions_obtained":[{"floor":4,"key":"SpeedPotion"},{"floor":5,"key":"Fire Potion"},{"floor":6,"key":"Energy Potion"},{"floor":24,"key":"sneckomod:MuddlingPotion"}],"is_trial":false,"path_per_floor":["M","M","?","M","M","E","M","R","MIM","M","R","M","R","E","R","B",null,"M","M","M","?","M","R","E","?","T","M","?","M"],"character_chosen":"DEFECT","items_purchased":["infinitespire:FocusingShard","StuffTheSpire:Synthwave","StuffTheSpire:Plugnplay+1","Adrenaline Potion"],"campfire_rested":0,"item_purchase_floors":[0,0,0,0],"current_hp_per_floor":[75,71,75,72,64,43,42,54,53,53,56,49,52,34,37,12,75,60,55,40,40,30,45,23,23,23,8,8,0,0],"gold":568,"neow_bonus":"","is_daily":false,"chose_seed":false,"campfire_upgraded":5,"win_rate":0.0,"timestamp":1612606506,"path_taken":["M","?","?","M","M","E","?","R","MIM","M","R","M","R","E","R","BOSS","M","M","M","?","M","R","E","?","T","?","?","M"],"items_purchased_type":["Relic","Card","Card","Potion"],"build_version":"2020-12-22","purchased_purges":0,"victory":false,"max_hp_per_floor":[75,75,75,75,75,75,75,75,75,75,75,75,75,75,75,75,75,75,75,75,75,75,75,75,75,75,75,75,75,75],"card_choices":[{"not_picked":["StuffTheSpire:LoadUp","StuffTheSpire:NuclearReactor"],"picked":"FIFO Queue","floor":1},{"not_picked":["Compile Driver","Stack"],"picked":"hubris:PowerSurge","floor":2},{"not_picked":["Capacitor","Auto Shields"],"picked":"hubris:PowerSurge","floor":4},{"not_picked":["Stack","conspire:Rain"],"picked":"Ball Lightning","floor":5},{"not_picked":["Undo","Barrage","Static Discharge"],"picked":"SKIP","floor":6},{"not_picked":["Steam","Coolheaded"],"picked":"Defragment","floor":7},{"not_picked":["All For One","Streamline"],"picked":"BasicCrystalCard","floor":9},{"not_picked":["Rebound","Beam Cell"],"picked":"Defragment","floor":10},{"not_picked":["Blizzard","Turbo"],"picked":"BasicCrystalCard","floor":12},{"not_picked":["Lockon","Recycle"],"picked":"BasicCrystalCard","floor":14},{"not_picked":["All For One","Meteor Strike"],"picked":"Seek","floor":16},{"not_picked":["Turbo+1","Steam","FIFO Queue"],"picked":"SKIP","floor":18},{"not_picked":["BasicCrystalCard","Fission"],"picked":"Streamline+1","floor":19},{"not_picked":["Panic Button+1","Rebound"],"picked":"Tempest","floor":20},{"not_picked":["hubris:Ukulele","StuffTheSpire:Plugnplay","Stack+1"],"picked":"SKIP","floor":22},{"not_picked":["All For One","Sweeping Beam"],"picked":"White Noise","floor":24},{"not_picked":["Compile Driver","Skim","Fusion"],"picked":"SKIP","floor":27}],"player_experience":1849130,"relics_obtained":[{"floor":6,"key":"reliquary:PartyBalloon"},{"floor":9,"key":"hubris:Reverence"},{"floor":14,"key":"Shuriken"},{"floor":24,"key":"MawBank"},{"floor":26,"key":"Mummified Hand"}],"event_choices":[{"damage_healed":0,"gold_gain":0,"player_choice":"Inject Mutagens","damage_taken":0,"relics_obtained":["MutagenicStrength"],"max_hp_gain":0,"max_hp_loss":0,"event_name":"Drug Dealer","floor":21,"gold_loss":0},{"damage_healed":0,"gold_gain":0,"player_choice":"1 cards matched","damage_taken":0,"max_hp_gain":0,"max_hp_loss":0,"event_name":"Match and Keep!","floor":25,"gold_loss":0,"cards_obtained":["Jack Of All Trades"]},{"damage_healed":0,"gold_gain":0,"player_choice":"Leave","damage_taken":0,"max_hp_gain":0,"max_hp_loss":0,"event_name":"conspire:Investor","floor":28,"gold_loss":0}],"is_beta":false,"boss_relics":[{"not_picked":["Fusion Hammer","aspiration:SecretTechniqueScroll"],"picked":"hubris:Backtick"}],"items_purged_floors":[],"is_endless":false,"potions_floor_spawned":[4,5,6,10,12,14,16,20,24],"killed_by":"3 Cultists","ascension_level":0}}