{"host":"nzm1i0l8mrsm8hd2","time":1612617339,"event":{"mods":["Act Like it!","Aspiration","BaseMod","Better Third Choice","Challenge The Spire","Conspire","Friendly Minions","Gensokyo","Jedi Mod","Minty Spire (QoL Compilation)","Pale of the Ancients","Quick Restart","Reliquary","RumiaBox-露米娅的神秘盒子","Spicy Shops","StSLib","The Saiyan","Wide Potions"],"gold_per_floor":[111,111,121,121,138,138,168,178,178,194,211,234,245,255,255,255,255],"floor_reached":16,"language":"ZHS","playtime":934,"items_purged":[],"score":140,"play_id":"90efc32e-7514-4d60-8b20-9290f4e9ef97","local_time":"20210206211539","is_ascension_mode":true,"campfire_choices":[{"data":"Adrenaline","floor":6.0,"key":"SMITH"},{"data":"Prepared","floor":15,"key":"SMITH"}],"circlet_count":0,"master_deck":["Strike_R","Strike_R","Strike_R","Strike_R","Strike_R","Defend_R+1","Bash","Prepared+1","Venomology","Adrenaline+1","jedi:MakeshiftSword","Corruption+1"],"relics":["Burning Blood","NeowsBlessing","Baka","Ancient Tea Set","PlanX","PlanX","Centennial Puzzle","GodSword3","reliquary:Buckler"],"acts_visited":["Exordium"],"potions_floor_usage":[7,8,8,11,13],"damage_taken":[{"damage":0.0,"enemies":"Gensokyo:Python","floor":1.0,"turns":1.0},{"damage":0.0,"enemies":"Gensokyo:3_Fairies","floor":3.0,"turns":1.0},{"damage":0.0,"enemies":"Gensokyo:2_Kodama","floor":5.0,"turns":1.0},{"damage":42,"enemies":"Gensokyo:Aya","floor":7,"turns":6},{"damage":51,"enemies":"Gensokyo:5_Fairies","floor":8,"turns":5},{"damage":0,"enemies":"Gensokyo:LivingMonolith","floor":10,"turns":3},{"damage":0,"enemies":"Gensokyo:2_Rabbits","floor":11,"turns":1},{"damage":9,"enemies":"Gensokyo:3_Kodama","floor":13,"turns":3},{"damage":0,"enemies":"Gensokyo:VengefulSpirit","floor":14,"turns":3},{"damage":0,"enemies":"Gensokyo:Yukari","floor":16,"turns":2}],"seed_played":"-7241785165709194469","potions_obtained":[{"floor":3.0,"key":"Dexterity Potion"},{"floor":10,"key":"Explosive Potion"},{"floor":11,"key":"jedi:wingpotion"},{"floor":13,"key":"Swift Potion"}],"is_trial":false,"path_per_floor":["M","T","M","?","M","R","E","M","T","M","M","T","M","M","R","B"],"character_chosen":"IRONCLAD","items_purchased":[],"campfire_rested":0,"item_purchase_floors":[],"current_hp_per_floor":[78,78,80,80,80,80,53,39,39,45,51,51,48,54,54,54,54],"gold":255,"neow_bonus":"THREE_ENEMY_KILL","is_daily":false,"chose_seed":false,"campfire_upgraded":2,"win_rate":0.0,"timestamp":1612617339,"path_taken":["M","?","M","?","?","R","E","M","T","M","M","?","?","M","R","BOSS"],"items_purchased_type":[],"build_version":"2020-12-22","purchased_purges":0,"victory":false,"max_hp_per_floor":[80,80,80,80,80,80,80,80,80,80,80,80,80,80,80,80,80],"card_choices":[{"not_picked":["Anger","Clash","Uppercut"],"picked":"SKIP","floor":1.0},{"not_picked":["True Grit","Entrench","Pommel Strike"],"picked":"SKIP","floor":3.0},{"not_picked":["Headbutt","Blood for Blood"],"picked":"jedi:MakeshiftSword","floor":5.0},{"not_picked":["Perfected Strike","Wild Strike"],"picked":"Corruption","floor":7},{"not_picked":["Power Through","Thunderclap","Headbutt"],"picked":"SKIP","floor":8},{"not_picked":["Clash","Thunderclap","Headbutt"],"picked":"SKIP","floor":10},{"not_picked":["Searing Blow","Uppercut","Havoc"],"picked":"SKIP","floor":11},{"not_picked":["Armaments","Dropkick","jedi:fear"],"picked":"SKIP","floor":13},{"not_picked":["Flex","Wild Strike","Ghostly Armor"],"picked":"SKIP","floor":14}],"player_experience":569399,"relics_obtained":[{"floor":1.0,"key":"Baka"},{"floor":2.0,"key":"Ancient Tea Set"},{"floor":3.0,"key":"PlanX"},{"floor":3.0,"key":"PlanX"},{"floor":7,"key":"Centennial Puzzle"},{"floor":9,"key":"GodSword3"},{"floor":12,"key":"reliquary:Buckler"}],"event_choices":[],"is_beta":false,"boss_relics":[],"items_purged_floors":[],"is_endless":false,"potions_floor_spawned":[3,7,10,11,13],"killed_by":"Gensokyo:Yukari","ascension_level":7}}