{"host":"baymyijz6sxaqj5s","time":1612599444,"event":{"mods":["AchievementEnabler","BaseMod","Colored Map","Colored Powertips","DeckTracker","Highlight Path","KOR Keyword Fix","Keyboard Shortcuts","Minty Spire (QoL Compilation)","StSLib","SuperFastMode","everything is the same but u backflip on backflip"],"gold_per_floor":[111,131,81,156,169,169,88,88,88,88,88,104,121,137,137,234,234,244,259,270,270,320,320,340,340,340,358,372,297,316,351,351,452,452,469,569,589,604,604,604,604,604],"floor_reached":41,"language":"KOR","playtime":1780,"items_purged":["Strike_R"],"score":526,"play_id":"a4a44b0f-a28b-4ba0-8e24-76139ad4a127","local_time":"20210206171724","is_ascension_mode":true,"campfire_choices":[{"data":"Armaments","floor":6,"key":"SMITH"},{"data":"Inflame","floor":8,"key":"SMITH"},{"floor":15,"key":"REST"},{"data":"Heavy Blade","floor":23,"key":"SMITH"},{"floor":25,"key":"REST"},{"floor":32,"key":"REST"},{"floor":40,"key":"REST"}],"circlet_count":0,"master_deck":["Strike_R","Strike_R","Defend_R","Defend_R","Defend_R","Defend_R","Bash","Armaments+1","Dropkick","Inflame+1","Shrug It Off","Whirlwind","Heavy Blade+1","Demon Form","Entrench","Inflame+1","Flame Barrier","Shrug It Off","Barricade+1","Flame Barrier+1","Shrug It Off+1"],"relics":["Burning Blood","Letter Opener","Gambling Chip","Runic Pyramid","Frozen Egg 2","Strawberry","Sozu"],"acts_visited":["Exordium","TheCity","TheBeyond"],"potions_floor_usage":[16,16,24,24,31,31,31],"damage_taken":[{"damage":1,"enemies":"Cultist","floor":1,"turns":4},{"damage":6,"enemies":"Jaw Worm","floor":2,"turns":4},{"damage":0,"enemies":"Small Slimes","floor":5,"turns":3},{"damage":5,"enemies":"3 Louse","floor":12,"turns":5},{"damage":3,"enemies":"2 Fungi Beasts","floor":13,"turns":5},{"damage":1,"enemies":"Exordium Wildlife","floor":14,"turns":3},{"damage":48,"enemies":"Hexaghost","floor":16,"turns":14},{"damage":0,"enemies":"Chosen","floor":18,"turns":5},{"damage":22,"enemies":"3 Byrds","floor":19,"turns":6},{"damage":27,"enemies":"Snake Plant","floor":20,"turns":6},{"damage":30,"enemies":"3 Cultists","floor":24,"turns":5},{"damage":15,"enemies":"Centurion and Healer","floor":27,"turns":8},{"damage":18,"enemies":"Snecko","floor":28,"turns":4},{"damage":17,"enemies":"Snake Plant","floor":30,"turns":6},{"damage":0,"enemies":"Gremlin Leader","floor":31,"turns":5},{"damage":37,"enemies":"Automaton","floor":33,"turns":11},{"damage":0,"enemies":"3 Shapes","floor":35,"turns":5},{"damage":38,"enemies":"3 Darklings","floor":37,"turns":5},{"damage":12,"enemies":"Jaw Worm Horde","floor":38,"turns":7},{"damage":92,"enemies":"Giant Head","floor":41,"turns":9}],"seed_played":"-2712847034511916807","potions_obtained":[{"floor":1,"key":"GamblersBrew"},{"floor":2,"key":"LiquidMemories"},{"floor":12,"key":"BloodPotion"},{"floor":13,"key":"Dexterity Potion"},{"floor":16,"key":"SmokeBomb"},{"floor":20,"key":"LiquidMemories"},{"floor":24,"key":"Fire Potion"},{"floor":28,"key":"PowerPotion"},{"floor":30,"key":"SteroidPotion"}],"is_trial":false,"path_per_floor":["M","M","?","?","M","R","$","R","T","?","?","M","M","M","R","B",null,"M","M","M","?","?","R","M","R","T","M","M","$","M","E","R","B",null,"M","?","M","M","?","R","E"],"character_chosen":"IRONCLAD","items_purchased":["Inflame"],"campfire_rested":4,"item_purchase_floors":[7],"current_hp_per_floor":[88,88,88,77,83,83,83,83,83,58,51,52,55,60,86,44,88,88,72,51,51,51,51,44,70,70,61,49,49,38,51,79,48,95,95,95,63,57,57,84,0,0],"gold":604,"neow_bonus":"TEN_PERCENT_HP_BONUS","is_daily":false,"chose_seed":false,"campfire_upgraded":3,"win_rate":0.0,"timestamp":1612599444,"path_taken":["M","?","?","?","M","R","$","R","T","?","?","M","?","M","R","BOSS","M","M","M","?","?","R","M","R","T","M","?","?","M","E","R","BOSS","M","?","?","M","?","R","E"],"items_purchased_type":["Card"],"build_version":"2020-12-22","purchased_purges":1,"victory":false,"max_hp_per_floor":[88,88,88,88,88,88,88,88,88,88,88,88,88,88,88,88,88,88,88,88,88,88,88,88,88,88,88,88,88,88,95,95,95,95,95,95,95,95,90,90,90,90],"card_choices":[{"not_picked":["Rage","Twin Strike"],"picked":"Armaments","floor":1},{"not_picked":["Iron Wave","Cleave"],"picked":"Dropkick","floor":2},{"not_picked":["Blood for Blood","Pommel Strike","Havoc"],"picked":"SKIP","floor":5},{"not_picked":["Disarm","Bloodletting"],"picked":"Shrug It Off","floor":12},{"not_picked":["Sword Boomerang","Searing Blow"],"picked":"Whirlwind","floor":13},{"not_picked":["Offering","Infernal Blade"],"picked":"Heavy Blade","floor":14},{"not_picked":["Berserk","Bludgeon"],"picked":"Demon Form","floor":16},{"not_picked":["Sentinel","Second Wind+1"],"picked":"Entrench","floor":18},{"not_picked":["Clothesline","Carnage","Dropkick"],"picked":"SKIP","floor":19},{"not_picked":["True Grit","Armaments","Flex"],"picked":"SKIP","floor":20},{"not_picked":["Headbutt+1","Intimidate","Uppercut"],"picked":"SKIP","floor":24},{"not_picked":["Pommel Strike","Disarm"],"picked":"Inflame+1","floor":27},{"not_picked":["Burning Pact","Flex"],"picked":"Flame Barrier","floor":28},{"not_picked":["Warcry","Seeing Red"],"picked":"Shrug It Off","floor":30},{"not_picked":["Feel No Pain+1","Combust+1","Perfected Strike"],"picked":"SKIP","floor":31},{"not_picked":["Double Tap","Fiend Fire"],"picked":"Barricade+1","floor":33},{"not_picked":["Reckless Charge","Inflame+1"],"picked":"Flame Barrier+1","floor":35},{"not_picked":["Sword Boomerang","Warcry+1"],"picked":"Shrug It Off+1","floor":37},{"not_picked":["Power Through","Clash+1","Clothesline"],"picked":"SKIP","floor":38}],"player_experience":74528,"relics_obtained":[{"floor":9,"key":"Letter Opener"},{"floor":26,"key":"Frozen Egg 2"},{"floor":31,"key":"Strawberry"}],"event_choices":[{"cards_removed":["Strike_R"],"damage_healed":0,"gold_gain":0,"player_choice":"Card Removal","damage_taken":0,"max_hp_gain":0,"max_hp_loss":0,"event_name":"The Cleric","floor":3,"gold_loss":50},{"damage_healed":0,"gold_gain":75,"player_choice":"Gather Gold","damage_taken":11,"max_hp_gain":0,"max_hp_loss":0,"event_name":"World of Goop","floor":4,"gold_loss":0},{"damage_healed":0,"gold_gain":0,"player_choice":"Success","damage_taken":25,"relics_obtained":["Gambling Chip"],"max_hp_gain":0,"max_hp_loss":0,"event_name":"Scrap Ooze","floor":10,"gold_loss":0},{"cards_removed":["Strike_R"],"damage_healed":0,"gold_gain":0,"player_choice":"Card Removal","damage_taken":7,"max_hp_gain":0,"max_hp_loss":0,"event_name":"Golden Wing","floor":11,"gold_loss":0},{"damage_healed":0,"gold_gain":0,"player_choice":"Ignored","damage_taken":0,"max_hp_gain":0,"max_hp_loss":0,"event_name":"The Mausoleum","floor":21,"gold_loss":0},{"damage_healed":0,"gold_gain":100,"player_choice":"Bet on Murderer","damage_taken":0,"max_hp_gain":0,"max_hp_loss":0,"event_name":"The Joust","floor":22,"gold_loss":50},{"damage_healed":0,"gold_gain":100,"player_choice":"Pray","damage_taken":0,"max_hp_gain":0,"max_hp_loss":0,"event_name":"Golden Shrine","floor":36,"gold_loss":0},{"damage_healed":0,"gold_gain":0,"player_choice":"Max HP","damage_taken":0,"max_hp_gain":0,"max_hp_loss":5,"event_name":"Winding Halls","floor":39,"gold_loss":0}],"is_beta":false,"boss_relics":[{"not_picked":["Fusion Hammer","Snecko Eye"],"picked":"Runic Pyramid"},{"not_picked":["Runic Cube","Tiny House"],"picked":"Sozu"}],"items_purged_floors":[29],"is_endless":false,"potions_floor_spawned":[1,2,12,13,16,20,24,28,30,35,37],"killed_by":"Giant Head","ascension_level":3}}