{"host":"bd3tl98ed0kk4173","time":1612653256,"event":{"mods":["Act Like it!","Aspiration","BaseMod","Better Altar","Better Match","Better Note","Better Sensory Stone","Better Skull","Better Third Choice","BetterRewards","CapriCore","Colored Map","Colored Powertips","Conspire","Ekko","Elementarium","Emptier Cage","Energized Spire","Fox Events","GifTheSpireLib","GungeonMod","Halation","HexUI Lib","Highlight Path","Hubris","Infinite Spire","JesterMod","Jorbs\u0027s Wanderer Trilogy","Koishi","Melee Mod","Minty Spire (QoL Compilation)","Permanent Neow","Quick Restart","Rare Cards Sparkle","Reliquary","Replay The Spire","Retaliation","SacredBarkPlus","Spicy Shops","Spire Arcade","StSLib","Stuff the Spire","The Animator","The Blue Laboratory","The Disciple","The Problem Sleuth","The Sage","The Valiant","??????REMEMod"],"gold_per_floor":[114,39,39,59,9,9,41,41,110,120,120,130,158,177,177,277,277,289,308,115,131,146,157,172,172,172,172,172,172,172,191,191,295,295,306,306,324,340,340,340,353,353,353,353,353,353,353,373,373,180,180,180],"floor_reached":53,"language":"ENG","playtime":3066,"items_purged":["Strike_R"],"score":669,"play_id":"35f8ec6c-8203-4ccd-babf-e119f0c8f307","local_time":"20210206181416","is_ascension_mode":false,"campfire_choices":[{"data":"Armaments","floor":6.0,"key":"SMITH"},{"data":"Whirlwind","floor":8.0,"key":"SMITH"},{"data":"Twin Strike","floor":11.0,"key":"SMITH"},{"data":"Cleave","floor":15.0,"key":"SMITH"},{"data":"Seeing Red","floor":25.0,"key":"SMITH"},{"data":"Havoc","floor":29.0,"key":"SMITH"},{"floor":32.0,"key":"REST"},{"data":"Eclipse","floor":40.0,"key":"SMITH"},{"data":"Eclipse","floor":42.0,"key":"SMITH"},{"data":"DDmod:MulticlassingSkill","floor":49.0,"key":"SMITH"},{"data":"Infernal Blade","floor":51.0,"key":"SMITH"}],"circlet_count":0,"master_deck":["Strike_R+1","Strike_R+1","Strike_R+1","Strike_R+1","Defend_R+1","Defend_R+1","Defend_R+1","Defend_R+1","Bash","Armaments+1","Havoc+1","Defend_R+1","Whirlwind+1","Twin Strike+1","Cleave+1","DDmod:SpikedSkill","Flex","Double Tap","DDmod:SpikeMailSkill","Seeing Red+1","Koishi:PredatoryInstincts+1","Infernal Blade+1","Eclipse+1","Replay:Undeath\u0027s Touch","Armaments+1","Eclipse+1","ReplayTheSpireMod:Muscle Training+1","REME_BattleFury","DDmod:MulticlassingSkill+1","Infernal Blade+1","Perfected Strike"],"relics":["Burning Blood","REME_ComplimentaryCards","Juzu Bracelet","infinitespire:EmpoweringShard","StuffTheSpire:PointBlank","reliquary:SilkGlove","aspiration:FutureDiary","Replay:Wax Seal","Strange Spoon","StuffTheSpire:Gunfinga","aspiration:RitualStick","energizedSpire:DeadBattery","hubris:Icosahedron","DemoMod:AgedBell","halation:PapillonHeart","StuffTheSpire:BottledEssence"],"acts_visited":["Exordium","TheCity","TheBeyond"],"potions_floor_usage":[52,52,52],"damage_taken":[{"damage":1.0,"enemies":"Cultist","floor":1.0,"turns":3.0},{"damage":5.0,"enemies":"Jaw Worm","floor":4.0,"turns":5.0},{"damage":12.0,"enemies":"3 Sentries","floor":7.0,"turns":4.0},{"damage":0.0,"enemies":"2 Louse","floor":10.0,"turns":1.0},{"damage":0.0,"enemies":"Exordium Wildlife","floor":12.0,"turns":3.0},{"damage":7.0,"enemies":"Lagavulin","floor":13.0,"turns":4.0},{"damage":0.0,"enemies":"2 Fungi Beasts","floor":14.0,"turns":3.0},{"damage":59.0,"enemies":"Slime Boss","floor":16.0,"turns":10.0},{"damage":14.0,"enemies":"Spheric Guardian","floor":18.0,"turns":4.0},{"damage":0.0,"enemies":"2 Thieves","floor":19.0,"turns":1.0},{"damage":34.0,"enemies":"Snake Plant","floor":21.0,"turns":4.0},{"damage":17.0,"enemies":"Cultist and Chosen","floor":22.0,"turns":6.0},{"damage":0.0,"enemies":"Centurion and Healer","floor":23.0,"turns":1.0},{"damage":0.0,"enemies":"Shelled Parasite and Fungi","floor":24.0,"turns":1.0},{"damage":0.0,"enemies":"Cultist and Chosen","floor":31.0,"turns":4.0},{"damage":45.0,"enemies":"conspire:MysteriousRune","floor":33.0,"turns":8.0},{"damage":0.0,"enemies":"3 Darklings","floor":35.0,"turns":2.0},{"damage":0.0,"enemies":"Orb Walker","floor":37.0,"turns":3.0},{"damage":11.0,"enemies":"Transient","floor":38.0,"turns":5.0},{"damage":10.0,"enemies":"Writhing Mass","floor":41.0,"turns":2.0},{"damage":7.0,"enemies":"Sphere and 2 Shapes","floor":48.0,"turns":4.0},{"damage":80,"enemies":"Awakened One","floor":52,"turns":8}],"seed_played":"2407466698367916267","potions_obtained":[{"floor":7.0,"key":"blueLaboratory:BottleOfRum"},{"floor":10.0,"key":"Elixir"},{"floor":14.0,"key":"SpeedPotion"},{"floor":21.0,"key":"blueLaboratory:SavagePotion"},{"floor":33.0,"key":"blueLaboratory:PyrophylliteBrew"},{"floor":35.0,"key":"LiquidMemories"},{"floor":37.0,"key":"Reflective Coating"},{"floor":48.0,"key":"Strength Potion"}],"is_trial":false,"path_per_floor":["M","$","?","M","?","R","E","R","T","M","R","M","E","M","R","B",null,"M","M","$","M","M","M","M","R","T","?","?","R","?","M","R","B",null,"M","?","M","M","?","R","M","R","T","?","?","PTL","PTL","M","R","$","R","B",null],"character_chosen":"IRONCLAD","items_purchased":["Replay:Wax Seal","Strange Spoon","StuffTheSpire:BottledEssence","Perfected Strike"],"campfire_rested":1,"item_purchase_floors":[20,20,50,50],"current_hp_per_floor":[80,80,80,80,80,80,74,74,74,80,80,80,79,80,80,27,80,72,78,78,50,39,45,51,51,51,51,51,51,35,41,65,38,80,80,80,80,80,80,80,80,80,80,80,76,76,76,75,75,75,75,19],"gold":180,"neow_bonus":"RANDOM_COMMON_RELIC","is_daily":false,"chose_seed":false,"campfire_upgraded":10,"win_rate":0.0,"timestamp":1612653256,"path_taken":["M","$","?","M","?","R","E","R","T","M","R","M","E","M","R","BOSS","M","M","$","M","M","M","M","R","T","?","?","R","?","M","R","BOSS","M","?","M","M","?","R","M","R","T","?","?","PTL","PTL","M","R","$","R","BOSS"],"items_purchased_type":["Relic","Relic","Relic","Card"],"build_version":"2020-12-22","purchased_purges":1,"victory":true,"max_hp_per_floor":[80,80,80,80,80,80,80,80,80,80,80,80,80,80,80,80,80,80,80,80,80,80,80,80,80,80,80,80,80,80,80,80,80,80,80,80,80,80,80,80,80,80,80,80,76,76,76,76,76,76,76,76],"card_choices":[{"not_picked":["Clash","Heavy Blade"],"picked":"Armaments","floor":1.0},{"not_picked":["Shrug It Off","StuffTheSpire:Pyroclast"],"picked":"Havoc","floor":4.0},{"not_picked":["Feel No Pain","DDmod:EasePowerCard"],"picked":"Whirlwind","floor":7.0},{"not_picked":["Pommel Strike","Sentinel"],"picked":"Twin Strike","floor":10.0},{"not_picked":["conspire:ExplosiveBarrier","DDmod:CallousedSkill"],"picked":"Cleave","floor":12.0},{"not_picked":["Pummel","Hemogenesis"],"picked":"DDmod:SpikedSkill","floor":13.0},{"not_picked":["Shrug It Off","True Grit"],"picked":"Flex","floor":14.0},{"not_picked":["Bludgeon","Reaper"],"picked":"Double Tap","floor":16.0},{"not_picked":["Whirlwind","Pommel Strike"],"picked":"DDmod:SpikeMailSkill","floor":18.0},{"not_picked":["Heavy Blade","Flex","ReplayReversal"],"picked":"SKIP","floor":19.0},{"not_picked":["Entrench","Sword Boomerang"],"picked":"Seeing Red","floor":21.0},{"not_picked":["StuffTheSpire:RockThrow+1","Dark Embrace","Dropkick"],"picked":"SKIP","floor":22.0},{"not_picked":["Shockwave","DDmod:EasePowerCard","DDmod:GrandUltimatumAttack"],"picked":"SKIP","floor":23.0},{"not_picked":["Havoc","ReplayTheSpireMod:Strike From Hell","Clash+1"],"picked":"SKIP","floor":24.0},{"not_picked":["infinitespire:OneForAll","Cleave"],"picked":"Infernal Blade","floor":31.0},{"not_picked":["DDmod:PlatedThornsSkill","Fiend Fire"],"picked":"Eclipse","floor":33.0},{"not_picked":["Bloodletting","Body Slam+1"],"picked":"Replay:Undeath\u0027s Touch","floor":35.0},{"not_picked":["conspire:Charge","Ghostly Armor"],"picked":"Armaments+1","floor":37.0},{"not_picked":["DDmod:CallousedSkill+1","Shrug It Off","Flex+1"],"picked":"SKIP","floor":38.0},{"not_picked":["Replay:Undeath\u0027s Touch","StuffTheSpire:Slingshot"],"picked":"ReplayTheSpireMod:Muscle Training+1","floor":41.0},{"not_picked":["DDmod:MulticlassingSkill","REME_ShortnessOfBreath"],"picked":"REME_BattleFury","floor":44.0},{"not_picked":["sagemod:Perplexing_Glare","Enlightenment"],"picked":"DDmod:MulticlassingSkill","floor":44.0},{"not_picked":["StuffTheSpire:BloodClot+1","Sword Boomerang+1"],"picked":"Infernal Blade+1","floor":48.0}],"player_experience":96776,"relics_obtained":[{"floor":7.0,"key":"infinitespire:EmpoweringShard"},{"floor":9.0,"key":"StuffTheSpire:PointBlank"},{"floor":13.0,"key":"reliquary:SilkGlove"},{"floor":26.0,"key":"StuffTheSpire:Gunfinga"},{"floor":43.0,"key":"DemoMod:AgedBell"}],"event_choices":[{"damage_healed":0.0,"max_hp_gain":0.0,"max_hp_loss":0.0,"gold_gain":0.0,"event_name":"conspire:LoneGhost","player_choice":"Disagree","floor":3.0,"gold_loss":0.0,"damage_taken":0.0},{"damage_healed":0.0,"max_hp_gain":0.0,"max_hp_loss":0.0,"gold_gain":0.0,"event_name":"betterNote:BetterNote","player_choice":"Take","floor":27.0,"gold_loss":0.0,"damage_taken":0.0,"cards_obtained":["Koishi:PredatoryInstincts"]},{"damage_healed":0.0,"max_hp_gain":0.0,"max_hp_loss":9.0,"gold_gain":0.0,"event_name":"betterThird:BetterWriting","player_choice":"Simplicity","floor":28.0,"gold_loss":0.0,"damage_taken":0.0},{"damage_healed":0.0,"max_hp_gain":0.0,"max_hp_loss":0.0,"gold_gain":0.0,"event_name":"Duplicator","player_choice":"Copied","floor":39.0,"gold_loss":0.0,"damage_taken":0.0,"cards_obtained":["Eclipse"]},{"damage_healed":0.0,"max_hp_gain":0.0,"max_hp_loss":0.0,"gold_gain":3.0,"event_name":"betterStone:BetterStone","player_choice":"1","floor":44.0,"gold_loss":0.0,"damage_taken":0.0}],"is_beta":false,"boss_relics":[{"not_picked":["hubris:CrackedHourglass","reliquary:Craggleroot"],"picked":"aspiration:FutureDiary"},{"not_picked":["Kintsugi","Snecko Eye"],"picked":"energizedSpire:DeadBattery"}],"items_purged_floors":[2],"is_endless":false,"potions_floor_spawned":[7,10,14,21,24,33,35,37,48],"ascension_level":0}}