{"host":"at5b10nm0iti0w4x","time":1612639433,"event":{"mods":["AchievementEnabler","BaseMod","Bestiary","Block Reminder","Colored Map","Colored Powertips","Highlight Path","Keyboard Shortcuts","Minty Spire (QoL Compilation)","Relic Stats","StSLib","SuperFastMode"],"gold_per_floor":[114,189,189,149,168,187,187,206,256,275,313,332,332,351,351,476,476,495,514,533,533,533,533,133,133,133,133,152,171,190,40,40,165,165,184,203,203,536,91,91,121,136,136,151,151,166,196,226,226,226],"floor_reached":51,"language":"ENG","playtime":2424,"items_purged":["Entrench"],"score":816,"play_id":"648c591f-9271-4008-9ab7-135bc2ad1e29","local_time":"20210206142353","daily_mods":["Draft","Diverse","DeadlyEvents"],"is_ascension_mode":false,"campfire_choices":[{"data":"Armaments","floor":7,"key":"SMITH"},{"data":"BattleHymn","floor":13,"key":"SMITH"},{"floor":15,"key":"REST"},{"data":"Metallicize","floor":23,"key":"SMITH"},{"data":"Iron Wave","floor":25,"key":"SMITH"},{"data":"Warcry","floor":27,"key":"SMITH"},{"floor":32,"key":"REST"},{"floor":40,"key":"REST"},{"floor":49,"key":"REST"}],"circlet_count":0,"master_deck":["Rupture","Armaments+1","Hello World","Cloak And Dagger","Clothesline","Headbutt","Clash","FollowUp","Beam Cell","Deadly Poison","Quick Slash","Deadly Poison","Stack","Flex","Bane","Go for the Eyes","PiercingWail","Ball Lightning","Iron Wave+1","BattleHymn+1","Gash","Corpse Explosion","Power Through","Metallicize+1","Warcry+1","Ghostly","Ghostly","Ghostly","Ghostly","Ghostly","Gash","Sunder","Self Repair","Hologram","Burst","Dual Wield","Warcry+1","White Noise+1","Inflame","FollowUp","Redo","Noxious Fumes+1","Protect+1","Brutality"],"relics":["Ring of the Snake","Ancient Tea Set","Bottled Tornado","Sozu","Dream Catcher","TwistedFunnel","Lantern","Centennial Puzzle","Bag of Preparation","Fusion Hammer","Lee\u0027s Waffle","Strawberry","Vajra","Pen Nib","Mercury Hourglass","PreservedInsect"],"acts_visited":["Exordium","TheCity","TheBeyond"],"potions_floor_usage":[18],"damage_taken":[{"damage":4,"enemies":"Small Slimes","floor":1,"turns":3},{"damage":5,"enemies":"2 Louse","floor":5,"turns":2},{"damage":0,"enemies":"Cultist","floor":6,"turns":2},{"damage":4,"enemies":"Red Slaver","floor":8,"turns":2},{"damage":1,"enemies":"Looter","floor":10,"turns":2},{"damage":17,"enemies":"Gremlin Nob","floor":11,"turns":4},{"damage":0,"enemies":"3 Louse","floor":12,"turns":3},{"damage":5,"enemies":"Exordium Wildlife","floor":14,"turns":3},{"damage":28,"enemies":"The Guardian","floor":16,"turns":7},{"damage":0,"enemies":"Spheric Guardian","floor":18,"turns":3},{"damage":0,"enemies":"Chosen","floor":19,"turns":3},{"damage":11,"enemies":"Shelled Parasite and Fungi","floor":20,"turns":4},{"damage":0,"enemies":"Chosen and Byrds","floor":28,"turns":5},{"damage":0,"enemies":"Cultist and Chosen","floor":29,"turns":4},{"damage":10,"enemies":"Snake Plant","floor":30,"turns":4},{"damage":20,"enemies":"Automaton","floor":33,"turns":12},{"damage":0,"enemies":"3 Darklings","floor":35,"turns":3},{"damage":1,"enemies":"Orb Walker","floor":36,"turns":3},{"damage":2,"enemies":"Reptomancer","floor":41,"turns":6},{"damage":2,"enemies":"3 Darklings","floor":42,"turns":4},{"damage":2,"enemies":"Spire Growth","floor":44,"turns":4},{"damage":1,"enemies":"Maw","floor":46,"turns":7},{"damage":9,"enemies":"Giant Head","floor":47,"turns":6},{"damage":17,"enemies":"Nemesis","floor":48,"turns":5},{"damage":15,"enemies":"Awakened One","floor":50,"turns":8}],"seed_played":"5285009320175426936","potions_obtained":[{"floor":4,"key":"EntropicBrew"},{"floor":4,"key":"SteroidPotion"},{"floor":4,"key":"FairyPotion"},{"floor":5,"key":"Explosive Potion"}],"is_trial":false,"path_per_floor":["M","?","?","?","M","M","R","M","T","M","E","M","R","M","R","B",null,"M","M","M","?","T","R","$","R","T","R","M","M","M","$","R","B",null,"M","M","?","?","$","R","E","M","T","M","?","M","E","E","R","B",null],"character_chosen":"THE_SILENT","items_purchased":["Gash","TwistedFunnel","Lantern","Bag of Preparation","White Noise","Inflame","Lee\u0027s Waffle","Strawberry"],"campfire_rested":4,"item_purchase_floors":[24,24,24,31,39,39,39,39],"current_hp_per_floor":[66,55,55,55,50,50,50,46,46,45,28,28,28,23,42,14,65,65,65,54,32,32,32,32,32,32,32,32,32,22,22,31,18,32,32,31,31,31,46,46,46,44,44,42,42,46,44,34,46,38],"gold":226,"neow_bonus":"","is_daily":true,"chose_seed":false,"campfire_upgraded":5,"win_rate":0.0,"timestamp":1612639433,"path_taken":["M","?","?","?","M","M","R","M","T","M","?","M","R","M","R","BOSS","M","M","M","?","?","R","$","R","T","R","M","M","M","$","R","BOSS","M","M","?","?","$","R","?","M","T","?","?","M","?","E","R","BOSS"],"items_purchased_type":["Card","Relic","Relic","Relic","Card","Card","Relic","Relic"],"build_version":"2020-12-22","purchased_purges":1,"victory":true,"max_hp_per_floor":[70,70,65,65,65,65,65,65,65,65,65,65,65,65,65,65,65,65,65,65,32,32,32,32,32,32,32,32,32,32,32,32,32,32,32,32,32,32,46,46,46,46,46,46,46,46,46,46,46,46],"relic_stats":{"Sozu":5,"Dream Catcher":3,"Centennial Puzzle":[30],"Lee\u0027s Waffle":8,"counters":[25,109],"Pen Nib":[10],"PreservedInsect":0,"Bag of Preparation":[20],"obtain_stats":[{"TwistedFunnel":24,"Lantern":24,"Lee\u0027s Waffle":39,"Golden Idol":3,"Vajra":41,"Pen Nib":43,"PreservedInsect":48,"Bag of Preparation":31,"Bottled Tornado":11,"Ancient Tea Set":9,"Mercury Hourglass":47,"Sozu":17,"Dream Catcher":22,"Centennial Puzzle":26,"Strawberry":39,"Fusion Hammer":34,"Ring of the Snake":0},{"TwistedFunnel":12,"Lantern":12,"Lee\u0027s Waffle":18,"Golden Idol":1,"Vajra":19,"Pen Nib":20,"PreservedInsect":24,"Bag of Preparation":15,"Bottled Tornado":6,"Ancient Tea Set":4,"Mercury Hourglass":23,"Sozu":9,"Dream Catcher":12,"Centennial Puzzle":12,"Strawberry":18,"Fusion Hammer":16,"Ring of the Snake":0},{"TwistedFunnel":38,"Lantern":38,"Lee\u0027s Waffle":69,"Golden Idol":3,"Vajra":75,"Pen Nib":79,"PreservedInsect":101,"Bag of Preparation":51,"Bottled Tornado":15,"Ancient Tea Set":9,"Mercury Hourglass":96,"Sozu":28,"Dream Catcher":38,"Centennial Puzzle":38,"Strawberry":69,"Fusion Hammer":63,"Ring of the Snake":0}],"Ring of the Snake":[50],"Mercury Hourglass":[50]},"card_choices":[{"not_picked":["Havoc","Lockon"],"picked":"Rupture","floor":0},{"not_picked":["Clothesline","Iron Wave"],"picked":"Armaments","floor":0},{"not_picked":["Escape Plan","PathToVictory"],"picked":"Hello World","floor":0},{"not_picked":["Body Slam","Perseverance"],"picked":"Cloak And Dagger","floor":0},{"not_picked":["Force Field","Prepared"],"picked":"Clothesline","floor":0},{"not_picked":["Auto Shields","Gash"],"picked":"Headbutt","floor":0},{"not_picked":["Skewer","Blizzard"],"picked":"Clash","floor":0},{"not_picked":["Warcry","Cloak And Dagger"],"picked":"FollowUp","floor":0},{"not_picked":["TalkToTheHand","Cold Snap"],"picked":"Beam Cell","floor":0},{"not_picked":["Pommel Strike","Compile Driver"],"picked":"Entrench","floor":0},{"not_picked":["Sweeping Beam","Clash"],"picked":"Deadly Poison","floor":0},{"not_picked":["Intimidate","Rip and Tear"],"picked":"Quick Slash","floor":0},{"not_picked":["Rupture","EmptyBody"],"picked":"Deadly Poison","floor":0},{"not_picked":["EmptyFist","WreathOfFlame"],"picked":"Stack","floor":0},{"not_picked":["Wild Strike","Underhanded Strike"],"picked":"Flex","floor":0},{"not_picked":["Perfected Strike","SashWhip"],"picked":"Bane","floor":1},{"not_picked":["Headbutt","Havoc"],"picked":"Go for the Eyes","floor":5},{"not_picked":["BowlingBash","Slice","Burst"],"picked":"SKIP","floor":6},{"not_picked":["Sweeping Beam","Adaptation"],"picked":"PiercingWail","floor":8},{"not_picked":["Thunderclap","Sucker Punch"],"picked":"Ball Lightning","floor":10},{"not_picked":["Chaos","Conserve Battery"],"picked":"Iron Wave","floor":11},{"not_picked":["Barrage","Cold Snap"],"picked":"BattleHymn","floor":12},{"not_picked":["Crescendo","Finisher"],"picked":"Gash","floor":14},{"not_picked":["Storm of Steel","Die Die Die"],"picked":"Corpse Explosion","floor":16},{"not_picked":["ClearTheMind","Halt"],"picked":"Power Through","floor":18},{"not_picked":["Underhanded Strike","Pommel Strike"],"picked":"Metallicize","floor":19},{"not_picked":["InnerPeace","Havoc"],"picked":"Warcry","floor":20},{"not_picked":["True Grit","Footwork"],"picked":"Sunder","floor":28},{"not_picked":["Poisoned Stab","Stack","Pray+1"],"picked":"SKIP","floor":29},{"not_picked":["Distraction+1","ReachHeaven"],"picked":"Self Repair","floor":30},{"not_picked":["Bullet Time","Bloodletting"],"picked":"Hologram","floor":32},{"not_picked":["Double Tap","Blasphemy"],"picked":"Burst","floor":33},{"not_picked":["Dagger Throw","Whirlwind+1"],"picked":"Dual Wield","floor":35},{"not_picked":["Rampage","Force Field"],"picked":"Warcry+1","floor":36},{"not_picked":["EmptyFist","Static Discharge+1"],"picked":"FollowUp","floor":40},{"not_picked":["Undo","Pray"],"picked":"Redo","floor":41},{"not_picked":["Flying Knee","Compile Driver+1"],"picked":"Noxious Fumes+1","floor":42},{"not_picked":["ThirdEye+1","Wallop","Dual Wield"],"picked":"SKIP","floor":44},{"not_picked":["CutThroughFate+1","Body Slam+1"],"picked":"Protect+1","floor":46},{"not_picked":["ClearTheMind","LikeWater+1","Backstab"],"picked":"SKIP","floor":47},{"not_picked":["Outmaneuver","Prepared+1"],"picked":"Brutality","floor":48}],"player_experience":44010,"relics_obtained":[{"floor":9,"key":"Ancient Tea Set"},{"floor":11,"key":"Bottled Tornado"},{"floor":22,"key":"Dream Catcher"},{"floor":26,"key":"Centennial Puzzle"},{"floor":41,"key":"Vajra"},{"floor":43,"key":"Pen Nib"},{"floor":47,"key":"Mercury Hourglass"},{"floor":48,"key":"PreservedInsect"}],"event_choices":[{"damage_healed":0,"gold_gain":75,"player_choice":"Gather Gold","damage_taken":11,"max_hp_gain":0,"max_hp_loss":0,"event_name":"World of Goop","floor":2,"gold_loss":0},{"damage_healed":0,"gold_gain":0,"player_choice":"Lose Max HP","damage_taken":0,"relics_obtained":["Golden Idol"],"max_hp_gain":0,"max_hp_loss":5,"event_name":"Golden Idol","floor":3,"gold_loss":0},{"damage_healed":0,"gold_gain":0,"player_choice":"Bought 3 Potions","damage_taken":0,"max_hp_gain":0,"max_hp_loss":0,"event_name":"The Woman in Blue","floor":4,"gold_loss":0},{"damage_healed":0,"gold_gain":0,"player_choice":"Became a Ghost","damage_taken":0,"max_hp_gain":0,"max_hp_loss":33,"event_name":"Ghosts","floor":21,"gold_loss":0,"cards_obtained":["Ghostly","Ghostly","Ghostly","Ghostly","Ghostly"]},{"damage_healed":0,"gold_gain":0,"player_choice":"Memory 1","damage_taken":0,"max_hp_gain":0,"max_hp_loss":0,"event_name":"SensoryStone","floor":37,"gold_loss":0},{"damage_healed":0,"gold_gain":333,"player_choice":"Gave Idol","damage_taken":0,"max_hp_gain":0,"max_hp_loss":0,"event_name":"The Moai Head","floor":38,"relics_lost":["Golden Idol"],"gold_loss":0},{"damage_healed":0,"gold_gain":0,"player_choice":"Forge","damage_taken":0,"max_hp_gain":0,"max_hp_loss":0,"event_name":"Accursed Blacksmith","floor":45,"gold_loss":0,"cards_upgraded":["White Noise"]}],"is_beta":false,"boss_relics":[{"not_picked":["Astrolabe","Busted Crown"],"picked":"Sozu"},{"not_picked":["WristBlade","Empty Cage"],"picked":"Fusion Hammer"}],"items_purged_floors":[24],"is_endless":false,"potions_floor_spawned":[5,8,10,12,18,28,33,41,47,48],"ascension_level":0}}