{"host":"2ty4h143nj8vwezc","time":1612640539,"event":{"mods":["BaseMod","Colored Map","Googly Eyes","Highlight Path","Minty Spire (QoL Compilation)","Quick Restart","StSLib"],"gold_per_floor":[110,110,35,35,35,73,73,98,167,182,182,205,240,240,240,240,240],"floor_reached":16,"language":"ENG","playtime":309,"items_purged":["Injury"],"score":266,"play_id":"755a0b58-0aeb-4ead-972c-5940d5e4475f","local_time":"20210206144219","is_ascension_mode":true,"campfire_choices":[{"data":"Noxious Fumes","floor":11,"key":"SMITH"},{"floor":15,"key":"REST"}],"circlet_count":0,"master_deck":["AscendersBane","Strike_G","Strike_G","Strike_G","Strike_G","Strike_G","Defend_G","Defend_G","Defend_G","Defend_G","Defend_G","Survivor","Neutralize","Noxious Fumes+1","Crippling Poison"],"relics":["Ring of the Snake","NeowsBlessing","Golden Idol","Kunai","Juzu Bracelet","SsserpentHead"],"acts_visited":["Exordium"],"potions_floor_usage":[13],"damage_taken":[{"damage":0.0,"enemies":"Cultist","floor":1.0,"turns":1.0},{"damage":0.0,"enemies":"Gremlin Nob","floor":6.0,"turns":1.0},{"damage":0.0,"enemies":"2 Louse","floor":8.0,"turns":1.0},{"damage":9,"enemies":"Jaw Worm","floor":10,"turns":5},{"damage":8,"enemies":"Exordium Wildlife","floor":12,"turns":3},{"damage":29,"enemies":"Lagavulin","floor":13,"turns":7},{"damage":35,"enemies":"The Guardian","floor":16,"turns":7}],"seed_played":"-5910272303323977977","potions_obtained":[{"floor":10,"key":"Fire Potion"}],"is_trial":false,"path_per_floor":["M","?","$","?","$","E","$","M","T","M","R","M","E","?","R","B"],"character_chosen":"THE_SILENT","items_purchased":[],"campfire_rested":1,"item_purchase_floors":[],"current_hp_per_floor":[59,59,59,59,59,59,59,59,59,50,50,42,13,13,32,0,0],"gold":240,"neow_bonus":"THREE_ENEMY_KILL","is_daily":false,"chose_seed":false,"campfire_upgraded":1,"win_rate":0.0,"timestamp":1612640539,"path_taken":["M","?","$","?","?","E","$","M","T","?","R","M","E","?","R","BOSS"],"items_purchased_type":[],"build_version":"2020-12-22","purchased_purges":1,"victory":false,"max_hp_per_floor":[66,66,66,66,66,66,66,66,66,66,66,66,66,66,66,66,66],"card_choices":[{"not_picked":["Cloak And Dagger","Sucker Punch","Predator"],"picked":"SKIP","floor":1.0},{"not_picked":["Well Laid Plans","Flechettes"],"picked":"Noxious Fumes","floor":6.0},{"not_picked":["Backflip","Outmaneuver","Slice"],"picked":"SKIP","floor":8.0},{"not_picked":["Acrobatics","Flying Knee"],"picked":"Crippling Poison","floor":10},{"not_picked":["Bane","Backflip","Dagger Spray"],"picked":"SKIP","floor":12},{"not_picked":["Cloak And Dagger","Choke","Endless Agony"],"picked":"SKIP","floor":13}],"player_experience":355336,"relics_obtained":[{"floor":9.0,"key":"Kunai"},{"floor":13,"key":"Juzu Bracelet"}],"event_choices":[{"damage_healed":0.0,"max_hp_gain":0.0,"max_hp_loss":0.0,"gold_gain":0.0,"event_name":"Golden Idol","player_choice":"Take Wound","floor":2.0,"gold_loss":0.0,"damage_taken":0.0,"relics_obtained":["Golden Idol"],"cards_obtained":["Injury"]},{"damage_healed":0.0,"max_hp_gain":0.0,"max_hp_loss":0.0,"gold_gain":0.0,"event_name":"Golden Wing","player_choice":"Ignored","floor":4.0,"gold_loss":0.0,"damage_taken":0.0},{"damage_healed":0,"gold_gain":0,"player_choice":"Trade","damage_taken":0,"relics_obtained":["SsserpentHead"],"max_hp_gain":0,"max_hp_loss":0,"event_name":"FaceTrader","floor":14,"gold_loss":0}],"is_beta":false,"boss_relics":[],"items_purged_floors":[3],"is_endless":false,"potions_floor_spawned":[10],"killed_by":"The Guardian","ascension_level":20}}