{"host":"bw00wb7p5bw58om7","time":1612639919,"event":{"mods":["100% Spire Juice","Act Like it!","BaseMod","Better Third Choice","CapriCore","Chen","Downfall","Gensokyo","KinomotoSakuraMod(????)","Koishi","KomeijiMod","Mari Mod (Legacy)","Mari\u0027s V1 Patch","Marisa????????","Minty Spire (QoL Compilation)","MostiFishMod","Onozuka Komachi Mod","Permanent Neow","Prisma Mod","Railgun Mod","Reimu??????","Remilia_Scarlet Moed?????·?????3.3.5","Remilia??????","StSLib","The Administrix","The Immortal","The Mystic","The Senshi","The Servant 0.9.4","TheVelvet","WarShipGirlsR/????R mod","Yakumo Yukari mod","Youmu??????","Yuyuko"],"gold_per_floor":[109,103,103,97,117,125,125,118,118,134,134,134,134,145,145,245,245,245,245],"floor_reached":18,"language":"ENG","playtime":498,"items_purged":[],"score":239,"play_id":"bff0dd26-367e-468c-933d-9a5b3b49c472","local_time":"20210206193159","is_ascension_mode":false,"campfire_choices":[{"data":"mysticmod:CorrosiveTouch","floor":7,"key":"SMITH"},{"data":"mysticmod:ShockingGrasp","floor":13,"key":"SMITH"},{"floor":15,"key":"DIG"}],"circlet_count":0,"master_deck":["mysticmod:Strike_Mystic","mysticmod:Strike_Mystic","mysticmod:Strike_Mystic","mysticmod:Strike_Mystic","mysticmod:Defend_Mystic","mysticmod:Defend_Mystic","mysticmod:Defend_Mystic","mysticmod:Defend_Mystic","mysticmod:ArcaneDodge","mysticmod:ShockingGrasp+1","Poor:ReiMu","mysticmod:PureInstinct","mysticmod:Riposte","mysticmod:CorrosiveTouch+1","mysticmod:PowerSlash","mysticmod:ComponentsPouch","mysticmod:Sideswipe","Injury","mysticmod:Sideswipe","mysticmod:Natural20"],"relics":["mysticmod:SpellBook","DaveBox","PatriotShield","SynthV:TestCard","InkBottle","PreservedInsect","Shovel","Gensokyo:OccultBall","Bag of Preparation","PureWhite:ReiMu","Runic Pyramid"],"acts_visited":["Gensokyo:Gensokyo","Gensokyo:Gensokyoer"],"potions_floor_usage":[],"damage_taken":[{"damage":1,"enemies":"Gensokyo:Gryphon","floor":1,"turns":2},{"damage":1,"enemies":"Gensokyo:Python","floor":2,"turns":2},{"damage":0,"enemies":"Gensokyo:3_Fairies","floor":4,"turns":4},{"damage":0,"enemies":"Gensokyo:Kitsune","floor":5,"turns":1},{"damage":1,"enemies":"Gensokyo:Aya","floor":6,"turns":2},{"damage":1,"enemies":"Gensokyo:2_Rabbits","floor":8,"turns":2},{"damage":0,"enemies":"Gensokyo:LivingMonolith","floor":10,"turns":1},{"damage":0,"enemies":"Gensokyo:Kitsune","floor":14,"turns":1},{"damage":2,"enemies":"Gensokyo:Reimu","floor":16,"turns":3},{"damage":1,"enemies":"Gensokyo:3_Dogs","floor":18,"turns":1}],"seed_played":"-7272895713205408896","potions_obtained":[{"floor":1,"key":"Regen Potion"},{"floor":5,"key":"champ:CounterPotion"},{"floor":16,"key":"Fire Potion"}],"is_trial":false,"path_per_floor":["M","M","T","M","M","E","R","M","T","M","?","?","R","M","R","B",null,"M"],"character_chosen":"MYSTIC_CLASS","items_purchased":[],"campfire_rested":0,"item_purchase_floors":[],"current_hp_per_floor":[90,89,89,89,89,88,88,87,87,87,87,87,87,87,87,85,91,90,90],"gold":245,"neow_bonus":"TWENTY_PERCENT_HP_BONUS","is_daily":false,"chose_seed":false,"campfire_upgraded":2,"win_rate":0.0,"timestamp":1612639919,"path_taken":["M","M","?","M","M","E","R","M","T","M","?","?","R","M","R","BOSS","M"],"items_purchased_type":[],"build_version":"2020-12-22","purchased_purges":0,"victory":false,"max_hp_per_floor":[91,91,91,91,91,91,91,91,91,91,91,91,91,91,91,91,91,91,91],"card_choices":[{"not_picked":["mysticmod:Shield","mysticmod:PreparedCaster"],"picked":"mysticmod:PureInstinct","floor":1},{"not_picked":["mysticmod:Shield","mysticmod:SpontaneousCaster","mysticmod:PreparedCaster","mysticmod:PureInstinct"],"picked":"mysticmod:Riposte","floor":2},{"not_picked":["mysticmod:SpellCombat","mysticmod:Flourish","mysticmod:PureInstinct","mysticmod:Daze"],"picked":"mysticmod:CorrosiveTouch","floor":4},{"not_picked":["mysticmod:EarthenWall","mysticmod:ComponentsPouch","mysticmod:PunishingArmor","mysticmod:SuddenClarity"],"picked":"mysticmod:PowerAttack","floor":5},{"not_picked":["mysticmod:Grapple","mysticmod:MightyMagic","mysticmod:PureInstinct","mysticmod:PunishingArmor"],"picked":"mysticmod:PowerSlash","floor":6},{"not_picked":["mysticmod:Disengage","mysticmod:Stoneskin","mysticmod:Riposte","mysticmod:EbbAndFlow"],"picked":"mysticmod:ComponentsPouch","floor":8},{"not_picked":["mysticmod:Alacrity","mysticmod:GeminiForm","mysticmod:HunkerDown","mysticmod:PureInstinct"],"picked":"mysticmod:Sideswipe","floor":10},{"not_picked":["mysticmod:PreparedCaster","mysticmod:EarthenWall","mysticmod:PureInstinct","mysticmod:SuddenClarity"],"picked":"mysticmod:Sideswipe","floor":14},{"not_picked":["mysticmod:Discipline","mysticmod:MirrorEntity","mysticmod:GeminiForm","mysticmod:Doublecast"],"picked":"mysticmod:Natural20","floor":16}],"player_experience":324027,"relics_obtained":[{"floor":1,"key":"SynthV:TestCard"},{"floor":3,"key":"InkBottle"},{"floor":6,"key":"PreservedInsect"},{"floor":9,"key":"Shovel"},{"floor":15,"key":"PureWhite:ReiMu"},{"floor":16,"key":"Gensokyo:OccultBall"}],"event_choices":[],"is_beta":false,"boss_relics":[{"not_picked":["Pandora\u0027s Box","Black Star"],"picked":"Runic Pyramid"}],"items_purged_floors":[],"is_endless":false,"potions_floor_spawned":[1,5,16],"killed_by":"Gensokyo:3_Dogs","ascension_level":0}}