{"host":"bf5upntvbdompq33","time":1612647377,"event":{"mods":["BaseMod","Colored Map","Colored Powertips","Curses Come First","Minty Spire (QoL Compilation)","StSLib","The Dragon Tamer","The Hierophant","The Marked","The Mystic","The Servant 0.9.4"],"gold_per_floor":[118,43,118,118,136,136,166,179,227,258,268,268,279,279,279],"floor_reached":14,"language":"ENG","playtime":784,"items_purged":["Strike_B"],"score":188,"play_id":"576ee62e-1f0f-4b1e-9163-613e34bf2634","local_time":"20210206143617","is_ascension_mode":true,"campfire_choices":[{"data":"Zap","floor":6,"key":"SMITH"},{"data":"Rainbow","floor":12,"key":"SMITH"}],"circlet_count":0,"master_deck":["AscendersBane","Strike_B","Strike_B","Strike_B","Defend_B","Defend_B","Defend_B","Defend_B","Zap+1","Dualcast","Auto Shields","Undo","Rebound","Rainbow+1","Chaos","Redo"],"relics":["Cracked Core","NeowsBlessing","Vajra","Art of War","Centennial Puzzle"],"acts_visited":["Exordium"],"potions_floor_usage":[10,11],"damage_taken":[{"damage":0,"enemies":"Jaw Worm","floor":1,"turns":1},{"damage":0,"enemies":"Cultist","floor":5,"turns":1},{"damage":0,"enemies":"3 Sentries","floor":7,"turns":1},{"damage":0,"enemies":"Small Slimes","floor":8,"turns":2},{"damage":25,"enemies":"Lagavulin","floor":10,"turns":9},{"damage":1,"enemies":"3 Louse","floor":11,"turns":2},{"damage":12,"enemies":"Red Slaver","floor":13,"turns":3},{"damage":31,"enemies":"Gremlin Nob","floor":14,"turns":3}],"seed_played":"1556150068232667010","potions_obtained":[{"floor":7,"key":"Strength Potion"},{"floor":8,"key":"Fire Potion"},{"floor":10,"key":"Regen Potion"},{"floor":13,"key":"SpeedPotion"}],"is_trial":false,"path_per_floor":["M","$","?","?","M","R","E","M","T","E","M","R","M","E"],"character_chosen":"DEFECT","items_purchased":[],"campfire_rested":0,"item_purchase_floors":[],"current_hp_per_floor":[68,68,57,57,57,57,57,57,57,32,36,36,24,0,0],"gold":279,"neow_bonus":"THREE_ENEMY_KILL","is_daily":false,"chose_seed":false,"campfire_upgraded":2,"win_rate":0.0,"timestamp":1612647377,"path_taken":["M","$","?","?","M","R","E","M","T","E","M","R","?","E"],"items_purchased_type":[],"build_version":"2020-12-22","purchased_purges":1,"victory":false,"max_hp_per_floor":[75,75,75,75,75,75,75,75,75,75,75,75,75,75,75],"card_choices":[{"not_picked":["Hologram","Redo"],"picked":"Auto Shields","floor":1},{"not_picked":["Conserve Battery","Steam"],"picked":"Undo","floor":5},{"not_picked":["Heatsinks","Steam"],"picked":"Rebound","floor":7},{"not_picked":["Barrage","Rebound","Steam Power"],"picked":"SKIP","floor":8},{"not_picked":["Conserve Battery","Static Discharge"],"picked":"Rainbow","floor":10},{"not_picked":["Rebound","White Noise"],"picked":"Chaos","floor":11},{"not_picked":["Turbo","Steam"],"picked":"Redo","floor":13}],"player_experience":1467867,"relics_obtained":[{"floor":7,"key":"Vajra"},{"floor":9,"key":"Art of War"},{"floor":10,"key":"Centennial Puzzle"}],"event_choices":[{"damage_healed":0,"gold_gain":75,"player_choice":"Gather Gold","damage_taken":11,"max_hp_gain":0,"max_hp_loss":0,"event_name":"World of Goop","floor":3,"gold_loss":0},{"damage_healed":0,"gold_gain":0,"player_choice":"Bought 0 Potions","damage_taken":0,"max_hp_gain":0,"max_hp_loss":0,"event_name":"The Woman in Blue","floor":4,"gold_loss":0}],"is_beta":false,"boss_relics":[],"items_purged_floors":[2],"is_endless":false,"potions_floor_spawned":[7,8,10,13],"killed_by":"Gremlin Nob","ascension_level":10}}