{"host":"at5b10nm0iti0w4x","time":1612650820,"event":{"mods":["AchievementEnabler","BaseMod","Bestiary","Block Reminder","Colored Map","Colored Powertips","Highlight Path","Keyboard Shortcuts","Minty Spire (QoL Compilation)","Relic Stats","StSLib","SuperFastMode"],"gold_per_floor":[99,63,63,63,63,63,63,63,63,63,24,24,24,24,24,24,24,24,24,24,24,24],"floor_reached":21,"language":"ENG","playtime":562,"items_purged":[],"score":179,"play_id":"a8121f73-353d-4a82-a5d5-7669466fd702","local_time":"20210206173340","is_ascension_mode":false,"campfire_choices":[{"data":"Gash","floor":6,"key":"SMITH"},{"data":"Streamline","floor":8,"key":"SMITH"},{"floor":15,"key":"REST"}],"circlet_count":0,"master_deck":["Strike_B","Strike_B","Strike_B","Strike_B","Defend_B","Defend_B","Defend_B","Defend_B","Zap+1","Dualcast","Beam Cell","Loop","Gash+1","Streamline+1","Double Energy","Heatsinks","Seek","Redo","Echo Form","Cold Snap+1"],"relics":["Ectoplasm","Matryoshka","Blue Candle","Darkstone Periapt","Smiling Mask","StoneCalendar","Bronze Scales","Sozu"],"acts_visited":["Exordium","TheCity"],"potions_floor_usage":[12],"damage_taken":[{"damage":0,"enemies":"Cultist","floor":1,"turns":3},{"damage":1,"enemies":"Jaw Worm","floor":3,"turns":3},{"damage":0,"enemies":"Small Slimes","floor":7,"turns":3},{"damage":7,"enemies":"Exordium Wildlife","floor":10,"turns":2},{"damage":11,"enemies":"Lots of Slimes","floor":12,"turns":4},{"damage":36,"enemies":"3 Sentries","floor":14,"turns":7},{"damage":36,"enemies":"Hexaghost","floor":16,"turns":8},{"damage":34,"enemies":"Shell Parasite","floor":18,"turns":6},{"damage":7,"enemies":"3 Byrds","floor":19,"turns":3},{"damage":26,"enemies":"Snake Plant","floor":21,"turns":3}],"seed_played":"-1991164153860627063","potions_obtained":[{"floor":10,"key":"ColorlessPotion"},{"floor":16,"key":"GamblersBrew"}],"is_trial":false,"path_per_floor":["M","$","M","T","?","R","M","R","T","M","$","M","T","E","R","B",null,"M","M","?","M"],"character_chosen":"DEFECT","items_purchased":["Loop","Heatsinks"],"campfire_rested":1,"item_purchase_floors":[2,11],"current_hp_per_floor":[75,75,74,74,74,74,74,74,74,67,67,56,56,20,42,6,75,41,34,20,0,0],"gold":24,"neow_bonus":"BOSS_RELIC","is_daily":false,"chose_seed":false,"campfire_upgraded":2,"win_rate":0.0,"timestamp":1612650820,"path_taken":["M","$","M","?","?","R","M","R","T","M","?","M","?","E","R","BOSS","M","M","?","M"],"items_purchased_type":["Card","Card"],"build_version":"2020-12-22","purchased_purges":0,"victory":false,"max_hp_per_floor":[75,75,75,75,75,75,75,75,75,75,75,75,75,75,75,75,75,75,75,80,80,80],"relic_stats":{"Darkstone Periapt":0,"Sozu":2,"counters":[10,42],"Blue Candle":[0],"Bronze Scales":[131],"StoneCalendar":[52],"Ectoplasm":229,"Smiling Mask":0,"obtain_stats":[{"Darkstone Periapt":9,"Sozu":17,"Matryoshka":4,"Blue Candle":9,"Bronze Scales":14,"StoneCalendar":13,"Ectoplasm":0,"Cracked Core":0,"Smiling Mask":13},{"Darkstone Periapt":3,"Sozu":7,"Matryoshka":2,"Blue Candle":3,"Bronze Scales":6,"StoneCalendar":5,"Ectoplasm":0,"Cracked Core":0,"Smiling Mask":5},{"Darkstone Periapt":9,"Sozu":30,"Matryoshka":6,"Blue Candle":9,"Bronze Scales":22,"StoneCalendar":15,"Ectoplasm":0,"Cracked Core":0,"Smiling Mask":15}]},"card_choices":[{"not_picked":["Stack","Coolheaded"],"picked":"Beam Cell","floor":1},{"not_picked":["Cold Snap","Conserve Battery"],"picked":"Gash","floor":3},{"not_picked":["Rip and Tear","Turbo"],"picked":"Streamline","floor":7},{"not_picked":["Melter","Hologram"],"picked":"Double Energy","floor":10},{"not_picked":["Ball Lightning","Steam Power"],"picked":"Seek","floor":12},{"not_picked":["Turbo","Hologram"],"picked":"Redo","floor":14},{"not_picked":["Buffer","Amplify"],"picked":"Echo Form","floor":16},{"not_picked":["Stack+1","Turbo"],"picked":"Cold Snap+1","floor":18},{"not_picked":["Sweeping Beam+1","Conserve Battery+1","Redo"],"picked":"SKIP","floor":19}],"player_experience":56496,"relics_obtained":[{"floor":4,"key":"Matryoshka"},{"floor":9,"key":"Blue Candle"},{"floor":9,"key":"Darkstone Periapt"},{"floor":13,"key":"Smiling Mask"},{"floor":13,"key":"StoneCalendar"},{"floor":14,"key":"Bronze Scales"}],"event_choices":[{"damage_healed":0,"gold_gain":0,"player_choice":"Grow","damage_taken":0,"max_hp_gain":0,"max_hp_loss":0,"event_name":"Living Wall","floor":5,"gold_loss":0,"cards_upgraded":["Zap"]},{"damage_healed":0,"gold_gain":0,"player_choice":"Shed Blood","damage_taken":19,"max_hp_gain":5,"max_hp_loss":0,"event_name":"Forgotten Altar","floor":20,"gold_loss":0}],"is_beta":false,"boss_relics":[{"not_picked":["Inserter","Empty Cage"],"picked":"Sozu"}],"items_purged_floors":[],"is_endless":false,"potions_floor_spawned":[10,16,18,19],"killed_by":"Snake Plant","ascension_level":0}}