{"host":"49pjgf1q9ev52n8z","time":1612600430,"event":{"mods":["BaseMod","Bestiary","Colored Map","Keyboard Shortcuts","Minty Spire (QoL Compilation)","Practice Mode","Relic Stats","StSLib"],"gold_per_floor":[112,112,129,144,156,156,186,186,186,186,203,39,39,69,69,169,169,184,218,493,506,24,57,57,73,73,73,73],"floor_reached":27,"language":"ENG","playtime":1888,"items_purged":["Regret"],"score":290,"play_id":"b37e1dab-4276-4d1f-9d19-254697a82b59","local_time":"20210206003350","is_ascension_mode":true,"campfire_choices":[{"data":"Eruption","floor":6.0,"key":"SMITH"},{"floor":8.0,"key":"REST"},{"data":"Weave","floor":10.0,"key":"SMITH"},{"floor":13.0,"key":"REST"},{"data":"BattleHymn","floor":15.0,"key":"SMITH"},{"floor":24,"key":"REST"}],"circlet_count":0,"master_deck":["Strike_P","Strike_P","Strike_P","Strike_P","Defend_P","Defend_P","Defend_P","Defend_P","Eruption+1","Vigilance","EmptyFist","Weave+1","Adaptation","Wireheading","Evaluate+1","BattleHymn+1","Nirvana","Alpha","ForeignInfluence","SashWhip","EmptyMind+1","BowlingBash+1"],"relics":["HolyWater","Bronze Scales","Pear","The Courier","OrangePellets","Blood Vial","Red Mask","ClockworkSouvenir","War Paint","GoldenEye","Ornamental Fan"],"acts_visited":["Exordium","TheCity"],"potions_floor_usage":[23,23,25],"damage_taken":[{"damage":1.0,"enemies":"2 Louse","floor":1.0,"turns":4.0},{"damage":0.0,"enemies":"Cultist","floor":3.0,"turns":3.0},{"damage":7.0,"enemies":"Small Slimes","floor":4.0,"turns":4.0},{"damage":8.0,"enemies":"Blue Slaver","floor":5.0,"turns":2.0},{"damage":49.0,"enemies":"Gremlin Nob","floor":7.0,"turns":5.0},{"damage":3.0,"enemies":"Exordium Thugs","floor":11.0,"turns":4.0},{"damage":16.0,"enemies":"3 Sentries","floor":14.0,"turns":7.0},{"damage":40.0,"enemies":"The Guardian","floor":16.0,"turns":7.0},{"damage":3.0,"enemies":"3 Byrds","floor":18.0,"turns":3.0},{"damage":52.0,"enemies":"Masked Bandits","floor":19.0,"turns":4.0},{"damage":27.0,"enemies":"Spheric Guardian","floor":21.0,"turns":4.0},{"damage":9,"enemies":"Slavers","floor":23,"turns":4},{"damage":23,"enemies":"Chosen and Byrds","floor":25,"turns":5},{"damage":11,"enemies":"Centurion and Healer","floor":27,"turns":1}],"seed_played":"-2101565322100324720","potions_obtained":[{"floor":4.0,"key":"SteroidPotion"},{"floor":5.0,"key":"DistilledChaos"},{"floor":11.0,"key":"Strength Potion"},{"floor":23,"key":"SkillPotion"},{"floor":25,"key":"DuplicationPotion"}],"is_trial":false,"path_per_floor":["M","?","M","M","M","R","E","R","T","R","M","$","R","E","R","B",null,"M","?","?","M","$","E","R","M","T","M"],"character_chosen":"WATCHER","items_purchased":["OrangePellets","PowerPotion","ClockworkSouvenir","War Paint","Ambrosia","BlessingOfTheForge","DuplicationPotion"],"campfire_rested":3,"item_purchase_floors":[12,12,22,22,22,22,22],"current_hp_per_floor":[78,78,78,71,63,63,24,50,50,50,47,47,73,57,57,19,89,86,36,36,11,11,4,30,9,9,0,0],"gold":73,"neow_bonus":"TEN_PERCENT_HP_BONUS","is_daily":false,"chose_seed":false,"campfire_upgraded":3,"win_rate":0.0,"timestamp":1612600430,"path_taken":["M","?","?","M","M","R","E","R","T","R","M","$","R","E","R","BOSS","M","?","?","M","$","E","R","M","T","M"],"items_purchased_type":["Relic","Potion","Relic","Relic","Potion","Potion","Potion"],"build_version":"2020-12-22","purchased_purges":1,"victory":false,"max_hp_per_floor":[79,79,79,79,79,79,89,89,89,89,89,89,89,89,89,89,89,89,89,89,89,89,89,89,89,89,89,89],"relic_stats":{"Blood Vial":12,"OrangePellets":[4],"counters":[14,57],"Ornamental Fan":[0],"Bronze Scales":[189],"War Paint":["EmptyMind","Evaluate"],"GoldenEye":[2],"obtain_stats":[{"Blood Vial":14,"OrangePellets":12,"Pear":7,"Ornamental Fan":26,"Bronze Scales":2,"HolyWater":17,"The Courier":9,"Red Mask":19,"PureWater":0,"War Paint":22,"GoldenEye":23,"ClockworkSouvenir":22},{"Blood Vial":7,"OrangePellets":6,"Pear":5,"Ornamental Fan":13,"Bronze Scales":1,"HolyWater":8,"The Courier":5,"Red Mask":10,"PureWater":0,"War Paint":11,"GoldenEye":12,"ClockworkSouvenir":11},{"Blood Vial":29,"OrangePellets":22,"Pear":18,"Ornamental Fan":56,"Bronze Scales":4,"HolyWater":36,"The Courier":18,"Red Mask":43,"PureWater":0,"War Paint":47,"GoldenEye":51,"ClockworkSouvenir":47}]},"card_choices":[{"not_picked":["FlyingSleeves","Swivel"],"picked":"EmptyFist","floor":1.0},{"not_picked":["Wallop","PathToVictory"],"picked":"Weave","floor":3.0},{"not_picked":["LikeWater","WheelKick"],"picked":"Adaptation","floor":4.0},{"not_picked":["SignatureMove","Fasting2"],"picked":"Wireheading","floor":5.0},{"not_picked":["FlyingSleeves","EmptyBody"],"picked":"Evaluate","floor":7.0},{"not_picked":["JustLucky","CrushJoints"],"picked":"BattleHymn","floor":11.0},{"not_picked":["FearNoEvil","Scrawl"],"picked":"Nirvana","floor":14.0},{"not_picked":["Ragnarok","Judgement"],"picked":"Alpha","floor":16.0},{"not_picked":["WreathOfFlame","Weave"],"picked":"ForeignInfluence","floor":18.0},{"not_picked":["ThirdEye","EmptyFist"],"picked":"SashWhip","floor":19.0},{"not_picked":["PathToVictory+1","SignatureMove"],"picked":"EmptyMind","floor":21.0},{"not_picked":["FollowUp+1","Wallop+1","EmptyFist"],"picked":"SKIP","floor":23},{"not_picked":["Fasting2","CarveReality+1"],"picked":"BowlingBash+1","floor":25}],"player_experience":755807,"relics_obtained":[{"floor":2.0,"key":"Bronze Scales"},{"floor":7.0,"key":"Pear"},{"floor":9.0,"key":"The Courier"},{"floor":14.0,"key":"Blood Vial"},{"floor":19.0,"key":"Red Mask"},{"floor":23,"key":"GoldenEye"},{"floor":26,"key":"Ornamental Fan"}],"event_choices":[{"damage_healed":0.0,"max_hp_gain":0.0,"max_hp_loss":0.0,"gold_gain":0.0,"event_name":"Wheel of Change","player_choice":"Relic","floor":2.0,"gold_loss":0.0,"damage_taken":0.0},{"damage_healed":0.0,"max_hp_gain":0.0,"max_hp_loss":0.0,"gold_gain":0.0,"event_name":"Masked Bandits","player_choice":"Fought Bandits","floor":19.0,"gold_loss":0.0,"damage_taken":0.0},{"damage_healed":0.0,"max_hp_gain":0.0,"max_hp_loss":0.0,"gold_gain":275.0,"event_name":"Golden Shrine","player_choice":"Desecrate","floor":20.0,"gold_loss":0.0,"damage_taken":0.0,"cards_obtained":["Regret"]}],"is_beta":false,"boss_relics":[{"not_picked":["Sozu","Snecko Eye"],"picked":"HolyWater"}],"items_purged_floors":[22],"is_endless":false,"potions_floor_spawned":[4,5,11,23,25],"killed_by":"Centurion and Healer","ascension_level":2}}