{"host":"gg","time":1612588249,"event":{"mods":["BaseMod","Colored Map","Googly Eyes","Minty Spire (QoL Compilation)","Permanent Neow","Relic Stats","The IronCluck"],"gold_per_floor":[112,124,137,155,155,180,180,180,180,206,226,226,226],"floor_reached":12,"language":"ENG","playtime":612,"items_purged":[],"score":230,"play_id":"783ad5b5-b8dd-4a21-88aa-61f0846626ab","local_time":"20210205211049","is_ascension_mode":true,"campfire_choices":[{"floor":7,"key":"REST"}],"circlet_count":0,"master_deck":["AscendersBane","Strike_P","Strike_P","Strike_P+1","Strike_P","Defend_P","Defend_P+1","Defend_P+1","Eruption","Vigilance","FlurryOfBlows","FollowUp+1","CrushJoints","WheelKick","DeceiveReality","SashWhip","DevaForm"],"relics":["Black Star","Happy Flower","Ornamental Fan","Toy Ornithopter","Bag of Marbles","War Paint"],"acts_visited":["Exordium"],"potions_floor_usage":[6,6,12],"damage_taken":[{"damage":1.0,"enemies":"Cultist","floor":1.0,"turns":4.0},{"damage":0.0,"enemies":"2 Louse","floor":2.0,"turns":4.0},{"damage":7.0,"enemies":"Jaw Worm","floor":3.0,"turns":3.0},{"damage":19.0,"enemies":"Exordium Thugs","floor":4.0,"turns":6.0},{"damage":22,"enemies":"Lagavulin","floor":6,"turns":4},{"damage":0,"enemies":"Gremlin Nob","floor":10,"turns":2},{"damage":0,"enemies":"Red Slaver","floor":11,"turns":1},{"damage":18,"enemies":"3 Sentries","floor":12,"turns":9}],"seed_played":"2717655995651073030","potions_obtained":[{"floor":1.0,"key":"PowerPotion"},{"floor":4.0,"key":"AttackPotion"},{"floor":6,"key":"GamblersBrew"}],"is_trial":false,"path_per_floor":["M","M","M","M","?","E","R","?","T","E","M","E"],"character_chosen":"WATCHER","items_purchased":[],"campfire_rested":1,"item_purchase_floors":[],"current_hp_per_floor":[60,60,53,34,34,12,32,12,12,12,12,0,0],"gold":226,"neow_bonus":"BOSS_RELIC","is_daily":false,"chose_seed":false,"campfire_upgraded":0,"win_rate":0.0,"timestamp":1612588249,"path_taken":["M","?","M","M","?","E","R","?","T","E","M","E"],"items_purchased_type":[],"build_version":"2020-12-18","purchased_purges":0,"victory":false,"max_hp_per_floor":[68,68,68,68,68,68,68,68,68,68,68,68,68],"relic_stats":{"Happy Flower":[4],"counters":[8,33],"Ornamental Fan":[12],"Black Star":2,"War Paint":["Defend_P","Defend_P"],"obtain_stats":[{"Happy Flower":6,"Ornamental Fan":6,"Black Star":0,"Bag of Marbles":10,"PureWater":0,"War Paint":10,"Toy Ornithopter":9},{"Happy Flower":5,"Ornamental Fan":5,"Black Star":0,"Bag of Marbles":6,"PureWater":0,"War Paint":6,"Toy Ornithopter":5},{"Happy Flower":21,"Ornamental Fan":21,"Black Star":0,"Bag of Marbles":23,"PureWater":0,"War Paint":23,"Toy Ornithopter":21}],"Toy Ornithopter":5},"card_choices":[{"not_picked":["Sanctity","Worship"],"picked":"FlurryOfBlows","floor":1.0},{"not_picked":["ForeignInfluence","ReachHeaven"],"picked":"FollowUp","floor":2.0},{"not_picked":["Halt","Indignation"],"picked":"CrushJoints","floor":3.0},{"not_picked":["SashWhip","InnerPeace"],"picked":"WheelKick","floor":4.0},{"not_picked":["Protect","Fasting2","ThirdEye"],"picked":"SKIP","floor":6},{"not_picked":["CrushJoints","Prostrate"],"picked":"SashWhip","floor":10},{"not_picked":["Halt","Perseverance"],"picked":"DevaForm","floor":11}],"player_experience":1295687,"relics_obtained":[{"floor":6,"key":"Happy Flower"},{"floor":6,"key":"Ornamental Fan"},{"floor":9,"key":"Toy Ornithopter"},{"floor":10,"key":"Bag of Marbles"},{"floor":10,"key":"War Paint"}],"event_choices":[{"damage_healed":0.0,"max_hp_gain":0.0,"max_hp_loss":0.0,"gold_gain":0.0,"cards_transformed":["Defend_P"],"event_name":"Living Wall","player_choice":"Change","floor":5.0,"gold_loss":0.0,"damage_taken":0.0,"cards_obtained":["DeceiveReality"]},{"damage_healed":0,"gold_gain":0,"player_choice":"Entered Light","damage_taken":20,"max_hp_gain":0,"max_hp_loss":0,"event_name":"Shining Light","floor":8,"gold_loss":0,"cards_upgraded":["Strike_P","FollowUp"]}],"is_beta":true,"boss_relics":[],"items_purged_floors":[],"is_endless":false,"potions_floor_spawned":[1,4,6],"killed_by":"3 Sentries","ascension_level":20}}