{"host":"2i1rjl87isetstuj","time":1612622560,"event":{"mods":["BaseMod","Better Vampires","Challenge The Spire","Downfall","Marked Mod","Minty Spire (QoL Compilation)","Quick Restart","Shop Mod","StSLib","Waifu the Spire","óô»ðÖ¸ÄÏ"],"gold_per_floor":[99,116,130,143,161,190,238,238,238,238],"floor_reached":8,"language":"ZHS","playtime":456,"items_purged":[],"score":58,"play_id":"940451c3-449e-4e68-9f6e-30db03056e1d","local_time":"20210206224240","is_ascension_mode":false,"campfire_choices":[{"floor":1,"key":"RECALL"}],"circlet_count":0,"master_deck":["Guardian:Strike_Guardian","Guardian:Strike_Guardian","Guardian:Strike_Guardian","Guardian:Strike_Guardian","Guardian:Defend_Guardian","Guardian:Defend_Guardian","Guardian:Defend_Guardian","Guardian:Defend_Guardian","Guardian:CurlUp","Guardian:TwinSlam","Guardian:ShieldSpikes","Guardian:ChargeCore","Guardian:VentSteam","Guardian:TemporalStrike","Guardian:StasisField"],"relics":["Guardian:ModeShifter","Bottled Flame","Lantern"],"acts_visited":["Exordium"],"potions_floor_usage":[],"damage_taken":[{"damage":1,"enemies":"Cultist","floor":2,"turns":4},{"damage":8,"enemies":"Jaw Worm","floor":3,"turns":5},{"damage":5,"enemies":"2 Louse","floor":4,"turns":3},{"damage":22,"enemies":"2 Fungi Beasts","floor":5,"turns":6},{"damage":30,"enemies":"Gremlin Nob","floor":6,"turns":6},{"damage":27,"enemies":"3 Sentries","floor":8,"turns":8}],"seed_played":"2444312261194726043","potions_obtained":[{"floor":2,"key":"Slimebound:ThreeZeroPotion"},{"floor":4,"key":"DuplicationPotion"}],"is_trial":false,"path_per_floor":["R","M","M","M","M","E","T","E"],"character_chosen":"GUARDIAN","items_purchased":[],"campfire_rested":0,"item_purchase_floors":[],"current_hp_per_floor":[88,87,79,74,52,22,22,0,0,0],"gold":238,"neow_bonus":"TEN_PERCENT_HP_BONUS","is_daily":false,"chose_seed":false,"campfire_upgraded":0,"win_rate":0.0,"timestamp":1612622560,"path_taken":["R","M","?","M","M","E","T","E"],"items_purchased_type":[],"build_version":"2020-12-22","purchased_purges":0,"victory":false,"max_hp_per_floor":[88,88,88,88,88,88,88,88,88,88],"card_choices":[{"not_picked":["Guardian:Suspension","Guardian:Gem_Yellow"],"picked":"Guardian:ShieldSpikes","floor":2},{"not_picked":["Guardian:Gem_Lightblue","Guardian:ShieldCharger"],"picked":"Guardian:ChargeCore","floor":3},{"not_picked":["Guardian:TemporalShield","Guardian:Recover"],"picked":"Guardian:VentSteam","floor":4},{"not_picked":["Guardian:Recover","Guardian:Reroute"],"picked":"Guardian:TemporalStrike","floor":5},{"not_picked":["Guardian:PrismaticBeam","Guardian:ChargeCore"],"picked":"Guardian:StasisField","floor":6}],"player_experience":140432,"relics_obtained":[{"floor":6,"key":"Bottled Flame"},{"floor":7,"key":"Lantern"}],"event_choices":[],"is_beta":false,"boss_relics":[],"items_purged_floors":[],"is_endless":false,"potions_floor_spawned":[2,4],"killed_by":"3 Sentries","ascension_level":0}}