{"host":"vyjryxuuuxkt43k4","time":1612616719,"event":{"mods":["AchievementEnabler","BaseMod","Colored Map","DeckTracker","Highlight Path","Keyboard Shortcuts","Minty Spire (QoL Compilation)","Permanent Neow","Quick Restart","StSLib","SuperFastMode","everything is the same but u backflip on backflip"],"gold_per_floor":[117,117,117,130,130,130,157,172,172,172,183,183,200,131,131,235,235,255,23,23,23,23,23,36,36,36,36,46,80,96,96,96,195,195,208,218,4,54,54,65,65,77,77,77,88,88,98,112,112,112],"floor_reached":51,"language":"KOR","playtime":1292,"items_purged":["Doubt"],"score":767,"play_id":"4e5f9705-c070-4265-9486-2898ba278cc2","local_time":"20210206220519","is_ascension_mode":false,"campfire_choices":[{"data":"Flex","floor":6.0,"key":"SMITH"},{"data":"Perfected Strike","floor":12.0,"key":"SMITH"},{"data":"Pommel Strike","floor":15.0,"key":"SMITH"},{"data":"Corruption","floor":23.0,"key":"SMITH"},{"data":"Pommel Strike","floor":25.0,"key":"SMITH"},{"data":"Limit Break","floor":27.0,"key":"SMITH"},{"data":"Inflame","floor":32.0,"key":"SMITH"},{"data":"Barricade","floor":41.0,"key":"SMITH"},{"data":"Perfected Strike","floor":44,"key":"SMITH"},{"data":"Perfected Strike","floor":49,"key":"SMITH"}],"circlet_count":0,"master_deck":["Strike_R+1","Strike_R+1","Strike_R+1","Strike_R+1","Strike_R+1","Defend_R+1","Defend_R+1","Defend_R+1","Bash","Corruption+1","Perfected Strike+1","Flex+1","Shrug It Off","Pommel Strike+1","Twin Strike","Inflame+1","Limit Break+1","Pommel Strike+1","Sentinel+1","Perfected Strike+1","Sentinel","Barricade+1","Havoc+1","Perfected Strike+1","Parasite","Shrug It Off+1","Perfected Strike+1","Warcry+1","Perfected Strike+1"],"relics":["Burning Blood","Bottled Lightning","Turnip","Ornamental Fan","Cursed Key","Membership Card","Pen Nib","MutagenicStrength","Pear","Pantograph","Coffee Dripper","Bottled Flame","Mango"],"acts_visited":["Exordium","TheCity","TheBeyond"],"potions_floor_usage":[45,50,50,50],"damage_taken":[{"damage":9.0,"enemies":"Jaw Worm","floor":1.0,"turns":4.0},{"damage":10.0,"enemies":"Small Slimes","floor":4.0,"turns":3.0},{"damage":22.0,"enemies":"Gremlin Nob","floor":7.0,"turns":4.0},{"damage":6.0,"enemies":"Cultist","floor":8.0,"turns":3.0},{"damage":10.0,"enemies":"Lots of Slimes","floor":11.0,"turns":5.0},{"damage":2.0,"enemies":"Blue Slaver","floor":13.0,"turns":3.0},{"damage":81.0,"enemies":"The Guardian","floor":16.0,"turns":10.0},{"damage":5.0,"enemies":"3 Byrds","floor":18.0,"turns":4.0},{"damage":0.0,"enemies":"Spheric Guardian","floor":24.0,"turns":2.0},{"damage":11.0,"enemies":"Snecko","floor":28.0,"turns":4.0},{"damage":49.0,"enemies":"Slavers","floor":29.0,"turns":5.0},{"damage":2.0,"enemies":"Centurion and Healer","floor":30.0,"turns":4.0},{"damage":74.0,"enemies":"Automaton","floor":33.0,"turns":9.0},{"damage":27.0,"enemies":"3 Shapes","floor":35.0,"turns":6.0},{"damage":0.0,"enemies":"Orb Walker","floor":36.0,"turns":3.0},{"damage":0.0,"enemies":"Mind Bloom Boss Battle","floor":38.0,"turns":4.0},{"damage":30.0,"enemies":"Writhing Mass","floor":40.0,"turns":4.0},{"damage":6.0,"enemies":"Jaw Worm Horde","floor":42.0,"turns":3.0},{"damage":9,"enemies":"3 Darklings","floor":45,"turns":2},{"damage":25,"enemies":"Maw","floor":47,"turns":5},{"damage":0,"enemies":"Transient","floor":48,"turns":5},{"damage":78,"enemies":"Time Eater","floor":50,"turns":7}],"seed_played":"-2445162785943761505","potions_obtained":[{"floor":4.0,"key":"SteroidPotion"},{"floor":11.0,"key":"ElixirPotion"},{"floor":13.0,"key":"BloodPotion"},{"floor":16.0,"key":"AttackPotion"},{"floor":18.0,"key":"SkillPotion"},{"floor":28.0,"key":"SteroidPotion"},{"floor":33.0,"key":"Block Potion"},{"floor":36.0,"key":"SneckoOil"},{"floor":38.0,"key":"Weak Potion"},{"floor":48,"key":"CultistPotion"}],"is_trial":false,"path_per_floor":["M","?","?","M","T","R","E","M","T","?","M","R","M","$","R","B",null,"M","$","?","?","?","R","M","R","T","R","M","E","M","?","R","B",null,"M","M","$","?","?","M","R","M","T","R","M","?","M","M","R","B",null],"character_chosen":"IRONCLAD","items_purchased":["Inflame","Membership Card","Pen Nib","Bottled Flame","Fruit Juice"],"campfire_rested":0,"item_purchase_floors":[14,19,19,37,37],"current_hp_per_floor":[77,70,75,71,71,71,55,55,55,85,81,81,85,85,85,10,85,85,85,85,85,69,69,75,75,85,85,80,57,61,61,61,18,100,79,85,85,119,119,95,95,95,95,95,92,92,73,79,79,32],"gold":112,"neow_bonus":"ONE_RANDOM_RARE_CARD","is_daily":false,"chose_seed":false,"campfire_upgraded":10,"win_rate":0.0,"timestamp":1612616719,"path_taken":["M","?","?","M","?","R","E","M","T","?","?","R","M","?","R","BOSS","M","$","?","?","?","R","M","R","T","R","M","E","M","?","R","BOSS","M","M","$","?","?","?","R","M","T","R","M","?","M","M","R","BOSS"],"items_purchased_type":["Card","Relic","Relic","Relic","Potion"],"build_version":"2020-12-22","purchased_purges":1,"victory":true,"max_hp_per_floor":[80,80,85,85,85,85,85,85,85,85,85,85,85,85,85,85,85,85,85,85,85,90,90,90,90,100,100,100,100,100,100,100,100,100,100,100,100,119,119,119,119,119,119,119,119,119,119,119,119,119],"card_choices":[{"not_picked":["Thunderclap","Infernal Blade"],"picked":"Perfected Strike","floor":1.0},{"not_picked":["Disarm","Cleave"],"picked":"Flex","floor":4.0},{"not_picked":["Infernal Blade","Sever Soul"],"picked":"Metallicize","floor":7.0},{"not_picked":["Dual Wield","Uppercut"],"picked":"Shrug It Off","floor":8.0},{"not_picked":["Power Through","Flex"],"picked":"Pommel Strike","floor":11.0},{"not_picked":["Flex","Sever Soul"],"picked":"Twin Strike","floor":13.0},{"not_picked":["Brutality","Impervious"],"picked":"Limit Break","floor":16.0},{"not_picked":["Heavy Blade","Body Slam"],"picked":"Pommel Strike","floor":18.0},{"not_picked":["Warcry","Hemokinesis+1"],"picked":"Sentinel+1","floor":24.0},{"not_picked":["Cleave","Dual Wield"],"picked":"Perfected Strike","floor":28.0},{"not_picked":["Rage","Cleave"],"picked":"Sentinel","floor":29.0},{"not_picked":["Cleave","Metallicize+1"],"picked":"Dual Wield","floor":30.0},{"not_picked":["Exhume","Immolate"],"picked":"Barricade","floor":33.0},{"not_picked":["Clash+1","Flex+1"],"picked":"Havoc+1","floor":35.0},{"not_picked":["Clothesline","Anger","Havoc"],"picked":"SKIP","floor":36.0},{"not_picked":["Feed","Anger+1"],"picked":"Perfected Strike+1","floor":38.0},{"not_picked":["Warcry","Rupture+1","Clash+1"],"picked":"SKIP","floor":40.0},{"not_picked":["Clash","Wild Strike+1"],"picked":"Shrug It Off+1","floor":42.0},{"not_picked":["Flex+1","Second Wind"],"picked":"Perfected Strike+1","floor":45},{"not_picked":["Iron Wave","Disarm"],"picked":"Warcry+1","floor":47},{"not_picked":["Thunderclap","Entrench+1"],"picked":"Perfected Strike","floor":48}],"player_experience":798414,"relics_obtained":[{"floor":5.0,"key":"Bottled Lightning"},{"floor":7.0,"key":"Turnip"},{"floor":9.0,"key":"Ornamental Fan"},{"floor":26.0,"key":"Pear"},{"floor":29.0,"key":"Pantograph"},{"floor":38.0,"key":"Mango"}],"event_choices":[{"cards_removed":["Defend_R"],"damage_healed":0.0,"max_hp_gain":0.0,"max_hp_loss":0.0,"gold_gain":0.0,"event_name":"Golden Wing","player_choice":"Card Removal","floor":2.0,"gold_loss":0.0,"damage_taken":7.0},{"damage_healed":0.0,"max_hp_gain":5.0,"max_hp_loss":0.0,"gold_gain":0.0,"event_name":"Big Fish","player_choice":"Donut","floor":3.0,"gold_loss":0.0,"damage_taken":0.0},{"cards_removed":["Metallicize"],"damage_healed":30.0,"max_hp_gain":0.0,"max_hp_loss":0.0,"gold_gain":0.0,"event_name":"Bonfire Elementals","player_choice":"Offered Uncommon","floor":10.0,"gold_loss":0.0,"damage_taken":0.0},{"damage_healed":0.0,"max_hp_gain":0.0,"max_hp_loss":0.0,"gold_gain":0.0,"event_name":"Back to Basics","player_choice":"Simplicity","floor":20.0,"gold_loss":0.0,"damage_taken":0.0,"cards_upgraded":["Strike_R","Strike_R","Strike_R","Strike_R","Strike_R","Defend_R","Defend_R","Defend_R"]},{"damage_healed":0.0,"max_hp_gain":0.0,"max_hp_loss":0.0,"gold_gain":0.0,"event_name":"Drug Dealer","player_choice":"Inject Mutagens","floor":21.0,"gold_loss":0.0,"damage_taken":0.0,"relics_obtained":["MutagenicStrength"]},{"damage_healed":0.0,"max_hp_gain":5.0,"max_hp_loss":0.0,"gold_gain":0.0,"event_name":"Forgotten Altar","player_choice":"Shed Blood","floor":22.0,"gold_loss":0.0,"damage_taken":21.0},{"damage_healed":0.0,"max_hp_gain":0.0,"max_hp_loss":0.0,"gold_gain":0.0,"event_name":"The Mausoleum","player_choice":"Ignored","floor":31.0,"gold_loss":0.0,"damage_taken":0.0},{"damage_healed":0.0,"max_hp_gain":0.0,"max_hp_loss":0.0,"gold_gain":0.0,"event_name":"MindBloom","player_choice":"Fight","floor":38.0,"gold_loss":0.0,"damage_taken":0.0},{"damage_healed":0.0,"max_hp_gain":0.0,"max_hp_loss":0.0,"gold_gain":0.0,"event_name":"The Woman in Blue","player_choice":"Bought 0 Potions","floor":39.0,"gold_loss":0.0,"damage_taken":0.0},{"cards_removed":["Dual Wield"],"damage_healed":0,"gold_gain":0,"player_choice":"Removed Skill","damage_taken":0,"max_hp_gain":0,"max_hp_loss":0,"event_name":"Falling","floor":46,"gold_loss":0}],"is_beta":false,"boss_relics":[{"not_picked":["Calling Bell","Astrolabe"],"picked":"Cursed Key"},{"not_picked":["Sozu","Tiny House"],"picked":"Coffee Dripper"}],"items_purged_floors":[37],"is_endless":false,"potions_floor_spawned":[4,11,13,16,18,28,33,36,38,40,48],"ascension_level":0}}