{"host":"coat6gkfrd6s61c3","time":1612599782,"event":{"mods":["100% Spire Juice","2.2 Compatiblity","AchievementEnabler","BaseMod","Colored Powertips","Conspire","Friendly Minions","Halation","Hubris","Infinite Spire","Minty Spire (QoL Compilation)","Practice Mode","Replay The Spire","Shop Mod","StSLib","everything is the same but u backflip on backflip","slay the spire mod where everything is the same but ironclad has a cowboy hat"],"gold_per_floor":[112,112,112,462,117,23,23,38,38,3,13,23,23,23,23,126,6,24,37,37,56,71,71,96,96,96,116,116,116,116,131,11,11,11],"floor_reached":33,"language":"ENG","playtime":5254,"items_purged":[],"score":265,"play_id":"0a245b73-311b-461f-ad4f-75237fc4d93c","local_time":"20210206185302","is_ascension_mode":false,"campfire_choices":[{"data":"Moonworks:LongDistanceShot","floor":7,"key":"SMITH"},{"data":"Moonworks:DevilHand","floor":13,"key":"SMITH"},{"data":"ReplayTheSpireMod:Faulty Equipment","floor":15,"key":"SMITH"},{"data":"Moonworks:DeployBits","floor":23,"key":"SMITH"},{"data":"Moonworks:EvilSpyWorkPreparation","floor":25,"key":"SMITH"},{"data":"Moonworks:DevilHand","floor":30,"key":"SMITH"},{"floor":32,"key":"REST"}],"circlet_count":0,"master_deck":["Moonworks:Strike","Moonworks:Strike","Moonworks:Strike","Moonworks:Strike","Moonworks:Defend","Moonworks:Defend","Moonworks:Defend","Moonworks:Defend","Moonworks:Ambush","Moonworks:LongDistanceShot+1","Spreading Infection","Moonworks:DevilHand+1","Moonworks:LulusLuckyEgg","Moonworks:FullSpeedAlicianrone","Moonworks:SakisCookie","Moonworks:DevilHand+1","Moonworks:AwakeningOfTalent","Moonworks:StarBlastingFuse","Moonworks:EvilSpyWorkPreparation+1","Moonworks:DeployBits+1","Moonworks:NicePresent","Moonworks:Assault","Moonworks:Poppoformation","hubris:Lust","Moonworks:LulusLuckyEgg+1"],"relics":["Moonworks:BrokenBomb","Moonworks:Homemark","Ring of Greed","Ring of Searing","Old Coin","MawBank","Potion Belt","Garlic","Omamori","Cursed Key","hubris:DeckOfHolding","Ice Cream","hubris:Icosahedron","hubris:Towel"],"acts_visited":["Exordium","TheCity"],"potions_floor_usage":[24,24,33,33,33,33],"damage_taken":[{"damage":3,"enemies":"Jaw Worm","floor":1,"turns":3},{"damage":50,"enemies":"Lagavulin","floor":6,"turns":7},{"damage":0,"enemies":"2 Louse","floor":8,"turns":2},{"damage":2,"enemies":"conspire:RoseBush","floor":11,"turns":4},{"damage":0,"enemies":"Large Slime","floor":12,"turns":3},{"damage":24,"enemies":"Fading Forest","floor":16,"turns":11},{"damage":19,"enemies":"2 Thieves","floor":18,"turns":4},{"damage":0,"enemies":"3 Byrds","floor":19,"turns":3},{"damage":13,"enemies":"Snake Plant","floor":21,"turns":4},{"damage":0,"enemies":"Centurion and Healer","floor":22,"turns":4},{"damage":11,"enemies":"Gremlin Leader","floor":24,"turns":3},{"damage":9,"enemies":"Chosen and Byrds","floor":27,"turns":4},{"damage":1,"enemies":"3 Cultists","floor":31,"turns":4},{"damage":45,"enemies":"hubris:MusketHawk","floor":33,"turns":6}],"seed_played":"1527394772211849865","potions_obtained":[{"floor":1,"key":"Energy Potion"},{"floor":6,"key":"Elixir"},{"floor":16,"key":"FearPotion"},{"floor":19,"key":"conspire:TimeTravelPotion"},{"floor":27,"key":"LifebloodPotion"}],"is_trial":false,"path_per_floor":["M","?","?","?","$","E","R","M","T","?","M","M","R","T","R","B",null,"M","M","?","M","M","R","E","R","T","M","?","?","R","M","R","B"],"character_chosen":"THE_STARBREAKER","items_purchased":["Moonworks:DevilHand","Moonworks:LulusLuckyEgg"],"campfire_rested":1,"item_purchase_floors":[5,5],"current_hp_per_floor":[63,63,63,63,63,13,13,13,13,29,29,29,29,29,29,17,66,47,49,37,26,26,26,28,28,28,19,19,19,19,18,37,0,0],"gold":11,"neow_bonus":"TEN_PERCENT_HP_BONUS","is_daily":false,"chose_seed":false,"campfire_upgraded":6,"win_rate":0.0,"timestamp":1612599782,"path_taken":["M","?","?","?","$","E","R","M","T","?","M","M","R","?","R","BOSS","M","M","?","?","M","R","E","R","T","M","?","?","R","M","R","BOSS"],"items_purchased_type":["Card","Card"],"build_version":"2020-12-22","purchased_purges":0,"victory":false,"max_hp_per_floor":[66,66,66,66,66,66,66,66,66,66,66,66,66,66,66,66,66,66,66,66,66,66,66,66,66,66,66,66,66,66,66,66,66,66],"card_choices":[{"not_picked":["Moonworks:ImOnFire","Moonworks:JonathanRush","Moonworks:LuckyCharm"],"picked":"SKIP","floor":1},{"not_picked":["Moonworks:ForcedRevival","Moonworks:SelfDestruct"],"picked":"Moonworks:FullSpeedAlicianrone","floor":6},{"not_picked":["Moonworks:NicePresent","Moonworks:CloudOfSeagulls"],"picked":"Moonworks:SakisCookie","floor":8},{"not_picked":["Moonworks:CloudOfSeagulls","Moonworks:Heat300Percent"],"picked":"Moonworks:DevilHand","floor":11},{"not_picked":["Moonworks:NicePresent","Moonworks:LulusLuckyEgg"],"picked":"Moonworks:AwakeningOfTalent","floor":12},{"not_picked":["Moonworks:LeapThroughSpace","Moonworks:Encore"],"picked":"Moonworks:StarBlastingFuse","floor":16},{"not_picked":["Moonworks:SakisCookie","Moonworks:TreasureThief"],"picked":"Moonworks:EvilSpyWorkPreparation","floor":18},{"not_picked":["Moonworks:LulusLuckyEgg","Moonworks:JonathanRush"],"picked":"Moonworks:DeployBits","floor":19},{"not_picked":["Moonworks:SakisCookie","Moonworks:JonathanRush"],"picked":"Moonworks:NicePresent","floor":21},{"not_picked":["Moonworks:ImOnFire","Moonworks:RedAndBlue+1"],"picked":"Moonworks:Assault","floor":22},{"not_picked":["Moonworks:SinkOrSwim","Moonworks:ImOnFire+1"],"picked":"Moonworks:Poppoformation","floor":24},{"not_picked":["Moonworks:SakisCookie","Moonworks:CloudOfSeagulls+1","Moonworks:WindyEnchantment"],"picked":"SKIP","floor":27},{"not_picked":["Moonworks:ImOnFire","Moonworks:EvilSpyWorkPreparation"],"picked":"Moonworks:LulusLuckyEgg+1","floor":31}],"player_experience":755109,"relics_obtained":[{"floor":4,"key":"Ring of Greed"},{"floor":4,"key":"Ring of Searing"},{"floor":4,"key":"Old Coin"},{"floor":4,"key":"MawBank"},{"floor":6,"key":"Potion Belt"},{"floor":9,"key":"Garlic"},{"floor":14,"key":"Omamori"},{"floor":24,"key":"hubris:DeckOfHolding"},{"floor":26,"key":"Ice Cream"}],"event_choices":[{"damage_healed":0,"gold_gain":0,"player_choice":"Ignored","damage_taken":0,"max_hp_gain":0,"max_hp_loss":0,"event_name":"Liars Game","floor":2,"gold_loss":0},{"damage_healed":0,"gold_gain":0,"player_choice":"Ignored","damage_taken":0,"max_hp_gain":0,"max_hp_loss":0,"event_name":"Golden Wing","floor":3,"gold_loss":0},{"damage_healed":16,"gold_gain":0,"player_choice":"Healed","damage_taken":0,"max_hp_gain":0,"max_hp_loss":0,"event_name":"The Cleric","floor":10,"gold_loss":35},{"damage_healed":0,"gold_gain":0,"player_choice":"POTION ","damage_taken":12,"max_hp_gain":0,"max_hp_loss":0,"event_name":"Knowing Skull","floor":20,"potions_obtained":["Energy Potion"],"gold_loss":0,"cards_obtained":[]}],"is_beta":false,"boss_relics":[{"not_picked":["Fusion Hammer","hubris:CrackedHourglass"],"picked":"Cursed Key"}],"items_purged_floors":[],"is_endless":false,"potions_floor_spawned":[1,6,16,19,27],"killed_by":"hubris:MusketHawk","ascension_level":0}}