{"host":"d73an99q9oevilk5","time":1612578623,"event":{"mods":["2.2 Compatiblity","AchievementEnabler","Act Like it!","Aspiration","BaseMod","Beaked The Cultist","Better Third Choice","BetterRewards","Colored Map","Colored Powertips","Conspire","Downfall","GifTheSpireLib","Halation","Hubris","Infinite Spire","Marisa????????","Mimic Mod","Minty Spire (QoL Compilation)","Quick Restart","Relic Sorter","Reliquary","Replay The Spire","Shop Mod","Spikes Relics","StSLib","Stuff the Spire","The Cursed","The Necromancer","The Saiyan","Waifu the Spire","egg","slay the spire mod where everything is the same but ironclad has a cowboy hat"],"gold_per_floor":[99,113,26,42,27,27,27,27,27,27,177,177,206,223,242,242,242,242],"floor_reached":16,"language":"ENG","playtime":754,"items_purged":[],"score":98,"play_id":"daa62ce2-177e-4bfe-b576-07adb7ee8096","local_time":"20210205193023","is_ascension_mode":false,"campfire_choices":[{"data":"sneckomod:UnknownRarePower","floor":6,"key":"SMITH"},{"floor":12,"key":"REST"}],"circlet_count":0,"master_deck":["sneckomod:Strike","sneckomod:Strike","sneckomod:Strike+1","sneckomod:Defend","sneckomod:Defend","sneckomod:Defend","sneckomod:TailWhip","sneckomod:SnekBite","sneckomod:Unknown","sneckomod:DefensiveFlair","sneckomod:UnknownX","sneckomod:SnakeSap","sneckomod:UnknownStrike","sneckomod:UnknownRarePower+1","infinitespire:Starlight","downfall:Icky","sneckomod:SnakeSap","sneckomod:DiceBlock","sneckomod:IronFang"],"relics":["sneckomod:SneckoSoul","StuffTheSpire:Rhapsscallions","RollingBoulder"],"acts_visited":["Exordium"],"potions_floor_usage":[16],"damage_taken":[{"damage":0,"enemies":"Cultist","floor":2,"turns":2},{"damage":0,"enemies":"downfall:FleeingMerchant","floor":3,"turns":4},{"damage":11,"enemies":"Jaw Worm","floor":4,"turns":4},{"damage":6,"enemies":"downfall:FleeingMerchant","floor":5,"turns":4},{"damage":68,"enemies":"Lagavulin","floor":13,"turns":11},{"damage":3,"enemies":"Small Slimes","floor":14,"turns":2},{"damage":19,"enemies":"2 Fungi Beasts","floor":15,"turns":4},{"damage":51,"enemies":"IC_STATUS_ARCHETYPE","floor":16,"turns":13}],"seed_played":"-1467450720173275542","potions_obtained":[{"floor":4,"key":"Energy Potion"},{"floor":14,"key":"SteroidPotion"},{"floor":15,"key":"SneckoOil"}],"is_trial":false,"path_per_floor":["R","M","$","M","$","R","T","?","?","?","?","R","E","M","M","B"],"character_chosen":"THE_SNECKO","items_purchased":["sneckomod:SnakeSap"],"campfire_rested":1,"item_purchase_floors":[3],"current_hp_per_floor":[99,99,99,88,82,82,86,86,60,60,60,90,32,29,35,0,0,0],"gold":242,"neow_bonus":"TEN_PERCENT_HP_BONUS","is_daily":false,"chose_seed":false,"campfire_upgraded":1,"win_rate":0.0,"timestamp":1612578623,"path_taken":["R","M","$","M","?","R","T","?","?","?","?","R","E","M","M","BOSS"],"items_purchased_type":["Card"],"build_version":"2020-12-22","purchased_purges":0,"victory":false,"max_hp_per_floor":[99,99,99,99,99,99,103,103,103,103,103,103,103,103,103,103,103,103],"card_choices":[{"not_picked":["sneckomod:DiceBlock","sneckomod:UnknownCommonAttack"],"picked":"sneckomod:DefensiveFlair","floor":2},{"not_picked":["sneckomod:DiceBlock","sneckomod:UnknownUncommonSkill"],"picked":"sneckomod:UnknownX","floor":3},{"not_picked":["sneckomod:Unknown1Cost","sneckomod:UnknownDraw"],"picked":"sneckomod:UnknownStrike","floor":4},{"not_picked":["sneckomod:DefensiveFlair","sneckomod:IronFang"],"picked":"sneckomod:UnknownRarePower","floor":5},{"not_picked":["infinitespire:Menacing","ReplayTheSpireMod:Black Plague"],"picked":"infinitespire:Starlight","floor":9},{"not_picked":["sneckomod:UnknownUncommonAttack","sneckomod:Unknown1Cost"],"picked":"sneckomod:SnakeSap","floor":13},{"not_picked":["sneckomod:SerpentIdol","sneckomod:SoulDraw"],"picked":"sneckomod:DiceBlock","floor":14},{"not_picked":["sneckomod:Unknown2Cost","sneckomod:TrashToTreasure"],"picked":"sneckomod:IronFang","floor":15}],"player_experience":1846552,"relics_obtained":[{"floor":7,"key":"StuffTheSpire:Rhapsscallions"},{"floor":13,"key":"RollingBoulder"}],"event_choices":[],"is_beta":false,"boss_relics":[],"items_purged_floors":[],"is_endless":false,"potions_floor_spawned":[4,14,15],"killed_by":"IC_STATUS_ARCHETYPE","ascension_level":0}}