{"host":"oigynbtg272c19pw","time":1612614412,"event":{"mods":["BaseMod","Colored Map","Minty Spire (QoL Compilation)","Relic Stats","Slay the Relics Exporter","StSLib"],"gold_per_floor":[117,192,192,204,228,228,256,266,292,292,6,24,24,24,24],"floor_reached":14,"playtime":250,"items_purged":["Strike_P"],"score":226,"play_id":"6fe55279-ff91-4399-8643-cf4415c88625","local_time":"20210206132652","is_ascension_mode":true,"campfire_choices":[{"data":"Worship","floor":6,"key":"SMITH"},{"data":"BowlingBash","floor":10,"key":"SMITH"},{"data":"Consecrate","floor":13,"key":"SMITH"}],"circlet_count":0,"master_deck":["AscendersBane","Strike_P+1","Strike_P","Strike_P+1","Defend_P","Defend_P","Defend_P","Defend_P","Eruption","Vigilance","Worship+1","LikeWater","Establishment","BowlingBash+1","Consecrate+1","Indignation"],"relics":["PureWater","NeowsBlessing","Pear","PreservedInsect","Vajra"],"acts_visited":["Exordium"],"potions_floor_usage":[12],"damage_taken":[{"damage":0,"enemies":"Jaw Worm","floor":1,"turns":1},{"damage":0,"enemies":"Cultist","floor":4,"turns":1},{"damage":0,"enemies":"3 Sentries","floor":7,"turns":2},{"damage":7,"enemies":"2 Louse","floor":8,"turns":4},{"damage":8,"enemies":"Blue Slaver","floor":12,"turns":3},{"damage":17,"enemies":"Lagavulin","floor":14,"turns":7}],"seed_played":"1675562634895018472","potions_obtained":[{"floor":4,"key":"Strength Potion"},{"floor":8,"key":"AttackPotion"}],"is_trial":false,"path_per_floor":["M","?","?","M","T","R","E","M","T","R","$","M","R","E"],"character_chosen":"WATCHER","items_purchased":["Vajra","Consecrate"],"campfire_rested":0,"item_purchase_floors":[11,11],"current_hp_per_floor":[61,50,30,30,30,30,40,33,33,33,33,25,25,8,8],"gold":24,"neow_bonus":"THREE_ENEMY_KILL","is_daily":false,"chose_seed":false,"campfire_upgraded":3,"win_rate":0.0,"timestamp":1612614412,"path_taken":["M","?","?","M","?","R","E","M","T","R","$","?","R","E"],"items_purchased_type":["Relic","Card"],"build_version":"2020-12-13","purchased_purges":1,"victory":false,"max_hp_per_floor":[68,68,68,68,68,68,78,78,78,78,78,78,78,78,78],"relic_stats":{"counters":[6,18],"PreservedInsect":29,"obtain_stats":[{"Pear":7,"NeowsBlessing":0,"Vajra":11,"PreservedInsect":9,"PureWater":0},{"Pear":3,"NeowsBlessing":0,"Vajra":4,"PreservedInsect":4,"PureWater":0},{"Pear":4,"NeowsBlessing":0,"Vajra":8,"PreservedInsect":8,"PureWater":0}]},"card_choices":[{"not_picked":["EmptyBody","Protect"],"picked":"Worship","floor":1},{"not_picked":["Evaluate","ThirdEye"],"picked":"LikeWater","floor":4},{"not_picked":["FlurryOfBlows","Perseverance"],"picked":"Establishment","floor":7},{"not_picked":["ClearTheMind","EmptyMind"],"picked":"BowlingBash","floor":8},{"not_picked":["Crescendo","CrushJoints"],"picked":"Indignation","floor":12}],"player_experience":1549624,"relics_obtained":[{"floor":7,"key":"Pear"},{"floor":9,"key":"PreservedInsect"}],"event_choices":[{"damage_healed":0,"gold_gain":75,"player_choice":"Gather Gold","damage_taken":11,"max_hp_gain":0,"max_hp_loss":0,"event_name":"World of Goop","floor":2,"gold_loss":0},{"damage_healed":0,"gold_gain":0,"player_choice":"Entered Light","damage_taken":20,"max_hp_gain":0,"max_hp_loss":0,"event_name":"Shining Light","floor":3,"gold_loss":0,"cards_upgraded":["Strike_P","Strike_P"]}],"is_beta":false,"boss_relics":[],"items_purged_floors":[11],"is_endless":false,"potions_floor_spawned":[4,8],"killed_by":"Lagavulin","ascension_level":20}}