{"host":"52m1o8iwwagurbjs","time":1612628739,"event":{"mods":["AchievementEnabler","BaseMod","Bestiary","Challenge The Spire","Colored Powertips","GifTheSpireLib","Minty Spire (QoL Compilation)","Quick Restart","Relic Stats","StSLib"],"gold_per_floor":[109,32,43,43,63,63,91,109,109,128,161,161,175,189,189,289,289,299,36,36,36,71,71,89,103,103,138,138,138,138],"floor_reached":29,"language":"ENG","playtime":1151,"items_purged":["Strike_G"],"score":268,"play_id":"30e2f65b-9544-433d-bdeb-7dc89049f25b","local_time":"20210206112539","is_ascension_mode":true,"campfire_choices":[{"data":"Noxious Fumes","floor":6.0,"key":"SMITH"},{"data":"Deadly Poison","floor":12.0,"key":"SMITH"},{"data":"Footwork","floor":15.0,"key":"SMITH"},{"data":"Bullet Time","floor":23.0,"key":"SMITH"}],"circlet_count":0,"master_deck":["Strike_G","Defend_G","Defend_G","Defend_G","Defend_G","Defend_G","Survivor","Neutralize","Deadly Poison+1","Noxious Fumes+1","Escape Plan","Flying Knee","Die Die Die","Footwork+1","Dagger Spray","Poisoned Stab","Acrobatics","Bullet Time+1","Night Terror","Footwork","Blur","Night Terror","Crippling Poison+1","PiercingWail","Decay"],"relics":["Ring of the Snake","Juzu Bracelet","White Beast Statue","Pear","Bottled Lightning","Runic Pyramid","Snake Skull","Red Mask","InkBottle","Gremlin Horn"],"acts_visited":["Exordium","TheCity"],"potions_floor_usage":[29,29],"damage_taken":[{"damage":0.0,"enemies":"2 Louse","floor":1.0,"turns":3.0},{"damage":0.0,"enemies":"Cultist","floor":3.0,"turns":4.0},{"damage":2.0,"enemies":"Jaw Worm","floor":5.0,"turns":4.0},{"damage":19.0,"enemies":"Lagavulin","floor":7.0,"turns":8.0},{"damage":12.0,"enemies":"Large Slime","floor":8.0,"turns":5.0},{"damage":0.0,"enemies":"Blue Slaver","floor":10.0,"turns":5.0},{"damage":6.0,"enemies":"3 Sentries","floor":11.0,"turns":4.0},{"damage":4.0,"enemies":"Red Slaver","floor":13.0,"turns":3.0},{"damage":17.0,"enemies":"Large Slime","floor":14.0,"turns":5.0},{"damage":11.0,"enemies":"Hexaghost","floor":16.0,"turns":8.0},{"damage":0.0,"enemies":"Chosen","floor":18.0,"turns":5.0},{"damage":36.0,"enemies":"Masked Bandits","floor":22.0,"turns":4.0},{"damage":11.0,"enemies":"Shell Parasite","floor":24.0,"turns":6.0},{"damage":0.0,"enemies":"Shelled Parasite and Fungi","floor":25.0,"turns":4.0},{"damage":32,"enemies":"Gremlin Leader","floor":27,"turns":7},{"damage":0,"enemies":"Book of Stabbing","floor":29,"turns":2}],"seed_played":"4065794842639988001","potions_obtained":[{"floor":3.0,"key":"Regen Potion"},{"floor":8.0,"key":"AttackPotion"},{"floor":10.0,"key":"ColorlessPotion"},{"floor":11.0,"key":"SkillPotion"},{"floor":13.0,"key":"Swift Potion"},{"floor":14.0,"key":"Strength Potion"},{"floor":16.0,"key":"Strength Potion"},{"floor":18.0,"key":"Poison Potion"},{"floor":22.0,"key":"CunningPotion"},{"floor":24.0,"key":"SteroidPotion"},{"floor":25.0,"key":"CultistPotion"}],"is_trial":false,"path_per_floor":["M","$","M","?","M","R","E","M","T","M","E","R","M","M","R","B",null,"M","$","?","?","?","R","M","M","T","E","?","E"],"character_chosen":"THE_SILENT","items_purchased":["Noxious Fumes","Snake Skull","Footwork"],"campfire_rested":0,"item_purchase_floors":[2,19,19],"current_hp_per_floor":[70,70,70,70,68,68,49,37,47,47,41,41,37,34,34,23,80,80,80,80,80,44,44,33,33,33,1,1,1,1],"gold":138,"neow_bonus":"RANDOM_COMMON_RELIC","is_daily":false,"chose_seed":false,"campfire_upgraded":4,"win_rate":0.0,"timestamp":1612628739,"path_taken":["M","$","M","?","M","R","E","M","T","M","E","R","M","M","R","BOSS","M","$","?","?","?","R","M","M","T","E","?","E"],"items_purchased_type":["Card","Relic","Card"],"build_version":"2020-12-22","purchased_purges":1,"victory":false,"max_hp_per_floor":[70,70,70,70,70,70,70,70,80,80,80,80,80,80,80,80,80,80,80,80,80,80,80,80,80,80,80,80,80,80],"relic_stats":{"Gremlin Horn":[0,0],"counters":[16,77],"Snake Skull":[34],"Juzu Bracelet":1,"obtain_stats":[{"Pear":9,"Gremlin Horn":27,"Snake Skull":19,"Juzu Bracelet":0,"Red Mask":22,"Bottled Lightning":11,"White Beast Statue":7,"InkBottle":26,"Ring of the Snake":0,"Runic Pyramid":17},{"Pear":5,"Gremlin Horn":15,"Snake Skull":11,"Juzu Bracelet":0,"Red Mask":12,"Bottled Lightning":7,"White Beast Statue":4,"InkBottle":14,"Ring of the Snake":0,"Runic Pyramid":10},{"Pear":24,"Gremlin Horn":75,"Snake Skull":54,"Juzu Bracelet":0,"Red Mask":58,"Bottled Lightning":33,"White Beast Statue":19,"InkBottle":68,"Ring of the Snake":0,"Runic Pyramid":49}],"InkBottle":[1],"Ring of the Snake":[32]},"card_choices":[{"not_picked":["Flying Knee","Skewer"],"picked":"Deadly Poison","floor":1.0},{"not_picked":["Acrobatics","Finisher"],"picked":"Escape Plan","floor":3.0},{"not_picked":["Terror","Masterful Stab"],"picked":"Flying Knee","floor":5.0},{"not_picked":["Slice","Dagger Throw"],"picked":"Die Die Die","floor":7.0},{"not_picked":["Cloak And Dagger","Underhanded Strike"],"picked":"Footwork","floor":8.0},{"not_picked":["Outmaneuver","Flying Knee"],"picked":"Dagger Spray","floor":10.0},{"not_picked":["Setup","Masterful Stab"],"picked":"Poisoned Stab","floor":11.0},{"not_picked":["Cloak And Dagger","Deadly Poison"],"picked":"Acrobatics","floor":13.0},{"not_picked":["Flying Knee","Leg Sweep"],"picked":"Bullet Time","floor":14.0},{"not_picked":["Doppelganger","Bullet Time"],"picked":"Night Terror","floor":16.0},{"not_picked":["Sucker Punch","Dodge and Roll","Underhanded Strike"],"picked":"SKIP","floor":18.0},{"not_picked":["Predator","Slice"],"picked":"Crippling Poison+1","floor":22.0},{"not_picked":["Underhanded Strike","Tactician+1","Terror"],"picked":"SKIP","floor":24.0},{"not_picked":["Poisoned Stab","Dagger Spray+1"],"picked":"PiercingWail","floor":25.0},{"not_picked":["Bane","All Out Attack","Escape Plan"],"picked":"SKIP","floor":27}],"player_experience":1316245,"relics_obtained":[{"floor":7.0,"key":"White Beast Statue"},{"floor":9.0,"key":"Pear"},{"floor":11.0,"key":"Bottled Lightning"},{"floor":22.0,"key":"Red Mask"},{"floor":26.0,"key":"InkBottle"},{"floor":27,"key":"Gremlin Horn"}],"event_choices":[{"cards_removed":["Strike_G"],"damage_healed":0.0,"max_hp_gain":0.0,"max_hp_loss":0.0,"gold_gain":0.0,"event_name":"Purifier","player_choice":"Purged","floor":4.0,"gold_loss":0.0,"damage_taken":0.0},{"damage_healed":0.0,"max_hp_gain":0.0,"max_hp_loss":0.0,"gold_gain":0.0,"cards_transformed":["Strike_G","Strike_G"],"event_name":"Drug Dealer","player_choice":"Became Test Subject","floor":20.0,"gold_loss":0.0,"damage_taken":0.0,"cards_obtained":["Blur","Night Terror"]},{"damage_healed":0.0,"max_hp_gain":0.0,"max_hp_loss":0.0,"gold_gain":0.0,"event_name":"Vampires","player_choice":"Ignored","floor":21.0,"gold_loss":0.0,"damage_taken":0.0},{"damage_healed":0.0,"max_hp_gain":0.0,"max_hp_loss":0.0,"gold_gain":0.0,"event_name":"Masked Bandits","player_choice":"Fought Bandits","floor":22.0,"gold_loss":0.0,"damage_taken":0.0},{"damage_healed":0,"gold_gain":0,"player_choice":"Smashed Altar","damage_taken":0,"max_hp_gain":0,"max_hp_loss":0,"event_name":"Forgotten Altar","floor":28,"gold_loss":0,"cards_obtained":["Decay"]}],"is_beta":false,"boss_relics":[{"not_picked":["Philosopher\u0027s Stone","Cursed Key"],"picked":"Runic Pyramid"}],"items_purged_floors":[19],"is_endless":false,"potions_floor_spawned":[3,8,10,11,13,14,16,18,22,24,25,27],"killed_by":"Book of Stabbing","ascension_level":1}}