{"host":"e5u7qs1emxzejr12","time":1612614091,"event":{"mods":["100% Spire Juice","2.2 Compatiblity","Act Like it!","Arknights","Ascension Unlocker","BaseMod","CapriCore","Card Forge","Colored Powertips","Custom Start","GifTheSpireLib","Highlight Path","Minty Spire (QoL Compilation)","Monster B Gone","MostiFishMod","Quick Restart","Relic Filter Mod","Reliquary","Replay The Spire","StSLib","SuperFastMode","The Blackbeard","WarShipGirlsR/战舰少女R mod","篝火指南"],"gold_per_floor":[115,115,115,134,144,174,174,190,190,224,244,269,288,322,149,227,227,240,160,171,171,191,226,64,99,99,99,99,127,143,163,235,312,312,325,337,383,383,383,410,410,442,442,350,369,398,236,263,13,13,13,13,13,13,44,44],"floor_reached":57,"language":"ZHS","playtime":2454,"items_purged":[],"score":2456,"play_id":"cf335824-7f06-4d3c-be4b-985296b57e6c","local_time":"20210206202131","is_ascension_mode":true,"campfire_choices":[{"floor":7.0,"key":"RECALL"},{"floor":28.0,"key":"REST"}],"circlet_count":0,"master_deck":["AscendersBane","ats:Emotion Absorption+1","ats:Apocalypse+1","ats:Apocalypse+1","ats:Composite Medical Shells+1","ats:Wolf Pack+1","ats:Shadow Assault+1","ats:Absolute Focus+1","ats:Healing Strengthening+1","ats:Apocalypse+1","Madness+1","ats:Healing Strengthening+1"],"relics":["ats:Sanity","Hammer of Thor","Seething Fire","Anvil of the Gods","DaveBox","NeowsBlessing","Civilization","SynthV:TestCard","ats:Originium","Centennial Puzzle","Garlic","ThornShield","StrikeDummy","Pet Ghost","DollysMirror","xbg","ats:Ability Aura","reliquary:Bookmark","reliquary:RosewoodLute","Pocketwatch","Fusion Hammer","WingedGreaves","Anchor","Art of War","Frozen Egg 2","reliquary:PartyBalloon","Omamori","Replay:Wax Seal","Replay:Baseball","Replay:Ringing Soul"],"acts_visited":["Exordium","TheCity","TheBeyond","TheEnding"],"potions_floor_usage":[],"damage_taken":[{"damage":0.0,"enemies":"Small Slimes","floor":1.0,"turns":1.0},{"damage":0.0,"enemies":"Cultist","floor":4.0,"turns":1.0},{"damage":0.0,"enemies":"Jaw Worm","floor":5.0,"turns":1.0},{"damage":11.0,"enemies":"Replay:BlueRogue","floor":6.0,"turns":6.0},{"damage":1.0,"enemies":"Large Slime","floor":8.0,"turns":7.0},{"damage":35.0,"enemies":"3 Sentries","floor":10.0,"turns":8.0},{"damage":7.0,"enemies":"Blue Slaver","floor":11.0,"turns":4.0},{"damage":22.0,"enemies":"Lagavulin","floor":12.0,"turns":4.0},{"damage":0.0,"enemies":"Lots of Slimes","floor":13.0,"turns":3.0},{"damage":6.0,"enemies":"Gremlin Nob","floor":14.0,"turns":3.0},{"damage":62.0,"enemies":"The Guardian","floor":16.0,"turns":11.0},{"damage":42.0,"enemies":"Spheric Guardian","floor":18.0,"turns":6.0},{"damage":50.0,"enemies":"Shell Parasite","floor":20.0,"turns":5.0},{"damage":17.0,"enemies":"Snecko","floor":22.0,"turns":4.0},{"damage":0.0,"enemies":"Gremlin Leader","floor":23.0,"turns":3.0},{"damage":24.0,"enemies":"Replay:Snechameleon","floor":25.0,"turns":3.0},{"damage":8.0,"enemies":"Book of Stabbing","floor":29.0,"turns":3.0},{"damage":6.0,"enemies":"Centurion and Healer","floor":30.0,"turns":3.0},{"damage":18.0,"enemies":"Shelled Parasite and Fungi","floor":31.0,"turns":3.0},{"damage":59.0,"enemies":"Pondfish","floor":33.0,"turns":8.0},{"damage":12.0,"enemies":"3 Shapes","floor":35.0,"turns":4.0},{"damage":0.0,"enemies":"3 Darklings","floor":36.0,"turns":2.0},{"damage":0.0,"enemies":"2 Orb Walkers","floor":37.0,"turns":2.0},{"damage":142.0,"enemies":"Nemesis","floor":40.0,"turns":7.0},{"damage":11.0,"enemies":"Giant Head","floor":42.0,"turns":4.0},{"damage":38,"enemies":"Sphere and 2 Shapes","floor":45,"turns":4},{"damage":29,"enemies":"R_Hoarder","floor":46,"turns":6},{"damage":37,"enemies":"Replay:Hell Engine","floor":50,"turns":4},{"damage":74,"enemies":"Awakened One","floor":51,"turns":5},{"damage":121,"enemies":"Shield and Spear","floor":55,"turns":5},{"damage":245,"enemies":"The Heart","floor":56,"turns":8}],"seed_played":"5338430955456713696","potions_obtained":[{"floor":1.0,"key":"Block Potion"},{"floor":6.0,"key":"ColorlessPotion"},{"floor":13.0,"key":"Swift Potion"}],"is_trial":false,"path_per_floor":["M","?","$","M","M","E","R","M","T","E","M","E","M","E","R","B",null,"M","?","M","?","M","E","R","E","T","$","R","E","M","M","R","B",null,"M","M","?","?","?","E","R","E","T","R","M","E","$","T","R","B","B",null,"R","$","E","B",null],"character_chosen":"DOCTOR_CLASS","items_purchased":["DollysMirror","reliquary:Bookmark","Madness","Omamori","Replay:Baseball","ats:Healing Strengthening+1"],"campfire_rested":1,"item_purchase_floors":[15,24,44,47,49,49],"current_hp_per_floor":[67,67,67,70,74,74,74,90,90,79,94,90,101,111,111,121,121,110,110,117,117,123,141,141,125,125,125,146,151,156,155,155,139,159,169,176,181,181,191,128,128,186,186,186,204,184,184,184,184,216,187,213,213,213,169,73],"gold":44,"neow_bonus":"THREE_ENEMY_KILL","is_daily":false,"chose_seed":false,"campfire_upgraded":0,"win_rate":0.0,"timestamp":1612614091,"path_taken":["M","?","?","M","M","E","R","M","T","E","M","E","?","E","R","BOSS","M","?","M","?","M","E","R","E","T","$","R","E","M","M","R","BOSS","M","M","?","?","?","E","R","E","T","R","?","E","$","?","R","BOSS","BOSS","R","$","E","BOSS"],"items_purchased_type":["Relic","Relic","Card","Relic","Relic","Card"],"build_version":"2020-12-22","purchased_purges":0,"victory":true,"max_hp_per_floor":[74,74,74,77,81,86,86,91,91,96,101,106,111,116,116,121,121,126,126,131,131,136,141,141,146,146,146,146,151,156,161,161,166,166,171,176,181,181,191,196,196,201,201,201,206,211,211,211,211,216,221,221,221,221,226,231],"card_choices":[{"not_picked":["ats:Rapid Magazine","ats:Magnetic Hammer"],"picked":"ats:Hook Shot","floor":1.0},{"not_picked":["ats:Counter Healing Mode","ats:Absolute Focus","ats:Poison Spread","ats:Hook Shot"],"picked":"ats:Apocalypse","floor":4.0},{"not_picked":["ats:Shadow Raid","ats:Very Hot Blade","ats:Serious Mode","ats:Thermite Blade"],"picked":"ats:Defend Order","floor":5.0},{"not_picked":["ats:Spore Proliferation","ats:Hammer On","ats:Blood Oath","ats:Explosion Area Strengthen","ats:Curse Doll"],"picked":"SKIP","floor":6.0},{"not_picked":["ats:Revitalization","ats:Song Of Battle","ats:Closed Bolt Burst Fire","ats:Cat Scratch"],"picked":"ats:Apocalypse","floor":8.0},{"not_picked":["ats:Shell Defense","ats:Encircling Forest","ats:Beaten Up","ats:Hammer On"],"picked":"ats:Revitalization","floor":10.0},{"not_picked":["ats:Directed Diagnosis","ats:Demon Strength","ats:Sword Rain","ats:Cat Scratch","ats:Flexible Camouflage"],"picked":"SKIP","floor":11.0},{"not_picked":["ats:Volcano","ats:Shadow Raid","ats:Hammer On","ats:Rapid Magazine"],"picked":"ats:Consecutive Shot Auto","floor":12.0},{"not_picked":["ats:Ignite","ats:Blood Oath","ats:Neurotoxin","ats:Shell Defense"],"picked":"ats:Composite Medical Shells","floor":13.0},{"not_picked":["ats:Consecutive Shot Auto","ats:Chain Hook","ats:Flexible Camouflage","ats:Hook Shot"],"picked":"ats:Rat Pack","floor":14.0},{"not_picked":["ats:True Silver Slash","ats:Soul Rend","ats:Roar Of Ursus","ats:Volcano"],"picked":"ats:Wolf Pack","floor":16.0},{"not_picked":["ats:Leaping Hammer","ats:Cat Scratch","ats:Assault Order+1","ats:Hammer On"],"picked":"ats:Healing Drone","floor":18.0},{"not_picked":["ats:Consecutive Shot Auto","ats:Apocalypse","ats:Neurotoxin","ats:Absolute Focus"],"picked":"ats:Phantom","floor":20.0},{"not_picked":["ats:Poison Spread","ats:Phantom","ats:Shell Defense","ats:Song Of Battle","ats:Guardian Obelisk"],"picked":"SKIP","floor":22.0},{"not_picked":["ats:Thermite Blade","ats:Nebulous Foxfire","ats:Blood Oath+1","ats:Ignite","ats:Shell Defense"],"picked":"SKIP","floor":23.0},{"not_picked":["ats:Counter Healing Mode","ats:Charging Defense","ats:Automatic Cover","ats:Encircling Forest","ats:Shell Defense"],"picked":"SKIP","floor":25.0},{"not_picked":["ats:Steam Pump","ats:Very Hot Blade","ats:Composite Medical Shells","ats:Demon Strength"],"picked":"ats:Absolute Focus","floor":29.0},{"not_picked":["ats:Leaping Hammer","ats:Guard Mode","ats:Closed Bolt Burst Fire","ats:Part Time Job","ats:Chain Hook"],"picked":"SKIP","floor":30.0},{"not_picked":["ats:Curse Doll","ats:Closed Bolt Burst Fire","ats:Neurotoxin","ats:Hammer On+1","ats:Flexible Camouflage"],"picked":"SKIP","floor":31.0},{"not_picked":["ats:Directed Diagnosis","ats:Revitalization","ats:Apocalypse","ats:Beaten Up"],"picked":"ats:Healing Strengthening","floor":35.0},{"not_picked":["ats:Ignite","ats:Absolute Focus+1","ats:Leaping Hammer","ats:Powerful Strike+1","ats:Explosion Area Strengthen"],"picked":"SKIP","floor":36.0},{"not_picked":["ats:Healing Drone","ats:Chain Hook","ats:Closed Bolt Burst Fire","ats:Explosion Area Strengthen+1"],"picked":"ats:Apocalypse","floor":37.0},{"not_picked":["ats:Shadow Assault","ats:Burning Ground","ats:Calcification","ats:Defend Order","ats:Absolute Focus+1"],"picked":"SKIP","floor":40.0},{"not_picked":["ats:Directed Diagnosis+1","ats:Cat Scratch","ats:Consecutive Shot Auto+1","ats:Poison Spread+1","ats:Sword Rain"],"picked":"SKIP","floor":42.0},{"not_picked":["ats:Charging Defense","ats:Revitalization","ats:Cat Scratch+1","ats:Ignite","ats:Spore Proliferation"],"picked":"SKIP","floor":45},{"not_picked":["ats:Phantom+1","ats:Consecutive Shot Auto+1","ats:Curse Doll+1","ats:Steam Pump","ats:Hook Shot"],"picked":"SKIP","floor":46},{"not_picked":["ats:Volcano","ats:Guard Mode","ats:Cat Scratch","ats:Explosion Area Strengthen","ats:Thorns+1"],"picked":"SKIP","floor":55}],"player_experience":88710,"relics_obtained":[{"floor":1.0,"key":"SynthV:TestCard"},{"floor":6.0,"key":"ats:Originium"},{"floor":6.0,"key":"Centennial Puzzle"},{"floor":9.0,"key":"Garlic"},{"floor":10.0,"key":"ats:Originium"},{"floor":10.0,"key":"ThornShield"},{"floor":12.0,"key":"ats:Originium"},{"floor":12.0,"key":"StrikeDummy"},{"floor":14.0,"key":"ats:Originium"},{"floor":14.0,"key":"Pet Ghost"},{"floor":23.0,"key":"ats:Ability Aura"},{"floor":25.0,"key":"reliquary:RosewoodLute"},{"floor":29.0,"key":"Pocketwatch"},{"floor":37.0,"key":"WingedGreaves"},{"floor":40.0,"key":"Anchor"},{"floor":42.0,"key":"Art of War"},{"floor":43.0,"key":"Frozen Egg 2"},{"floor":46,"key":"reliquary:PartyBalloon"},{"floor":48,"key":"Replay:Wax Seal"},{"floor":55,"key":"Replay:Ringing Soul"}],"event_choices":[{"damage_healed":0.0,"max_hp_gain":0.0,"max_hp_loss":0.0,"gold_gain":0.0,"event_name":"Upgrade Shrine","player_choice":"Ignored","floor":2.0,"gold_loss":0.0,"damage_taken":0.0},{"damage_healed":0.0,"max_hp_gain":0.0,"max_hp_loss":0.0,"gold_gain":0.0,"cards_transformed":["ats:Hook Shot","ats:Consecutive Shot Auto"],"event_name":"Drug Dealer","player_choice":"Became Test Subject","floor":21.0,"gold_loss":0.0,"damage_taken":0.0,"cards_obtained":["ats:Durian","ats:Shadow Assault"]},{"damage_healed":0.0,"max_hp_gain":0.0,"max_hp_loss":0.0,"gold_gain":0.0,"event_name":"Mysterious Sphere","player_choice":"Fight","floor":37.0,"gold_loss":0.0,"damage_taken":0.0},{"cards_removed":["ats:Rat Pack"],"damage_healed":0.0,"max_hp_gain":10.0,"max_hp_loss":0.0,"gold_gain":0.0,"event_name":"Bonfire Elementals","player_choice":"Offered Rare","floor":39.0,"gold_loss":0.0,"damage_taken":0.0}],"is_beta":false,"boss_relics":[{"not_picked":["Calling Bell","RhineFirstAidKit"],"picked":"xbg"},{"not_picked":["Abe\u0027s Treasure","BloodWine"],"picked":"Fusion Hammer"}],"items_purged_floors":[],"is_endless":false,"potions_floor_spawned":[1,6,10,13,20,25,31,33,37,40,42,46],"ascension_level":20}}