{"host":"qc268ltokmxwqyrx","time":1612643535,"event":{"mods":["BaseMod","Colored Map","Colored Powertips","Minty Spire (QoL Compilation)","Relic Stats","Slay the Relics Exporter","StSLib","ojb\u0027s Info Mod"],"gold_per_floor":[112,125,11,11,22,48,61,61,143,170,10,20,80,90,90,166,166,179,179,192,82,82,82,82],"floor_reached":23,"language":"ENG","playtime":1324,"items_purged":["Strike_G"],"score":402,"play_id":"e32a7155-c853-43bd-8173-0e3bb948513a","local_time":"20210206143215","is_ascension_mode":true,"campfire_choices":[{"floor":8,"key":"REST"},{"data":"Prepared","floor":15,"key":"SMITH"}],"circlet_count":0,"master_deck":["AscendersBane","Strike_G+1","Strike_G","Strike_G","Defend_G","Defend_G","Defend_G","Defend_G","Defend_G","Survivor","Neutralize","Riddle With Holes","Underhanded Strike","Poisoned Stab","PiercingWail","Envenom","Prepared+1","Eviscerate","Well Laid Plans","Phantasmal Killer","Acrobatics","After Image","Crippling Poison"],"relics":["HoveringKite","Peace Pipe","Pear","Tiny Chest","Velvet Choker","Anchor"],"acts_visited":["Exordium","TheCity"],"potions_floor_usage":[6,6,12,16,23],"damage_taken":[{"damage":0,"enemies":"Small Slimes","floor":1,"turns":5},{"damage":2,"enemies":"Jaw Worm","floor":2,"turns":4},{"damage":1,"enemies":"Cultist","floor":5,"turns":3},{"damage":22,"enemies":"3 Sentries","floor":6,"turns":8},{"damage":13,"enemies":"Blue Slaver","floor":7,"turns":4},{"damage":35,"enemies":"Lagavulin","floor":10,"turns":8},{"damage":16,"enemies":"Large Slime","floor":12,"turns":9},{"damage":4,"enemies":"2 Fungi Beasts","floor":14,"turns":3},{"damage":8,"enemies":"Hexaghost","floor":16,"turns":8},{"damage":3,"enemies":"3 Byrds","floor":18,"turns":6},{"damage":26,"enemies":"Spheric Guardian","floor":20,"turns":6},{"damage":35,"enemies":"Book of Stabbing","floor":23,"turns":5}],"seed_played":"-6580650909738477839","potions_obtained":[{"floor":2,"key":"AttackPotion"},{"floor":5,"key":"CultistPotion"},{"floor":10,"key":"Regen Potion"},{"floor":14,"key":"AttackPotion"},{"floor":16,"key":"Dexterity Potion"}],"is_trial":false,"path_per_floor":["M","M","$","?","M","E","M","R","T","E","$","M","?","M","R","B",null,"M","?","M","?","T","E"],"character_chosen":"THE_SILENT","items_purchased":["Poisoned Stab","Weak Potion","Well Laid Plans"],"campfire_rested":1,"item_purchase_floors":[3,3,11],"current_hp_per_floor":[59,57,57,57,56,34,21,40,50,15,15,14,14,10,10,2,58,55,55,29,29,29,0,0],"gold":82,"neow_bonus":"BOSS_RELIC","is_daily":false,"chose_seed":false,"campfire_upgraded":1,"win_rate":0.0,"timestamp":1612643535,"path_taken":["M","M","$","?","M","E","M","R","T","E","$","M","?","M","R","BOSS","M","?","M","?","?","E"],"items_purchased_type":["Card","Potion","Card"],"build_version":"2020-12-22","purchased_purges":1,"victory":false,"max_hp_per_floor":[66,66,66,66,66,66,66,66,76,76,76,76,76,76,76,76,76,76,76,76,76,76,76,76],"relic_stats":{"Peace Pipe":1,"counters":[12,69],"HoveringKite":[24],"Tiny Chest":1,"obtain_stats":[{"Peace Pipe":6,"Anchor":22,"Pear":9,"HoveringKite":0,"Velvet Choker":17,"Tiny Chest":10,"Ring of the Snake":0},{"Peace Pipe":4,"Anchor":11,"Pear":5,"HoveringKite":0,"Velvet Choker":9,"Tiny Chest":6,"Ring of the Snake":0},{"Peace Pipe":20,"Anchor":64,"Pear":24,"HoveringKite":0,"Velvet Choker":52,"Tiny Chest":32,"Ring of the Snake":0}]},"card_choices":[{"not_picked":["Backflip","Calculated Gamble"],"picked":"Riddle With Holes","floor":1},{"not_picked":["Finisher","Flechettes"],"picked":"Underhanded Strike","floor":2},{"not_picked":["Catalyst","Cloak And Dagger"],"picked":"PiercingWail","floor":5},{"not_picked":["Tactician","Deadly Poison"],"picked":"Envenom","floor":6},{"not_picked":["Infinite Blades","Sucker Punch"],"picked":"Prepared","floor":7},{"not_picked":["Dodge and Roll","Well Laid Plans"],"picked":"Eviscerate","floor":10},{"not_picked":["Masterful Stab","Well Laid Plans"],"picked":"Phantasmal Killer","floor":12},{"not_picked":["PiercingWail","Tactician"],"picked":"Acrobatics","floor":14},{"not_picked":["Unload","Malaise"],"picked":"After Image","floor":16},{"not_picked":["Setup+1","Heel Hook","Poisoned Stab"],"picked":"SKIP","floor":18},{"not_picked":["Blade Dance","Dagger Spray"],"picked":"Crippling Poison","floor":20}],"player_experience":1801246,"relics_obtained":[{"floor":6,"key":"Peace Pipe"},{"floor":9,"key":"Pear"},{"floor":10,"key":"Tiny Chest"},{"floor":22,"key":"Anchor"}],"event_choices":[{"damage_healed":0,"gold_gain":0,"player_choice":"Ignored","damage_taken":0,"max_hp_gain":0,"max_hp_loss":0,"event_name":"Liars Game","floor":4,"gold_loss":0},{"damage_healed":0,"gold_gain":60,"player_choice":"Gained Gold","damage_taken":0,"max_hp_gain":0,"max_hp_loss":0,"event_name":"Golden Wing","floor":13,"gold_loss":0},{"damage_healed":0,"gold_gain":0,"player_choice":"Ignored","damage_taken":0,"max_hp_gain":0,"max_hp_loss":0,"event_name":"The Mausoleum","floor":19,"gold_loss":0},{"cards_removed":["Strike_G"],"damage_healed":0,"gold_gain":0,"player_choice":"Upgrade and Remove","damage_taken":0,"max_hp_gain":0,"max_hp_loss":0,"event_name":"Designer","floor":21,"gold_loss":110,"cards_upgraded":["Strike_G"]}],"is_beta":false,"boss_relics":[{"not_picked":["Empty Cage","Tiny House"],"picked":"Velvet Choker"}],"items_purged_floors":[11],"is_endless":false,"potions_floor_spawned":[2,5,10,14,16],"killed_by":"Book of Stabbing","ascension_level":20}}