{"host":"bvp2uifzy1c463d9","time":1612653806,"event":{"mods":["AchievementEnabler","BaseMod","Block Reminder","ChefMod","Colored Map","Colored Powertips","Hermit","Highlight Path","Infinite Spire","Minty Spire (QoL Compilation)","Random Character Button","Relic Sorter","Relic Stats","Reliquary","Replay The Spire","StSLib","The Jungle","The Servant 0.9.4"],"gold_per_floor":[110,110,124,134,134,134,147,182,182,182,196,196,252,268,268,268,268],"floor_reached":16,"language":"ENG","playtime":971,"items_purged":[],"score":112,"play_id":"12939a17-b977-4dbc-8edf-06abcc4d2cb0","local_time":"20210206172326","is_ascension_mode":true,"campfire_choices":[{"data":"infinitespire:Collect","floor":6,"key":"SMITH"},{"data":"hermit:Midnight","floor":10,"key":"SMITH"},{"data":"hermit:Quickdraw","floor":12,"key":"SMITH"},{"data":"hermit:Vantage","floor":15,"key":"SMITH"}],"circlet_count":0,"master_deck":["hermit:Strike_Hermit","hermit:Strike_Hermit","hermit:Strike_Hermit+1","hermit:Strike_Hermit","hermit:Defend_Hermit","hermit:Defend_Hermit","hermit:Defend_Hermit","hermit:Defend_Hermit","hermit:Snapshot","hermit:Covet","hermit:Misfire","hermit:Quickdraw+1","Finesse","hermit:SprayPray+1","hermit:WideOpen","infinitespire:Collect+1","CommonCold","Writhe","hermit:Midnight+1","hermit:Vantage+1","hermit:PistolWhip","hermit:SprayPray"],"relics":["hermit:Momento","Whetstone","reliquary:RosewoodLute","ReplayTheSpireMod:Ninjato"],"acts_visited":["Exordium"],"potions_floor_usage":[16,16,16],"damage_taken":[{"damage":2,"enemies":"Jaw Worm","floor":1,"turns":4},{"damage":0,"enemies":"Cultist","floor":3,"turns":2},{"damage":1,"enemies":"2 Louse","floor":4,"turns":2},{"damage":10,"enemies":"2 Fungi Beasts","floor":7,"turns":3},{"damage":14,"enemies":"Gremlin Nob","floor":8,"turns":4},{"damage":7,"enemies":"Exordium Wildlife","floor":11,"turns":4},{"damage":24,"enemies":"Lagavulin Event","floor":13,"turns":6},{"damage":0,"enemies":"Red Slaver","floor":14,"turns":2},{"damage":27,"enemies":"Hexaghost","floor":16,"turns":12}],"seed_played":"9206896099825978756","potions_obtained":[{"floor":3,"key":"SkillPotion"},{"floor":7,"key":"Dexterity Potion"},{"floor":13,"key":"Swift Potion"}],"is_trial":false,"path_per_floor":["M","?","M","M","?","R","M","E","T","R","M","R","?","M","R","B"],"character_chosen":"HERMIT","items_purchased":[],"campfire_rested":0,"item_purchase_floors":[],"current_hp_per_floor":[80,80,80,79,79,79,69,55,55,55,48,48,24,24,24,0,0],"gold":268,"neow_bonus":"TEN_PERCENT_HP_BONUS","is_daily":false,"chose_seed":false,"campfire_upgraded":4,"win_rate":0.0,"timestamp":1612653806,"path_taken":["M","?","?","M","?","R","M","E","T","R","M","R","?","?","R","BOSS"],"items_purchased_type":[],"build_version":"2020-12-22","purchased_purges":0,"victory":false,"max_hp_per_floor":[82,82,82,82,82,82,82,82,82,82,82,82,82,82,82,82,82],"relic_stats":{"counters":[9,39],"Whetstone":["hermit:SprayPray","hermit:Strike_Hermit"],"obtain_stats":[{"ReplayTheSpireMod:Ninjato":13,"Whetstone":8,"reliquary:RosewoodLute":9,"hermit:Momento":0},{"ReplayTheSpireMod:Ninjato":7,"Whetstone":5,"reliquary:RosewoodLute":5,"hermit:Momento":0},{"ReplayTheSpireMod:Ninjato":25,"Whetstone":15,"reliquary:RosewoodLute":15,"hermit:Momento":0}]},"card_choices":[{"not_picked":["hermit:Glare","hermit:CalledShot"],"picked":"hermit:Misfire","floor":1},{"not_picked":["hermit:DeadMansHand","hermit:Vantage"],"picked":"hermit:SprayPray","floor":3},{"not_picked":["hermit:Feint","hermit:Vantage"],"picked":"hermit:WideOpen","floor":4},{"not_picked":["ReplayTheSpireMod:Chaos Vortex","Replay:Fractal Strike"],"picked":"infinitespire:Collect","floor":5},{"not_picked":["hermit:BigShot","hermit:EyeOfTheStorm"],"picked":"hermit:Midnight","floor":7},{"not_picked":["hermit:Scavenge","hermit:Feint"],"picked":"hermit:Vantage","floor":8},{"not_picked":["hermit:TakeCover","hermit:Shortfuse","hermit:Enervate"],"picked":"SKIP","floor":11},{"not_picked":["hermit:Dive","hermit:Roughhouse"],"picked":"hermit:PistolWhip","floor":13},{"not_picked":["hermit:BodyArmor","hermit:Glare"],"picked":"hermit:SprayPray","floor":14}],"player_experience":274019,"relics_obtained":[{"floor":8,"key":"Whetstone"},{"floor":9,"key":"reliquary:RosewoodLute"},{"floor":13,"key":"ReplayTheSpireMod:Ninjato"}],"event_choices":[{"damage_healed":0,"gold_gain":0,"player_choice":"2 cards matched","damage_taken":0,"max_hp_gain":0,"max_hp_loss":0,"event_name":"Match and Keep!","floor":2,"gold_loss":0,"cards_obtained":["hermit:Quickdraw","Finesse"]},{"damage_healed":0,"gold_gain":0,"player_choice":"Searched \u00272\u0027 times","damage_taken":0,"max_hp_gain":0,"max_hp_loss":0,"event_name":"Dead Adventurer","floor":13,"gold_loss":0}],"is_beta":false,"boss_relics":[],"items_purged_floors":[],"is_endless":false,"potions_floor_spawned":[3,7,13,14],"killed_by":"Hexaghost","ascension_level":2}}