{"host":"d4nr47a59rmbesnz","time":1612653729,"event":{"mods":["A Magickal Journey","BaseMod","Better Third Choice","Hermit","Minty Spire (QoL Compilation)","Quick Restart","Replay The Spire","Shade Mod","StSLib","The Bladedancer","The Cursed","The Death Knight","The Disciple","The Forsaken","The Hierophant","The Necromancer","The Spell Scribe","The Valiant"],"gold_per_floor":[115,131,151,166,177,177,177],"floor_reached":6,"language":"ENG","playtime":574,"items_purged":[],"score":40,"play_id":"82f73eab-8e9a-424c-996a-12bd49bfba24","local_time":"20210207022209","is_ascension_mode":false,"campfire_choices":[],"circlet_count":0,"master_deck":["Magicka:MeteorShowerCard","Magicka:InvisibleCard","Magicka:PreciseFingerCard","Magicka:PreciseFingerCard","Magicka:PreciseFingerCard","Magicka:PreciseFingerCard","Magicka:PreciseFingerCard","Magicka:TheFistCard","Magicka:DefaultBladeCard","Magicka:DefaultBladeCard","Magicka:PoisonCloudCard","Magicka:RuinCrusherCard","Magicka:LightningRodCard","Magicka:PoisonCloudCard","Magicka:LightningRodCard"],"relics":["Magicka:WizardStaff"],"acts_visited":["Exordium"],"potions_floor_usage":[6],"damage_taken":[{"damage":19,"enemies":"Cultist","floor":1,"turns":5},{"damage":14,"enemies":"2 Louse","floor":2,"turns":3},{"damage":19,"enemies":"Small Slimes","floor":3,"turns":4},{"damage":16,"enemies":"3 Louse","floor":4,"turns":3},{"damage":10,"enemies":"Looter","floor":5,"turns":2},{"damage":44,"enemies":"Gremlin Nob","floor":6,"turns":3}],"seed_played":"2332717852638087827","potions_obtained":[{"floor":1,"key":"Strength Potion"},{"floor":2,"key":"FearPotion"}],"is_trial":false,"path_per_floor":["M","M","M","M","M","E"],"character_chosen":"MAGICKA_WIZARD","items_purchased":[],"campfire_rested":0,"item_purchase_floors":[],"current_hp_per_floor":[29,15,44,34,24,0,0],"gold":177,"neow_bonus":"TEN_PERCENT_HP_BONUS","is_daily":false,"chose_seed":false,"campfire_upgraded":0,"win_rate":0.0,"timestamp":1612653729,"path_taken":["M","M","M","M","M","E"],"items_purchased_type":[],"build_version":"2020-12-22","purchased_purges":0,"victory":false,"max_hp_per_floor":[44,44,44,44,44,44,44],"card_choices":[{"not_picked":["Magicka:SlipperyFireCard","Magicka:SausageFingersCard"],"picked":"Magicka:PoisonCloudCard","floor":1},{"not_picked":["Magicka:SnowballCard","Magicka:CreateIceCard"],"picked":"Magicka:RuinCrusherCard","floor":2},{"not_picked":["Magicka:SlipperyWaterCard","Magicka:SlipperyColdCard"],"picked":"Magicka:LightningRodCard","floor":3},{"not_picked":["Magicka:SlipperyColdCard","Magicka:SlipperyFireCard"],"picked":"Magicka:PoisonCloudCard","floor":4},{"not_picked":["Magicka:SlipperyWaterCard","Magicka:ConcentrateCard"],"picked":"Magicka:LightningRodCard","floor":5}],"player_experience":83342,"relics_obtained":[],"event_choices":[],"is_beta":false,"boss_relics":[],"items_purged_floors":[],"is_endless":false,"potions_floor_spawned":[1,2],"killed_by":"Gremlin Nob","ascension_level":0}}