{"host":"yqw1zpryoutrnocq","time":1612653621,"event":{"mods":["2.2 Compatiblity","AchievementEnabler","BaseMod","Colored Map","Custom Start","DeckTracker","Minty Spire (QoL Compilation)","StSLib","SuperFastMode"],"gold_per_floor":[115,65,65,31,49,81,0,14,14,40,40,56,56,72,72,171,171,184,201,201,201,201,49,49,74,74,126,142,142,155,155,175,175,270,270,290,303,303,353,23,51,51,51,51],"floor_reached":43,"language":"KOR","playtime":1254,"items_purged":["Strike_P","Defend_P"],"score":560,"play_id":"0040f309-287a-43c0-889d-ddbcd800b388","local_time":"20210206172021","is_ascension_mode":true,"campfire_choices":[{"data":"MentalFortress","floor":11.0,"key":"SMITH"},{"data":"BattleHymn","floor":13.0,"key":"SMITH"},{"data":"EmptyMind","floor":15.0,"key":"SMITH"},{"data":"Ragnarok","floor":24.0,"key":"SMITH"},{"data":"MentalFortress","floor":29.0,"key":"SMITH"},{"data":"RitualDagger","floor":31.0,"key":"SMITH"},{"data":"Prostrate","floor":33.0,"key":"SMITH"},{"data":"Adaptation","floor":42.0,"key":"SMITH"}],"circlet_count":0,"master_deck":["Strike_P+1","Strike_P","Defend_P+1","Eruption+1","Vigilance","Prostrate","BattleHymn+1","Prostrate+1","MentalFortress+1","EmptyMind+1","FearNoEvil","Ragnarok+1","WindmillStrike","RitualDagger+1","MentalFortress+1","DeceiveReality+1","Shame","LessonLearned","Adaptation","InnerPeace+1","Adaptation+1"],"relics":["HolyWater","NeowsBlessing","Sundial","Mercury Hourglass","PreservedInsect","Empty Cage","Bag of Marbles","Boot","Potion Belt","Prayer Wheel","Orrery","InkBottle"],"acts_visited":["Exordium","TheCity","TheBeyond"],"potions_floor_usage":[],"damage_taken":[{"damage":0.0,"enemies":"Jaw Worm","floor":1.0,"turns":1.0},{"damage":0.0,"enemies":"Cultist","floor":5.0,"turns":1.0},{"damage":0.0,"enemies":"Gremlin Nob","floor":6.0,"turns":1.0},{"damage":0.0,"enemies":"2 Louse","floor":8.0,"turns":3.0},{"damage":10.0,"enemies":"Lagavulin","floor":10.0,"turns":6.0},{"damage":1.0,"enemies":"Exordium Thugs","floor":12.0,"turns":4.0},{"damage":0.0,"enemies":"2 Fungi Beasts","floor":14.0,"turns":3.0},{"damage":11.0,"enemies":"The Guardian","floor":16.0,"turns":7.0},{"damage":10.0,"enemies":"Shell Parasite","floor":18.0,"turns":4.0},{"damage":4.0,"enemies":"Spheric Guardian","floor":19.0,"turns":4.0},{"damage":0.0,"enemies":"Book of Stabbing","floor":25.0,"turns":4.0},{"damage":3.0,"enemies":"3 Cultists","floor":28.0,"turns":3.0},{"damage":7.0,"enemies":"Chosen and Byrds","floor":30.0,"turns":7.0},{"damage":4.0,"enemies":"Snake Plant","floor":32.0,"turns":4.0},{"damage":25.0,"enemies":"Automaton","floor":34.0,"turns":6.0},{"damage":13.0,"enemies":"Orb Walker","floor":36.0,"turns":3.0},{"damage":6.0,"enemies":"3 Shapes","floor":37.0,"turns":3.0},{"damage":4.0,"enemies":"Mind Bloom Boss Battle","floor":39.0,"turns":6.0},{"damage":42.0,"enemies":"Nemesis","floor":41.0,"turns":7.0},{"damage":11,"enemies":"Reptomancer","floor":43,"turns":1}],"seed_played":"5957628306684962925","potions_obtained":[{"floor":6.0,"key":"Explosive Potion"},{"floor":8.0,"key":"DuplicationPotion"},{"floor":14.0,"key":"Block Potion"},{"floor":16.0,"key":"Regen Potion"},{"floor":19.0,"key":"Fire Potion"},{"floor":25.0,"key":"SteroidPotion"},{"floor":30.0,"key":"Block Potion"},{"floor":34.0,"key":"GamblersBrew"},{"floor":39.0,"key":"SpeedPotion"}],"is_trial":false,"path_per_floor":["M","?","?","$","M","E","$","M","T","E","R","M","R","M","R","B",null,"M","M","?","?","?","$","R","E","?","T","M","R","M","R","M","R","B",null,"M","M","?","?","$","E","R","E"],"character_chosen":"WATCHER","items_purchased":["BattleHymn","MentalFortress","MentalFortress","Adaptation","Orrery"],"campfire_rested":0,"item_purchase_floors":[4,7,23,40,40],"current_hp_per_floor":[72,72,72,72,72,72,72,72,72,62,62,61,61,61,61,50,72,69,65,65,59,59,59,59,59,59,59,56,56,49,49,45,45,20,72,59,53,53,49,49,7,7,0,0],"gold":51,"neow_bonus":"THREE_ENEMY_KILL","is_daily":false,"chose_seed":false,"campfire_upgraded":8,"win_rate":0.0,"timestamp":1612653621,"path_taken":["M","?","?","?","M","E","$","M","T","E","R","?","R","M","R","BOSS","M","?","?","?","?","$","R","E","?","T","M","R","?","R","M","R","BOSS","M","M","?","?","$","E","R","E"],"items_purchased_type":["Card","Card","Card","Card","Relic"],"build_version":"2020-12-22","purchased_purges":2,"victory":false,"max_hp_per_floor":[72,72,72,72,72,72,72,72,72,72,72,72,72,72,72,72,72,72,72,72,72,72,72,72,72,72,72,72,72,72,72,72,72,72,72,72,72,72,72,72,72,72,72,72],"card_choices":[{"not_picked":["CrushJoints","ThirdEye"],"picked":"Prostrate","floor":1.0},{"not_picked":["Collect","CrushJoints"],"picked":"Prostrate","floor":5.0},{"not_picked":["CrushJoints","FlurryOfBlows","SpiritShield"],"picked":"SKIP","floor":6.0},{"not_picked":["FlurryOfBlows","ForeignInfluence","FollowUp"],"picked":"SKIP","floor":8.0},{"not_picked":["Fasting2","ClearTheMind"],"picked":"EmptyMind","floor":10.0},{"not_picked":["JustLucky","WheelKick"],"picked":"FearNoEvil","floor":12.0},{"not_picked":["FearNoEvil","Weave","SashWhip"],"picked":"SKIP","floor":14.0},{"not_picked":["Vault","Omniscience"],"picked":"Ragnarok","floor":16.0},{"not_picked":["CrushJoints+1","Collect"],"picked":"WindmillStrike","floor":18.0},{"not_picked":["SashWhip","Crescendo","PathToVictory"],"picked":"SKIP","floor":19.0},{"not_picked":["Crescendo","Meditate+1"],"picked":"DeceiveReality+1","floor":25.0},{"not_picked":["Protect","Meditate","PathToVictory"],"picked":"SKIP","floor":28.0},{"not_picked":["Wallop","WreathOfFlame","CrushJoints+1"],"picked":"SKIP","floor":30.0},{"not_picked":["WreathOfFlame","Nirvana+1","Prostrate"],"picked":"SKIP","floor":32.0},{"not_picked":["Devotion","DeusExMachina"],"picked":"LessonLearned","floor":34.0},{"not_picked":["Protect+1","ThirdEye","Vengeance+1"],"picked":"SKIP","floor":36.0},{"not_picked":["BowlingBash+1","FlurryOfBlows","CutThroughFate"],"picked":"SKIP","floor":37.0},{"not_picked":["JustLucky","EmptyFist+1"],"picked":"InnerPeace+1","floor":40.0},{"not_picked":["SandsOfTime+1","Vengeance"],"picked":"Adaptation","floor":40.0},{"not_picked":["Nirvana","EmptyBody+1","Sanctity+1"],"picked":"SKIP","floor":41.0}],"player_experience":307945,"relics_obtained":[{"floor":6.0,"key":"Sundial"},{"floor":9.0,"key":"Mercury Hourglass"},{"floor":10.0,"key":"PreservedInsect"},{"floor":25.0,"key":"Bag of Marbles"},{"floor":27.0,"key":"Potion Belt"},{"floor":39.0,"key":"Prayer Wheel"},{"floor":41.0,"key":"InkBottle"}],"event_choices":[{"cards_removed":["Strike_P"],"damage_healed":0.0,"max_hp_gain":0.0,"max_hp_loss":0.0,"gold_gain":0.0,"event_name":"The Cleric","player_choice":"Card Removal","floor":2.0,"gold_loss":50.0,"damage_taken":0.0},{"damage_healed":0.0,"max_hp_gain":0.0,"max_hp_loss":0.0,"gold_gain":0.0,"event_name":"Living Wall","player_choice":"Grow","floor":3.0,"gold_loss":0.0,"damage_taken":0.0,"cards_upgraded":["Eruption"]},{"damage_healed":0.0,"max_hp_gain":0.0,"max_hp_loss":0.0,"gold_gain":0.0,"event_name":"Nest","player_choice":"Joined the Cult","floor":21.0,"gold_loss":0.0,"damage_taken":6.0,"cards_obtained":["RitualDagger"]},{"damage_healed":0.0,"max_hp_gain":0.0,"max_hp_loss":0.0,"gold_gain":0.0,"event_name":"Ghosts","player_choice":"Ignored","floor":22.0,"gold_loss":0.0,"damage_taken":0.0},{"damage_healed":0.0,"max_hp_gain":0.0,"max_hp_loss":0.0,"gold_gain":0.0,"event_name":"Addict","player_choice":"Stole Relic","floor":26.0,"gold_loss":0.0,"damage_taken":0.0,"relics_obtained":["Boot"],"cards_obtained":["Shame"]},{"damage_healed":0.0,"max_hp_gain":0.0,"max_hp_loss":0.0,"gold_gain":0.0,"event_name":"SensoryStone","player_choice":"Memory 1","floor":38.0,"gold_loss":0.0,"damage_taken":0.0},{"damage_healed":0.0,"max_hp_gain":0.0,"max_hp_loss":0.0,"gold_gain":0.0,"event_name":"MindBloom","player_choice":"Fight","floor":39.0,"gold_loss":0.0,"damage_taken":0.0}],"is_beta":false,"boss_relics":[{"not_picked":["Philosopher\u0027s Stone","SlaversCollar"],"picked":"Empty Cage"},{"not_picked":["Calling Bell","Velvet Choker"],"picked":"HolyWater"}],"items_purged_floors":[23,40],"is_endless":false,"potions_floor_spawned":[6,8,14,16,19,25,30,34,39],"killed_by":"Reptomancer","ascension_level":2}}