{"host":"j1eo1fqrqta44853","time":1612643206,"event":{"mods":["Act Like it!","Bartender","BaseMod","CatGirl Mod","Custom Start","Downfall","Elementarium","Gensokyo","GungeonMod","HololiveMod","Hubris","Infinite Spire","KinomotoSakuraMod(????)","Koishi","Lobotomy","LobotomyExtend","Marisa????????","Minty Spire (QoL Compilation)","Pale of the Ancients","Rare Cards Sparkle","Reimu??????","Reliquary","Replay The Spire","SIMod","Shedinja","Spire Arcade","StSLib","The Alterego","The Jungle","The Marked","The Mystic","The Runesmith","The Senshi","The Vixen","TheBandit","Waifu the Spire","WarShipGirlsR/????R mod","Yakumo Yukari mod"],"gold_per_floor":[115,133,133,133,63,91,91,103,103,103,103,131,3,3,3],"floor_reached":14,"language":"ENG","playtime":1644,"items_purged":["alterego_mod:BigMeatyClaws"],"score":96,"play_id":"837748eb-7429-4354-92a1-6572a7e46732","local_time":"20210206142646","is_ascension_mode":false,"campfire_choices":[{"floor":7,"key":"RECALL"},{"floor":11,"key":"REST"}],"circlet_count":0,"master_deck":["alterego_mod:Strike","alterego_mod:Strike","alterego_mod:Strike+1","alterego_mod:Strike","alterego_mod:Defend","alterego_mod:Defend","alterego_mod:Defend","alterego_mod:Defend+1","alterego_mod:BrynhildrsRune","alterego_mod:GachaTicket","alterego_mod:Punishment","alterego_mod:Stockings","alterego_mod:Bounce","alterego_mod:Bounce","alterego_mod:Bounce"],"relics":["alterego_mod:MasochisticConstitution","DemoMod:AgedBell","Replay:Bottled Steam","Anchor"],"acts_visited":["Gensokyo:Gensokyo"],"potions_floor_usage":[6,14],"damage_taken":[{"damage":0,"enemies":"Gensokyo:3_Fairies","floor":1,"turns":7},{"damage":4,"enemies":"Gensokyo:Python","floor":2,"turns":6},{"damage":48,"enemies":"Gensokyo:Mamizou","floor":6,"turns":14},{"damage":3,"enemies":"Gensokyo:2_Kodama","floor":8,"turns":5},{"damage":38,"enemies":"Gensokyo:Cirno","floor":12,"turns":11},{"damage":13,"enemies":"Gensokyo:Mamizou","floor":14,"turns":9}],"seed_played":"-6771861164428053642","potions_obtained":[{"floor":2,"key":"SteroidPotion"},{"floor":12,"key":"Energy Potion"}],"is_trial":false,"path_per_floor":["M","M","?","?","?","E","R","M","T","?","R","E","$","E"],"character_chosen":"The_Alterego","items_purchased":["alterego_mod:Bounce"],"campfire_rested":1,"item_purchase_floors":[13],"current_hp_per_floor":[70,71,71,71,71,31,31,43,43,29,50,13,13,0,0],"gold":3,"neow_bonus":"REMOVE_CARD","is_daily":false,"chose_seed":false,"campfire_upgraded":0,"win_rate":0.0,"timestamp":1612643206,"path_taken":["M","M","?","?","?","E","R","M","T","?","R","E","$","E"],"items_purchased_type":["Card"],"build_version":"2020-12-22","purchased_purges":1,"victory":false,"max_hp_per_floor":[70,71,71,71,71,72,72,73,73,73,73,74,74,74,74],"card_choices":[{"not_picked":["alterego_mod:Maid","alterego_mod:PresenceConcealment"],"picked":"alterego_mod:GachaTicket","floor":1},{"not_picked":["alterego_mod:Complex","alterego_mod:SakuraFive"],"picked":"alterego_mod:Punishment","floor":2},{"not_picked":["alterego_mod:Swimsuit","alterego_mod:BoobPocket"],"picked":"alterego_mod:Stockings","floor":6},{"not_picked":["alterego_mod:Smother","alterego_mod:HighServant"],"picked":"alterego_mod:Bounce","floor":8},{"not_picked":["alterego_mod:Clap","alterego_mod:PerceptionDisorder"],"picked":"alterego_mod:Bounce","floor":12}],"player_experience":1144555,"relics_obtained":[{"floor":6,"key":"DemoMod:AgedBell"},{"floor":12,"key":"Anchor"}],"event_choices":[],"is_beta":false,"boss_relics":[],"items_purged_floors":[13],"is_endless":false,"potions_floor_spawned":[2,12],"killed_by":"Gensokyo:Mamizou","ascension_level":0}}