{"host":"l15sdf2mmi0nobpi","time":1612588473,"event":{"mods":["BaseMod","Highlight Path","Minty Spire (QoL Compilation)","MostiFishMod","Quick Restart","StSLib","¡¾¹¦ÄÜMod¡¿Neow½±Àø"],"gold_per_floor":[115,115,135,159,175,175,210,222,258,291,339,351,403,431,443,554,566,603,635,665,717,729,777,789,840,852,907,711,711,711,730,730,819,819,844,844,859,641,655,690,690,728,728,480,505,505,455,486,486,486,486,486,486,42,77,77],"floor_reached":57,"language":"ZHS","playtime":2431,"items_purged":["Strike_R","Strike_R","Strike_R","Bash"],"score":3301,"play_id":"f3a54ab5-445b-4392-8ba2-0a826e8b39db","local_time":"20210206131433","is_ascension_mode":true,"campfire_choices":[{"data":"Heavy Blade","floor":6.0,"key":"SMITH"},{"data":"Sword Boomerang","floor":8.0,"key":"SMITH"},{"data":"Barricade","floor":12.0,"key":"SMITH"},{"data":"Seeing Red","floor":15.0,"key":"SMITH"},{"data":"Entrench","floor":30.0,"key":"SMITH"},{"data":"MostiFishMod:NightSea","floor":32.0,"key":"SMITH"},{"floor":41,"key":"RECALL"},{"data":"Master of Strategy","floor":46,"key":"SMITH"},{"data":"Pommel Strike","floor":49,"key":"SMITH"},{"data":"Exhume","floor":53,"key":"SMITH"}],"circlet_count":0,"master_deck":["AscendersBane","Defend_R","Defend_R","Defend_R","Heavy Blade+1","Seeing Red+1","Shrug It Off","Sword Boomerang+1","Pommel Strike+1","Barricade+1","MostiFishMod:BrandingRite","Impervious","MostiFishMod:TheEndOfMoonlight","MostiFishMod:SparklingWater","MostiFishMod:FantasySummer","MostiFishMod:NightSea+1","Second Wind","Feel No Pain+1","Entrench+1","Power Through","Dark Embrace+1","Exhume+1","Evolve+1","Master of Strategy+1"],"relics":["Burning Blood","DaveBox","ShadowXiaoBlade","SynthV:TestCard","Golden Idol","MawBank","Bronze Scales","Boot","MoonlightInvasionPlan","Red Mask","Nilry\u0027s Codex","MostiFishMod:Haymaker","Singing Bowl","Frozen Egg 2","Smiling Mask","TheAbacus","SlaversCollar","SynthV","Juzu Bracelet","StoneCalendar","ThornShield","Mummified Hand","TimeFreeze","Blood Vial"],"acts_visited":["Exordium","TheCity","TheBeyond","TheEnding"],"potions_floor_usage":[40,48,56],"damage_taken":[{"damage":6.0,"enemies":"2 Louse","floor":1.0,"turns":3.0},{"damage":3.0,"enemies":"Small Slimes","floor":3.0,"turns":2.0},{"damage":2.0,"enemies":"Jaw Worm","floor":4.0,"turns":3.0},{"damage":6.0,"enemies":"Looter","floor":5.0,"turns":2.0},{"damage":12.0,"enemies":"3 Sentries","floor":7.0,"turns":3.0},{"damage":8.0,"enemies":"Blue Slaver","floor":10.0,"turns":2.0},{"damage":0.0,"enemies":"Gremlin Nob","floor":11.0,"turns":2.0},{"damage":0.0,"enemies":"Lagavulin","floor":13.0,"turns":4.0},{"damage":9.0,"enemies":"2 Fungi Beasts","floor":14.0,"turns":2.0},{"damage":15.0,"enemies":"The Guardian","floor":16.0,"turns":5.0},{"damage":3.0,"enemies":"3 Byrds","floor":18.0,"turns":2.0},{"damage":0.0,"enemies":"Shell Parasite","floor":19.0,"turns":1.0},{"damage":0.0,"enemies":"Snecko","floor":20.0,"turns":3.0},{"damage":19.0,"enemies":"Masked Bandits","floor":21.0,"turns":4.0},{"damage":8.0,"enemies":"Slavers","floor":23.0,"turns":5.0},{"damage":8.0,"enemies":"Book of Stabbing","floor":25.0,"turns":3.0},{"damage":5.0,"enemies":"Slavers","floor":27.0,"turns":5.0},{"damage":5.0,"enemies":"Snake Plant","floor":31.0,"turns":6.0},{"damage":0.0,"enemies":"Automaton","floor":33.0,"turns":7.0},{"damage":15.0,"enemies":"Orb Walker","floor":35.0,"turns":5.0},{"damage":0.0,"enemies":"3 Darklings","floor":37.0,"turns":6.0},{"damage":0.0,"enemies":"Maw","floor":39.0,"turns":6.0},{"damage":28,"enemies":"Giant Head","floor":40,"turns":7},{"damage":0,"enemies":"Nemesis","floor":42,"turns":5},{"damage":14,"enemies":"Sphere and 2 Shapes","floor":45,"turns":4},{"damage":3,"enemies":"Mind Bloom Boss Battle","floor":48,"turns":5},{"damage":0,"enemies":"Awakened One","floor":50,"turns":5},{"damage":14,"enemies":"Time Eater","floor":51,"turns":5},{"damage":0,"enemies":"Shield and Spear","floor":55,"turns":3},{"damage":19,"enemies":"The Heart","floor":56,"turns":7}],"seed_played":"-6287487997873059885","potions_obtained":[{"floor":7.0,"key":"Strength Potion"},{"floor":11.0,"key":"Block Potion"},{"floor":14.0,"key":"Ancient Potion"},{"floor":37.0,"key":"Block Potion"},{"floor":40,"key":"Strength Potion"},{"floor":48,"key":"Fruit Juice"}],"is_trial":false,"path_per_floor":["M","?","M","M","M","R","E","R","T","M","E","R","E","M","R","B",null,"M","M","M","?","?","E","?","E","T","E","$","?","R","M","R","B",null,"M","?","M","$","M","E","R","E","T","$","M","R","$","?","R","B","B",null,"R","$","E","B",null],"character_chosen":"IRONCLAD","items_purchased":["TheAbacus","SynthV","Master of Strategy","Mummified Hand","TimeFreeze"],"campfire_rested":0,"item_purchase_floors":[28,38,44,54,54],"current_hp_per_floor":[50,50,53,57,57,57,51,51,51,49,55,55,61,58,58,49,63,66,68,68,55,34,32,32,32,32,33,33,33,33,36,36,42,65,58,58,66,66,74,54,54,60,60,60,55,55,55,65,65,71,63,83,83,83,91,78],"gold":77,"neow_bonus":"REMOVE_TWO","is_daily":false,"chose_seed":false,"campfire_upgraded":9,"win_rate":0.0,"timestamp":1612588473,"path_taken":["M","?","M","M","M","R","E","R","T","M","E","R","E","M","R","BOSS","M","M","M","?","?","E","?","E","T","E","?","?","R","M","R","BOSS","M","?","M","?","?","E","R","E","T","$","M","R","$","?","R","BOSS","BOSS","R","$","E","BOSS"],"items_purchased_type":["Relic","Relic","Card","Relic","Relic"],"build_version":"2020-12-22","purchased_purges":4,"victory":true,"max_hp_per_floor":[75,68,68,68,68,68,68,68,68,68,68,68,68,68,68,68,68,68,68,68,68,68,68,68,70,70,70,70,70,70,72,72,72,72,74,74,76,76,78,80,80,80,80,80,82,82,82,89,89,89,89,89,89,89,91,91],"card_choices":[{"not_picked":["Pommel Strike","Sentinel"],"picked":"Heavy Blade","floor":1.0},{"not_picked":["Cleave","Flame Barrier","Blood for Blood","Wild Strike"],"picked":"Seeing Red","floor":3.0},{"not_picked":["Power Through","Wild Strike","Perfected Strike","Flex"],"picked":"Shrug It Off","floor":4.0},{"not_picked":["Sentinel","Perfected Strike","MostiFishMod:RacingGame","Twin Strike"],"picked":"Sword Boomerang","floor":5.0},{"not_picked":["Inflame","MostiFishMod:BrandingRite","Perfected Strike","Flex","Havoc"],"picked":"SKIP","floor":7.0},{"not_picked":["Wild Strike","Perfected Strike","Pommel Strike","Cleave","Heavy Blade"],"picked":"SKIP","floor":10.0},{"not_picked":["Wild Strike","Perfected Strike","Cleave","Heavy Blade"],"picked":"Pommel Strike","floor":10.0},{"not_picked":["Entrench","Armaments","Burning Pact","Combust"],"picked":"Barricade","floor":11.0},{"not_picked":["Sentinel","Clash","Sever Soul","Clothesline"],"picked":"MostiFishMod:BrandingRite","floor":13.0},{"not_picked":["Flex","Sentinel","Body Slam","Cleave","Clash"],"picked":"SKIP","floor":14.0},{"not_picked":["MostiFishMod:Chiaki","Corruption","Bludgeon","MostiFishMod:PerfectStrikeMKII"],"picked":"Impervious","floor":16.0},{"not_picked":["MostiFishMod:BrandingRite","Cleave","True Grit","Burning Pact"],"picked":"Second Wind","floor":18.0},{"not_picked":["Clash","Pommel Strike","Body Slam","Searing Blow","Twin Strike+1"],"picked":"SKIP","floor":19.0},{"not_picked":["Flex","Thunderclap","Headbutt","Cleave","Perfected Strike"],"picked":"SKIP","floor":20.0},{"not_picked":["Iron Wave","Sword Boomerang","Clash","MostiFishMod:BrandingRite"],"picked":"Feel No Pain+1","floor":21.0},{"not_picked":["Carnage","Whirlwind","MostiFishMod:HellRitual","Flame Barrier+1"],"picked":"Entrench","floor":23.0},{"not_picked":["Sword Boomerang","Pummel","Metallicize","Sentinel","Cleave+1"],"picked":"Singing Bowl","floor":25.0},{"not_picked":["Second Wind","Clothesline","Feel No Pain+1","Wild Strike"],"picked":"Power Through","floor":27.0},{"not_picked":["Clash","Blood for Blood","Body Slam","MostiFishMod:#F4004","Twin Strike"],"picked":"Singing Bowl","floor":31.0},{"not_picked":["MostiFishMod:RacingGame","Barricade+1","MostiFishMod:UltimateDefense","MostiFishMod:PerfectStrikeMKII"],"picked":"Exhume","floor":33.0},{"not_picked":["Cleave+1","Pommel Strike","Sentinel","Shrug It Off","Spot Weakness"],"picked":"Singing Bowl","floor":35.0},{"not_picked":["Wild Strike","Twin Strike","Havoc","MostiFishMod:BrandingRite","Hemokinesis"],"picked":"Singing Bowl","floor":37.0},{"not_picked":["MostiFishMod:BrandingRite","Armaments","Flex","Feel No Pain+1","Perfected Strike"],"picked":"Singing Bowl","floor":39.0},{"not_picked":["Thunderclap","Pommel Strike","Demon Form+1","Havoc","True Grit"],"picked":"Singing Bowl","floor":40},{"not_picked":["Havoc","Sword Boomerang","Thunderclap","Iron Wave"],"picked":"Evolve+1","floor":42},{"not_picked":["Body Slam","Shrug It Off","Clash","MostiFishMod:#F4004","Thunderclap"],"picked":"Singing Bowl","floor":45},{"not_picked":["Flex","Anger","Clothesline+1","Shrug It Off","Warcry"],"picked":"Singing Bowl","floor":48},{"not_picked":["Twin Strike","MostiFishMod:DarkDeal","Fire Breathing+1","Second Wind","Shrug It Off"],"picked":"Singing Bowl","floor":55}],"player_experience":513874,"relics_obtained":[{"floor":1.0,"key":"SynthV:TestCard"},{"floor":7.0,"key":"MawBank"},{"floor":9.0,"key":"Bronze Scales"},{"floor":11.0,"key":"Boot"},{"floor":21.0,"key":"Red Mask"},{"floor":22.0,"key":"Nilry\u0027s Codex"},{"floor":23.0,"key":"MostiFishMod:Haymaker"},{"floor":25.0,"key":"Singing Bowl"},{"floor":26.0,"key":"Frozen Egg 2"},{"floor":27.0,"key":"Smiling Mask"},{"floor":40,"key":"Juzu Bracelet"},{"floor":42,"key":"StoneCalendar"},{"floor":48,"key":"ThornShield"},{"floor":55,"key":"Blood Vial"}],"event_choices":[{"damage_healed":0.0,"max_hp_gain":0.0,"max_hp_loss":7.0,"gold_gain":0.0,"event_name":"Golden Idol","player_choice":"Lose Max HP","floor":2.0,"gold_loss":0.0,"damage_taken":0.0,"relics_obtained":["Golden Idol"]},{"damage_healed":0.0,"max_hp_gain":0.0,"max_hp_loss":0.0,"gold_gain":0.0,"event_name":"Masked Bandits","player_choice":"Fought Bandits","floor":21.0,"gold_loss":0.0,"damage_taken":0.0},{"damage_healed":0.0,"max_hp_gain":0.0,"max_hp_loss":0.0,"gold_gain":0.0,"event_name":"Cursed Tome","player_choice":"Obtained Book","floor":22.0,"gold_loss":0.0,"damage_taken":21.0},{"cards_removed":["Strike_R"],"damage_healed":0.0,"max_hp_gain":0.0,"max_hp_loss":0.0,"gold_gain":0.0,"event_name":"Back to Basics","player_choice":"Elegance","floor":24.0,"gold_loss":0.0,"damage_taken":0.0},{"damage_healed":0.0,"max_hp_gain":0.0,"max_hp_loss":0.0,"gold_gain":0.0,"event_name":"The Library","player_choice":"Read","floor":29.0,"gold_loss":0.0,"damage_taken":0.0,"cards_obtained":["Dark Embrace"]},{"cards_removed":["MostiFishMod:Neptune"],"damage_healed":0.0,"max_hp_gain":0.0,"max_hp_loss":0.0,"gold_gain":0.0,"event_name":"Falling","player_choice":"Removed Attack","floor":36.0,"gold_loss":0.0,"damage_taken":0.0},{"damage_healed":0,"gold_gain":0,"player_choice":"Fight","damage_taken":0,"max_hp_gain":0,"max_hp_loss":0,"event_name":"MindBloom","floor":48,"gold_loss":0}],"is_beta":false,"boss_relics":[{"not_picked":["NightmareShop","Busted Crown"],"picked":"MoonlightInvasionPlan"},{"not_picked":["BloodWine","Mark of Pain"],"picked":"SlaversCollar"}],"items_purged_floors":[28,38,44,47],"is_endless":false,"potions_floor_spawned":[7,11,14,16,18,23,27,33,37,40,48],"ascension_level":20}}