{"host":"ec2wu4mdnvke243f","time":1612628833,"event":{"mods":["2.2 Compatiblity","AchievementEnabler","BaseMod","Defuse TimeMaze Blight","Downfall","Hermit","Infinite Spire","Minty Spire (QoL Compilation)","StSLib","The Cursed","The Disciple","The Jungle","The Servant 0.9.4"],"gold_per_floor":[109,119,69,49,64,93,93,93,93,93,53,72,72,72,72,172,172,192,192,192,208,133,167,187,187,187,204,204,231,231,231,231,334,334,351,361,361,361],"floor_reached":37,"language":"POL","playtime":3968,"items_purged":[],"score":410,"play_id":"6a5e40f2-7a52-4db3-a19e-36df90d0694c","local_time":"20210206172713","daily_mods":["Flight"],"is_ascension_mode":false,"campfire_choices":[{"floor":7,"key":"REST"},{"floor":15,"key":"REST"},{"floor":25,"key":"REST"},{"floor":30,"key":"REST"},{"floor":32,"key":"REST"}],"circlet_count":0,"master_deck":["Strike_S","Strike_S","Strike_S+1","Defend_S+1","Defend_S","Defend_S","KidneyShot","Exchange","ShatteredReality","Moonlight","Starlight","RealityMarble","BestPractice+1","Defy","Alleviate","Sunlight","Potential","CurseOfTheBell","Rearm+1","Ricochet+1"],"relics":["Uniform","Singing Bowl","Vajra","Fusion Hammer","Mummified Hand","The Courier","CaptainsWheel","MutagenicStrength","Potion Belt","Calling Bell","bronze:BronzeIdol","Meat on the Bone","Shovel"],"acts_visited":["Exordium","TheCity","TheBeyond"],"potions_floor_usage":[6,16,23,23,24,33,33,35,37],"damage_taken":[{"damage":1,"enemies":"Cultist","floor":1,"turns":4},{"damage":0,"enemies":"Small Slimes","floor":2,"turns":3},{"damage":0,"enemies":"2 Louse","floor":5,"turns":2},{"damage":27,"enemies":"Lagavulin","floor":6,"turns":6},{"damage":8,"enemies":"Exordium Wildlife","floor":12,"turns":3},{"damage":13,"enemies":"The Guardian","floor":16,"turns":14},{"damage":19,"enemies":"3 Byrds","floor":18,"turns":10},{"damage":4,"enemies":"Shell Parasite","floor":21,"turns":5},{"damage":20,"enemies":"Book of Stabbing","floor":23,"turns":8},{"damage":4,"enemies":"Sentry and Sphere","floor":24,"turns":7},{"damage":16,"enemies":"Centurion and Healer","floor":27,"turns":3},{"damage":33,"enemies":"Automaton","floor":33,"turns":13},{"damage":8,"enemies":"3 Darklings","floor":35,"turns":3},{"damage":23,"enemies":"3 Shapes","floor":36,"turns":5},{"damage":53,"enemies":"2 Orb Walkers","floor":37,"turns":4}],"seed_played":"41265109823243307","potions_obtained":[{"floor":1,"key":"Block Potion"},{"floor":2,"key":"Explosive Potion"},{"floor":4,"key":"Slimebound:ThreeZeroPotion"},{"floor":5,"key":"Dexterity Potion"},{"floor":18,"key":"AttackPotion"},{"floor":21,"key":"GamblersBrew"},{"floor":23,"key":"SkillPotion"},{"floor":31,"key":"Explosive Potion"},{"floor":31,"key":"SpeedPotion"},{"floor":31,"key":"LiquidMemories"}],"is_trial":true,"path_per_floor":["M","M","?","?","M","E","R","?","T","?","$","M","?","?","R","B",null,"M","?","T","M","?","E","M","R","T","M","?","T","R","?","R","B",null,"M","M","?"],"character_chosen":"THE_SERVANT","items_purchased":["BestPractice"],"campfire_rested":5,"item_purchase_floors":[11],"current_hp_per_floor":[64,64,64,64,64,37,56,56,56,61,61,53,53,39,60,49,72,53,53,53,51,51,33,29,51,51,35,35,35,57,57,76,45,78,70,47,0,0],"gold":361,"neow_bonus":"","is_daily":false,"chose_seed":false,"campfire_upgraded":0,"win_rate":0.0,"timestamp":1612628833,"path_taken":["M","M","?","?","?","E","R","?","T","?","?","?","?","?","R","BOSS","M","?","?","?","?","E","M","R","T","M","?","?","R","?","R","BOSS","M","?","?"],"items_purchased_type":["Card"],"build_version":"2020-12-22","purchased_purges":0,"victory":false,"max_hp_per_floor":[65,65,65,65,65,65,65,65,65,70,70,70,70,70,70,72,72,72,72,72,74,74,76,76,76,76,76,76,76,76,76,76,78,78,78,78,78,78],"card_choices":[{"not_picked":["FastForward","SurpressingFire"],"picked":"ShatteredReality","floor":1},{"not_picked":["Rearm","Revamp"],"picked":"Moonlight","floor":2},{"not_picked":["Rearm","FastForward"],"picked":"Starlight","floor":5},{"not_picked":["Unruled","Spin"],"picked":"RealityMarble","floor":6},{"not_picked":["Desolation","Reset"],"picked":"Defy","floor":12},{"not_picked":["Deny","PendulumOfEternity","FlawlessForm"],"picked":"Singing Bowl","floor":16},{"not_picked":["Unruled","Gouge"],"picked":"Alleviate","floor":18},{"not_picked":["FastForward","Alleviate","MoonPhase"],"picked":"Singing Bowl","floor":21},{"not_picked":["FastForward","FanOfKnives","Defy"],"picked":"Singing Bowl","floor":23},{"not_picked":["Shuttle","BottledTime+1"],"picked":"Sunlight","floor":24},{"not_picked":["Read","Comet"],"picked":"Potential","floor":27},{"not_picked":["FloweringNight","KillingDoll","FlawlessForm"],"picked":"Singing Bowl","floor":33},{"not_picked":["ShatteredReality+1","Replace+1"],"picked":"Rearm+1","floor":35},{"not_picked":["DoubleEdge+1","Spin"],"picked":"Ricochet+1","floor":36}],"player_experience":591393,"relics_obtained":[{"floor":6,"key":"Singing Bowl"},{"floor":9,"key":"Vajra"},{"floor":20,"key":"Mummified Hand"},{"floor":23,"key":"The Courier"},{"floor":26,"key":"CaptainsWheel"},{"floor":29,"key":"Potion Belt"},{"floor":34,"key":"bronze:BronzeIdol"},{"floor":34,"key":"Meat on the Bone"},{"floor":34,"key":"Shovel"}],"event_choices":[{"cards_removed":["Strike_S"],"damage_healed":0,"gold_gain":0,"player_choice":"Card Removal","damage_taken":0,"max_hp_gain":0,"max_hp_loss":0,"event_name":"The Cleric","floor":3,"gold_loss":50},{"damage_healed":0,"gold_gain":0,"player_choice":"Bought 1 Potion","damage_taken":0,"max_hp_gain":0,"max_hp_loss":0,"event_name":"The Woman in Blue","floor":4,"gold_loss":0},{"damage_healed":0,"gold_gain":0,"player_choice":"Ignored","damage_taken":0,"max_hp_gain":0,"max_hp_loss":0,"event_name":"Golden Wing","floor":8,"gold_loss":0},{"damage_healed":0,"gold_gain":0,"player_choice":"Donut","damage_taken":0,"max_hp_gain":5,"max_hp_loss":0,"event_name":"Big Fish","floor":10,"gold_loss":0},{"damage_healed":0,"gold_gain":0,"player_choice":"Grow","damage_taken":0,"max_hp_gain":0,"max_hp_loss":0,"event_name":"Living Wall","floor":13,"gold_loss":0,"cards_upgraded":["BestPractice"]},{"damage_healed":0,"gold_gain":0,"player_choice":"Entered Light","damage_taken":14,"max_hp_gain":0,"max_hp_loss":0,"event_name":"Shining Light","floor":14,"gold_loss":0,"cards_upgraded":["Strike_S","Defend_S"]},{"damage_healed":0,"gold_gain":0,"player_choice":"Ignored","damage_taken":0,"max_hp_gain":0,"max_hp_loss":0,"event_name":"Vampires","floor":19,"gold_loss":0},{"cards_removed":["Defend_S"],"damage_healed":0,"gold_gain":0,"player_choice":"Gave Gold","damage_taken":0,"max_hp_gain":0,"max_hp_loss":0,"event_name":"Beggar","floor":22,"gold_loss":75},{"damage_healed":0,"gold_gain":0,"player_choice":"Inject Mutagens","damage_taken":0,"relics_obtained":["MutagenicStrength"],"max_hp_gain":0,"max_hp_loss":0,"event_name":"Drug Dealer","floor":28,"gold_loss":0},{"damage_healed":0,"gold_gain":0,"player_choice":"Got Potions","damage_taken":0,"max_hp_gain":0,"max_hp_loss":0,"event_name":"Lab","floor":31,"gold_loss":0},{"damage_healed":0,"gold_gain":0,"player_choice":"Fight","damage_taken":0,"max_hp_gain":0,"max_hp_loss":0,"event_name":"Mysterious Sphere","floor":37,"gold_loss":0}],"is_beta":false,"boss_relics":[{"not_picked":["Sozu","Velvet Choker"],"picked":"Fusion Hammer"},{"not_picked":["Coffee Dripper","Busted Crown"],"picked":"Calling Bell"}],"items_purged_floors":[],"is_endless":false,"potions_floor_spawned":[1,2,5,18,21,23],"killed_by":"2 Orb Walkers","ascension_level":0}}