{"host":"dnvpprmy3abbf89m","time":1612637918,"event":{"mods":["BaseMod","Colored Map","Minty Spire (QoL Compilation)","StSLib"],"gold_per_floor":[115,190,190,13,25,25,60,60,60,73,84,84,13,47,47,144,144,161,173,88,187,215,245,257,286,286,286,286],"floor_reached":27,"language":"ENG","playtime":2145,"items_purged":[],"score":426,"play_id":"e5880a21-08f8-4dc7-8991-84e6d45eeec9","local_time":"20210206195838","is_ascension_mode":true,"campfire_choices":[{"data":"Flechettes","floor":6.0,"key":"SMITH"},{"data":"Neutralize","floor":8.0,"key":"SMITH"},{"data":"Cloak And Dagger","floor":12.0,"key":"SMITH"},{"data":"Bouncing Flask","floor":15.0,"key":"SMITH"}],"circlet_count":0,"master_deck":["AscendersBane","Strike_G","Strike_G","Strike_G","Strike_G","Strike_G","Defend_G","Defend_G","Defend_G","Defend_G","Defend_G","Survivor","Neutralize+1","Dodge and Roll","Quick Slash","Flechettes+1","Tools of the Trade","Prepared","Cloak And Dagger+1","Footwork","Bouncing Flask+1","A Thousand Cuts","Footwork","Deflect","PiercingWail","PiercingWail+1"],"relics":["Ring of the Snake","NeowsBlessing","Toy Ornithopter","Lee\u0027s Waffle","Nunchaku","Paper Crane","HornCleat","Sozu","Turnip","Red Mask","Ice Cream","Tiny Chest","Snake Skull"],"acts_visited":["Exordium","TheCity"],"potions_floor_usage":[],"damage_taken":[{"damage":0.0,"enemies":"2 Louse","floor":1.0,"turns":1.0},{"damage":0.0,"enemies":"Small Slimes","floor":5.0,"turns":1.0},{"damage":0.0,"enemies":"Lagavulin","floor":7.0,"turns":1.0},{"damage":0.0,"enemies":"Jaw Worm","floor":10.0,"turns":4.0},{"damage":0.0,"enemies":"Red Slaver","floor":11.0,"turns":4.0},{"damage":25.0,"enemies":"3 Sentries","floor":14.0,"turns":12.0},{"damage":5.0,"enemies":"Hexaghost","floor":16.0,"turns":9.0},{"damage":2.0,"enemies":"Chosen","floor":18.0,"turns":5.0},{"damage":18.0,"enemies":"2 Thieves","floor":19.0,"turns":5.0},{"damage":35.0,"enemies":"Masked Bandits","floor":22.0,"turns":7.0},{"damage":14.0,"enemies":"Book of Stabbing","floor":23.0,"turns":7.0},{"damage":0.0,"enemies":"Snake Plant","floor":24.0,"turns":5.0},{"damage":6.0,"enemies":"Slavers","floor":25.0,"turns":10.0},{"damage":7,"enemies":"Centurion and Healer","floor":27,"turns":1}],"seed_played":"-8084655956572607111","potions_obtained":[{"floor":1.0,"key":"DistilledChaos"},{"floor":5.0,"key":"SneckoOil"},{"floor":11.0,"key":"Regen Potion"}],"is_trial":false,"path_per_floor":["M","?","?","$","M","R","E","R","T","M","M","R","$","E","R","B",null,"M","M","?","?","?","E","M","E","T","M"],"character_chosen":"THE_SILENT","items_purchased":["Lee\u0027s Waffle","Quick Slash","Footwork"],"campfire_rested":0,"item_purchase_floors":[4,4,13],"current_hp_per_floor":[63,52,19,77,77,77,77,77,77,77,77,77,77,54,54,69,75,73,60,60,60,25,11,11,5,5,0,0],"gold":286,"neow_bonus":"THREE_ENEMY_KILL","is_daily":false,"chose_seed":false,"campfire_upgraded":4,"win_rate":0.0,"timestamp":1612637918,"path_taken":["M","?","?","$","M","R","E","R","T","M","?","R","?","E","R","BOSS","M","?","?","?","?","E","M","E","T","?"],"items_purchased_type":["Relic","Card","Card"],"build_version":"2020-12-22","purchased_purges":0,"victory":false,"max_hp_per_floor":[70,70,70,77,77,77,77,77,77,77,77,77,77,77,77,77,77,77,77,77,77,77,77,77,77,77,77,77],"card_choices":[{"not_picked":["Concentrate","Sucker Punch"],"picked":"Dodge and Roll","floor":1.0},{"not_picked":["Bane","Underhanded Strike"],"picked":"Flechettes","floor":5.0},{"not_picked":["Dagger Throw","Flying Knee"],"picked":"Tools of the Trade","floor":7.0},{"not_picked":["Riddle With Holes","Slice"],"picked":"Prepared","floor":10.0},{"not_picked":["Blade Dance","Deadly Poison"],"picked":"Cloak And Dagger","floor":11.0},{"not_picked":["Accuracy","Heel Hook"],"picked":"Bouncing Flask","floor":14.0},{"not_picked":["Storm of Steel","Venomology"],"picked":"A Thousand Cuts","floor":16.0},{"not_picked":["Accuracy","Bouncing Flask"],"picked":"Footwork","floor":18.0},{"not_picked":["Underhanded Strike","Dagger Spray","Flying Knee"],"picked":"SKIP","floor":19.0},{"not_picked":["Setup","PiercingWail"],"picked":"Deflect","floor":22.0},{"not_picked":["Calculated Gamble+1","Heel Hook"],"picked":"PiercingWail","floor":23.0},{"not_picked":["Acrobatics","Outmaneuver","Slice"],"picked":"SKIP","floor":24.0},{"not_picked":["Bane","Quick Slash"],"picked":"PiercingWail+1","floor":25.0}],"player_experience":823910,"relics_obtained":[{"floor":7.0,"key":"Nunchaku"},{"floor":9.0,"key":"Paper Crane"},{"floor":14.0,"key":"HornCleat"},{"floor":22.0,"key":"Red Mask"},{"floor":23.0,"key":"Ice Cream"},{"floor":25.0,"key":"Tiny Chest"},{"floor":26.0,"key":"Snake Skull"}],"event_choices":[{"damage_healed":0.0,"max_hp_gain":0.0,"max_hp_loss":0.0,"gold_gain":75.0,"event_name":"World of Goop","player_choice":"Gather Gold","floor":2.0,"gold_loss":0.0,"damage_taken":11.0},{"damage_healed":0.0,"max_hp_gain":0.0,"max_hp_loss":0.0,"gold_gain":0.0,"event_name":"Scrap Ooze","player_choice":"Success","floor":3.0,"gold_loss":0.0,"damage_taken":33.0,"relics_obtained":["Toy Ornithopter"]},{"damage_healed":0.0,"max_hp_gain":0.0,"max_hp_loss":0.0,"gold_gain":0.0,"event_name":"Addict","player_choice":"Obtained Relic","floor":20.0,"gold_loss":85.0,"damage_taken":0.0,"relics_obtained":["Turnip"]},{"damage_healed":0.0,"max_hp_gain":0.0,"max_hp_loss":0.0,"gold_gain":99.0,"event_name":"Nest","player_choice":"Stole From Cult","floor":21.0,"gold_loss":0.0,"damage_taken":0.0},{"damage_healed":0.0,"max_hp_gain":0.0,"max_hp_loss":0.0,"gold_gain":0.0,"event_name":"Masked Bandits","player_choice":"Fought Bandits","floor":22.0,"gold_loss":0.0,"damage_taken":0.0}],"is_beta":false,"boss_relics":[{"not_picked":["Ring of the Serpent","Black Star"],"picked":"Sozu"}],"items_purged_floors":[],"is_endless":false,"potions_floor_spawned":[1,5,11,18,22,23],"killed_by":"Centurion and Healer","ascension_level":10}}