{"host":"5mo0809oo9tcrmpl","time":1612584647,"event":{"mods":["BaseMod","Highlight Path","Minty Spire (QoL Compilation)","Relic Stats","Slay the Relics Exporter"],"gold_per_floor":[109,121,132,151,151,151,179,179,179,179,213,213,226,241,241,241,241],"floor_reached":16,"language":"ENG","playtime":466,"items_purged":[],"score":224,"play_id":"3daa95dc-61de-445f-9be4-dd43ba0644dd","local_time":"20210205221047","is_ascension_mode":true,"campfire_choices":[{"data":"Whirlwind","floor":6.0,"key":"SMITH"},{"data":"Inflame","floor":8.0,"key":"SMITH"},{"data":"Heavy Blade","floor":10.0,"key":"SMITH"},{"data":"Armaments","floor":12.0,"key":"SMITH"},{"data":"Bash","floor":15.0,"key":"SMITH"}],"circlet_count":0,"master_deck":["AscendersBane","Strike_R","Strike_R","Strike_R","Strike_R","Defend_R","Defend_R","Defend_R","Defend_R","Bash+1","Inflame+1","Heavy Blade","Heavy Blade+1","Whirlwind+1","Armaments+1","Sword Boomerang","True Grit","Reaper"],"relics":["Burning Blood","Lantern","Boot","Eternal Feather"],"acts_visited":["Exordium"],"potions_floor_usage":[],"damage_taken":[{"damage":9.0,"enemies":"Jaw Worm","floor":1.0,"turns":3.0},{"damage":6.0,"enemies":"Cultist","floor":2.0,"turns":3.0},{"damage":6.0,"enemies":"2 Louse","floor":3.0,"turns":3.0},{"damage":13.0,"enemies":"2 Fungi Beasts","floor":4.0,"turns":4.0},{"damage":20.0,"enemies":"Gremlin Nob","floor":7.0,"turns":4.0},{"damage":20.0,"enemies":"Lagavulin","floor":11.0,"turns":4.0},{"damage":11.0,"enemies":"Lots of Slimes","floor":13.0,"turns":4.0},{"damage":12.0,"enemies":"Large Slime","floor":14.0,"turns":5.0},{"damage":48,"enemies":"Hexaghost","floor":16,"turns":7}],"seed_played":"-2560389391461834880","potions_obtained":[{"floor":1.0,"key":"Swift Potion"},{"floor":3.0,"key":"Block Potion"},{"floor":7.0,"key":"SteroidPotion"}],"is_trial":false,"path_per_floor":["M","M","M","M","?","R","E","R","T","R","E","R","M","M","R","B"],"character_chosen":"IRONCLAD","items_purchased":[],"campfire_rested":0,"item_purchase_floors":[],"current_hp_per_floor":[72,72,72,65,65,65,51,51,51,51,37,46,41,35,44,0,0],"gold":241,"neow_bonus":"TEN_PERCENT_HP_BONUS","is_daily":false,"chose_seed":false,"campfire_upgraded":5,"win_rate":0.0,"timestamp":1612584647,"path_taken":["M","M","M","M","?","R","E","R","T","R","E","R","M","M","R","BOSS"],"items_purchased_type":[],"build_version":"2020-12-22","purchased_purges":0,"victory":false,"max_hp_per_floor":[82,82,82,82,82,82,82,82,82,82,82,82,82,82,82,82,82],"relic_stats":{"counters":[9,37],"Eternal Feather":18,"Boot":[21],"obtain_stats":[{"Lantern":7,"Eternal Feather":11,"Boot":9,"Burning Blood":0},{"Lantern":5,"Eternal Feather":6,"Boot":5,"Burning Blood":0},{"Lantern":17,"Eternal Feather":21,"Boot":17,"Burning Blood":0}],"Burning Blood":48},"card_choices":[{"not_picked":["Metallicize","True Grit"],"picked":"Inflame","floor":1.0},{"not_picked":["Spot Weakness","Thunderclap"],"picked":"Heavy Blade","floor":2.0},{"not_picked":["Warcry","True Grit"],"picked":"Heavy Blade","floor":3.0},{"not_picked":["Headbutt","Burning Pact"],"picked":"Whirlwind","floor":4.0},{"not_picked":["Warcry","Cleave"],"picked":"Armaments","floor":7.0},{"not_picked":["Entrench","Clash"],"picked":"Sword Boomerang","floor":11.0},{"not_picked":["Wild Strike","Body Slam"],"picked":"True Grit","floor":13.0},{"not_picked":["Evolve","Wild Strike"],"picked":"Reaper","floor":14.0}],"player_experience":1261042,"relics_obtained":[{"floor":7.0,"key":"Lantern"},{"floor":9.0,"key":"Boot"},{"floor":11.0,"key":"Eternal Feather"}],"event_choices":[{"cards_removed":["Strike_R"],"damage_healed":0.0,"max_hp_gain":0.0,"max_hp_loss":0.0,"gold_gain":0.0,"event_name":"Bonfire Elementals","player_choice":"Offered Basic","floor":5.0,"gold_loss":0.0,"damage_taken":0.0}],"is_beta":false,"boss_relics":[],"items_purged_floors":[],"is_endless":false,"potions_floor_spawned":[1,3,7],"killed_by":"Hexaghost","ascension_level":20}}