{"host":"baymyijz6sxaqj5s","time":1612601098,"event":{"mods":["AchievementEnabler","BaseMod","Colored Map","Colored Powertips","DeckTracker","Highlight Path","KOR Keyword Fix","Keyboard Shortcuts","Minty Spire (QoL Compilation)","StSLib","SuperFastMode","everything is the same but u backflip on backflip"],"gold_per_floor":[117,129,129,147,164,164,84,84,159,159,159,169,169,186,186,286,286,296,315,315,330,346,346,346,346,369,381,392,404,417,11,11,115,165,184,195,155,170,188,188,188,188],"floor_reached":41,"language":"KOR","playtime":1592,"items_purged":[],"score":475,"play_id":"fb2f0674-0766-49bd-ba34-53d413482cbe","local_time":"20210206174458","is_ascension_mode":true,"campfire_choices":[{"data":"Survivor","floor":6,"key":"SMITH"},{"data":"Backflip","floor":11,"key":"SMITH"},{"data":"Noxious Fumes","floor":15,"key":"SMITH"},{"floor":23,"key":"REST"},{"data":"After Image","floor":25,"key":"SMITH"},{"floor":32,"key":"REST"},{"floor":40,"key":"REST"}],"circlet_count":0,"master_deck":["Strike_G","Strike_G","Strike_G","Strike_G","Defend_G","Defend_G","Defend_G+1","Defend_G","Defend_G","Survivor+1","Neutralize","Backflip+1","All Out Attack","Noxious Fumes+1","Prepared+1","After Image+1","Deadly Poison+1","Poisoned Stab","Deflect","Poisoned Stab","Dodge and Roll+1","Bane+1","Tactician","Deadly Poison+1","Concentrate+1"],"relics":["Ring of the Snake","Paper Crane","SlaversCollar","Strawberry","TwistedFunnel","Letter Opener","Tiny House"],"acts_visited":["Exordium","TheCity","TheBeyond"],"potions_floor_usage":[12,12,16,16,18,21,21,22,22,29,30,36,36,38,39,41],"damage_taken":[{"damage":0,"enemies":"Small Slimes","floor":1,"turns":4},{"damage":2,"enemies":"Jaw Worm","floor":2,"turns":4},{"damage":0,"enemies":"Cultist","floor":4,"turns":4},{"damage":6,"enemies":"2 Fungi Beasts","floor":5,"turns":6},{"damage":0,"enemies":"Gremlin Gang","floor":12,"turns":3},{"damage":2,"enemies":"Blue Slaver","floor":14,"turns":5},{"damage":26,"enemies":"Hexaghost","floor":16,"turns":13},{"damage":0,"enemies":"Shell Parasite","floor":18,"turns":10},{"damage":24,"enemies":"Chosen","floor":19,"turns":7},{"damage":5,"enemies":"Centurion and Healer","floor":21,"turns":7},{"damage":17,"enemies":"Snecko","floor":22,"turns":6},{"damage":22,"enemies":"Snake Plant","floor":27,"turns":5},{"damage":10,"enemies":"Shelled Parasite and Fungi","floor":28,"turns":9},{"damage":0,"enemies":"3 Cultists","floor":29,"turns":5},{"damage":15,"enemies":"Snake Plant","floor":30,"turns":6},{"damage":22,"enemies":"Champ","floor":33,"turns":12},{"damage":0,"enemies":"3 Shapes","floor":35,"turns":6},{"damage":23,"enemies":"3 Darklings","floor":36,"turns":5},{"damage":25,"enemies":"Jaw Worm Horde","floor":38,"turns":4},{"damage":21,"enemies":"4 Shapes","floor":39,"turns":6},{"damage":61,"enemies":"Reptomancer","floor":41,"turns":3}],"seed_played":"-4623863933855362947","potions_obtained":[{"floor":2,"key":"Ancient Potion"},{"floor":4,"key":"Fire Potion"},{"floor":5,"key":"Explosive Potion"},{"floor":14,"key":"EntropicBrew"},{"floor":19,"key":"CultistPotion"},{"floor":20,"key":"Block Potion"},{"floor":21,"key":"Fire Potion"},{"floor":28,"key":"PowerPotion"},{"floor":29,"key":"Swift Potion"},{"floor":33,"key":"SkillPotion"},{"floor":34,"key":"Strength Potion"},{"floor":35,"key":"Strength Potion"},{"floor":36,"key":"Ancient Potion"},{"floor":38,"key":"FearPotion"}],"is_trial":false,"path_per_floor":["M","M","?","M","M","R","$","?","T","$","R","M","?","M","R","B",null,"M","M","?","M","M","R","?","R","T","M","M","M","M","$","R","B",null,"M","M","?","M","M","R","E"],"character_chosen":"THE_SILENT","items_purchased":["Noxious Fumes","TwistedFunnel","Letter Opener"],"campfire_rested":3,"item_purchase_floors":[7,31,31],"current_hp_per_floor":[77,75,80,80,74,74,74,74,74,74,74,74,74,72,72,46,82,82,58,58,53,36,60,82,82,89,67,57,57,42,42,68,46,94,94,71,71,46,25,53,0,0],"gold":188,"neow_bonus":"TEN_PERCENT_HP_BONUS","is_daily":false,"chose_seed":false,"campfire_upgraded":4,"win_rate":0.0,"timestamp":1612601098,"path_taken":["M","M","?","M","M","R","$","?","T","$","R","M","?","M","R","BOSS","M","?","?","?","M","R","?","R","T","M","M","M","M","?","R","BOSS","M","M","?","M","M","R","E"],"items_purchased_type":["Card","Relic","Relic"],"build_version":"2020-12-22","purchased_purges":0,"victory":false,"max_hp_per_floor":[77,77,82,82,82,82,82,82,82,82,82,82,82,82,82,82,82,82,82,82,82,82,82,82,82,89,89,89,89,89,89,89,89,94,94,94,94,94,94,94,94,94],"card_choices":[{"not_picked":["Dagger Throw","Blade Dance"],"picked":"Backflip","floor":1},{"not_picked":["Backflip","Reflex"],"picked":"All Out Attack","floor":2},{"not_picked":["Dagger Spray","Cloak And Dagger","Distraction"],"picked":"SKIP","floor":4},{"not_picked":["Caltrops","Cloak And Dagger","Eviscerate"],"picked":"SKIP","floor":5},{"not_picked":["Infinite Blades","PiercingWail"],"picked":"Prepared","floor":12},{"not_picked":["Dash","Dagger Throw","Flechettes"],"picked":"SKIP","floor":14},{"not_picked":["Night Terror","Tools of the Trade"],"picked":"After Image","floor":16},{"not_picked":["Sucker Punch","Dagger Throw"],"picked":"Deadly Poison+1","floor":18},{"not_picked":["Infinite Blades+1","Backstab"],"picked":"Poisoned Stab","floor":19},{"not_picked":["Well Laid Plans","Dagger Throw"],"picked":"Deflect","floor":21},{"not_picked":["Expertise","Deflect"],"picked":"Poisoned Stab","floor":22},{"not_picked":["Cloak And Dagger","Sucker Punch+1"],"picked":"Dodge and Roll+1","floor":27},{"not_picked":["Quick Slash+1","Die Die Die"],"picked":"Bane+1","floor":28},{"not_picked":["Flechettes","Calculated Gamble"],"picked":"Tactician","floor":29},{"not_picked":["Dagger Throw","Masterful Stab"],"picked":"Deadly Poison","floor":30},{"not_picked":["Acrobatics+1","Dash+1","Bane"],"picked":"SKIP","floor":35},{"not_picked":["Deflect+1","Distraction+1"],"picked":"Concentrate+1","floor":36},{"not_picked":["Bane+1","Flying Knee+1","Deadly Poison"],"picked":"SKIP","floor":38},{"not_picked":["Underhanded Strike+1","Prepared","Dagger Throw+1"],"picked":"SKIP","floor":39}],"player_experience":76317,"relics_obtained":[{"floor":9,"key":"Paper Crane"},{"floor":26,"key":"Strawberry"}],"event_choices":[{"damage_healed":0,"gold_gain":0,"player_choice":"Donut","damage_taken":0,"max_hp_gain":5,"max_hp_loss":0,"event_name":"Big Fish","floor":3,"gold_loss":0},{"damage_healed":0,"gold_gain":0,"player_choice":"Ignored","damage_taken":0,"max_hp_gain":0,"max_hp_loss":0,"event_name":"Liars Game","floor":8,"gold_loss":0},{"cards_removed":["Strike_G"],"damage_healed":0,"gold_gain":0,"player_choice":"Offered Basic","damage_taken":0,"max_hp_gain":0,"max_hp_loss":0,"event_name":"Bonfire Elementals","floor":13,"gold_loss":0},{"damage_healed":0,"gold_gain":0,"player_choice":"Got Potions","damage_taken":0,"max_hp_gain":0,"max_hp_loss":0,"event_name":"Lab","floor":20,"gold_loss":0},{"damage_healed":22,"gold_gain":0,"player_choice":"Full Heal","damage_taken":0,"max_hp_gain":0,"max_hp_loss":0,"event_name":"Wheel of Change","floor":24,"gold_loss":0},{"damage_healed":0,"gold_gain":0,"player_choice":"Upgraded Two","damage_taken":0,"max_hp_gain":0,"max_hp_loss":0,"event_name":"Designer","floor":37,"gold_loss":40,"cards_upgraded":["Deadly Poison","Defend_G"]}],"is_beta":false,"boss_relics":[{"not_picked":["Velvet Choker","Coffee Dripper"],"picked":"SlaversCollar"},{"not_picked":["SacredBark","Busted Crown"],"picked":"Tiny House"}],"items_purged_floors":[],"is_endless":false,"potions_floor_spawned":[2,4,5,14,19,21,28,29,33,35,36,38],"killed_by":"Reptomancer","ascension_level":3}}