{"host":"egwexuw5uvnxf11j","time":1612587195,"event":{"mods":["2.2 Compatiblity","Aspiration","BaseMod","Better Altar","Better Note","Better Sensory Stone","Better Third Choice","Displayed Cursed Tome","Downfall","Hermit","Key Reminder","Koishi","Marisa????????","Minty Spire (QoL Compilation)","Quick Restart","Shade Mod","Spicy Shops","StSLib","The Construct","The Cursed","The Hierophant","The Runesmith","The Senshi","The Servant 0.9.4","Transform Curses"],"gold_per_floor":[57,131,306,306,336,384,384,410,460,491,482,145,145,160,160,160,160],"floor_reached":16,"language":"ENG","playtime":786,"items_purged":["Strike_G"],"score":121,"play_id":"ac6ff436-d4a0-4bb6-9c88-1af5710f0914","local_time":"20210205235315","is_ascension_mode":true,"campfire_choices":[{"floor":7,"key":"REST"},{"floor":13,"key":"REST"},{"floor":15,"key":"REST"}],"circlet_count":0,"master_deck":["Strike_G","Strike_G","Strike_G","Strike_G","Defend_G","Defend_G","Defend_G","Defend_G","Defend_G","Survivor","Neutralize","HandOfGreed","Noxious Fumes","Doubt","Bane","Crippling Poison","Backflip","Underhanded Strike","Dagger Spray","Footwork"],"relics":["Ring of the Snake","Juzu Bracelet","aspiration:StickyExplosives_weak","keyreminder:keyreminder","Membership Card","PreservedInsect","Bag of Marbles"],"acts_visited":["Exordium"],"potions_floor_usage":[8],"damage_taken":[{"damage":0,"enemies":"2 Louse","floor":1,"turns":4},{"damage":0,"enemies":"Jaw Worm","floor":5,"turns":3},{"damage":30,"enemies":"Gremlin Nob","floor":6,"turns":5},{"damage":39,"enemies":"Lagavulin","floor":8,"turns":7},{"damage":4,"enemies":"Small Slimes","floor":10,"turns":3},{"damage":10,"enemies":"Exordium Thugs","floor":11,"turns":5},{"damage":2,"enemies":"Blue Slaver","floor":14,"turns":5},{"damage":49,"enemies":"Hexaghost","floor":16,"turns":11}],"seed_played":"-2047535161816849959","potions_obtained":[{"floor":5,"key":"Ancient Potion"},{"floor":8,"key":"Ancient Potion"},{"floor":14,"key":"Guardian:BlockOnCardUsePotion"}],"is_trial":false,"path_per_floor":["M","?","?","?","M","E","R","E","T","M","M","$","R","M","R","B"],"character_chosen":"THE_SILENT","items_purchased":["Membership Card","PreservedInsect","Bag of Marbles"],"campfire_rested":3,"item_purchase_floors":[12,12,12],"current_hp_per_floor":[70,70,70,70,70,40,61,22,22,18,8,8,29,27,48,0,0],"gold":160,"neow_bonus":"RANDOM_COLORLESS_2","is_daily":false,"chose_seed":false,"campfire_upgraded":0,"win_rate":0.0,"timestamp":1612587195,"path_taken":["M","?","?","?","M","E","R","E","T","M","M","$","R","M","R","BOSS"],"items_purchased_type":["Relic","Relic","Relic"],"build_version":"2020-12-22","purchased_purges":1,"victory":false,"max_hp_per_floor":[70,70,70,70,70,70,70,70,70,70,70,70,70,70,70,70,70],"card_choices":[{"not_picked":["Violence","The Bomb"],"picked":"HandOfGreed","floor":0},{"not_picked":["Heel Hook","Calculated Gamble"],"picked":"Noxious Fumes","floor":1},{"not_picked":["Concentrate","Heel Hook"],"picked":"Bane","floor":5},{"not_picked":["Deadly Poison","Prepared"],"picked":"Crippling Poison","floor":6},{"not_picked":["Dodge and Roll","Deflect"],"picked":"Backflip","floor":8},{"not_picked":["Tactician","Accuracy"],"picked":"Underhanded Strike","floor":10},{"not_picked":["Quick Slash","Flying Knee"],"picked":"Dagger Spray","floor":11},{"not_picked":["Distraction","Flying Knee"],"picked":"Footwork","floor":14}],"player_experience":2324487,"relics_obtained":[{"floor":6,"key":"Juzu Bracelet"},{"floor":8,"key":"aspiration:StickyExplosives_weak"}],"event_choices":[{"damage_healed":0,"gold_gain":74,"player_choice":"Gained Gold","damage_taken":0,"max_hp_gain":0,"max_hp_loss":0,"event_name":"Golden Wing","floor":2,"gold_loss":0},{"damage_healed":0,"gold_gain":175,"player_choice":"AGREE","damage_taken":131,"max_hp_gain":0,"max_hp_loss":0,"event_name":"betterThird:BetterSerpent","floor":3,"gold_loss":0},{"damage_healed":0,"gold_gain":0,"player_choice":"Leave","damage_taken":0,"max_hp_gain":0,"max_hp_loss":0,"event_name":"The Cleric","floor":4,"gold_loss":0}],"is_beta":false,"boss_relics":[],"items_purged_floors":[12],"is_endless":false,"potions_floor_spawned":[5,8,14],"killed_by":"Hexaghost","ascension_level":2}}