{"host":"mijx6czmnk03eucy","time":1612569982,"event":{"mods":["Aspiration","BaseMod","Better Altar","Better Skull","Better Third Choice","Better-Laid Plans","BetterRewards","Bossed Relics","Challenge The Spire","Colored Map","Colored Powertips","Conspire","Curses Come First","Debug Mod","Disable Question Mark Monsters","Displayed Cursed Tome","Energized Spire","Evolution","Force Act Four","Fox Events","GifTheSpireLib","Googly Eyes","Hermit","Highlight Path","Hubris","Infinite Spire","Jedi Mod","JesterMod","Mimic Mod","Minty Spire (QoL Compilation)","Quick Restart","Rare Cards Sparkle","Relic Filter","Relic Stats","Reliquary","Replay The Spire","SacredBarkPlus","Spicy Shops","Spire Arcade","StS++","StSLib","Stuff the Spire","The Blue Laboratory","The Jungle","Uncapped","Wandering Minibosses","Wide Potions"],"gold_per_floor":[113,125,159,13,32,66,66,76,153,153,32,46,46,76,76,180,257,268,268,268],"floor_reached":19,"language":"ENG","playtime":962,"items_purged":[],"score":212,"play_id":"437c608b-3007-4216-9a6e-127e58bdd972","local_time":"20210206000622","is_ascension_mode":true,"campfire_choices":[{"data":"Bash","floor":7.0,"key":"SMITH"},{"data":"Run Through","floor":15.0,"key":"SMITH"}],"circlet_count":0,"master_deck":["Twin Strike","Run Through+1","Strike_R","Strike_R","Strike_R","Defend_R","Defend_R","Defend_R","Bash+1","Reckless Charge","Clash","Clash","Feel No Pain","StuffTheSpire:Incineration","Rampage","conspire:Purge","StSpp:MuscleMemory"],"relics":["Burning Blood","EVO:Axolotl","NeowsBlessing","foxEvents:LuckyCharm","hubris:TenFootPole","InkBottle","ReplayTheSpireMod:Ninjato","Pen Nib","Replay:Accelerometer","Boot","StSpp:PileOfSugar"],"acts_visited":["Exordium","TheCity"],"potions_floor_usage":[],"damage_taken":[{"damage":0.0,"enemies":"Jaw Worm","floor":1.0,"turns":1.0},{"damage":0.0,"enemies":"Cultist","floor":2.0,"turns":1.0},{"damage":0.0,"enemies":"Colosseum Slavers","floor":3.0,"turns":1.0},{"damage":4.0,"enemies":"Small Slimes","floor":5.0,"turns":3.0},{"damage":8.0,"enemies":"Gremlin Nob","floor":6.0,"turns":4.0},{"damage":0.0,"enemies":"Gremlin Gang","floor":8.0,"turns":3.0},{"damage":0.0,"enemies":"Lots of Slimes","floor":12.0,"turns":1.0},{"damage":16.0,"enemies":"Lagavulin","floor":14.0,"turns":4.0},{"damage":55.0,"enemies":"Fading Forest","floor":16.0,"turns":12.0},{"damage":0,"enemies":"2 Thieves","floor":18,"turns":2},{"damage":102,"enemies":"Chosen","floor":19,"turns":2}],"seed_played":"7038881551468846268","potions_obtained":[{"floor":1.0,"key":"Explosive Potion"},{"floor":5.0,"key":"blueLaboratory:BottleOfVodka"},{"floor":6.0,"key":"jedi:tentaclejuice"},{"floor":13.0,"key":"jedi:tentaclejuice"},{"floor":13.0,"key":"Dexterity Potion"}],"is_trial":false,"path_per_floor":["M","M","?","$","M","E","R","M","T","?","$","M","?","E","R","B",null,"M","M"],"character_chosen":"IRONCLAD","items_purchased":["hubris:TenFootPole","Replay:Accelerometer"],"campfire_rested":0,"item_purchase_floors":[4,11],"current_hp_per_floor":[80,80,80,80,80,78,78,80,80,80,80,80,80,70,70,21,80,80,0,0],"gold":268,"neow_bonus":"THREE_ENEMY_KILL","is_daily":false,"chose_seed":false,"campfire_upgraded":2,"win_rate":0.0,"timestamp":1612569982,"path_taken":["M","M","?","?","?","E","R","?","T","?","?","M","?","E","R","BOSS","M","M"],"items_purchased_type":["Relic","Relic"],"build_version":"2020-12-22","purchased_purges":0,"victory":false,"max_hp_per_floor":[80,80,80,80,80,80,80,80,80,80,80,80,80,80,80,80,80,80,80,80],"relic_stats":{"counters":[11,34],"Pen Nib":[6],"Boot":[4],"obtain_stats":[{"Replay:Accelerometer":11,"ReplayTheSpireMod:Ninjato":9,"NeowsBlessing":0,"Pen Nib":10,"foxEvents:LuckyCharm":3,"hubris:TenFootPole":4,"EVO:Axolotl":0,"StSpp:PileOfSugar":17,"Boot":14,"Burning Blood":0,"InkBottle":6},{"Replay:Accelerometer":6,"ReplayTheSpireMod:Ninjato":6,"NeowsBlessing":0,"Pen Nib":6,"foxEvents:LuckyCharm":3,"hubris:TenFootPole":3,"EVO:Axolotl":0,"StSpp:PileOfSugar":9,"Boot":8,"Burning Blood":0,"InkBottle":5},{"Replay:Accelerometer":13,"ReplayTheSpireMod:Ninjato":13,"NeowsBlessing":0,"Pen Nib":13,"foxEvents:LuckyCharm":3,"hubris:TenFootPole":3,"EVO:Axolotl":0,"StSpp:PileOfSugar":30,"Boot":18,"Burning Blood":0,"InkBottle":10}],"Burning Blood":24,"InkBottle":[9]},"card_choices":[{"not_picked":["StuffTheSpire:BloodClot","Heavy Blade"],"picked":"Reckless Charge","floor":1.0},{"not_picked":["jedi:controlledanger","Pommel Strike","Clothesline"],"picked":"SKIP","floor":2.0},{"not_picked":["Cleave","Pommel Strike"],"picked":"Clash","floor":5.0},{"not_picked":["Ghostly Armor","Heavy Blade"],"picked":"Clash","floor":6.0},{"not_picked":["Cleave","StSpp:Sprint"],"picked":"Feel No Pain","floor":8.0},{"not_picked":["ReplayReversal","StuffTheSpire:Slingshot","StuffTheSpire:Incineration"],"picked":"SKIP","floor":12.0},{"not_picked":["ReplayReversal","StuffTheSpire:Slingshot"],"picked":"StuffTheSpire:Incineration","floor":12.0},{"not_picked":["Shockwave","StuffTheSpire:TitanForm"],"picked":"Rampage","floor":14.0},{"not_picked":["Fiend Fire","Hemogenesis"],"picked":"conspire:Purge","floor":16.0},{"not_picked":["Life Link","Perfected Strike"],"picked":"StSpp:MuscleMemory","floor":18}],"player_experience":741849,"relics_obtained":[{"floor":3.0,"key":"foxEvents:LuckyCharm"},{"floor":6.0,"key":"InkBottle"},{"floor":9.0,"key":"ReplayTheSpireMod:Ninjato"},{"floor":14.0,"key":"Boot"}],"event_choices":[{"damage_healed":0.0,"max_hp_gain":0.0,"max_hp_loss":0.0,"gold_gain":0.0,"event_name":"Dead Adventurer","player_choice":"Searched \u00271\u0027 times","floor":10.0,"gold_loss":0.0,"damage_taken":0.0,"relics_obtained":["Pen Nib"]},{"damage_healed":0.0,"max_hp_gain":0.0,"max_hp_loss":0.0,"gold_gain":0.0,"event_name":"Lab","player_choice":"Got Potions","floor":13.0,"gold_loss":0.0,"damage_taken":0.0}],"is_beta":false,"boss_relics":[{"not_picked":["jesterMod:MachoBrace","hubris:BlackHole"],"picked":"StSpp:PileOfSugar"}],"items_purged_floors":[],"is_endless":false,"potions_floor_spawned":[1,5,6,8],"killed_by":"Chosen","ascension_level":4}}