{"host":"5p9hybygolzp0efr","time":1612578453,"event":{"mods":["AchievementEnabler","BaseMod","Bestiary","Colored Map","Minty Spire (QoL Compilation)","Permanent Neow","Relic Stats","StSLib"],"gold_per_floor":[113,129,148,148,167,167,167],"floor_reached":6,"language":"ENG","playtime":813,"items_purged":[],"score":57,"play_id":"d8f002be-9cfc-4bef-b832-8f3288980381","local_time":"20210206102733","is_ascension_mode":true,"campfire_choices":[],"circlet_count":0,"master_deck":["AscendersBane","Strike_P","Strike_P","Strike_P","Strike_P","Defend_P","Defend_P","Defend_P","Defend_P","Eruption","Vigilance","ThirdEye","EmptyBody","Consecrate"],"relics":["VioletLotus","Golden Idol"],"acts_visited":["Exordium"],"potions_floor_usage":[6],"damage_taken":[{"damage":0,"enemies":"Small Slimes","floor":1,"turns":3},{"damage":6,"enemies":"Jaw Worm","floor":2,"turns":6},{"damage":5,"enemies":"Cultist","floor":3,"turns":7},{"damage":0,"enemies":"Large Slime","floor":5,"turns":8},{"damage":57,"enemies":"3 Sentries","floor":6,"turns":16}],"seed_played":"-6055336612694622966","potions_obtained":[{"floor":1,"key":"SpeedPotion"},{"floor":2,"key":"LiquidMemories"}],"is_trial":false,"path_per_floor":["M","M","M","?","M","E"],"character_chosen":"WATCHER","items_purchased":[],"campfire_rested":0,"item_purchase_floors":[],"current_hp_per_floor":[65,59,54,54,54,0,0],"gold":167,"neow_bonus":"BOSS_RELIC","is_daily":false,"chose_seed":false,"campfire_upgraded":0,"win_rate":0.0,"timestamp":1612578453,"path_taken":["M","M","M","?","M","E"],"items_purchased_type":[],"build_version":"2020-12-22","purchased_purges":0,"victory":false,"max_hp_per_floor":[72,72,72,67,67,67,67],"relic_stats":{"counters":[5,40],"Golden Idol":4,"VioletLotus":[8],"obtain_stats":[{"Golden Idol":4,"VioletLotus":0,"PureWater":0},{"Golden Idol":3,"VioletLotus":0,"PureWater":0},{"Golden Idol":16,"VioletLotus":0,"PureWater":0}]},"card_choices":[{"not_picked":["Evaluate","Nirvana"],"picked":"ThirdEye","floor":1},{"not_picked":["DeceiveReality","Protect"],"picked":"EmptyBody","floor":2},{"not_picked":["SignatureMove","Evaluate"],"picked":"Consecrate","floor":3},{"not_picked":["Perseverance","Consecrate","EmptyFist"],"picked":"SKIP","floor":5}],"player_experience":598352,"relics_obtained":[],"event_choices":[{"damage_healed":0,"gold_gain":0,"player_choice":"Lose Max HP","damage_taken":0,"relics_obtained":["Golden Idol"],"max_hp_gain":0,"max_hp_loss":5,"event_name":"Golden Idol","floor":4,"gold_loss":0}],"is_beta":false,"boss_relics":[],"items_purged_floors":[],"is_endless":false,"potions_floor_spawned":[1,2],"killed_by":"3 Sentries","ascension_level":10}}