{"host":"17uzppmr1r5fe5jj","time":1612608141,"event":{"mods":["BaseMod","HololiveMod","Minty Spire (QoL Compilation)","Quick Restart","StSLib","TestMod","[IsaacMod]ÒÔÈö¼âËþ"],"gold_per_floor":[110,132,142,151,3,3,34,53,79,79,122,122,128,149,149,292,341,564,564,605,454,505,505,505,218,292,328,328,13,37,37],"floor_reached":30,"language":"ZHS","playtime":1083,"items_purged":["Strike_B","Strike_B"],"score":288,"play_id":"427af251-c9de-420e-9c93-91c2c84b420e","local_time":"20210206184221","daily_mods":["Heirloom","Flight"],"is_ascension_mode":false,"campfire_choices":[{"data":"Darkness","floor":6,"key":"SMITH"},{"data":"Coolheaded","floor":10,"key":"SMITH"},{"data":"Lockon","floor":12,"key":"SMITH"},{"data":"Dualcast","floor":15,"key":"SMITH"},{"data":"Loop","floor":23,"key":"SMITH"},{"data":"Defragment","floor":24,"key":"SMITH"}],"circlet_count":0,"master_deck":["Strike_B","Strike_B","Defend_B","Defend_B","Defend_B","Defend_B","Zap","Dualcast+1","Lockon+1","Darkness+1","Heatsinks","Coolheaded+1","Seek+1","Reboot","Fan","Loop+1","Defragment+1","Capacitor+1","Capacitor","Self Repair","Recycle","Turbo"],"relics":["Cracked Core","testmod-TestBox","HushsDoor","HowToJump","testmod-Charity","Calipers","BelialBook","SalivaCoin","Ornamental Fan","Potion Belt","Happy Flower","UnicornStump","Tiny House","GuppysTail","Juzu Bracelet","HornCleat","Symbiotic Virus"],"acts_visited":["Exordium","TheCity"],"potions_floor_usage":[16,16,16,16,18,30],"damage_taken":[{"damage":0,"enemies":"Cultist","floor":1,"turns":2},{"damage":0,"enemies":"Small Slimes","floor":3,"turns":2},{"damage":5,"enemies":"2 Louse","floor":4,"turns":2},{"damage":18,"enemies":"Lagavulin","floor":7,"turns":6},{"damage":11,"enemies":"Red Slaver","floor":8,"turns":3},{"damage":16,"enemies":"3 Sentries","floor":11,"turns":4},{"damage":3,"enemies":"Exordium Wildlife","floor":14,"turns":3},{"damage":20,"enemies":"Hexaghost","floor":16,"turns":6},{"damage":56,"enemies":"3 Byrds","floor":18,"turns":6},{"damage":31,"enemies":"2 Thieves","floor":20,"turns":4},{"damage":33,"enemies":"Shelled Parasite and Fungi","floor":22,"turns":5},{"damage":18,"enemies":"Snake Plant","floor":27,"turns":5},{"damage":22,"enemies":"Slavers","floor":30,"turns":3}],"seed_played":"-4288841091379760971","potions_obtained":[{"floor":3,"key":"Explosive Potion"},{"floor":4,"key":"ColorlessPotion"},{"floor":11,"key":"Weak Potion"},{"floor":14,"key":"Dexterity Potion"},{"floor":17,"key":"Weak Potion"},{"floor":18,"key":"Fruit Juice"},{"floor":22,"key":"SteroidPotion"}],"is_trial":true,"path_per_floor":["M","T","M","M","$","R","E","M","T","R","E","R","?","M","R","B",null,"M","T","M","$","M","R","R","$","T","M","?","$","E"],"character_chosen":"DEFECT","items_purchased":["SalivaCoin","Defragment","Capacitor","Juzu Bracelet","Symbiotic Virus","Turbo"],"campfire_rested":0,"item_purchase_floors":[5,21,25,25,29,29],"current_hp_per_floor":[76,77,78,74,74,74,58,49,50,50,38,38,36,36,36,24,106,91,91,66,66,40,40,40,40,41,27,27,27,9,9],"gold":37,"neow_bonus":"","is_daily":false,"chose_seed":false,"campfire_upgraded":6,"win_rate":0.0,"timestamp":1612608141,"path_taken":["M","?","M","M","$","R","E","M","T","R","E","R","?","M","R","BOSS","M","?","M","$","M","R","R","$","T","M","?","?","E"],"items_purchased_type":["Relic","Card","Card","Relic","Relic","Card"],"build_version":"2020-12-22","purchased_purges":2,"victory":false,"max_hp_per_floor":[76,77,78,79,79,79,81,83,84,84,88,88,89,92,92,100,106,147,147,153,153,160,160,160,160,161,165,165,165,169,169],"card_choices":[{"not_picked":[],"picked":"Bomb","floor":0},{"not_picked":["Streamline","Steam"],"picked":"Lockon","floor":1},{"not_picked":["Barrage","Hello World"],"picked":"Darkness","floor":3},{"not_picked":["Gash","Stack"],"picked":"Heatsinks","floor":4},{"not_picked":["Pulse","Undo"],"picked":"Coolheaded","floor":7},{"not_picked":["Go for the Eyes","Cold Snap"],"picked":"Seek","floor":8},{"not_picked":["Cold Snap","Leap","Seek"],"picked":"SKIP","floor":11},{"not_picked":["Steam","Consume"],"picked":"Bomb","floor":14},{"not_picked":["Meteor Strike","ElectricPowerLearning"],"picked":"Reboot","floor":16},{"not_picked":["Bomb","Coolheaded"],"picked":"Fan","floor":17},{"not_picked":["Rip and Tear","Aggregate+1","Ball Lightning"],"picked":"SKIP","floor":18},{"not_picked":["Rebound+1","Hello World+1"],"picked":"Loop","floor":20},{"not_picked":["Gash","Pulse"],"picked":"Capacitor+1","floor":22},{"not_picked":["Sweeping Beam+1","Static Discharge"],"picked":"Self Repair","floor":27}],"player_experience":274155,"relics_obtained":[{"floor":2,"key":"BelialBook"},{"floor":7,"key":"Ornamental Fan"},{"floor":9,"key":"Potion Belt"},{"floor":11,"key":"Happy Flower"},{"floor":19,"key":"GuppysTail"},{"floor":26,"key":"HornCleat"}],"event_choices":[{"damage_healed":0,"gold_gain":0,"player_choice":"Success","damage_taken":3,"relics_obtained":["UnicornStump"],"max_hp_gain":0,"max_hp_loss":0,"event_name":"Scrap Ooze","floor":13,"gold_loss":0},{"damage_healed":0,"gold_gain":0,"player_choice":"Read","damage_taken":0,"max_hp_gain":0,"max_hp_loss":0,"event_name":"The Library","floor":28,"gold_loss":0,"cards_obtained":["Recycle"]}],"is_beta":false,"boss_relics":[{"not_picked":["Fusion Hammer","ChampionBelt"],"picked":"Tiny House"},{"not_picked":[]}],"items_purged_floors":[21,25],"is_endless":false,"potions_floor_spawned":[3,4,11,14,18,22],"killed_by":"Slavers","ascension_level":0}}