{"host":"seujf6kmfn3ctpoe","time":1612607091,"event":{"mods":["BaseMod","Colored Map","Minty Spire (QoL Compilation)","Permanent Neow","Relic Sorter","Relic Stats","StSLib"],"gold_per_floor":[117,2,2,2,15,15,28,62,62,88,88,106,61,61,61,161,161,175,175,189,202,10,10,43,43,43,43,43,75,75,85,85,190,190,202,213,233,41,92,92,127,127,427,455,475,475,486,0,0,0],"floor_reached":51,"language":"ENG","playtime":1979,"items_purged":["Strike_B","Strike_B","Strike_B"],"score":877,"play_id":"48a53504-4ee0-43df-aaa1-2f0b47282541","local_time":"20210206112451","is_ascension_mode":true,"campfire_choices":[{"data":"Zap","floor":6,"key":"SMITH"},{"data":"Go for the Eyes","floor":11,"key":"SMITH"},{"floor":15,"key":"REST"},{"floor":23,"key":"REST"},{"data":"Scrape","floor":25,"key":"SMITH"},{"data":"Streamline","floor":27,"key":"SMITH"},{"floor":32,"key":"REST"},{"data":"Gash","floor":40,"key":"SMITH"},{"data":"Gash","floor":42,"key":"SMITH"},{"data":"Dualcast","floor":49,"key":"SMITH"}],"circlet_count":0,"master_deck":["Defend_B","Defend_B","Defend_B","Defend_B","Zap+1","Dualcast+1","Gash+1","Scrape+1","Go for the Eyes+1","Streamline+1","Gash+1","Gash+1","Gash+1","Flash of Steel","Auto Shields+1","Gash+1","All For One","Steam Power+1","Doubt"],"relics":["Cracked Core","Strawberry","Cables","PreservedInsect","Boot","Bag of Preparation","SlaversCollar","Pen Nib","Singing Bowl","Ice Cream","MutagenicStrength","Ornamental Fan","SacredBark","Ginger","Frozen Egg 2","Old Coin","Pear","Red Mask"],"acts_visited":["Exordium","TheCity","TheBeyond"],"potions_floor_usage":[44,44,50],"damage_taken":[{"damage":1,"enemies":"Cultist","floor":1,"turns":3},{"damage":0,"enemies":"Small Slimes","floor":5,"turns":2},{"damage":4,"enemies":"2 Louse","floor":7,"turns":2},{"damage":16,"enemies":"Lagavulin","floor":8,"turns":4},{"damage":1,"enemies":"2 Fungi Beasts","floor":12,"turns":2},{"damage":36,"enemies":"Slime Boss","floor":16,"turns":8},{"damage":7,"enemies":"3 Byrds","floor":18,"turns":4},{"damage":14,"enemies":"2 Thieves","floor":20,"turns":3},{"damage":12,"enemies":"Snake Plant","floor":21,"turns":3},{"damage":5,"enemies":"Book of Stabbing","floor":24,"turns":3},{"damage":9,"enemies":"Slavers","floor":29,"turns":3},{"damage":0,"enemies":"3 Cultists","floor":31,"turns":3},{"damage":25,"enemies":"Collector","floor":33,"turns":6},{"damage":0,"enemies":"Orb Walker","floor":35,"turns":2},{"damage":5,"enemies":"3 Darklings","floor":36,"turns":4},{"damage":31,"enemies":"Jaw Worm Horde","floor":37,"turns":3},{"damage":7,"enemies":"2 Orb Walkers","floor":39,"turns":4},{"damage":0,"enemies":"Giant Head","floor":41,"turns":4},{"damage":15,"enemies":"Nemesis","floor":44,"turns":3},{"damage":12,"enemies":"4 Shapes","floor":45,"turns":3},{"damage":0,"enemies":"Maw","floor":47,"turns":2},{"damage":42,"enemies":"Donu and Deca","floor":50,"turns":6}],"seed_played":"-841943427358029627","potions_obtained":[{"floor":7,"key":"SneckoOil"},{"floor":16,"key":"LiquidMemories"},{"floor":20,"key":"Fruit Juice"},{"floor":31,"key":"LiquidMemories"},{"floor":45,"key":"SpeedPotion"}],"is_trial":false,"path_per_floor":["M","$","?","?","M","R","M","E","T","T","R","M","$","?","R","B",null,"M","?","M","M","$","R","E","R","T","R","?","E","?","M","R","B",null,"M","M","M","$","?","R","E","R","T","E","M","?","M","?","R","B",null],"character_chosen":"DEFECT","items_purchased":["Scrape","Gash","Flash of Steel","All For One"],"campfire_rested":3,"item_purchase_floors":[2,13,22,38],"current_hp_per_floor":[81,81,48,48,48,48,44,28,28,28,28,27,27,27,51,15,82,75,75,61,49,49,73,70,70,70,70,70,63,63,63,86,63,88,88,85,56,56,51,51,53,53,53,48,38,108,110,110,110,78],"gold":0,"neow_bonus":"RANDOM_COMMON_RELIC","is_daily":false,"chose_seed":false,"campfire_upgraded":7,"win_rate":0.0,"timestamp":1612607091,"path_taken":["M","$","?","?","M","R","?","E","T","?","R","?","?","?","R","BOSS","M","?","M","M","$","R","E","R","T","R","?","E","?","M","R","BOSS","M","M","M","$","?","R","E","R","T","E","M","?","M","?","R","BOSS"],"items_purchased_type":["Card","Card","Card","Card"],"build_version":"2020-12-22","purchased_purges":3,"victory":true,"max_hp_per_floor":[82,82,82,82,82,82,82,82,82,82,82,82,82,82,82,82,82,82,82,82,82,82,82,84,84,84,84,84,86,86,86,86,88,88,88,90,92,92,94,94,96,96,96,106,108,108,110,110,110,120],"relic_stats":{"Singing Bowl":18,"counters":[22,77],"Ornamental Fan":[168],"PreservedInsect":250,"Pen Nib":[21],"Bag of Preparation":[36],"Ginger":[7],"Boot":[100],"obtain_stats":[{"Ice Cream":26,"Pear":44,"Singing Bowl":24,"SacredBark":34,"PreservedInsect":8,"Pen Nib":19,"Bag of Preparation":10,"Ginger":39,"Frozen Egg 2":41,"Boot":9,"Cables":3,"Old Coin":43,"SlaversCollar":17,"Ornamental Fan":29,"Strawberry":0,"MutagenicStrength":28,"Red Mask":48,"Cracked Core":0},{"Ice Cream":10,"Pear":19,"Singing Bowl":10,"SacredBark":13,"PreservedInsect":4,"Pen Nib":7,"Bag of Preparation":4,"Ginger":17,"Frozen Egg 2":18,"Boot":4,"Cables":1,"Old Coin":18,"SlaversCollar":6,"Ornamental Fan":11,"Strawberry":0,"MutagenicStrength":10,"Red Mask":21,"Cracked Core":0},{"Ice Cream":34,"Pear":66,"Singing Bowl":34,"SacredBark":46,"PreservedInsect":11,"Pen Nib":25,"Bag of Preparation":11,"Ginger":59,"Frozen Egg 2":63,"Boot":11,"Cables":3,"Old Coin":63,"SlaversCollar":21,"Ornamental Fan":37,"Strawberry":0,"MutagenicStrength":34,"Red Mask":71,"Cracked Core":0}],"Cables":[47,47,0,0,0]},"card_choices":[{"not_picked":["Rip and Tear","Conserve Battery"],"picked":"Gash","floor":1},{"not_picked":["Hologram","Tempest"],"picked":"Go for the Eyes","floor":5},{"not_picked":["Undo","Capacitor","Ball Lightning"],"picked":"SKIP","floor":7},{"not_picked":["Go for the Eyes","Leap","Fission"],"picked":"SKIP","floor":8},{"not_picked":["Hologram","Coolheaded"],"picked":"Streamline","floor":12},{"not_picked":["Steam","BootSequence"],"picked":"Gash+1","floor":18},{"not_picked":["Compile Driver","Conserve Battery+1","Storm"],"picked":"SKIP","floor":20},{"not_picked":["Stack","Coolheaded"],"picked":"Gash+1","floor":21},{"not_picked":["Creative AI","Glacier+1","Compile Driver"],"picked":"Singing Bowl","floor":24},{"not_picked":["Self Repair","Rebound+1","Hologram+1"],"picked":"Singing Bowl","floor":29},{"not_picked":["Streamline","Stack+1"],"picked":"Auto Shields+1","floor":31},{"not_picked":["Fission","Hyperbeam","Thunder Strike"],"picked":"Singing Bowl","floor":33},{"not_picked":["Coolheaded+1","Steam"],"picked":"Gash+1","floor":35},{"not_picked":["Steam","Rebound+1","Conserve Battery+1"],"picked":"Singing Bowl","floor":36},{"not_picked":["Reinforced Body","Turbo+1","Redo+1"],"picked":"Singing Bowl","floor":37},{"not_picked":["Consume+1","Sunder+1","Hello World"],"picked":"Singing Bowl","floor":39},{"not_picked":["Redo","Coolheaded+1","Blizzard+1"],"picked":"Singing Bowl","floor":41},{"not_picked":["Capacitor+1","Sweeping Beam"],"picked":"Steam Power+1","floor":44},{"not_picked":["Turbo","Barrage+1","Compile Driver"],"picked":"Singing Bowl","floor":45},{"not_picked":["Stack+1","Machine Learning+1","Sweeping Beam"],"picked":"Singing Bowl","floor":47}],"player_experience":420296,"relics_obtained":[{"floor":8,"key":"PreservedInsect"},{"floor":9,"key":"Boot"},{"floor":10,"key":"Bag of Preparation"},{"floor":24,"key":"Singing Bowl"},{"floor":26,"key":"Ice Cream"},{"floor":29,"key":"Ornamental Fan"},{"floor":39,"key":"Ginger"},{"floor":41,"key":"Frozen Egg 2"},{"floor":43,"key":"Old Coin"},{"floor":44,"key":"Pear"}],"event_choices":[{"damage_healed":0,"gold_gain":0,"player_choice":"Success","damage_taken":33,"relics_obtained":["Cables"],"max_hp_gain":0,"max_hp_loss":0,"event_name":"Scrap Ooze","floor":3,"gold_loss":0},{"damage_healed":0,"gold_gain":0,"player_choice":"Ignored","damage_taken":0,"max_hp_gain":0,"max_hp_loss":0,"event_name":"NoteForYourself","floor":4,"gold_loss":0},{"cards_removed":["Strike_B"],"damage_healed":0,"gold_gain":0,"player_choice":"Forget","damage_taken":0,"max_hp_gain":0,"max_hp_loss":0,"event_name":"Living Wall","floor":14,"gold_loss":0},{"damage_healed":0,"gold_gain":0,"player_choice":"Opened","damage_taken":0,"relics_obtained":["Pen Nib"],"max_hp_gain":0,"max_hp_loss":0,"event_name":"The Mausoleum","floor":19,"gold_loss":0},{"damage_healed":0,"gold_gain":0,"player_choice":"Inject Mutagens","damage_taken":0,"relics_obtained":["MutagenicStrength"],"max_hp_gain":0,"max_hp_loss":0,"event_name":"Drug Dealer","floor":28,"gold_loss":0},{"damage_healed":0,"gold_gain":0,"player_choice":"Ignored","damage_taken":0,"max_hp_gain":0,"max_hp_loss":0,"event_name":"Cursed Tome","floor":30,"gold_loss":0},{"damage_healed":0,"gold_gain":0,"player_choice":"Fight","damage_taken":0,"max_hp_gain":0,"max_hp_loss":0,"event_name":"Mysterious Sphere","floor":39,"gold_loss":0},{"damage_healed":70,"gold_gain":0,"player_choice":"Heal","damage_taken":0,"max_hp_gain":0,"max_hp_loss":0,"event_name":"MindBloom","floor":46,"gold_loss":0,"cards_obtained":["Doubt"]},{"damage_healed":0,"gold_gain":0,"player_choice":"Paid","damage_taken":0,"relics_obtained":["Red Mask"],"max_hp_gain":0,"max_hp_loss":0,"event_name":"Tomb of Lord Red Mask","floor":48,"gold_loss":486}],"is_beta":false,"boss_relics":[{"not_picked":["Runic Dome","Pandora\u0027s Box"],"picked":"SlaversCollar"},{"not_picked":["Velvet Choker","Cursed Key"],"picked":"SacredBark"}],"items_purged_floors":[2,22,38],"is_endless":false,"potions_floor_spawned":[7,16,20,31,41,45],"ascension_level":1}}