{"host":"j9610sde00vfp93k","time":1612616172,"event":{"mods":["AchievementEnabler","BaseMod","Minty Spire (QoL Compilation)","StSLib","SuperFastMode"],"gold_per_floor":[109,122,140,150,150,150,225,251,275,275,52,70,90,365,365,465,515,531,143,158,5,22,51,51,81,81,81,94,108,108,108,108],"floor_reached":31,"language":"ENG","playtime":1415,"items_purged":["Regret","Regret"],"score":277,"play_id":"b2dc04aa-869a-44e5-a657-efbe8efd7cdd","local_time":"20210206205612","is_ascension_mode":false,"campfire_choices":[{"data":"ReachHeaven","floor":6,"key":"SMITH"},{"data":"Crescendo","floor":10,"key":"SMITH"},{"data":"Vigilance","floor":15,"key":"SMITH"},{"data":"Magnetism","floor":27,"key":"SMITH"}],"circlet_count":0,"master_deck":["Strike_P+1","Strike_P","Strike_P","Strike_P","Defend_P","Defend_P","Defend_P","Defend_P","Eruption+1","Vigilance+1","Halt","BowlingBash","Evaluate","ReachHeaven+1","Crescendo+1","Vengeance","Sanctity","Devotion","Protect","EmptyFist+1","Devotion","Magnetism+1","FollowUp","Prostrate","Alpha","Prostrate+1","Consecrate","Adaptation+1","Decay"],"relics":["PureWater","Bag of Marbles","MealTicket","Vajra","Blood Vial","Tiny House","Membership Card","Juzu Bracelet","Akabeko","Ancient Tea Set","Bag of Preparation","Letter Opener"],"acts_visited":["Exordium","TheCity"],"potions_floor_usage":[8,8,8,16,25,25,25],"damage_taken":[{"damage":7,"enemies":"Cultist","floor":1,"turns":3},{"damage":0,"enemies":"Small Slimes","floor":2,"turns":2},{"damage":0,"enemies":"2 Louse","floor":3,"turns":1},{"damage":2,"enemies":"Gremlin Gang","floor":4,"turns":4},{"damage":10,"enemies":"3 Sentries","floor":8,"turns":3},{"damage":0,"enemies":"Looter","floor":12,"turns":2},{"damage":0,"enemies":"2 Fungi Beasts","floor":13,"turns":2},{"damage":58,"enemies":"The Guardian","floor":16,"turns":7},{"damage":23,"enemies":"2 Thieves","floor":18,"turns":4},{"damage":0,"enemies":"Chosen","floor":20,"turns":3},{"damage":6,"enemies":"3 Cultists","floor":22,"turns":4},{"damage":61,"enemies":"Slavers","floor":23,"turns":6},{"damage":26,"enemies":"Gremlin Leader","floor":25,"turns":5},{"damage":6,"enemies":"Centurion and Healer","floor":28,"turns":5},{"damage":10,"enemies":"Snecko","floor":29,"turns":4},{"damage":9,"enemies":"Snake Plant","floor":31,"turns":2}],"seed_played":"6964850643155129270","potions_obtained":[{"floor":1,"key":"FearPotion"},{"floor":3,"key":"Explosive Potion"},{"floor":4,"key":"ColorlessPotion"},{"floor":8,"key":"Explosive Potion"},{"floor":16,"key":"Regen Potion"},{"floor":17,"key":"SteroidPotion"},{"floor":18,"key":"SteroidPotion"},{"floor":25,"key":"SteroidPotion"},{"floor":28,"key":"SpeedPotion"}],"is_trial":false,"path_per_floor":["M","M","M","M","?","R","?","E","T","R","$","M","M","?","R","B",null,"M","$","M","$","M","E","$","E","T","R","M","M","?","M"],"character_chosen":"WATCHER","items_purchased":["Blood Vial","Membership Card","Devotion","Magnetism","FollowUp","Juzu Bracelet","Akabeko"],"campfire_rested":0,"item_purchase_floors":[11,19,19,19,19,21,21],"current_hp_per_floor":[65,65,65,63,63,63,52,42,42,42,57,59,61,61,61,5,77,54,69,71,77,71,12,27,17,17,17,13,5,5,0,0],"gold":108,"neow_bonus":"UPGRADE_CARD","is_daily":false,"chose_seed":false,"campfire_upgraded":4,"win_rate":0.0,"timestamp":1612616172,"path_taken":["M","M","M","M","?","R","?","E","T","R","$","M","M","?","R","BOSS","M","$","?","$","M","E","$","E","T","R","M","M","?","M"],"items_purchased_type":["Relic","Relic","Card","Card","Card","Relic","Relic"],"build_version":"2020-12-22","purchased_purges":2,"victory":false,"max_hp_per_floor":[72,72,72,72,72,72,72,72,72,72,72,72,72,72,72,72,77,77,77,77,77,77,77,77,77,77,77,77,77,77,77,77],"card_choices":[{"not_picked":["WaveOfTheHand","Crescendo"],"picked":"Halt","floor":1},{"not_picked":["Consecrate","Sanctity"],"picked":"BowlingBash","floor":2},{"not_picked":["EmptyBody","EmptyMind"],"picked":"Evaluate","floor":3},{"not_picked":["EmptyFist","ForeignInfluence"],"picked":"ReachHeaven","floor":4},{"not_picked":["FlurryOfBlows","EmptyMind"],"picked":"Crescendo","floor":8},{"not_picked":["Evaluate","InnerPeace"],"picked":"Vengeance","floor":12},{"not_picked":["Swivel","ThirdEye"],"picked":"Sanctity","floor":13},{"not_picked":["Wish","DeusExMachina"],"picked":"Devotion","floor":16},{"not_picked":["ThirdEye","Evaluate"],"picked":"Protect","floor":17},{"not_picked":["FearNoEvil+1","Nirvana"],"picked":"EmptyFist+1","floor":18},{"not_picked":["LikeWater","EmptyFist"],"picked":"Prostrate","floor":20},{"not_picked":["SashWhip","FlyingSleeves"],"picked":"Alpha","floor":22},{"not_picked":["MentalFortress","BowlingBash"],"picked":"Prostrate+1","floor":23},{"not_picked":["Protect","PathToVictory"],"picked":"Consecrate","floor":25},{"not_picked":["WreathOfFlame+1","Evaluate","Crescendo+1"],"picked":"SKIP","floor":28},{"not_picked":["JustLucky","EmptyFist"],"picked":"Adaptation+1","floor":29}],"player_experience":204764,"relics_obtained":[{"floor":8,"key":"MealTicket"},{"floor":9,"key":"Vajra"},{"floor":23,"key":"Ancient Tea Set"},{"floor":25,"key":"Bag of Preparation"},{"floor":26,"key":"Letter Opener"}],"event_choices":[{"damage_healed":0,"gold_gain":0,"player_choice":"Box","damage_taken":0,"relics_obtained":["Bag of Marbles"],"max_hp_gain":0,"max_hp_loss":0,"event_name":"Big Fish","floor":5,"gold_loss":0,"cards_obtained":["Regret"]},{"damage_healed":0,"gold_gain":75,"player_choice":"Gather Gold","damage_taken":11,"max_hp_gain":0,"max_hp_loss":0,"event_name":"World of Goop","floor":7,"gold_loss":0},{"damage_healed":0,"gold_gain":275,"player_choice":"Desecrate","damage_taken":0,"max_hp_gain":0,"max_hp_loss":0,"event_name":"Golden Shrine","floor":14,"gold_loss":0,"cards_obtained":["Regret"]},{"damage_healed":0,"gold_gain":0,"player_choice":"Smashed Altar","damage_taken":0,"max_hp_gain":0,"max_hp_loss":0,"event_name":"Forgotten Altar","floor":30,"gold_loss":0,"cards_obtained":["Decay"]}],"is_beta":false,"boss_relics":[{"not_picked":["Runic Pyramid","Pandora\u0027s Box"],"picked":"Tiny House"}],"items_purged_floors":[11,19],"is_endless":false,"potions_floor_spawned":[1,3,4,8,16,18,25,28],"killed_by":"Snake Plant","ascension_level":0}}