{"host":"kxz5izodaorfb9am","time":1612635366,"event":{"mods":["BaseMod","GifTheSpireLib","Minty Spire (QoL Compilation)","Shop Mod","StSLib"],"gold_per_floor":[111,111,121,35,35,66,79,90,171,171,212,212,225,97,97,191,191,212,112,92,112,136,136,136,136],"floor_reached":24,"language":"ENG","playtime":1045,"items_purged":["Strike_G","Strike_G"],"score":427,"play_id":"bfb0f769-f6fd-4edd-b525-b3989772167e","local_time":"20210206191606","is_ascension_mode":true,"campfire_choices":[{"data":"Caltrops","floor":12,"key":"SMITH"},{"data":"Cloak And Dagger","floor":15,"key":"SMITH"},{"floor":23,"key":"REST"}],"circlet_count":0,"master_deck":["AscendersBane","Strike_G","Strike_G","Strike_G","Defend_G","Defend_G","Defend_G","Defend_G","Defend_G","Survivor","Neutralize","Crippling Poison","Escape Plan","Accuracy","Deflect","Caltrops+1","Escape Plan","Cloak And Dagger+1","Adrenaline","Cloak And Dagger","Poisoned Stab","Deflect"],"relics":["Ring of the Snake","NeowsBlessing","Unceasing Top","Art of War","Matryoshka","Golden Idol","Bronze Scales","SlaversCollar"],"acts_visited":["Exordium","TheCity"],"potions_floor_usage":[8,11,11,21,21,24],"damage_taken":[{"damage":0,"enemies":"2 Louse","floor":1,"turns":1},{"damage":0,"enemies":"Jaw Worm","floor":3,"turns":1},{"damage":0,"enemies":"3 Sentries","floor":6,"turns":1},{"damage":1,"enemies":"Small Slimes","floor":7,"turns":4},{"damage":3,"enemies":"3 Louse","floor":8,"turns":3},{"damage":5,"enemies":"Lagavulin","floor":11,"turns":9},{"damage":3,"enemies":"Gremlin Gang","floor":13,"turns":3},{"damage":15,"enemies":"Hexaghost","floor":16,"turns":9},{"damage":13,"enemies":"Shell Parasite","floor":18,"turns":5},{"damage":5,"enemies":"2 Thieves","floor":21,"turns":5},{"damage":19,"enemies":"Chosen and Byrds","floor":22,"turns":6},{"damage":33,"enemies":"Slavers","floor":24,"turns":2}],"seed_played":"8899215927512604479","potions_obtained":[{"floor":1,"key":"Poison Potion"},{"floor":7,"key":"CunningPotion"},{"floor":8,"key":"EssenceOfSteel"},{"floor":16,"key":"Block Potion"},{"floor":20,"key":"DuplicationPotion"},{"floor":22,"key":"LiquidBronze"}],"is_trial":false,"path_per_floor":["M","$","M","$","?","E","M","M","T","?","E","R","M","$","R","B",null,"M","$","?","M","M","R","E"],"character_chosen":"THE_SILENT","items_purchased":["Accuracy","Cloak And Dagger"],"campfire_rested":1,"item_purchase_floors":[4,14],"current_hp_per_floor":[59,59,59,59,54,54,53,50,50,50,45,45,42,42,42,27,52,39,39,39,34,15,33,0,0],"gold":136,"neow_bonus":"THREE_ENEMY_KILL","is_daily":false,"chose_seed":false,"campfire_upgraded":2,"win_rate":0.0,"timestamp":1612635366,"path_taken":["M","$","M","$","?","E","M","M","T","?","E","R","M","?","R","BOSS","M","$","?","M","?","R","E"],"items_purchased_type":["Card","Card"],"build_version":"2020-12-22","purchased_purges":2,"victory":false,"max_hp_per_floor":[66,66,66,66,66,66,66,66,66,60,60,60,60,60,60,60,60,60,60,60,60,60,60,60,60],"card_choices":[{"not_picked":["Dash","Sucker Punch"],"picked":"Crippling Poison","floor":1},{"not_picked":["Poisoned Stab","Flying Knee"],"picked":"Escape Plan","floor":3},{"not_picked":["Reflex","Distraction","Masterful Stab"],"picked":"SKIP","floor":6},{"not_picked":["Tactician","Prepared"],"picked":"Deflect","floor":7},{"not_picked":["Well Laid Plans","PiercingWail"],"picked":"Caltrops","floor":8},{"not_picked":["Bane","All Out Attack","Flying Knee"],"picked":"SKIP","floor":11},{"not_picked":["Backflip","PiercingWail"],"picked":"Escape Plan","floor":13},{"not_picked":["Doppelganger","Grand Finale"],"picked":"Adrenaline","floor":16},{"not_picked":["Poisoned Stab","Caltrops"],"picked":"Cloak And Dagger","floor":18},{"not_picked":["Flying Knee","Underhanded Strike"],"picked":"Poisoned Stab","floor":21},{"not_picked":["Deadly Poison","Dagger Throw"],"picked":"Deflect","floor":22}],"player_experience":303530,"relics_obtained":[{"floor":6,"key":"Art of War"},{"floor":9,"key":"Matryoshka"},{"floor":11,"key":"Bronze Scales"}],"event_choices":[{"damage_healed":0,"gold_gain":0,"player_choice":"Success","damage_taken":5,"relics_obtained":["Unceasing Top"],"max_hp_gain":0,"max_hp_loss":0,"event_name":"Scrap Ooze","floor":5,"gold_loss":0},{"damage_healed":0,"gold_gain":0,"player_choice":"Lose Max HP","damage_taken":0,"relics_obtained":["Golden Idol"],"max_hp_gain":0,"max_hp_loss":6,"event_name":"Golden Idol","floor":10,"gold_loss":0},{"damage_healed":0,"gold_gain":0,"player_choice":"Bought 1 Potion","damage_taken":0,"max_hp_gain":0,"max_hp_loss":0,"event_name":"The Woman in Blue","floor":20,"gold_loss":0}],"is_beta":false,"boss_relics":[{"not_picked":["HoveringKite","SacredBark"],"picked":"SlaversCollar"}],"items_purged_floors":[14,19],"is_endless":false,"potions_floor_spawned":[1,7,8,16,22],"killed_by":"Slavers","ascension_level":17}}