{"host":"bg8va46pgqgvtzim","time":1612610261,"event":{"mods":["BaseMod","Minty Spire (QoL Compilation)","Quick Restart","StSLib","SuperFastMode"],"gold_per_floor":[369,369,382,393,343,361,379,164,193,193,226,238,267,267,267,285,320,333,348,374,374,393,393,393,393,490,490,504,516,516,529,323,323,337,366,366,396,413,425,460,460,495,519,631,643,655,700,712,724,837,849,871,833,843,856,806,821,833,833,853,870,899,899,949,949,979,999,1028,968,995,1015,1015,1015,1015,1015,147,179,179],"floor_reached":79,"language":"ZHS","playtime":3108,"items_purged":["Pain","Strike_R","Strike_R","Rampage+1","Uppercut"],"score":1922,"play_id":"4976f537-9a68-461c-8042-299588ee1ae0","local_time":"20210206191741","is_ascension_mode":true,"campfire_choices":[{"data":"Armaments","floor":10.0,"key":"SMITH"},{"data":"Immolate","floor":21.0,"key":"SMITH"},{"data":"True Grit","floor":24.0,"key":"SMITH"},{"data":"Barricade","floor":25.0,"key":"SMITH"},{"data":"Evolve","floor":36.0,"key":"SMITH"},{"data":"Entrench","floor":45.0,"key":"SMITH"},{"data":"Feel No Pain","floor":49.0,"key":"SMITH"},{"floor":59.0,"key":"RECALL"},{"floor":65.0,"key":"REST"},{"floor":72.0,"key":"REST"},{"floor":75.0,"key":"REST"}],"circlet_count":0,"master_deck":["Defend_R+1","Defend_R","Defend_R","Defend_R","Disarm","Pommel Strike","Whirlwind","Armaments+1","Immolate+1","Barricade+1","Feel No Pain+1","Power Through","Body Slam+1","True Grit+1","Impervious","Evolve+1","Shrug It Off+1","Immolate+1","Power Through","Second Wind","Fire Breathing","Seeing Red+1","Battle Trance+1","Entrench+1","Berserk","Bloodletting+1","Dark Embrace+1","Reckless Charge+1","Warcry+1","Intimidate+1","Burning Pact","Secret Technique","Madness","Warcry+1"],"relics":["Burning Blood","WarpedTongs","Molten Egg 2","Self Forming Clay","Prayer Wheel","Mummified Hand","Pantograph","Question Card","Matryoshka","Philosopher\u0027s Stone","Letter Opener","InkBottle","Meat on the Bone","MawBank","Smiling Mask","Red Skull","Ancient Tea Set","FossilizedHelix","Shuriken","Sundial","Turnip","Fusion Hammer","Magic Flower","Eternal Feather","Incense Burner","Vajra","Gremlin Horn","Bottled Tornado","Medical Kit","War Paint","Pear","Lantern"],"acts_visited":["Exordium","TheCity","TheBeyond","TheEnding"],"potions_floor_usage":[78,78,78],"damage_taken":[{"damage":0.0,"enemies":"2 Louse","floor":1.0,"turns":4.0},{"damage":3.0,"enemies":"Cultist","floor":3.0,"turns":3.0},{"damage":3.0,"enemies":"Small Slimes","floor":4.0,"turns":4.0},{"damage":7.0,"enemies":"Exordium Wildlife","floor":6.0,"turns":3.0},{"damage":8.0,"enemies":"Looter","floor":7.0,"turns":5.0},{"damage":13.0,"enemies":"3 Sentries","floor":9.0,"turns":5.0},{"damage":0.0,"enemies":"Lagavulin","floor":11.0,"turns":7.0},{"damage":1.0,"enemies":"2 Fungi Beasts","floor":12.0,"turns":2.0},{"damage":24.0,"enemies":"Gremlin Nob","floor":13.0,"turns":4.0},{"damage":0.0,"enemies":"Large Slime","floor":16.0,"turns":5.0},{"damage":9.0,"enemies":"3 Sentries","floor":17.0,"turns":3.0},{"damage":2.0,"enemies":"Looter","floor":18.0,"turns":3.0},{"damage":12.0,"enemies":"Gremlin Gang","floor":19.0,"turns":4.0},{"damage":13.0,"enemies":"Gremlin Nob","floor":20.0,"turns":4.0},{"damage":0.0,"enemies":"Large Slime","floor":22.0,"turns":4.0},{"damage":10.0,"enemies":"The Guardian","floor":26.0,"turns":12.0},{"damage":8.0,"enemies":"Shell Parasite","floor":28.0,"turns":4.0},{"damage":2.0,"enemies":"Chosen","floor":29.0,"turns":5.0},{"damage":0.0,"enemies":"Snake Plant","floor":31.0,"turns":4.0},{"damage":0.0,"enemies":"Cultist and Chosen","floor":34.0,"turns":4.0},{"damage":25.0,"enemies":"Gremlin Leader","floor":35.0,"turns":4.0},{"damage":0.0,"enemies":"Book of Stabbing","floor":37.0,"turns":6.0},{"damage":0.0,"enemies":"Centurion and Healer","floor":38.0,"turns":4.0},{"damage":0.0,"enemies":"Snecko","floor":39.0,"turns":5.0},{"damage":0.0,"enemies":"Gremlin Leader","floor":40.0,"turns":5.0},{"damage":11.0,"enemies":"Snake Plant","floor":43.0,"turns":4.0},{"damage":2.0,"enemies":"Colosseum Slavers","floor":44.0,"turns":4.0},{"damage":11.0,"enemies":"Colosseum Nobs","floor":44.0,"turns":5.0},{"damage":0.0,"enemies":"Slavers","floor":47.0,"turns":3.0},{"damage":0.0,"enemies":"Champ","floor":50.0,"turns":7.0},{"damage":0.0,"enemies":"3 Shapes","floor":52.0,"turns":3.0},{"damage":9.0,"enemies":"3 Darklings","floor":54.0,"turns":3.0},{"damage":0.0,"enemies":"Spire Growth","floor":55.0,"turns":5.0},{"damage":0.0,"enemies":"Maw","floor":57.0,"turns":5.0},{"damage":0.0,"enemies":"Transient","floor":58.0,"turns":5.0},{"damage":0.0,"enemies":"Writhing Mass","floor":60.0,"turns":6.0},{"damage":0.0,"enemies":"4 Shapes","floor":61.0,"turns":3.0},{"damage":0.0,"enemies":"Giant Head","floor":62.0,"turns":6.0},{"damage":0.0,"enemies":"Mind Bloom Boss Battle","floor":64.0,"turns":5.0},{"damage":0.0,"enemies":"Nemesis","floor":66.0,"turns":5.0},{"damage":11.0,"enemies":"Sphere and 2 Shapes","floor":67.0,"turns":4.0},{"damage":0.0,"enemies":"Giant Head","floor":68.0,"turns":5.0},{"damage":22.0,"enemies":"Reptomancer","floor":70.0,"turns":4.0},{"damage":0.0,"enemies":"Jaw Worm Horde","floor":71.0,"turns":3.0},{"damage":11.0,"enemies":"Donu and Deca","floor":73.0,"turns":6.0},{"damage":2.0,"enemies":"Shield and Spear","floor":77.0,"turns":4.0},{"damage":7,"enemies":"The Heart","floor":78,"turns":5}],"seed_played":"-8220668470184780041","potions_obtained":[{"floor":1.0,"key":"ColorlessPotion"},{"floor":9.0,"key":"ColorlessPotion"},{"floor":11.0,"key":"Dexterity Potion"},{"floor":16.0,"key":"Regen Potion"},{"floor":22.0,"key":"HeartOfIron"},{"floor":26.0,"key":"ColorlessPotion"},{"floor":35.0,"key":"PowerPotion"},{"floor":57.0,"key":"PowerPotion"},{"floor":60.0,"key":"ColorlessPotion"},{"floor":71.0,"key":"PowerPotion"}],"is_trial":false,"path_per_floor":["M","?","M","M","?","M","M","$","E","R","E","M","E","T","T","M","E","M","M","E","R","M","T","R","R","B",null,"M","M","?","M","$","?","M","E","R","E","M","M","E","T","T","M","?","R","?","E","$","R","B",null,"M","$","M","M","$","M","M","R","M","M","E","T","?","R","E","M","E","?","E","M","R","B",null,"R","$","E","B",null],"character_chosen":"IRONCLAD","items_purchased":["Immolate","Second Wind","Fire Breathing","Medical Kit","War Paint","Pear","Secret Technique","Madness"],"campfire_rested":3,"item_purchase_floors":[8,32,32,76,76,76,76,76],"current_hp_per_floor":[72,72,72,72,72,71,69,69,62,62,68,72,54,54,54,60,57,61,55,60,60,66,66,66,66,68,72,70,72,72,72,72,59,65,46,46,52,58,64,70,70,70,65,64,64,64,70,70,70,77,77,77,77,74,77,77,77,77,77,77,77,77,77,77,77,77,75,77,77,64,73,77,75,77,77,87,87,87],"gold":179,"neow_bonus":"TWO_FIFTY_GOLD","is_daily":false,"chose_seed":false,"campfire_upgraded":7,"win_rate":0.0,"timestamp":1612610261,"path_taken":["M","?","M","?","?","M","M","?","E","R","E","M","E","T","T","M","E","M","M","E","R","M","?","R","R","BOSS","M","M","?","M","$","?","M","E","R","E","M","M","E","T","T","M","?","R","?","E","?","R","BOSS","M","$","M","M","$","M","?","R","M","M","E","T","?","R","E","M","E","?","E","M","R","BOSS","R","$","E","BOSS"],"items_purchased_type":["Card","Card","Card","Relic","Relic","Relic","Card","Card"],"build_version":"2020-12-22","purchased_purges":5,"victory":true,"max_hp_per_floor":[72,72,72,72,72,72,72,72,72,72,72,72,72,72,72,72,72,72,72,72,72,72,72,72,72,72,72,72,72,72,72,72,77,77,77,77,77,77,77,77,77,77,77,77,77,77,77,77,77,77,77,77,77,77,77,77,77,77,77,77,77,77,77,77,77,77,77,77,77,77,77,77,77,77,77,87,87,87],"card_choices":[{"not_picked":["Seeing Red","Sword Boomerang"],"picked":"Uppercut","floor":1.0},{"not_picked":["Cleave","Shrug It Off"],"picked":"Disarm","floor":3.0},{"not_picked":["Disarm","Rage"],"picked":"Pommel Strike","floor":4.0},{"not_picked":["Seeing Red","Rage"],"picked":"Whirlwind","floor":6.0},{"not_picked":["Headbutt","Iron Wave"],"picked":"Armaments","floor":7.0},{"not_picked":["Armaments","Searing Blow+1"],"picked":"Barricade","floor":9.0},{"not_picked":["Shrug It Off","Bloodletting"],"picked":"Rampage+1","floor":11.0},{"not_picked":["Warcry","Anger+1","Flame Barrier"],"picked":"SKIP","floor":12.0},{"not_picked":["Havoc","Cleave+1"],"picked":"Feel No Pain","floor":13.0},{"not_picked":["Wild Strike+1","Warcry"],"picked":"Power Through","floor":16.0},{"not_picked":["Wild Strike+1","Warcry","Infernal Blade"],"picked":"SKIP","floor":16.0},{"not_picked":["Exhume","Reckless Charge+1","Warcry"],"picked":"SKIP","floor":17.0},{"not_picked":["Iron Wave+1","Clothesline+1"],"picked":"Body Slam+1","floor":18.0},{"not_picked":["Pommel Strike+1","Twin Strike+1","Perfected Strike+1"],"picked":"SKIP","floor":18.0},{"not_picked":["Sword Boomerang+1","Clash+1","Disarm"],"picked":"SKIP","floor":19.0},{"not_picked":["Corruption","Warcry","Flex"],"picked":"SKIP","floor":19.0},{"not_picked":["Rage","Rupture","Pommel Strike+1"],"picked":"SKIP","floor":20.0},{"not_picked":["Sever Soul+1","Combust","Ghostly Armor"],"picked":"True Grit","floor":22.0},{"not_picked":["Heavy Blade+1","True Grit","Searing Blow+1","Clash+1"],"picked":"SKIP","floor":22.0},{"not_picked":["Double Tap","Limit Break","Juggernaut"],"picked":"Impervious","floor":26.0},{"not_picked":["Havoc","Heavy Blade+1","Dark Embrace+1"],"picked":"Evolve","floor":28.0},{"not_picked":["Warcry","Anger+1","Wild Strike+1","Pommel Strike+1"],"picked":"SKIP","floor":28.0},{"not_picked":["Warcry","Headbutt+1","Clash+1"],"picked":"Shrug It Off","floor":29.0},{"not_picked":["Clash+1","True Grit+1","Twin Strike+1","Armaments"],"picked":"SKIP","floor":29.0},{"not_picked":["Twin Strike+1","Warcry","Fiend Fire+1","Spot Weakness"],"picked":"SKIP","floor":31.0},{"not_picked":["Havoc","Hemokinesis+1","Whirlwind+1","Wild Strike+1"],"picked":"SKIP","floor":31.0},{"not_picked":["Shockwave","Reckless Charge+1","Armaments"],"picked":"Seeing Red+1","floor":34.0},{"not_picked":["Metallicize","Wild Strike+1","Anger+1","Clash+1"],"picked":"SKIP","floor":34.0},{"not_picked":["True Grit","Sword Boomerang+1","Warcry"],"picked":"Battle Trance+1","floor":35.0},{"not_picked":["Havoc+1","Barricade","Sword Boomerang+1","Combust"],"picked":"SKIP","floor":37.0},{"not_picked":["Warcry","Carnage+1","Disarm+1"],"picked":"Entrench","floor":38.0},{"not_picked":["Cleave+1","Iron Wave+1","Perfected Strike+1","Evolve+1"],"picked":"SKIP","floor":38.0},{"not_picked":["Warcry","Combust","Perfected Strike+1","Flex+1"],"picked":"SKIP","floor":39.0},{"not_picked":["Perfected Strike+1","Headbutt+1","Heavy Blade+1","Iron Wave+1"],"picked":"SKIP","floor":39.0},{"not_picked":["Evolve+1","Shrug It Off","Heavy Blade+1"],"picked":"Berserk","floor":40.0},{"not_picked":["Headbutt+1","Spot Weakness+1","Searing Blow+1","Cleave+1"],"picked":"SKIP","floor":43.0},{"not_picked":["Pommel Strike+1","Armaments","Spot Weakness","Second Wind"],"picked":"SKIP","floor":43.0},{"not_picked":["Blood for Blood+1","Evolve","Shrug It Off"],"picked":"Bloodletting+1","floor":44.0},{"not_picked":["Second Wind","Clothesline+1","Exhume","Battle Trance+1"],"picked":"SKIP","floor":47.0},{"not_picked":["Twin Strike+1","Clash+1","Iron Wave+1","Armaments+1"],"picked":"SKIP","floor":52.0},{"not_picked":["Thunderclap+1","Pommel Strike+1","Armaments+1","Twin Strike+1"],"picked":"SKIP","floor":52.0},{"not_picked":["Havoc","Uppercut+1","Hemokinesis+1","Heavy Blade+1"],"picked":"SKIP","floor":54.0},{"not_picked":["Havoc+1","Feed+1","Pummel+1","Sever Soul+1"],"picked":"SKIP","floor":54.0},{"not_picked":["Clothesline+1","Perfected Strike+1","Havoc+1"],"picked":"Dark Embrace+1","floor":55.0},{"not_picked":["Bloodletting+1","Flex+1","Ghostly Armor+1","Warcry"],"picked":"SKIP","floor":55.0},{"not_picked":["Bludgeon+1","Rupture+1","Rampage+1"],"picked":"Reckless Charge+1","floor":57.0},{"not_picked":["Body Slam+1","Flame Barrier","Fire Breathing","Disarm"],"picked":"SKIP","floor":57.0},{"not_picked":["Armaments","Flame Barrier+1","Iron Wave+1","Uppercut+1"],"picked":"SKIP","floor":58.0},{"not_picked":["Anger+1","Disarm","Flex","Heavy Blade+1"],"picked":"SKIP","floor":58.0},{"not_picked":["Sword Boomerang+1","Heavy Blade+1","Iron Wave+1","Flex+1"],"picked":"SKIP","floor":60.0},{"not_picked":["Flex+1","Carnage+1","Disarm","Brutality"],"picked":"SKIP","floor":60.0},{"not_picked":["Thunderclap+1","Iron Wave+1","Clothesline+1","Havoc+1"],"picked":"SKIP","floor":61.0},{"not_picked":["Rupture","Spot Weakness+1","Armaments","Body Slam+1"],"picked":"SKIP","floor":61.0},{"not_picked":["Cleave+1","Body Slam+1","Shrug It Off","Pummel+1"],"picked":"SKIP","floor":62.0},{"not_picked":["Thunderclap+1","Fire Breathing","Blood for Blood+1"],"picked":"Warcry+1","floor":66.0},{"not_picked":["Armaments+1","Seeing Red+1","Shrug It Off"],"picked":"Intimidate+1","floor":67.0},{"not_picked":["Pommel Strike+1","Sword Boomerang+1","Inflame+1","Rampage+1"],"picked":"SKIP","floor":67.0},{"not_picked":["Armaments","Reckless Charge+1","Sever Soul+1","Demon Form"],"picked":"SKIP","floor":68.0},{"not_picked":["Metallicize","Seeing Red","True Grit"],"picked":"Burning Pact","floor":70.0},{"not_picked":["Infernal Blade+1","Body Slam+1","Perfected Strike+1","Ghostly Armor+1"],"picked":"SKIP","floor":71.0},{"not_picked":["Clash+1","Pommel Strike+1","Sword Boomerang+1","Perfected Strike+1"],"picked":"SKIP","floor":71.0},{"not_picked":["Fire Breathing","Shrug It Off","Demon Form"],"picked":"Warcry+1","floor":77.0}],"player_experience":2406403,"relics_obtained":[{"floor":9.0,"key":"Molten Egg 2"},{"floor":11.0,"key":"Self Forming Clay"},{"floor":13.0,"key":"Prayer Wheel"},{"floor":14.0,"key":"Mummified Hand"},{"floor":17.0,"key":"Pantograph"},{"floor":20.0,"key":"Question Card"},{"floor":23.0,"key":"Matryoshka"},{"floor":35.0,"key":"Letter Opener"},{"floor":37.0,"key":"InkBottle"},{"floor":40.0,"key":"Meat on the Bone"},{"floor":41.0,"key":"MawBank"},{"floor":41.0,"key":"Smiling Mask"},{"floor":42.0,"key":"Red Skull"},{"floor":42.0,"key":"Ancient Tea Set"},{"floor":44.0,"key":"FossilizedHelix"},{"floor":44.0,"key":"Shuriken"},{"floor":47.0,"key":"Turnip"},{"floor":62.0,"key":"Magic Flower"},{"floor":63.0,"key":"Eternal Feather"},{"floor":64.0,"key":"Incense Burner"},{"floor":66.0,"key":"Vajra"},{"floor":68.0,"key":"Gremlin Horn"},{"floor":70.0,"key":"Bottled Tornado"},{"floor":77.0,"key":"Lantern"}],"event_choices":[{"damage_healed":0.0,"max_hp_gain":0.0,"max_hp_loss":0.0,"gold_gain":0.0,"event_name":"Accursed Blacksmith","player_choice":"Rummage","floor":2.0,"gold_loss":0.0,"damage_taken":0.0,"relics_obtained":["WarpedTongs"],"cards_obtained":["Pain"]},{"cards_removed":["Strike_R"],"damage_healed":0.0,"max_hp_gain":0.0,"max_hp_loss":0.0,"gold_gain":0.0,"event_name":"The Cleric","player_choice":"Card Removal","floor":5.0,"gold_loss":50.0,"damage_taken":0.0},{"damage_healed":0.0,"max_hp_gain":0.0,"max_hp_loss":0.0,"gold_gain":0.0,"cards_transformed":["Strike_R","Strike_R"],"event_name":"Drug Dealer","player_choice":"Became Test Subject","floor":30.0,"gold_loss":0.0,"damage_taken":0.0,"cards_obtained":["Immolate","Power Through"]},{"damage_healed":0.0,"max_hp_gain":5.0,"max_hp_loss":0.0,"gold_gain":0.0,"event_name":"Forgotten Altar","player_choice":"Shed Blood","floor":33.0,"gold_loss":0.0,"damage_taken":18.0},{"damage_healed":0.0,"max_hp_gain":0.0,"max_hp_loss":0.0,"gold_gain":0.0,"event_name":"Colosseum","player_choice":"Fight","floor":44.0,"gold_loss":0.0,"damage_taken":0.0},{"damage_healed":0.0,"max_hp_gain":0.0,"max_hp_loss":0.0,"gold_gain":0.0,"event_name":"Colosseum","player_choice":"Fought Nobs","floor":44.0,"gold_loss":0.0,"damage_taken":0.0},{"damage_healed":0.0,"max_hp_gain":0.0,"max_hp_loss":0.0,"gold_gain":0.0,"event_name":"The Mausoleum","player_choice":"Opened","floor":46.0,"gold_loss":0.0,"damage_taken":0.0,"relics_obtained":["Sundial"]},{"damage_healed":0.0,"max_hp_gain":0.0,"max_hp_loss":0.0,"gold_gain":0.0,"event_name":"MindBloom","player_choice":"Fight","floor":64.0,"gold_loss":0.0,"damage_taken":0.0},{"cards_removed":["Bash"],"damage_healed":0.0,"max_hp_gain":0.0,"max_hp_loss":0.0,"gold_gain":0.0,"event_name":"Designer","player_choice":"Single Remove","floor":69.0,"gold_loss":60.0,"damage_taken":0.0}],"is_beta":false,"boss_relics":[{"not_picked":["Calling Bell","Runic Cube"],"picked":"Philosopher\u0027s Stone"},{"not_picked":["Velvet Choker","Cursed Key"],"picked":"Fusion Hammer"}],"items_purged_floors":[8,32,53,56,76],"is_endless":false,"potions_floor_spawned":[1,9,11,13,16,22,26,31,35,37,40,44,47,50,57,60,66,70,71,77],"ascension_level":1}}