{"host":"e1r14iqujvrv6qpf","time":1612618549,"event":{"mods":["AchievementEnabler","Act Like it!","Aspiration","BaseMod","BetterRewards","Colored Map","Colored Powertips","Conspire","Downfall","Friendly Minions","Gensokyo","Googly Eyes","Hallownest","Highlight Path","Hubris","KinomotoSakuraMod(木之本樱)","Koishi","KomeijiMod","LagranYue(拉格朗・月)","Lobotomy","Marisa（F雨　魔理沙）","Minty Spire (QoL Compilation)","Quick Restart","Reimu（博丽灵梦）","Remilia（蕾米莉亚）","Replay The Spire","Shop Mod","StSLib","The Administrix","The Animator","The Bug Knight","The Construct","The Cursed","The Servant 0.9.4","Waifu the Spire","WarShipGirlsR/战舰少女R mod","Youmu（魂魄妖梦）","Yuri Mod","Yuyuko"],"gold_per_floor":[120,138,149,164,223,254,254,254,254,254,254,268,268,279,279,375,375,392,317,317,328,328,328,361,361,440,455,455,114,133,160,160,160,160],"floor_reached":33,"language":"ZHS","playtime":3230,"items_purged":["yuri:yuriDefend"],"score":360,"play_id":"f89df05a-9c97-4af3-af66-a7c4f3ae3214","local_time":"20210206213548","is_ascension_mode":false,"campfire_choices":[{"data":"yuri:HeavierStrike","floor":11,"key":"SMITH"},{"data":"yuri:ThrowingKnives","floor":23,"key":"SMITH"},{"data":"yuri:Oolong","floor":25,"key":"SMITH"},{"floor":32,"key":"RECALL"}],"circlet_count":0,"master_deck":["yuri:yuriDefend","yuri:yuriDefend","yuri:yuriDefend","yuri:yuriDefend","yuri:Oolong+1","yuri:BookRed","yuri:ThrowingKnives+1","yuri:HeavierStrike+1","yuri:BookBlue","hubris:DuctTapeCard+2","yuri:NoEscape+1","yuri:Stare+1","yuri:NoEscape+1","yuri:CalmingAura+1"],"relics":["LagranYue:RandomDrawCardRelic","Calling Bell","Golden Egg","Centennial Puzzle","construct:BoolHorns","ReplayTheSpireMod:TigerMarble","conspire:DeflatedDodgeball","hubris:DuctTape","ThirstyCross","Replay:Grab Bag","SlaversCollar","hubris:CrackedHourglass","Empty Cage","Gremlin Horn","hubris:TinFlute","ClockworkSouvenir","ReplayTheSpireMod:Ninjato"],"acts_visited":["Exordium","TheCity"],"potions_floor_usage":[6,21,21],"damage_taken":[{"damage":5.0,"enemies":"Cultist","floor":1.0,"turns":4.0},{"damage":1.0,"enemies":"2 Louse","floor":2.0,"turns":3.0},{"damage":2.0,"enemies":"Jaw Worm","floor":3.0,"turns":3.0},{"damage":2.0,"enemies":"Looter","floor":4.0,"turns":3.0},{"damage":21,"enemies":"3 Sentries","floor":6,"turns":7},{"damage":0,"enemies":"2 Fungi Beasts","floor":12,"turns":1},{"damage":11,"enemies":"Exordium Thugs","floor":14,"turns":3},{"damage":12,"enemies":"Slime Boss","floor":16,"turns":4},{"damage":4,"enemies":"Spheric Guardian","floor":18,"turns":3},{"damage":10,"enemies":"2 Thieves","floor":21,"turns":2},{"damage":17,"enemies":"HollowMod:Nosk","floor":24,"turns":3},{"damage":8,"enemies":"Centurion and Healer","floor":27,"turns":3},{"damage":9,"enemies":"Shelled Parasite and Fungi","floor":30,"turns":3},{"damage":4,"enemies":"conspire:Head Lice","floor":31,"turns":2},{"damage":1,"enemies":"Champ","floor":33,"turns":1}],"seed_played":"237993218642882910","potions_obtained":[{"floor":3.0,"key":"DistilledChaos"},{"floor":5,"key":"LiquidBronze"},{"floor":6,"key":"PowerPotion"},{"floor":12,"key":"FearPotion"},{"floor":14,"key":"Fruit Juice"},{"floor":30,"key":"FearPotion"}],"is_trial":false,"path_per_floor":["M","M","M","M","?","E","T","?","T","?","R","M","?","M","R_BF","B",null,"M","?","?","M","?","R","E","R","T","M","?","$","M","E","R","B"],"character_chosen":"YURI","items_purchased":["ClockworkSouvenir","yuri:NoEscape+1"],"campfire_rested":0,"item_purchase_floors":[29,29],"current_hp_per_floor":[76,79,79,77,57,43,43,43,43,43,43,43,43,38,31,26,80,76,76,76,75,75,75,64,64,64,66,75,75,76,79,79,0,0],"gold":160,"neow_bonus":"BOSS_RELIC","is_daily":false,"chose_seed":false,"campfire_upgraded":3,"win_rate":0.0,"timestamp":1612618548,"path_taken":["M","M","?","M","?","E","?","?","T","?","R","M","?","?","R_BF","BOSS","M","?","?","?","?","R","E","R","T","M","?","$","?","E","R","BOSS"],"items_purchased_type":["Relic","Card"],"build_version":"2020-12-22","purchased_purges":1,"victory":false,"max_hp_per_floor":[80,80,80,80,80,80,80,80,80,80,80,80,80,80,80,80,80,80,80,80,85,85,85,85,85,85,85,85,85,85,85,85,85,85],"card_choices":[{"not_picked":["yuri:GlitchedStrike","yuri:ThrowBook"],"picked":"yuri:BookRed","floor":1.0},{"not_picked":["yuri:GlitchedStrike","yuri:Spin"],"picked":"yuri:Stalk","floor":2.0},{"not_picked":["yuri:TPose","yuri:GlitchedStrike"],"picked":"yuri:ThrowingKnives","floor":3.0},{"not_picked":["yuri:InsanityDefense","yuri:TPose"],"picked":"yuri:HeavierStrike","floor":4.0},{"not_picked":["yuri:DisableStrike","yuri:GreenTea"],"picked":"yuri:BookBlue","floor":5},{"not_picked":["yuri:DebugCard","yuri:ThornRemove","yuri:HeavierStrike"],"picked":"SKIP","floor":6},{"not_picked":["yuri:TPose","yuri:HeavierStrike","yuri:ThrowBook"],"picked":"SKIP","floor":12},{"not_picked":["yuri:RecklessStrike","yuri:TPose","yuri:Stare"],"picked":"SKIP","floor":14},{"not_picked":["yuri:DisableStrike","yuri:Torment"],"picked":"yuri:NoEscape","floor":16},{"not_picked":["yuri:MPose","yuri:RecklessStrike+1"],"picked":"yuri:Stare+1","floor":18},{"not_picked":["yuri:MultiDip","yuri:Spin+1","yuri:Stalk"],"picked":"SKIP","floor":21},{"not_picked":["yuri:BookRed","yuri:DebugCard","yuri:ReactiveMadness"],"picked":"SKIP","floor":24},{"not_picked":["yuri:Parry+1","yuri:GlitchedStrike+1","yuri:Stare"],"picked":"SKIP","floor":27},{"not_picked":["yuri:Parry+1","yuri:WickedSlash"],"picked":"yuri:CalmingAura+1","floor":30},{"not_picked":["yuri:Skip","yuri:ReactiveMadness+1","yuri:DejaVu+1"],"picked":"SKIP","floor":31}],"player_experience":297486,"relics_obtained":[{"floor":0.0,"key":"Golden Egg"},{"floor":0.0,"key":"Centennial Puzzle"},{"floor":0.0,"key":"construct:BoolHorns"},{"floor":5,"key":"ReplayTheSpireMod:TigerMarble"},{"floor":6,"key":"conspire:DeflatedDodgeball"},{"floor":7,"key":"hubris:DuctTape"},{"floor":24,"key":"Gremlin Horn"},{"floor":26,"key":"hubris:TinFlute"},{"floor":31,"key":"ReplayTheSpireMod:Ninjato"}],"event_choices":[{"cards_removed":["yuri:yuriStrike"],"damage_healed":0,"gold_gain":0,"player_choice":"Offered Basic","damage_taken":0,"max_hp_gain":0,"max_hp_loss":0,"event_name":"Bonfire Elementals","floor":13,"gold_loss":0},{"cards_removed":["yuri:yuriStrike"],"damage_healed":0,"gold_gain":0,"player_choice":"Card Removal","damage_taken":7,"max_hp_gain":0,"max_hp_loss":0,"event_name":"Golden Wing","floor":15,"gold_loss":0},{"cards_removed":["yuri:yuriStrike"],"damage_healed":0,"gold_gain":0,"player_choice":"Gave Gold","damage_taken":0,"max_hp_gain":0,"max_hp_loss":0,"event_name":"Beggar","floor":19,"gold_loss":75},{"damage_healed":0,"gold_gain":0,"player_choice":"Bought 0 Potions","damage_taken":0,"max_hp_gain":0,"max_hp_loss":0,"event_name":"The Woman in Blue","floor":20,"gold_loss":0}],"is_beta":false,"boss_relics":[{"not_picked":["Snecko Eye","conspire:SpecialSausage"],"picked":"Replay:Grab Bag"},{"not_picked":["ChewingGum","Fusion Hammer"],"picked":"SlaversCollar"},{"not_picked":["LagranYue:SoulBurningRelic","Philosopher\u0027s Stone"],"picked":"hubris:CrackedHourglass"},{"not_picked":["SacredBark","hubris:Stopwatch"],"picked":"Empty Cage"}],"items_purged_floors":[29],"is_endless":false,"potions_floor_spawned":[3,6,12,14,30],"killed_by":"Champ","ascension_level":0}}