{"host":"dn2xyj3kd3d9cfyb","time":1612581249,"event":{"mods":["BaseMod","Colored Powertips","Downfall","Hubris","Marisa£®ÏF”Í°°ƒß¿Ì…≥£©","Minty Spire (QoL Compilation)","Remilia£®¿Ÿ√◊¿Ú—«£©","Replay The Spire","Shop Mod","StSLib","The Animator","The Construct","The Cursed","The Mystic","Youmu£®ªÍ∆«—˝√Œ£©","Yuri Mod","Yuyuko"],"gold_per_floor":[273,273,223,243,243,281,281,331,404,404,439,466,476,476],"floor_reached":13,"language":"ZHS","playtime":1253,"items_purged":[],"score":124,"play_id":"1e0284fe-f881-4a51-bad0-a0a42ab7ff24","local_time":"20210206111409","is_ascension_mode":true,"campfire_choices":[{"floor":7,"key":"RECALL"},{"floor":10,"key":"REST"}],"circlet_count":0,"master_deck":["animator:Strike_Kancolle","animator:Defend_Kancolle","animator:Strike","animator:Strike","animator:Strike","animator:Defend","animator:Defend+1","animator:Shimakaze+1","animator:Entoma","animator:Vesta+1","animator:Shiro"],"relics":["animator:LivingPicture","animator:TheMissingPiece","animator:PurgingStone","NeowsBlessing","ScarletDevilRocket","Ancient Tea Set","Toxic Egg 2"],"acts_visited":["Exordium"],"potions_floor_usage":[13,13],"damage_taken":[{"damage":0,"enemies":"Small Slimes","floor":1,"turns":1},{"damage":0,"enemies":"2 Louse","floor":4,"turns":1},{"damage":0,"enemies":"3 Sentries","floor":6,"turns":2},{"damage":40,"enemies":"Gremlin Nob","floor":8,"turns":6},{"damage":3,"enemies":"Jaw Worm","floor":11,"turns":3},{"damage":0,"enemies":"Large Slime","floor":12,"turns":7},{"damage":16,"enemies":"Replay:BlueRogue","floor":13,"turns":10}],"seed_played":"-5672540301780361705","potions_obtained":[{"floor":1,"key":"Guardian:BlockOnCardUsePotion"},{"floor":4,"key":"Swift Potion"}],"is_trial":false,"path_per_floor":["M","?","?","M","?","E","R","E","T","R","M","M","E"],"character_chosen":"THE_ANIMATOR","items_purchased":[],"campfire_rested":1,"item_purchase_floors":[],"current_hp_per_floor":[66,59,59,59,46,46,46,6,6,25,22,22,6,6],"gold":476,"neow_bonus":"THREE_ENEMY_KILL","is_daily":false,"chose_seed":false,"campfire_upgraded":0,"win_rate":0.0,"timestamp":1612581249,"path_taken":["M","?","?","M","?","E","R","E","T","R","M","M","E"],"items_purchased_type":[],"build_version":"2020-12-22","purchased_purges":0,"victory":false,"max_hp_per_floor":[66,66,66,66,66,66,66,66,66,66,66,66,66,66],"card_choices":[{"not_picked":["animator:YunYun","animator:DwarfShaman","animator:Berserker"],"picked":"SKIP","floor":1},{"not_picked":["animator:ZankiKiguchi","animator:Ciel","animator:Raven"],"picked":"SKIP","floor":4},{"not_picked":["animator:Shizu","animator:Gillette","animator:PandorasActor"],"picked":"SKIP","floor":6},{"not_picked":["animator:Sebas+1","animator:PandorasActor+1"],"picked":"animator:Entoma","floor":8},{"not_picked":["animator:Illya+1","animator:Sebas+1"],"picked":"animator:Vesta+1","floor":11},{"not_picked":["animator:Guy+1","animator:Kazuma+1"],"picked":"animator:Shiro","floor":12}],"player_experience":624448,"relics_obtained":[{"floor":6,"key":"Ancient Tea Set"},{"floor":8,"key":"Toxic Egg 2"}],"event_choices":[{"damage_healed":0,"gold_gain":0,"player_choice":"Success","damage_taken":7,"relics_obtained":["ScarletDevilRocket"],"max_hp_gain":0,"max_hp_loss":0,"event_name":"Scrap Ooze","floor":2,"gold_loss":0},{"cards_removed":["animator:Defend"],"damage_healed":0,"gold_gain":0,"player_choice":"Card Removal","damage_taken":0,"max_hp_gain":0,"max_hp_loss":0,"event_name":"The Cleric","floor":3,"gold_loss":50},{"damage_healed":0,"gold_gain":0,"player_choice":"Entered Light","damage_taken":13,"max_hp_gain":0,"max_hp_loss":0,"event_name":"Shining Light","floor":5,"gold_loss":0,"cards_upgraded":["animator:Shimakaze","animator:Defend"]}],"is_beta":false,"boss_relics":[],"items_purged_floors":[],"is_endless":false,"potions_floor_spawned":[1,4],"killed_by":"Replay:BlueRogue","ascension_level":1}}