{"host":"2yqfi47fogfu1ic4","time":1612635042,"event":{"mods":["AchievementEnabler","BaseMod","Colored Map","Colored Powertips","Highlight Path","Minty Spire (QoL Compilation)","Permanent Neow","Relic Stats","StSLib"],"gold_per_floor":[163,6,6,18,31,60,25,36,85,117,117,150,164,175,175,250,250,265,265,445,138,148,148,179,12,39,39,52,66,116,145,145,219,219,229,229,242,242,84,114,114,14,41,60,74,89,105,136,136,136,136,136],"floor_reached":51,"language":"DEU","playtime":5989,"items_purged":["Strike_G","Strike_G"],"score":1584,"play_id":"41c9d902-8ac7-4b26-8114-65c8768a5efe","local_time":"20210206191042","is_ascension_mode":true,"campfire_choices":[{"data":"Dash","floor":11.0,"key":"SMITH"},{"data":"Terror","floor":15.0,"key":"SMITH"},{"floor":23.0,"key":"REST"},{"floor":27.0,"key":"REST"},{"floor":32.0,"key":"REST"},{"floor":41.0,"key":"RECALL"},{"floor":49.0,"key":"REST"}],"circlet_count":0,"master_deck":["AscendersBane","Strike_G","Strike_G","Defend_G+1","Defend_G","Defend_G+1","Defend_G+1","Defend_G","Survivor","Neutralize","Poisoned Stab","Cloak And Dagger","Terror+1","Dash+1","Backflip","Dash","Bouncing Flask","Noxious Fumes","Dagger Spray","Wraith Form v2+1","Poisoned Stab","Noxious Fumes","Catalyst","Acrobatics","Backflip+1","Outmaneuver+1","Night Terror","Blur","Leg Sweep","Well Laid Plans","Venomology"],"relics":["Tiny House","InkBottle","Happy Flower","Omamori","Snake Skull","Fusion Hammer","ClockworkSouvenir","WingedGreaves","TwistedFunnel","War Paint","Snecko Eye","Lee\u0027s Waffle","Dead Branch","Centennial Puzzle","Bag of Preparation"],"acts_visited":["Exordium","TheCity","TheBeyond"],"potions_floor_usage":[51,51,51],"damage_taken":[{"damage":3.0,"enemies":"Cultist","floor":1.0,"turns":4.0},{"damage":0.0,"enemies":"2 Louse","floor":4.0,"turns":3.0},{"damage":0.0,"enemies":"Jaw Worm","floor":5.0,"turns":5.0},{"damage":23.0,"enemies":"Lagavulin","floor":6.0,"turns":9.0},{"damage":5.0,"enemies":"Exordium Wildlife","floor":8.0,"turns":6.0},{"damage":11.0,"enemies":"Gremlin Nob","floor":10.0,"turns":4.0},{"damage":4.0,"enemies":"3 Sentries","floor":12.0,"turns":10.0},{"damage":6.0,"enemies":"Looter","floor":13.0,"turns":3.0},{"damage":5.0,"enemies":"Red Slaver","floor":14.0,"turns":3.0},{"damage":4.0,"enemies":"Slime Boss","floor":16.0,"turns":7.0},{"damage":27.0,"enemies":"3 Byrds","floor":18.0,"turns":6.0},{"damage":12.0,"enemies":"Chosen","floor":22.0,"turns":3.0},{"damage":4.0,"enemies":"Gremlin Leader","floor":24.0,"turns":5.0},{"damage":1.0,"enemies":"Snecko","floor":28.0,"turns":6.0},{"damage":4.0,"enemies":"Chosen and Byrds","floor":29.0,"turns":3.0},{"damage":16.0,"enemies":"Book of Stabbing","floor":31.0,"turns":6.0},{"damage":25.0,"enemies":"Collector","floor":33.0,"turns":8.0},{"damage":3.0,"enemies":"3 Shapes","floor":35.0,"turns":4.0},{"damage":31.0,"enemies":"3 Darklings","floor":37.0,"turns":4.0},{"damage":3.0,"enemies":"Nemesis","floor":40.0,"turns":5.0},{"damage":0.0,"enemies":"Spire Growth","floor":44.0,"turns":4.0},{"damage":0.0,"enemies":"Writhing Mass","floor":45.0,"turns":5.0},{"damage":0.0,"enemies":"Sphere and 2 Shapes","floor":46.0,"turns":4.0},{"damage":0.0,"enemies":"4 Shapes","floor":47.0,"turns":5.0},{"damage":17.0,"enemies":"Reptomancer","floor":48.0,"turns":7.0},{"damage":22.0,"enemies":"Awakened One","floor":50.0,"turns":14.0},{"damage":74,"enemies":"Donu and Deca","floor":51,"turns":9}],"seed_played":"-2546256867490546705","potions_obtained":[{"floor":0.0,"key":"Block Potion"},{"floor":1.0,"key":"CunningPotion"},{"floor":8.0,"key":"PowerPotion"},{"floor":10.0,"key":"GhostInAJar"},{"floor":13.0,"key":"GhostInAJar"},{"floor":28.0,"key":"Dexterity Potion"},{"floor":37.0,"key":"Poison Potion"},{"floor":44.0,"key":"Fruit Juice"},{"floor":46.0,"key":"SkillPotion"},{"floor":48.0,"key":"Block Potion"}],"is_trial":false,"path_per_floor":["M","$","?","M","M","E","?","M","T","E","R","E","M","M","R","B",null,"M","?","?","$","M","R","E","$","T","R","M","M","?","E","R","B",null,"M","?","M","?","$","E","R","$","T","M","M","M","M","E","R","B","B"],"character_chosen":"THE_SILENT","items_purchased":["Terror","Dash","Catalyst","ClockworkSouvenir","TwistedFunnel","Lee\u0027s Waffle"],"campfire_rested":4,"item_purchase_floors":[2,2,21,21,25,39],"current_hp_per_floor":[61,61,66,66,66,43,62,57,57,46,46,42,36,31,31,27,64,37,37,18,18,6,28,24,24,24,46,45,41,41,25,47,22,63,60,60,29,29,83,80,80,80,80,80,80,85,85,68,88,66,0,0],"gold":136,"neow_bonus":"BOSS_RELIC","is_daily":false,"chose_seed":false,"campfire_upgraded":2,"win_rate":0.0,"timestamp":1612635042,"path_taken":["M","?","?","M","M","E","?","?","T","E","R","E","M","M","R","BOSS","BOSS","M","?","?","$","M","R","E","$","T","R","?","M","?","E","R","BOSS","M","?","?","?","?","E","R","$","T","M","M","M","M","E","R","BOSS","BOSS"],"items_purchased_type":["Card","Card","Card","Relic","Relic","Relic"],"build_version":"2020-12-22","purchased_purges":2,"victory":false,"max_hp_per_floor":[71,71,76,76,76,76,76,76,76,76,76,76,76,76,76,76,76,76,76,76,76,76,76,76,76,76,76,76,76,76,76,76,76,76,76,76,76,76,83,83,83,83,83,83,83,88,88,88,88,88,88,88],"relic_stats":{"Lee\u0027s Waffle":54,"Centennial Puzzle":[9],"Happy Flower":[41],"counters":[27,152],"Dead Branch":[95],"Snecko Eye":[122,118,118,164],"Snake Skull":[272],"Bag of Preparation":[4],"War Paint":["Defend_G","Defend_G"],"obtain_stats":[{"TwistedFunnel":25,"Lee\u0027s Waffle":39,"Tiny House":0,"Happy Flower":9,"Dead Branch":40,"Snake Skull":12,"Omamori":10,"Bag of Preparation":48,"War Paint":31,"ClockworkSouvenir":21,"Centennial Puzzle":43,"Snecko Eye":34,"Fusion Hammer":17,"WingedGreaves":24,"InkBottle":6,"Ring of the Snake":0},{"TwistedFunnel":13,"Lee\u0027s Waffle":19,"Tiny House":0,"Happy Flower":5,"Dead Branch":20,"Snake Skull":7,"Omamori":6,"Bag of Preparation":25,"War Paint":16,"ClockworkSouvenir":11,"Centennial Puzzle":20,"Snecko Eye":17,"Fusion Hammer":10,"WingedGreaves":13,"InkBottle":4,"Ring of the Snake":0},{"TwistedFunnel":68,"Lee\u0027s Waffle":99,"Tiny House":0,"Happy Flower":27,"Dead Branch":104,"Snake Skull":41,"Omamori":31,"Bag of Preparation":129,"War Paint":83,"ClockworkSouvenir":60,"Centennial Puzzle":104,"Snecko Eye":91,"Fusion Hammer":54,"WingedGreaves":68,"InkBottle":21,"Ring of the Snake":0}],"InkBottle":[60]},"card_choices":[{"not_picked":["Catalyst","Quick Slash"],"picked":"Poisoned Stab","floor":0.0},{"not_picked":["Well Laid Plans","Acrobatics"],"picked":"Cloak And Dagger","floor":1.0},{"not_picked":["Distraction","Outmaneuver"],"picked":"Backflip","floor":4.0},{"not_picked":["Sucker Punch","Deflect","Underhanded Strike"],"picked":"SKIP","floor":5.0},{"not_picked":["PiercingWail","Flying Knee"],"picked":"Dash","floor":6.0},{"not_picked":["Prepared","Riddle With Holes","Quick Slash"],"picked":"SKIP","floor":8.0},{"not_picked":["Skewer","Well Laid Plans"],"picked":"Bouncing Flask","floor":10.0},{"not_picked":["Quick Slash","PiercingWail"],"picked":"Noxious Fumes","floor":12.0},{"not_picked":["Sucker Punch","PiercingWail"],"picked":"Dagger Spray","floor":13.0},{"not_picked":["Cloak And Dagger","Grand Finale","Quick Slash"],"picked":"SKIP","floor":14.0},{"not_picked":["Glass Knife","After Image"],"picked":"Wraith Form v2","floor":16.0},{"not_picked":["All Out Attack","Cloak And Dagger"],"picked":"Poisoned Stab","floor":18.0},{"not_picked":["Deflect","Flechettes","Slice+1"],"picked":"SKIP","floor":22.0},{"not_picked":["Dagger Spray","Quick Slash"],"picked":"Acrobatics","floor":24.0},{"not_picked":["Poisoned Stab","Heel Hook","Flying Knee"],"picked":"SKIP","floor":28.0},{"not_picked":["Backstab","Dagger Throw"],"picked":"Backflip+1","floor":29.0},{"not_picked":["Bane","Reflex+1"],"picked":"Outmaneuver+1","floor":31.0},{"not_picked":["After Image","Storm of Steel"],"picked":"Night Terror","floor":33.0},{"not_picked":["Dagger Spray","Deflect+1","Prepared+1"],"picked":"SKIP","floor":35.0},{"not_picked":["Blade Dance","Doppelganger","Tactician"],"picked":"SKIP","floor":37.0},{"not_picked":["Sucker Punch","Dodge and Roll","Backstab"],"picked":"SKIP","floor":40.0},{"not_picked":["Dodge and Roll","Bane"],"picked":"Leg Sweep","floor":44.0},{"not_picked":["Bane","PiercingWail"],"picked":"Well Laid Plans","floor":45.0},{"not_picked":["Cloak And Dagger","Poisoned Stab","Deflect"],"picked":"SKIP","floor":46.0},{"not_picked":["Escape Plan","Prepared+1","Sucker Punch"],"picked":"SKIP","floor":47.0},{"not_picked":["Tactician","Dagger Throw"],"picked":"Venomology","floor":48.0}],"player_experience":1681420,"relics_obtained":[{"floor":6.0,"key":"InkBottle"},{"floor":9.0,"key":"Happy Flower"},{"floor":10.0,"key":"Omamori"},{"floor":12.0,"key":"Snake Skull"},{"floor":24.0,"key":"WingedGreaves"},{"floor":31.0,"key":"War Paint"},{"floor":40.0,"key":"Dead Branch"},{"floor":43.0,"key":"Centennial Puzzle"},{"floor":48.0,"key":"Bag of Preparation"}],"event_choices":[{"damage_healed":0.0,"max_hp_gain":5.0,"max_hp_loss":0.0,"gold_gain":0.0,"event_name":"Big Fish","player_choice":"Donut","floor":3.0,"gold_loss":0.0,"damage_taken":0.0},{"damage_healed":19.0,"max_hp_gain":0.0,"max_hp_loss":0.0,"gold_gain":0.0,"event_name":"The Cleric","player_choice":"Healed","floor":7.0,"gold_loss":35.0,"damage_taken":0.0},{"damage_healed":0.0,"max_hp_gain":0.0,"max_hp_loss":0.0,"gold_gain":0.0,"event_name":"The Library","player_choice":"Read","floor":19.0,"gold_loss":0.0,"damage_taken":0.0,"cards_obtained":["Noxious Fumes"]},{"damage_healed":0.0,"max_hp_gain":0.0,"max_hp_loss":0.0,"gold_gain":180.0,"event_name":"Knowing Skull","player_choice":"GOLD GOLD ","floor":20.0,"potions_obtained":[],"gold_loss":0.0,"damage_taken":19.0,"cards_obtained":[]},{"damage_healed":0.0,"max_hp_gain":0.0,"max_hp_loss":0.0,"gold_gain":50.0,"event_name":"Nest","player_choice":"Stole From Cult","floor":30.0,"gold_loss":0.0,"damage_taken":0.0},{"damage_healed":0.0,"max_hp_gain":0.0,"max_hp_loss":0.0,"gold_gain":0.0,"cards_transformed":["Strike_G"],"event_name":"Transmorgrifier","player_choice":"Transformed","floor":36.0,"gold_loss":0.0,"damage_taken":0.0,"cards_obtained":["Blur"]},{"damage_healed":0.0,"max_hp_gain":0.0,"max_hp_loss":0.0,"gold_gain":0.0,"event_name":"Upgrade Shrine","player_choice":"Upgraded","floor":38.0,"gold_loss":0.0,"damage_taken":0.0,"cards_upgraded":["Wraith Form v2"]}],"is_beta":false,"boss_relics":[{"not_picked":["Empty Cage","Calling Bell"],"picked":"Fusion Hammer"},{"not_picked":["Pandora\u0027s Box","Runic Dome"],"picked":"Snecko Eye"}],"items_purged_floors":[21,42],"is_endless":false,"potions_floor_spawned":[1,8,10,13,14,28,29,37,44,46,48],"killed_by":"Donu and Deca","ascension_level":20}}