{"host":"0kk91h4bq4kgfj0u","time":1612579415,"event":{"mods":["BaseMod","Minty Spire (QoL Compilation)","StSLib"],"gold_per_floor":[116,135,135,135,145,180,145,145,190,208,240,16,16,16,16,16,16],"floor_reached":16,"language":"ENG","playtime":494,"items_purged":[],"score":140,"play_id":"248bb179-857c-4df2-b03d-4098f5a6b6e2","local_time":"20210205214335","is_ascension_mode":true,"campfire_choices":[{"floor":8,"key":"REST"},{"floor":15,"key":"REST"}],"circlet_count":0,"master_deck":["Strike_G","Strike_G","Strike_G","Strike_G","Strike_G","Defend_G+1","Defend_G","Defend_G","Defend_G","Defend_G+1","Survivor","Neutralize","Finesse","Flying Knee","Cloak And Dagger","Sucker Punch","Dagger Throw","Caltrops","Dash","HandOfGreed","Terror+1"],"relics":["Ring of the Snake","Art of War","War Paint","Mummified Hand"],"acts_visited":["Exordium"],"potions_floor_usage":[16],"damage_taken":[{"damage":0,"enemies":"2 Louse","floor":1,"turns":2},{"damage":4,"enemies":"Small Slimes","floor":2,"turns":3},{"damage":0,"enemies":"Cultist","floor":5,"turns":3},{"damage":45,"enemies":"Gremlin Nob","floor":6,"turns":6},{"damage":7,"enemies":"Gremlin Gang","floor":10,"turns":6},{"damage":26,"enemies":"3 Sentries","floor":11,"turns":10},{"damage":40,"enemies":"Slime Boss","floor":16,"turns":6}],"seed_played":"8731421047628897958","potions_obtained":[{"floor":5,"key":"Ancient Potion"},{"floor":11,"key":"PowerPotion"}],"is_trial":false,"path_per_floor":["M","M","$","?","M","E","?","R","T","M","E","$","?","?","R","B"],"character_chosen":"THE_SILENT","items_purchased":["HandOfGreed","Terror"],"campfire_rested":2,"item_purchase_floors":[12,12],"current_hp_per_floor":[63,59,59,59,59,14,31,52,52,45,19,19,19,19,40,0,0],"gold":16,"neow_bonus":"RANDOM_COLORLESS","is_daily":false,"chose_seed":false,"campfire_upgraded":0,"win_rate":0.0,"timestamp":1612579415,"path_taken":["M","M","$","?","M","E","?","R","T","M","E","$","?","?","R","BOSS"],"items_purchased_type":["Card","Card"],"build_version":"2020-12-22","purchased_purges":0,"victory":false,"max_hp_per_floor":[70,70,70,70,70,70,70,70,70,70,70,70,70,70,70,70,70],"card_choices":[{"not_picked":["Good Instincts","Swift Strike"],"picked":"Finesse","floor":0},{"not_picked":["Underhanded Strike","Leg Sweep"],"picked":"Flying Knee","floor":1},{"not_picked":["Dodge and Roll","Accuracy"],"picked":"Cloak And Dagger","floor":2},{"not_picked":["Outmaneuver","Choke"],"picked":"Sucker Punch","floor":5},{"not_picked":["Deflect","Acrobatics"],"picked":"Dagger Throw","floor":6},{"not_picked":["Concentrate","Deadly Poison"],"picked":"Caltrops","floor":10},{"not_picked":["Reflex","Dodge and Roll"],"picked":"Dash","floor":11}],"player_experience":853787,"relics_obtained":[{"floor":6,"key":"Art of War"},{"floor":9,"key":"War Paint"},{"floor":11,"key":"Mummified Hand"}],"event_choices":[{"damage_healed":0,"gold_gain":0,"player_choice":"Ignored","damage_taken":0,"max_hp_gain":0,"max_hp_loss":0,"event_name":"Liars Game","floor":4,"gold_loss":0},{"damage_healed":17,"gold_gain":0,"player_choice":"Healed","damage_taken":0,"max_hp_gain":0,"max_hp_loss":0,"event_name":"The Cleric","floor":7,"gold_loss":35},{"damage_healed":0,"gold_gain":0,"player_choice":"Ignored","damage_taken":0,"max_hp_gain":0,"max_hp_loss":0,"event_name":"Shining Light","floor":13,"gold_loss":0},{"damage_healed":0,"gold_gain":0,"player_choice":"Grow","damage_taken":0,"max_hp_gain":0,"max_hp_loss":0,"event_name":"Living Wall","floor":14,"gold_loss":0,"cards_upgraded":["Terror"]}],"is_beta":false,"boss_relics":[],"items_purged_floors":[],"is_endless":false,"potions_floor_spawned":[5,11],"killed_by":"Slime Boss","ascension_level":6}}