{"host":"5zotnur7vyqtklfj","time":1612591940,"event":{"mods":["AchievementEnabler","BaseMod","Block Reminder","Colored Map","Colored Powertips","Downfall","Hubris","Infinite Spire","Jorbs\u0027s Wanderer Trilogy","Minty Spire (QoL Compilation)","Replay The Spire","StSLib"],"gold_per_floor":[110,61,61,75,75,75,109,119,119,119,137,150,150,160,160,261,261,273,273,292,217,217,229,229,144,144,163,73,108,108,120,120,221,221,240,253,253,265,265,280,294,294,294,294,313,331,343,392,392,392],"floor_reached":51,"language":"ENG","playtime":4926,"items_purged":["stsjorbsmod:Strike_Wanderer"],"score":673,"play_id":"283a03ca-b2e6-4fe7-b476-dd9069bb222b","local_time":"20210206011220","is_ascension_mode":false,"campfire_choices":[{"data":"stsjorbsmod:HedgeWizard","floor":6.0,"key":"SMITH"},{"data":"stsjorbsmod:TinyHut","floor":13,"key":"SMITH"},{"data":"stsjorbsmod:FreshAdventure","floor":15,"key":"SMITH"},{"data":"stsjorbsmod:GatherPower","floor":24,"key":"SMITH"},{"data":"infinitespire:Punishment","floor":30,"key":"SMITH"},{"data":"stsjorbsmod:Mindworm","floor":32,"key":"SMITH"},{"data":"stsjorbsmod:HedgeWizard","floor":42,"key":"SMITH"},{"data":"stsjorbsmod:BookOfTongues","floor":44,"key":"SMITH"},{"data":"stsjorbsmod:Defend_Wanderer","floor":49,"key":"SMITH"}],"circlet_count":0,"master_deck":["stsjorbsmod:ForbiddenGrimoire+1","stsjorbsmod:Strike_Wanderer","stsjorbsmod:Strike_Wanderer","stsjorbsmod:Strike_Wanderer+1","stsjorbsmod:Defend_Wanderer","stsjorbsmod:Defend_Wanderer+1","stsjorbsmod:Defend_Wanderer","stsjorbsmod:FreshAdventure+1","stsjorbsmod:EyeOfTheStorm","stsjorbsmod:GatherPower+1","stsjorbsmod:TinyHut+1","stsjorbsmod:HedgeWizard+1","stsjorbsmod:BookOfTongues","stsjorbsmod:FaerieFire","stsjorbsmod:Mindworm+1","stsjorbsmod:GatherPower+1","stsjorbsmod:BookOfTongues+1","infinitespire:Punishment+1","stsjorbsmod:HedgeWizard+1"],"relics":["stsjorbsmod:GrimoireRelic","Vajra","hubris:FunFungus","infinitespire:Cupcake","Replay:Accelerometer","hubris:Icosahedron","hubris:CrystalStatue","Garlic","hubris:SlimyHat","Replay:Grab Bag","Busted Crown","Coffee Dripper","hubris:Backtick","stsjorbsmod:MindPalaceRelic","hubris:Reverence","Unceasing Top"],"acts_visited":["TheCity","TheBeyond"],"potions_floor_usage":[12,20,27,40,46,48,48],"damage_taken":[{"damage":6.0,"enemies":"Jaw Worm","floor":1.0,"turns":3.0},{"damage":1.0,"enemies":"Cultist","floor":4.0,"turns":4.0},{"damage":14.0,"enemies":"Replay:BlueRogue","floor":7.0,"turns":7.0},{"damage":1.0,"enemies":"infinitespire:Voidling","floor":8.0,"turns":2.0},{"damage":2,"enemies":"Exordium Thugs","floor":11,"turns":4},{"damage":0,"enemies":"Large Slime","floor":12,"turns":4},{"damage":7,"enemies":"Looter","floor":14,"turns":4},{"damage":21,"enemies":"Slime Boss","floor":16,"turns":7},{"damage":14,"enemies":"2 Thieves","floor":18,"turns":4},{"damage":10,"enemies":"Spheric Guardian","floor":20,"turns":3},{"damage":0,"enemies":"Snecko","floor":23,"turns":1},{"damage":3,"enemies":"Centurion and Healer","floor":27,"turns":3},{"damage":0,"enemies":"Replay:Snechameleon","floor":29,"turns":2},{"damage":0,"enemies":"Chosen and Byrds","floor":31,"turns":2},{"damage":41,"enemies":"Champ","floor":33,"turns":7},{"damage":0,"enemies":"3 Darklings","floor":35,"turns":4},{"damage":0,"enemies":"Orb Walker","floor":36,"turns":2},{"damage":4,"enemies":"Jaw Worm Horde","floor":38,"turns":3},{"damage":0,"enemies":"4 Shapes","floor":40,"turns":4},{"damage":0,"enemies":"3 Darklings","floor":41,"turns":3},{"damage":0,"enemies":"Transient","floor":45,"turns":5},{"damage":12,"enemies":"Writhing Mass","floor":46,"turns":4},{"damage":0,"enemies":"Jaw Worm Horde","floor":47,"turns":4},{"damage":15,"enemies":"2 Orb Walkers","floor":48,"turns":6},{"damage":87,"enemies":"infinitespire:MassOfShapes","floor":50,"turns":12}],"seed_played":"-5232317708909575122","potions_obtained":[{"floor":1.0,"key":"BlessingOfTheForge"},{"floor":7.0,"key":"SmokeBomb"},{"floor":8.0,"key":"AttackPotion"},{"floor":12,"key":"Weak Potion"},{"floor":18,"key":"stsjorbsmod:BurningPotion"},{"floor":23,"key":"AttackPotion"},{"floor":33,"key":"Explosive Potion"},{"floor":36,"key":"Milkshake"},{"floor":45,"key":"hexamod:SoulburnPotion"},{"floor":46,"key":"FairyPotion"},{"floor":47,"key":"Swift Potion"}],"is_trial":false,"path_per_floor":["M","$","?","M","?","R","E","M","T","$","M","M","R","M","R","B",null,"M","AVR","M","$","?","M","R","?","T","M","?","E","R","M","R","B",null,"M","M","?","M","?","M","M","R","T","R","M","M","M","?","R","B",null],"character_chosen":"WANDERER","items_purchased":["stsjorbsmod:TinyHut"],"campfire_rested":0,"item_purchase_floors":[2],"current_hp_per_floor":[63,63,63,63,56,56,42,41,41,41,41,42,42,36,36,16,68,57,57,48,48,48,48,48,48,48,47,47,49,49,55,55,17,72,72,72,72,71,71,72,72,72,72,72,72,64,75,65,65,29],"gold":392,"neow_bonus":"ONE_RANDOM_RARE_CARD","is_daily":false,"chose_seed":false,"campfire_upgraded":9,"win_rate":0.0,"timestamp":1612591940,"path_taken":["M","$","?","M","?","R","E","M","T","?","?","?","R","M","R","BOSS","M","AVR","M","$","?","M","R","?","T","M","?","E","R","?","R","BOSS","M","M","?","M","?","M","?","R","T","R","M","?","M","?","R","BOSS"],"items_purchased_type":["Card"],"build_version":"2020-12-22","purchased_purges":1,"victory":true,"max_hp_per_floor":[68,68,68,68,68,68,68,68,68,68,68,68,68,68,68,68,68,68,68,68,68,68,68,68,68,68,68,68,68,68,72,72,72,72,72,72,72,72,72,72,72,72,72,72,72,74,80,80,80,80],"card_choices":[{"not_picked":["stsjorbsmod:DoubleCheck","stsjorbsmod:BlackTentacles","stsjorbsmod:WanderingMind"],"picked":"SKIP","floor":1.0},{"not_picked":["stsjorbsmod:DisguiseSelf","stsjorbsmod:Patron"],"picked":"stsjorbsmod:HedgeWizard","floor":4.0},{"not_picked":["stsjorbsmod:DisguiseSelf","stsjorbsmod:MageArmor"],"picked":"stsjorbsmod:BookOfTongues","floor":7.0},{"not_picked":["stsjorbsmod:Message","stsjorbsmod:ThirstingSword"],"picked":"stsjorbsmod:FaerieFire","floor":8.0},{"not_picked":["stsjorbsmod:DisguiseSelf","stsjorbsmod:ParryingBlow","stsjorbsmod:Firebolt"],"picked":"SKIP","floor":11},{"not_picked":["stsjorbsmod:Aid","stsjorbsmod:Hibernate","stsjorbsmod:BurningFlask"],"picked":"SKIP","floor":12},{"not_picked":["stsjorbsmod:Hibernate","stsjorbsmod:ChatteringStrike"],"picked":"stsjorbsmod:Mindworm","floor":14},{"not_picked":["stsjorbsmod:Entangle","stsjorbsmod:IvoryTower"],"picked":"stsjorbsmod:GatherPower","floor":16},{"not_picked":["stsjorbsmod:Prestidigitation","stsjorbsmod:Materialize"],"picked":"stsjorbsmod:BookOfTongues","floor":18},{"not_picked":["stsjorbsmod:FracturedMind","stsjorbsmod:Index","stsjorbsmod:Will"],"picked":"SKIP","floor":20},{"not_picked":["stsjorbsmod:FracturedMind+1","stsjorbsmod:Mania","stsjorbsmod:ChainLightning+1"],"picked":"SKIP","floor":23},{"not_picked":["stsjorbsmod:ScorchingRay","stsjorbsmod:DoubleCheck+1","stsjorbsmod:ArcaneWeapon"],"picked":"SKIP","floor":27},{"not_picked":["stsjorbsmod:Prestidigitation+1","stsjorbsmod:TinyHut","stsjorbsmod:Mindworm+1"],"picked":"SKIP","floor":29},{"not_picked":["stsjorbsmod:LoseGrip","stsjorbsmod:Prestidigitation","stsjorbsmod:BurningFlask"],"picked":"SKIP","floor":31},{"not_picked":["stsjorbsmod:ChainLightning"],"picked":"SKIP","floor":35},{"not_picked":["stsjorbsmod:ArcaneWeapon"],"picked":"SKIP","floor":36},{"not_picked":["stsjorbsmod:ArcaneWeapon"],"picked":"SKIP","floor":36},{"not_picked":["stsjorbsmod:ArcaneWeapon+1"],"picked":"SKIP","floor":38},{"not_picked":[],"picked":"stsjorbsmod:HedgeWizard","floor":40},{"not_picked":["stsjorbsmod:Patron"],"picked":"SKIP","floor":41},{"not_picked":["stsjorbsmod:ParryingBlow"],"picked":"SKIP","floor":45},{"not_picked":["stsjorbsmod:Rest"],"picked":"SKIP","floor":46},{"not_picked":["stsjorbsmod:Prestidigitation+1"],"picked":"SKIP","floor":47}],"player_experience":447485,"relics_obtained":[{"floor":7.0,"key":"Vajra"},{"floor":9.0,"key":"hubris:FunFungus"},{"floor":26,"key":"Garlic"},{"floor":29,"key":"hubris:SlimyHat"},{"floor":43,"key":"hubris:Reverence"},{"floor":48,"key":"Unceasing Top"}],"event_choices":[{"cards_removed":["stsjorbsmod:TinyHut"],"damage_healed":0.0,"max_hp_gain":0.0,"max_hp_loss":0.0,"gold_gain":0.0,"event_name":"Golden Wing","player_choice":"Card Removal","floor":5.0,"gold_loss":0.0,"damage_taken":7.0},{"damage_healed":0,"gold_gain":0,"player_choice":"Obtained Relic","damage_taken":0,"relics_obtained":["hubris:CrystalStatue"],"max_hp_gain":0,"max_hp_loss":0,"event_name":"Addict","floor":25,"gold_loss":85},{"cards_removed":["stsjorbsmod:Defend_Wanderer"],"damage_healed":0,"gold_gain":0,"player_choice":"Upgrade and Remove","damage_taken":0,"max_hp_gain":0,"max_hp_loss":0,"event_name":"Designer","floor":28,"gold_loss":90,"cards_upgraded":["stsjorbsmod:Strike_Wanderer"]},{"damage_healed":0,"gold_gain":0,"player_choice":"Ignored","damage_taken":0,"max_hp_gain":0,"max_hp_loss":0,"event_name":"NoteForYourself","floor":39,"gold_loss":0},{"damage_healed":0,"gold_gain":0,"player_choice":"Fight","damage_taken":0,"max_hp_gain":0,"max_hp_loss":0,"event_name":"Mysterious Sphere","floor":48,"gold_loss":0}],"is_beta":false,"boss_relics":[{"not_picked":["ChewingGum","Replay:Bronze Core"],"picked":"infinitespire:Cupcake"},{"not_picked":["Empty Cage","ReplayTheSpireMod:DimensionalGlitch"],"picked":"Replay:Grab Bag"},{"not_picked":["ReplayTheSpireMod:Onyx Gauntlets","Painkiller Herb"],"picked":"Busted Crown"},{"not_picked":["Replay:Wanted Poster","Cursed Key"],"picked":"Coffee Dripper"},{"not_picked":["Replay:Drink Me","ReplayTheSpireMod:SealedPack"],"picked":"hubris:Backtick"}],"items_purged_floors":[21],"is_endless":false,"potions_floor_spawned":[1,7,8,12,18,23,33,35,36,45,46,47],"ascension_level":0}}