{"host":"67d7yvf7wgk1klfn","time":1612573906,"event":{"mods":["BaseMod","Colored Powertips","Dark Map","Downfall","Minty Spire (QoL Compilation)","Relic Stats","Slay the Relics Exporter","StSLib","ojb\u0027s Better Paths Mod","ojb\u0027s Info Mod"],"gold_per_floor":[119,134,134,134,151,184,184,202,202,225,255,255,268,285,285,380,380,399,9,23,38,56,81,92,92,92,92,105,136,136,136,136,234,234,246,146,159,172,172,205,205,215,215,230,241,42,55,67,67,67,67,67,16,48,48],"floor_reached":56,"language":"ENG","playtime":2717,"items_purged":["Strike_G","Defend_G","downfall:Bewildered"],"score":1285,"play_id":"bbfae63f-5d4c-4260-845a-51a3f52bb4bc","local_time":"20210205201146","is_ascension_mode":false,"campfire_choices":[{"data":"Predator","floor":7,"key":"SMITH"},{"data":"Catalyst","floor":12,"key":"SMITH"},{"data":"Catalyst","floor":15,"key":"SMITH"},{"floor":27,"key":"REST"},{"data":"Ghostly","floor":32,"key":"SMITH"},{"data":"Ghostly","floor":41,"key":"SMITH"},{"floor":49,"key":"RECALL"},{"data":"Bouncing Flask","floor":52,"key":"SMITH"}],"circlet_count":0,"master_deck":["Strike_G","Strike_G","Defend_G","Defend_G","Defend_G","Defend_G","Survivor","Neutralize","Deadly Poison","Masterful Stab","Predator+1","Catalyst+1","Dagger Spray","Blade Dance","Bouncing Flask+1","Catalyst+1","Leg Sweep","Dash","Footwork","PiercingWail","Acrobatics","Backflip+1","Leg Sweep","PiercingWail","Ghostly+1","Ghostly","Ghostly","Ghostly+1","Crippling Poison","Evolve","Catalyst+1","Parasite"],"relics":["Ring of the Snake","Centennial Puzzle","Anchor","Odd Mushroom","InkBottle","Cursed Key","Mummified Hand","Happy Flower","Meat on the Bone","Runic Pyramid","Boot","Blue Candle"],"acts_visited":["Exordium","TheCity","TheBeyond","TheEnding"],"potions_floor_usage":[11,16,23,33,45,50,55,55],"damage_taken":[{"damage":3,"enemies":"Small Slimes","floor":1,"turns":3},{"damage":0,"enemies":"2 Louse","floor":2,"turns":4},{"damage":0,"enemies":"Cultist","floor":5,"turns":3},{"damage":14,"enemies":"3 Sentries","floor":6,"turns":8},{"damage":1,"enemies":"Large Slime","floor":8,"turns":4},{"damage":13,"enemies":"The Mushroom Lair","floor":10,"turns":3},{"damage":10,"enemies":"Gremlin Nob","floor":11,"turns":3},{"damage":2,"enemies":"Blue Slaver","floor":13,"turns":2},{"damage":0,"enemies":"2 Fungi Beasts","floor":14,"turns":3},{"damage":19,"enemies":"Slime Boss","floor":16,"turns":10},{"damage":2,"enemies":"Shell Parasite","floor":18,"turns":3},{"damage":1,"enemies":"3 Byrds","floor":20,"turns":3},{"damage":6,"enemies":"Snake Plant","floor":21,"turns":3},{"damage":28,"enemies":"Shelled Parasite and Fungi","floor":22,"turns":6},{"damage":28,"enemies":"Slavers","floor":23,"turns":9},{"damage":8,"enemies":"Centurion and Healer","floor":24,"turns":5},{"damage":0,"enemies":"Chosen and Byrds","floor":28,"turns":4},{"damage":3,"enemies":"Gremlin Leader","floor":29,"turns":5},{"damage":1,"enemies":"Champ","floor":33,"turns":7},{"damage":0,"enemies":"3 Darklings","floor":35,"turns":8},{"damage":5,"enemies":"Orb Walker","floor":37,"turns":5},{"damage":0,"enemies":"4 Shapes","floor":38,"turns":5},{"damage":4,"enemies":"Reptomancer","floor":40,"turns":7},{"damage":3,"enemies":"Writhing Mass","floor":42,"turns":5},{"damage":10,"enemies":"Spire Growth","floor":44,"turns":5},{"damage":21,"enemies":"Transient","floor":45,"turns":5},{"damage":9,"enemies":"Writhing Mass","floor":47,"turns":5},{"damage":0,"enemies":"Spire Growth","floor":48,"turns":4},{"damage":29,"enemies":"Awakened One","floor":50,"turns":23},{"damage":3,"enemies":"Shield and Spear","floor":54,"turns":12},{"damage":22,"enemies":"The Heart","floor":55,"turns":9}],"seed_played":"377209066265248437","potions_obtained":[{"floor":5,"key":"GamblersBrew"},{"floor":8,"key":"Dexterity Potion"},{"floor":10,"key":"DistilledChaos"},{"floor":13,"key":"Ancient Potion"},{"floor":18,"key":"SneckoOil"},{"floor":21,"key":"Poison Potion"},{"floor":24,"key":"sneckomod:MuddlingPotion"},{"floor":38,"key":"FairyPotion"},{"floor":40,"key":"Poison Potion"},{"floor":45,"key":"Ancient Potion"}],"is_trial":false,"path_per_floor":["M","M","?","?","M","E","R","M","T","?","E","R","M","M","R","B",null,"M","$","M","M","M","E","M","?","T","R","M","E","?","T","R","B",null,"M","$","M","M","?","E","R","M","T","M","M","$","M","M","R","B",null,"R","$","E","B",null],"character_chosen":"THE_SILENT","items_purchased":["Mummified Hand","Footwork","Regen Potion","BlessingOfTheForge"],"campfire_rested":1,"item_purchase_floors":[19,19,46,53],"current_hp_per_floor":[74,74,74,74,74,60,60,59,59,46,36,36,34,34,34,15,77,75,75,74,68,40,12,4,29,29,52,52,49,38,38,38,37,38,38,38,33,33,33,29,29,26,26,28,19,19,22,22,22,20,38,38,38,35,25],"gold":48,"neow_bonus":"TEN_PERCENT_HP_BONUS","is_daily":false,"chose_seed":false,"campfire_upgraded":6,"win_rate":0.0,"timestamp":1612573906,"path_taken":["M","M","?","?","M","E","R","?","T","?","E","R","M","M","R","BOSS","M","$","M","M","M","E","M","?","T","R","M","E","?","?","R","BOSS","M","$","M","M","?","E","R","M","T","?","M","$","M","M","R","BOSS","R","$","E","BOSS"],"items_purchased_type":["Relic","Card","Potion","Potion"],"build_version":"2020-12-22","purchased_purges":3,"victory":true,"max_hp_per_floor":[77,77,77,77,77,77,77,77,77,77,77,77,77,77,77,77,77,77,77,77,77,77,77,77,77,77,77,77,77,38,38,38,38,38,38,38,38,38,38,38,38,38,38,38,38,38,38,38,38,38,38,38,38,38,38],"relic_stats":{"Centennial Puzzle":[64],"Happy Flower":[38],"counters":[31,181],"Mummified Hand":[30],"Blue Candle":[1],"Cursed Key":1,"Boot":[64],"obtain_stats":[{"Centennial Puzzle":6,"Anchor":9,"Happy Flower":23,"Mummified Hand":19,"Blue Candle":54,"Odd Mushroom":10,"Cursed Key":17,"Boot":40,"InkBottle":11,"Ring of the Snake":0,"Meat on the Bone":29,"Runic Pyramid":34},{"Centennial Puzzle":4,"Anchor":5,"Happy Flower":15,"Mummified Hand":11,"Blue Candle":30,"Odd Mushroom":6,"Cursed Key":10,"Boot":23,"InkBottle":7,"Ring of the Snake":0,"Meat on the Bone":18,"Runic Pyramid":19},{"Centennial Puzzle":18,"Anchor":22,"Happy Flower":67,"Mummified Hand":46,"Blue Candle":172,"Odd Mushroom":25,"Cursed Key":43,"Boot":113,"InkBottle":28,"Ring of the Snake":0,"Meat on the Bone":81,"Runic Pyramid":88}],"InkBottle":[57],"Ring of the Snake":[62],"Meat on the Bone":60},"card_choices":[{"not_picked":["Dagger Spray","Acrobatics"],"picked":"Deadly Poison","floor":1},{"not_picked":["Bane","Choke"],"picked":"Masterful Stab","floor":2},{"not_picked":["Tactician","Prepared"],"picked":"Dagger Spray","floor":5},{"not_picked":["Expertise","Backstab"],"picked":"Blade Dance","floor":6},{"not_picked":["Deadly Poison","Slice"],"picked":"Bouncing Flask","floor":8},{"not_picked":["Finisher","Backstab"],"picked":"Catalyst","floor":11},{"not_picked":["Distraction","Deadly Poison"],"picked":"Leg Sweep","floor":13},{"not_picked":["Poisoned Stab","Prepared"],"picked":"Dash","floor":14},{"not_picked":["Eviscerate+1","Quick Slash+1","Deadly Poison"],"picked":"SKIP","floor":18},{"not_picked":["Bane+1","Flechettes"],"picked":"PiercingWail","floor":20},{"not_picked":["Flechettes+1","Sucker Punch+1","Outmaneuver+1"],"picked":"SKIP","floor":21},{"not_picked":["Dagger Throw","Concentrate"],"picked":"Acrobatics","floor":22},{"not_picked":["Expertise+1","Predator"],"picked":"Backflip+1","floor":23},{"not_picked":["Outmaneuver+1","Distraction"],"picked":"Leg Sweep","floor":24},{"not_picked":["Accuracy","Expertise","Deflect+1"],"picked":"SKIP","floor":28},{"not_picked":["Venomology","Choke"],"picked":"PiercingWail","floor":29},{"not_picked":["Poisoned Stab","Expertise"],"picked":"Crippling Poison","floor":35},{"not_picked":["Prepared","Accuracy","Slice+1"],"picked":"SKIP","floor":37},{"not_picked":["Bane+1","Backflip","Deadly Poison"],"picked":"SKIP","floor":38},{"not_picked":["Acrobatics","Riddle With Holes+1","Poisoned Stab"],"picked":"SKIP","floor":40},{"not_picked":["Blade Dance","Bane"],"picked":"Catalyst+1","floor":42},{"not_picked":["Infinite Blades+1","Deadly Poison","Tools of the Trade"],"picked":"SKIP","floor":44},{"not_picked":["All Out Attack+1","PiercingWail","Bane+1"],"picked":"SKIP","floor":45},{"not_picked":["Acrobatics","Blur","All Out Attack"],"picked":"SKIP","floor":47},{"not_picked":["All Out Attack","Prepared","Reflex+1"],"picked":"SKIP","floor":48},{"not_picked":["Dagger Spray+1","Predator+1","Tactician"],"picked":"SKIP","floor":54}],"player_experience":686043,"relics_obtained":[{"floor":6,"key":"Centennial Puzzle"},{"floor":9,"key":"Anchor"},{"floor":10,"key":"Odd Mushroom"},{"floor":11,"key":"InkBottle"},{"floor":23,"key":"Happy Flower"},{"floor":29,"key":"Meat on the Bone"},{"floor":40,"key":"Boot"},{"floor":54,"key":"Blue Candle"}],"event_choices":[{"damage_healed":0,"gold_gain":0,"cards_transformed":["Strike_G"],"player_choice":"Change","damage_taken":0,"max_hp_gain":0,"max_hp_loss":0,"event_name":"Living Wall","floor":3,"gold_loss":0,"cards_obtained":["Predator"]},{"damage_healed":0,"gold_gain":0,"cards_transformed":["Strike_G"],"player_choice":"Transformed","damage_taken":0,"max_hp_gain":0,"max_hp_loss":0,"event_name":"Transmorgrifier","floor":4,"gold_loss":0,"cards_obtained":["Catalyst"]},{"damage_healed":0,"gold_gain":0,"player_choice":"Fought Mushrooms","damage_taken":0,"max_hp_gain":0,"max_hp_loss":0,"event_name":"Mushrooms","floor":10,"gold_loss":0},{"damage_healed":25,"gold_gain":0,"player_choice":"Heal","damage_taken":0,"max_hp_gain":0,"max_hp_loss":0,"event_name":"The Library","floor":25,"gold_loss":0},{"damage_healed":0,"gold_gain":0,"player_choice":"Became a Ghost","damage_taken":0,"max_hp_gain":0,"max_hp_loss":39,"event_name":"Ghosts","floor":30,"gold_loss":0,"cards_obtained":["Ghostly","Ghostly","Ghostly","Ghostly","Ghostly"]},{"cards_removed":["Ghostly"],"damage_healed":0,"gold_gain":0,"player_choice":"Took Card","damage_taken":0,"max_hp_gain":0,"max_hp_loss":0,"event_name":"NoteForYourself","floor":39,"gold_loss":0,"cards_obtained":["Evolve"]}],"is_beta":false,"boss_relics":[{"not_picked":["Empty Cage","Ectoplasm"],"picked":"Cursed Key"},{"not_picked":["SacredBark","Coffee Dripper"],"picked":"Runic Pyramid"}],"items_purged_floors":[19,36,46],"is_endless":false,"potions_floor_spawned":[5,8,10,13,14,18,21,24,29,38,40,42,45,47,54],"ascension_level":0}}