{"host":"f9ntswufr8mq3t4y","time":1612648993,"event":{"mods":["AchievementEnabler","BaseMod","Best Route Mod","Block Reminder","Colored Map","Colored Powertips","Curses Come First","DeckTracker","Displayed Cursed Tome","Highlight Path","Minty Spire (QoL Compilation)","Permanent Neow","Quick Restart","Slay-I","StSLib"],"gold_per_floor":[366,366,81,46,46,76,76,93,93,93,45,61,80,95,95,192,192,202,213,226,144,154,154,154,154],"floor_reached":24,"language":"ENG","playtime":1149,"items_purged":[],"score":257,"play_id":"f82b3a70-6b5c-4ce2-9d79-c5a87d6a9d4d","local_time":"20210207010313","is_ascension_mode":true,"campfire_choices":[{"floor":7,"key":"DIG"},{"floor":10,"key":"DIG"},{"floor":15,"key":"REST"},{"floor":23,"key":"DIG"}],"circlet_count":0,"master_deck":["Strike_R","Strike_R","Strike_R+1","Strike_R","Defend_R","Defend_R+1","Defend_R","Defend_R","Bash","Anger","Infernal Blade","Inflame","Uppercut","Cleave","Clash","Bandage Up"],"relics":["Black Blood","Shovel","Kunai","Champion Belt","Gambling Chip","Toy Ornithopter","Juzu Bracelet"],"acts_visited":["Exordium","TheCity"],"potions_floor_usage":[16,20,22,24,24],"damage_taken":[{"damage":6,"enemies":"Small Slimes","floor":1,"turns":4},{"damage":34,"enemies":"3 Sentries","floor":6,"turns":10},{"damage":5,"enemies":"2 Louse","floor":8,"turns":2},{"damage":1,"enemies":"Jaw Worm","floor":12,"turns":2},{"damage":7,"enemies":"2 Fungi Beasts","floor":13,"turns":3},{"damage":2,"enemies":"Large Slime","floor":14,"turns":3},{"damage":19,"enemies":"Slime Boss","floor":16,"turns":10},{"damage":19,"enemies":"3 Byrds","floor":18,"turns":5},{"damage":24,"enemies":"Spheric Guardian","floor":19,"turns":4},{"damage":8,"enemies":"Chosen and Byrds","floor":20,"turns":5},{"damage":24,"enemies":"Centurion and Healer","floor":22,"turns":8},{"damage":91,"enemies":"Gremlin Leader","floor":24,"turns":5}],"seed_played":"-4436119788602692428","potions_obtained":[{"floor":12,"key":"SteroidPotion"},{"floor":16,"key":"Block Potion"},{"floor":18,"key":"Regen Potion"},{"floor":19,"key":"Explosive Potion"},{"floor":20,"key":"FearPotion"}],"is_trial":false,"path_per_floor":["M","?","$","?","?","E","R","M","T","R","$","M","M","M","R","B",null,"M","M","M","$","M","R","E"],"character_chosen":"IRONCLAD","items_purchased":["Shovel","SpeedPotion","Bandage Up"],"campfire_rested":1,"item_purchase_floors":[3,11,21],"current_hp_per_floor":[51,35,35,55,48,20,20,21,21,21,21,26,25,29,53,45,71,64,52,61,61,73,73,0,0],"gold":154,"neow_bonus":"TWO_FIFTY_GOLD","is_daily":false,"chose_seed":false,"campfire_upgraded":0,"win_rate":0.0,"timestamp":1612648993,"path_taken":["M","?","$","?","?","E","R","M","T","R","?","?","M","M","R","BOSS","M","M","M","$","M","R","E"],"items_purchased_type":["Relic","Potion","Card"],"build_version":"2020-12-22","purchased_purges":0,"victory":false,"max_hp_per_floor":[80,80,80,80,80,80,80,80,80,80,80,80,80,80,80,80,80,80,80,80,80,80,80,80,80],"card_choices":[{"not_picked":["Flex","Heavy Blade"],"picked":"Anger","floor":1},{"not_picked":["Heavy Blade","Shockwave","Warcry"],"picked":"SKIP","floor":6},{"not_picked":["Combust","Headbutt"],"picked":"Infernal Blade","floor":8},{"not_picked":["Sentinel","Demon Form","Twin Strike"],"picked":"SKIP","floor":12},{"not_picked":["Wild Strike","Bloodletting","Twin Strike"],"picked":"SKIP","floor":13},{"not_picked":["Flex","Warcry"],"picked":"Inflame","floor":14},{"not_picked":["Second Wind","Clothesline"],"picked":"Uppercut","floor":18},{"not_picked":["Body Slam","Seeing Red"],"picked":"Cleave","floor":19},{"not_picked":["Sword Boomerang","Hemokinesis"],"picked":"Clash","floor":20},{"not_picked":["Rampage+1","Heavy Blade","Havoc"],"picked":"SKIP","floor":22}],"player_experience":409735,"relics_obtained":[{"floor":6,"key":"Kunai"},{"floor":7,"key":"Champion Belt"},{"floor":9,"key":"Gambling Chip"},{"floor":10,"key":"Toy Ornithopter"},{"floor":23,"key":"Juzu Bracelet"}],"event_choices":[{"damage_healed":0,"gold_gain":0,"player_choice":"Entered Light","damage_taken":16,"max_hp_gain":0,"max_hp_loss":0,"event_name":"Shining Light","floor":2,"gold_loss":0,"cards_upgraded":["Defend_R","Strike_R"]},{"damage_healed":20,"gold_gain":0,"player_choice":"Healed","damage_taken":0,"max_hp_gain":0,"max_hp_loss":0,"event_name":"The Cleric","floor":4,"gold_loss":35},{"cards_removed":["Strike_R"],"damage_healed":0,"gold_gain":0,"player_choice":"Card Removal","damage_taken":7,"max_hp_gain":0,"max_hp_loss":0,"event_name":"Golden Wing","floor":5,"gold_loss":0}],"is_beta":false,"boss_relics":[{"not_picked":["Tiny House","Sozu"],"picked":"Black Blood"}],"items_purged_floors":[],"is_endless":false,"potions_floor_spawned":[12,16,18,19,20],"killed_by":"Gremlin Leader","ascension_level":6}}