{"host":"7du22lxzqv5spo2i","time":1612634950,"event":{"mods":["AchievementEnabler","BaseMod","Minty Spire (QoL Compilation)","Quick Restart"],"gold_per_floor":[17,17,33,108,33,33,60,76,76,109,109,119,135,163,163,263,263,280,280,296,296,327,361,298,337,349,361,33,33,61,80,80,80,80],"floor_reached":33,"language":"ENG","playtime":1524,"items_purged":["Strike_G","Bite"],"score":388,"play_id":"48a40cf3-44bb-46b4-9343-b817075bdf63","local_time":"20210206120910","is_ascension_mode":true,"campfire_choices":[{"data":"Deadly Poison","floor":6.0,"key":"SMITH"},{"floor":11.0,"key":"REST"},{"floor":15.0,"key":"REST"},{"data":"Burst","floor":27,"key":"SMITH"},{"data":"Adrenaline","floor":29,"key":"SMITH"},{"data":"Corpse Explosion","floor":32,"key":"SMITH"}],"circlet_count":0,"master_deck":["Defend_G","Defend_G","Defend_G","Defend_G","Defend_G","Survivor","Neutralize","Corpse Explosion+1","Deadly Poison+1","Adrenaline+1","Burst+1","Poisoned Stab+1","Bite","Bite","Bite","Bite"],"relics":["Ring of the Snake","Dead Branch","Shuriken","Bronze Scales","Black Star","Red Mask","Thread and Needle","MawBank","Toxic Egg 2","Ancient Tea Set","Pear","Meat on the Bone","Unceasing Top","Question Card"],"acts_visited":["Exordium","TheCity"],"potions_floor_usage":[33,33],"damage_taken":[{"damage":2.0,"enemies":"Cultist","floor":1.0,"turns":4.0},{"damage":0.0,"enemies":"2 Louse","floor":3.0,"turns":3.0},{"damage":37.0,"enemies":"Gremlin Nob","floor":7.0,"turns":4.0},{"damage":1.0,"enemies":"Jaw Worm","floor":8.0,"turns":3.0},{"damage":9.0,"enemies":"3 Sentries","floor":10.0,"turns":3.0},{"damage":0.0,"enemies":"Lots of Slimes","floor":12.0,"turns":1.0},{"damage":12.0,"enemies":"Exordium Thugs","floor":13.0,"turns":3.0},{"damage":16.0,"enemies":"Gremlin Nob","floor":14.0,"turns":3.0},{"damage":3.0,"enemies":"Hexaghost","floor":16.0,"turns":9.0},{"damage":2.0,"enemies":"Shell Parasite","floor":18.0,"turns":3.0},{"damage":10.0,"enemies":"2 Thieves","floor":20.0,"turns":4.0},{"damage":6.0,"enemies":"Masked Bandits","floor":22.0,"turns":2.0},{"damage":23.0,"enemies":"Book of Stabbing","floor":23.0,"turns":7.0},{"damage":12,"enemies":"Slavers","floor":25,"turns":3},{"damage":4,"enemies":"Gremlin Leader","floor":30,"turns":5},{"damage":2,"enemies":"Centurion and Healer","floor":31,"turns":2},{"damage":54,"enemies":"Collector","floor":33,"turns":7}],"seed_played":"1604649507968843111","potions_obtained":[{"floor":1.0,"key":"Explosive Potion"},{"floor":3.0,"key":"LiquidMemories"},{"floor":13.0,"key":"Dexterity Potion"},{"floor":18.0,"key":"FearPotion"},{"floor":22.0,"key":"Weak Potion"},{"floor":25,"key":"Weak Potion"},{"floor":30,"key":"GamblersBrew"}],"is_trial":false,"path_per_floor":["M","$","M","?","$","R","E","M","T","E","R","M","M","E","R","B",null,"M","?","M","?","?","E","?","E","T","R","$","R","E","M","R","B"],"character_chosen":"THE_SILENT","items_purchased":["Meat on the Bone"],"campfire_rested":2,"item_purchase_floors":[28],"current_hp_per_floor":[68,68,68,57,57,57,20,19,19,10,31,31,19,3,24,21,70,68,49,43,43,43,28,28,16,26,26,26,26,30,32,32,0,0],"gold":80,"neow_bonus":"THREE_RARE_CARDS","is_daily":false,"chose_seed":false,"campfire_upgraded":4,"win_rate":0.0,"timestamp":1612634950,"path_taken":["M","?","?","?","?","R","E","?","T","E","R","M","M","E","R","BOSS","M","?","M","?","?","E","?","E","T","R","$","R","E","M","R","BOSS"],"items_purchased_type":["Relic"],"build_version":"2020-12-22","purchased_purges":2,"victory":false,"max_hp_per_floor":[70,70,70,70,70,70,70,70,70,70,70,70,70,70,70,70,70,70,49,49,49,49,49,49,49,59,59,59,59,59,59,59,59,59],"card_choices":[{"not_picked":["Grand Finale","Burst"],"picked":"Corpse Explosion","floor":0.0},{"not_picked":["Heel Hook","Flying Knee"],"picked":"Deadly Poison","floor":1.0},{"not_picked":["Blade Dance","Skewer","Deflect"],"picked":"SKIP","floor":3.0},{"not_picked":["Choke","Flying Knee"],"picked":"Poisoned Stab","floor":7.0},{"not_picked":["Dodge and Roll","Sucker Punch","Poisoned Stab"],"picked":"SKIP","floor":8.0},{"not_picked":["Acrobatics","Dagger Spray"],"picked":"Adrenaline","floor":10.0},{"not_picked":["Prepared","Backflip","Heel Hook"],"picked":"SKIP","floor":12.0},{"not_picked":["Outmaneuver","Flying Knee","Underhanded Strike"],"picked":"SKIP","floor":13.0},{"not_picked":["Flying Knee","Crippling Poison","Backflip"],"picked":"SKIP","floor":14.0},{"not_picked":["Phantasmal Killer","Tools of the Trade"],"picked":"Burst","floor":16.0},{"not_picked":["Crippling Poison","Masterful Stab"],"picked":"Poisoned Stab+1","floor":18.0},{"not_picked":["Sucker Punch","Concentrate","Poisoned Stab"],"picked":"SKIP","floor":20.0},{"not_picked":["All Out Attack","Dagger Throw+1","Quick Slash+1"],"picked":"SKIP","floor":23.0},{"not_picked":["Concentrate+1","Underhanded Strike+1","Bullet Time+1"],"picked":"SKIP","floor":25},{"not_picked":["PiercingWail+1","Accuracy+1","Calculated Gamble+1"],"picked":"SKIP","floor":30},{"not_picked":["Dagger Spray","Cloak And Dagger+1","Backflip+1","Poisoned Stab"],"picked":"SKIP","floor":31}],"player_experience":533052,"relics_obtained":[{"floor":7.0,"key":"Dead Branch"},{"floor":10.0,"key":"Shuriken"},{"floor":14.0,"key":"Bronze Scales"},{"floor":22.0,"key":"Red Mask"},{"floor":23.0,"key":"Thread and Needle"},{"floor":23.0,"key":"MawBank"},{"floor":25,"key":"Toxic Egg 2"},{"floor":25,"key":"Ancient Tea Set"},{"floor":26,"key":"Pear"},{"floor":30,"key":"Unceasing Top"},{"floor":30,"key":"Question Card"}],"event_choices":[{"damage_healed":0.0,"max_hp_gain":0.0,"max_hp_loss":0.0,"gold_gain":75.0,"event_name":"World of Goop","player_choice":"Gather Gold","floor":4.0,"gold_loss":0.0,"damage_taken":11.0},{"damage_healed":0.0,"max_hp_gain":0.0,"max_hp_loss":21.0,"gold_gain":0.0,"event_name":"Vampires","player_choice":"Became a vampire","floor":19.0,"gold_loss":0.0,"damage_taken":0.0,"cards_obtained":["Bite","Bite","Bite","Bite","Bite"]},{"damage_healed":0.0,"max_hp_gain":0.0,"max_hp_loss":0.0,"gold_gain":0.0,"event_name":"Ghosts","player_choice":"Ignored","floor":21.0,"gold_loss":0.0,"damage_taken":0.0},{"damage_healed":0.0,"max_hp_gain":0.0,"max_hp_loss":0.0,"gold_gain":0.0,"event_name":"Masked Bandits","player_choice":"Fought Bandits","floor":22.0,"gold_loss":0.0,"damage_taken":0.0},{"cards_removed":["Poisoned Stab"],"damage_healed":0.0,"max_hp_gain":0.0,"max_hp_loss":0.0,"gold_gain":0.0,"event_name":"Beggar","player_choice":"Gave Gold","floor":24.0,"gold_loss":75.0,"damage_taken":0.0}],"is_beta":false,"boss_relics":[{"not_picked":["Empty Cage","Philosopher\u0027s Stone"],"picked":"Black Star"}],"items_purged_floors":[5,28],"is_endless":false,"potions_floor_spawned":[1,3,13,18,22,25,30],"killed_by":"Collector","ascension_level":1}}