{"host":"ttx8tv95o5vka1nm","time":1612600276,"event":{"mods":["AchievementEnabler","BaseMod","Colored Map","Evolution","Infinite Spire","Minty Spire (QoL Compilation)","Relic Filter Mod","Reliquary","Robot Space Explorer","Shop Mod","Spicy Shops","StSLib","The Bug Knight","The Cursed","The Forsaken","The Hierophant","The Runesmith","TheBandit"],"gold_per_floor":[110,120,138,149,149,149,163,190,213,1,101,131,131,146,146,241,241,254,48,48,62,78,103,113,138,163,197,231,231,251,6,6,110,110,123,123,143,159,175,208,220,255,281,313,313,328,346,346,346,447,447,452,452,452,452,455,455,483,162,185,204,204,219,231,249,261,350,362,373,484,496,57,61,72,72,81,81,73,89,84,89,80,80,142,142,135,135,145,148,148,159,159,164,191,186,1,1,28,250,250,314,314,327,327,342,353,0,0,31,84,84,88,92,99,99,101,101,179,179,184,109,14,12,19,35,35,35,62,63,63,63,80,84,84,151,151,163,159,165,170,170,185,220,223,223,258,258,480,469,469,469,572,572,572,85,95,129],"floor_reached":158,"language":"ENG","playtime":13226,"items_purged":["TheCursedMod:Strike_TheCursed","TheCursedMod:Defend_TheCursed","TheCursedMod:Strike_TheCursed","TheCursedMod:CircleOfFlame","TheCursedMod:HellfireBreathing+1","TheCursedMod:CleanUpWorkshop","TheCursedMod:PrepareRite","TheCursedMod:UltimatePain","TheCursedMod:Hemoplague+1","infinitespire:NeuralNetwork","Normality"],"score":4709,"play_id":"5542f8c2-a417-4d70-ae66-688505cb3811","local_time":"20210206183116","is_ascension_mode":false,"campfire_choices":[{"data":"TheCursedMod:HellfireBreathing","floor":6,"key":"SMITH"},{"data":"TheCursedMod:CursedRelics","floor":13,"key":"SMITH"},{"data":"TheCursedMod:FleshFromBone","floor":15,"key":"SMITH"},{"data":"TheCursedMod:CursedWand","floor":29,"key":"SMITH"},{"data":"TheCursedMod:SpitefulPlan","floor":32,"key":"SMITH"},{"data":"RitualDagger","floor":45,"key":"SMITH"},{"data":"infinitespire:SevenWalls","floor":49,"key":"SMITH"},{"data":"TheCursedMod:CollectTribute","floor":57,"key":"SMITH"},{"data":"infinitespire:Punishment","floor":62,"key":"SMITH"},{"data":"TheCursedMod:LuckyCharm","floor":64,"key":"SMITH"},{"data":"TheCursedMod:Mangle","floor":66,"key":"SMITH"},{"data":"TheCursedMod:DarkBarrier","floor":75,"key":"SMITH"},{"data":"TheCursedMod:Mangle","floor":83,"key":"SMITH"},{"data":"TheCursedMod:VoidForm","floor":92,"key":"SMITH"},{"data":"TheCursedMod:Hemoplague","floor":97,"key":"SMITH"},{"data":"Madness","floor":100,"key":"SMITH"},{"data":"TheCursedMod:Neurasthenia","floor":108,"key":"SMITH"},{"data":"TheCursedMod:Neurasthenia","floor":115,"key":"SMITH"},{"data":"infinitespire:Collect","floor":117,"key":"SMITH"},{"data":"TheCursedMod:ManaCirculation","floor":126,"key":"SMITH"},{"data":"TheCursedMod:Wield","floor":134,"key":"SMITH"},{"data":"TheCursedMod:AntiAging","floor":147,"key":"SMITH"},{"data":"TheCursedMod:StunningStrike","floor":151,"key":"SMITH"},{"data":"TheCursedMod:ShockAndAwe","floor":154,"key":"SMITH"}],"circlet_count":0,"master_deck":["TheCursedMod:CursedWand+1","TheCursedMod:Dregs","TheCursedMod:TacticalStrike","TheCursedMod:HellfireBreathing+1","TheCursedMod:CursedAmulet","TheCursedMod:DemonSword+1","TheCursedMod:CursedRelics+1","TheCursedMod:FleshFromBone+1","TheCursedMod:CursedStaff+1","RitualDagger+1","TheCursedMod:WearCloak+1","TheCursedMod:LuckyCharm+1","infinitespire:Collect+1","TheCursedMod:CursedMace+1","TheCursedMod:DarkBarrier+1","TheCursedMod:RapidMovement","TheCursedMod:CursedBlade","TheCursedMod:SpitefulPlan+1","TheCursedMod:Neurasthenia+1","TheCursedMod:Wield+1","Parasite","TheCursedMod:ShockAndAwe+1","infinitespire:Punishment+1","infinitespire:SevenWalls+1","TheCursedMod:CollectTribute+1","infinitespire:SealOfDarkness+","TheCursedMod:Mangle+1","TheCursedMod:VoidForm+1","TheCursedMod:Mangle+1","TheCursedMod:StunningStrike+1","infinitespire:SealOfDarkness+","Madness+1","TheCursedMod:ManaCirculation+1","theForsaken:PlagueCurse","Shame","TheCursedMod:AntiAging+1","Writhe"],"relics":["TheCursedMod:BlackMagicAdvanced","EVO:Axolotl","FossilizedHelix","MerchantsRug","reliquary:ExpiredCoupon","TheCursedMod:OminousMark","Toolbox","HollowMod:PaleOreRelic","reliquary:RoseTintedGlasses","HornCleat","reliquary:Aerogel","Red Mask","reliquary:BrokenClock","TheCursedMod:FourLeafCloverCharm","infinitespire:Golems Mask","Runesmith:AutoHammer","infinitespire:Cupcake","theForsaken:Kindling","The Courier","HollowMod:LifeEnderRelic","Ice Cream","HandDrill","Cauldron","TheCursedMod:Tack","infinitespire:CheckeredPen","reliquary:SilkGlove","Gremlin Horn","Incense Burner","Anchor","Bag of Marbles","Gambling Chip","Juzu Bracelet","Coffee Dripper","theForsaken:Lifeblossom","reliquary:PartyBalloon","infinitespire:Bottled Soul","Smiling Mask","Bronze Scales","Busted Crown","Membership Card","infinitespire:WardingShard","Turnip","theForsaken:Gavel","theForsaken:PlagueMask","Blood Vial","Eternal Feather","Akabeko","infinitespire:Satchel","Philosopher\u0027s Stone","Boot","Lizard Tail","reliquary:Boomerang","TheCursedMod:MagicCandle","Calipers","Nunchaku","reliquary:FeatherDuster","reliquary:Bookmark","reliquary:Knoch","Dead Branch","Bottled Flame","InkBottle","Lantern"],"acts_visited":["Exordium","TheCity","TheBeyond","Exordium","TheCity","TheBeyond","Exordium","TheCity","TheBeyond","TheEnding"],"potions_floor_usage":[16,19,23,25,27,40,40,40,65,74],"damage_taken":[{"damage":1,"enemies":"2 Louse","floor":1,"turns":2},{"damage":0,"enemies":"Cultist","floor":2,"turns":4},{"damage":0,"enemies":"Small Slimes","floor":3,"turns":3},{"damage":2,"enemies":"Looter","floor":4,"turns":3},{"damage":7,"enemies":"Blue Slaver","floor":7,"turns":3},{"damage":21,"enemies":"3 Sentries","floor":8,"turns":10},{"damage":0,"enemies":"Lagavulin","floor":12,"turns":7},{"damage":0,"enemies":"Red Slaver","floor":14,"turns":2},{"damage":15,"enemies":"Slime Boss","floor":16,"turns":9},{"damage":0,"enemies":"Chosen","floor":18,"turns":3},{"damage":1,"enemies":"Spheric Guardian","floor":21,"turns":2},{"damage":0,"enemies":"Cultist and Chosen","floor":22,"turns":4},{"damage":0,"enemies":"Gremlin Leader","floor":23,"turns":6},{"damage":0,"enemies":"Centurion and Healer","floor":24,"turns":4},{"damage":8,"enemies":"Nightmare","floor":25,"turns":5},{"damage":20,"enemies":"Slavers","floor":27,"turns":3},{"damage":0,"enemies":"Masked Bandits","floor":28,"turns":4},{"damage":5,"enemies":"Snake Plant","floor":30,"turns":4},{"damage":3,"enemies":"Champ","floor":33,"turns":8},{"damage":0,"enemies":"3 Shapes","floor":35,"turns":4},{"damage":0,"enemies":"Orb Walker","floor":37,"turns":4},{"damage":0,"enemies":"Sphere and 2 Shapes","floor":38,"turns":5},{"damage":4,"enemies":"Writhing Mass","floor":39,"turns":7},{"damage":4,"enemies":"Nemesis","floor":40,"turns":5},{"damage":0,"enemies":"Maw","floor":41,"turns":6},{"damage":34,"enemies":"Reptomancer","floor":42,"turns":6},{"damage":1,"enemies":"Nightmare","floor":44,"turns":7},{"damage":0,"enemies":"Spire Growth","floor":46,"turns":5},{"damage":27,"enemies":"Transient","floor":47,"turns":5},{"damage":0,"enemies":"Donu and Deca","floor":50,"turns":7},{"damage":0,"enemies":"Jaw Worm","floor":52,"turns":2},{"damage":0,"enemies":"Cultist","floor":56,"turns":2},{"damage":0,"enemies":"Nightmare_Alpha","floor":58,"turns":1},{"damage":0,"enemies":"Small Slimes","floor":61,"turns":2},{"damage":0,"enemies":"Lagavulin","floor":63,"turns":2},{"damage":0,"enemies":"Exordium Thugs","floor":65,"turns":2},{"damage":36,"enemies":"Hexaghost","floor":67,"turns":4},{"damage":0,"enemies":"Shell Parasite","floor":69,"turns":2},{"damage":0,"enemies":"Chosen","floor":73,"turns":2},{"damage":0,"enemies":"Gremlin Leader","floor":74,"turns":3},{"damage":0,"enemies":"Slavers","floor":76,"turns":3},{"damage":0,"enemies":"Gremlin Leader","floor":79,"turns":3},{"damage":0,"enemies":"3 Cultists","floor":80,"turns":3},{"damage":0,"enemies":"Snecko","floor":81,"turns":2},{"damage":0,"enemies":"Chosen and Byrds","floor":82,"turns":3},{"damage":0,"enemies":"Collector","floor":84,"turns":5},{"damage":0,"enemies":"3 Darklings","floor":86,"turns":4},{"damage":0,"enemies":"3 Shapes","floor":88,"turns":1},{"damage":0,"enemies":"3 Darklings","floor":89,"turns":2},{"damage":0,"enemies":"Reptomancer","floor":91,"turns":3},{"damage":0,"enemies":"Giant Head","floor":93,"turns":4},{"damage":0,"enemies":"Maw","floor":95,"turns":4},{"damage":10,"enemies":"Nemesis","floor":98,"turns":2},{"damage":5,"enemies":"infinitespire:MassOfShapes","floor":101,"turns":7},{"damage":0,"enemies":"Small Slimes","floor":103,"turns":1},{"damage":0,"enemies":"2 Louse","floor":105,"turns":1},{"damage":0,"enemies":"Jaw Worm","floor":106,"turns":1},{"damage":31,"enemies":"Lagavulin","floor":109,"turns":3},{"damage":0,"enemies":"Exordium Thugs","floor":113,"turns":2},{"damage":0,"enemies":"Gremlin Gang","floor":114,"turns":1},{"damage":0,"enemies":"Large Slime","floor":116,"turns":2},{"damage":0,"enemies":"Slime Boss","floor":118,"turns":2},{"damage":0,"enemies":"Shell Parasite","floor":120,"turns":2},{"damage":0,"enemies":"Chosen","floor":123,"turns":2},{"damage":1,"enemies":"Centurion and Healer","floor":124,"turns":2},{"damage":41,"enemies":"Book of Stabbing","floor":125,"turns":4},{"damage":0,"enemies":"Snake Plant","floor":129,"turns":2},{"damage":0,"enemies":"Gremlin Leader","floor":132,"turns":2},{"damage":0,"enemies":"Shelled Parasite and Fungi","floor":133,"turns":1},{"damage":0,"enemies":"Champ","floor":135,"turns":4},{"damage":0,"enemies":"Orb Walker","floor":137,"turns":1},{"damage":0,"enemies":"3 Darklings","floor":138,"turns":2},{"damage":0,"enemies":"Jaw Worm Horde","floor":139,"turns":1},{"damage":0,"enemies":"Writhing Mass","floor":140,"turns":2},{"damage":0,"enemies":"Nemesis","floor":142,"turns":2},{"damage":0,"enemies":"Mind Bloom Boss Battle","floor":143,"turns":2},{"damage":0,"enemies":"Giant Head","floor":144,"turns":3},{"damage":0,"enemies":"2 Orb Walkers","floor":146,"turns":2},{"damage":0,"enemies":"Maw","floor":149,"turns":3},{"damage":0,"enemies":"infinitespire:LordOfFortification","floor":152,"turns":1},{"damage":0,"enemies":"Shield and Spear","floor":156,"turns":2},{"damage":0,"enemies":"The Heart","floor":157,"turns":6}],"seed_played":"-5442388155652331381","potions_obtained":[{"floor":1,"key":"LiquidBronze"},{"floor":3,"key":"TheCursedMod:DregsPotion"},{"floor":8,"key":"AttackPotion"},{"floor":12,"key":"Swift Potion"},{"floor":18,"key":"EntropicBrew"},{"floor":22,"key":"AttackPotion"},{"floor":24,"key":"Swift Potion"},{"floor":25,"key":"PowerPotion"},{"floor":33,"key":"Strength Potion"},{"floor":35,"key":"EntropicBrew"},{"floor":41,"key":"Strength Potion"},{"floor":59,"key":"PowerPotion"},{"floor":59,"key":"AttackPotion"},{"floor":59,"key":"Weak Potion"},{"floor":63,"key":"DistilledChaos"},{"floor":65,"key":"Strength Potion"},{"floor":67,"key":"Energy Potion"},{"floor":73,"key":"DuplicationPotion"},{"floor":74,"key":"Weak Potion"},{"floor":76,"key":"SpeedPotion"},{"floor":82,"key":"ColorlessPotion"},{"floor":91,"key":"ColorlessPotion"},{"floor":93,"key":"Block Potion"},{"floor":101,"key":"LiquidBronze"},{"floor":109,"key":"Energy Potion"},{"floor":114,"key":"Block Potion"},{"floor":116,"key":"AttackPotion"},{"floor":118,"key":"SkillPotion"},{"floor":123,"key":"SkillPotion"},{"floor":132,"key":"SteroidPotion"},{"floor":139,"key":"Fire Potion"},{"floor":143,"key":"FairyPotion"}],"is_trial":false,"path_per_floor":["M","M","M","M","?","R","M","E","T","$","?","E","R","M","R","B",null,"M","$","?","M","M","E","M","NM","T","E","?","R","M","$","R","B",null,"M","?","M","M","M","E","M","E","T","NM","R","M","M","AVR","R","B",null,"M","?","AVR","?","M","R","NM","$","T","M","R","E","R","M","R","B",null,"M","?","?","$","M","E","R","E","T","$","E","M","M","M","R","B",null,"M","AVR","M","M","?","E","R","E","T","M","$","R","E","?","R","B",null,"M","?","M","M","$","R","E","T","T","$","M","M","R","M","R","B",null,"M","?","$","M","M","E","R","?","T","M","AVR","?","E","M","R","B",null,"M","M","M","M","?","E","?","E","T","?","R","?","M","?","R","B",null,"R","$","E","B",null],"character_chosen":"THE_CURSED","items_purchased":["MerchantsRug","TheCursedMod:CursedShiv","Toolbox","HollowMod:PaleOreRelic","reliquary:BrokenClock","TheCursedMod:CursedBlade","TheCursedMod:SpitefulPlan","TheCursedMod:Hemoplague","Ice Cream","HandDrill","Cauldron","TheCursedMod:Mangle","Pocketwatch","infinitespire:CheckeredPen","Anchor","Gambling Chip","reliquary:PartyBalloon","infinitespire:Bottled Soul","Membership Card","infinitespire:WardingShard","Turnip","Nunchaku","reliquary:FeatherDuster","reliquary:Bookmark","reliquary:Knoch","Dead Branch","Bottled Flame","InkBottle"],"campfire_rested":0,"item_purchase_floors":[10,10,19,19,31,31,31,59,59,59,59,72,72,72,78,96,107,107,122,122,122,155,155,155,155,155,155,155],"current_hp_per_floor":[81,81,81,79,79,79,72,51,51,51,51,51,51,51,51,36,82,82,82,76,75,75,75,75,67,67,54,54,54,49,49,49,46,89,89,67,67,82,85,81,89,55,55,64,64,74,47,47,47,57,89,89,82,82,82,82,82,82,82,82,89,89,89,89,89,89,63,89,89,89,89,89,89,89,89,89,89,89,89,89,89,89,89,89,89,89,89,89,89,78,85,85,85,85,89,89,89,79,79,79,84,89,89,89,89,89,89,89,63,63,63,63,66,66,66,77,77,80,89,89,89,89,89,88,72,72,72,72,89,89,89,89,89,89,89,89,89,91,91,91,86,88,90,90,90,90,90,90,93,93,93,93,93,93,93,93,96],"gold":129,"neow_bonus":"TEN_PERCENT_HP_BONUS","is_daily":false,"chose_seed":false,"campfire_upgraded":24,"win_rate":0.0,"timestamp":1612600276,"path_taken":["M","M","M","M","?","R","M","E","T","?","?","E","R","M","R","BOSS","M","$","?","M","M","E","M","NM","T","E","?","R","M","$","R","BOSS","M","?","M","M","M","E","M","E","T","NM","R","M","M","AVR","R","BOSS","M","?","AVR","?","?","R","NM","?","T","M","R","E","R","M","R","BOSS","M","?","?","?","M","E","R","E","T","$","E","M","M","M","R","BOSS","M","AVR","M","M","?","E","R","E","T","M","$","R","E","?","R","BOSS","M","?","M","M","$","R","E","?","T","$","M","M","R","M","R","BOSS","M","?","$","M","M","E","R","?","T","M","AVR","?","E","M","R","BOSS","M","M","M","M","?","E","?","E","T","?","R","?","M","?","R","BOSS","R","$","E","BOSS"],"items_purchased_type":["Relic","Card","Relic","Relic","Relic","Card","Card","Card","Relic","Relic","Relic","Card","Relic","Relic","Relic","Relic","Relic","Relic","Relic","Relic","Relic","Relic","Relic","Relic","Relic","Relic","Relic","Relic"],"build_version":"2020-12-22","purchased_purges":11,"victory":true,"max_hp_per_floor":[82,82,82,82,82,82,82,82,82,82,82,82,82,82,82,82,82,82,82,82,82,82,82,82,82,82,89,89,89,89,89,89,89,89,89,89,89,89,89,89,89,89,89,89,89,89,89,89,89,89,89,89,89,89,89,89,89,89,89,89,89,89,89,89,89,89,89,89,89,89,89,89,89,89,89,89,89,89,89,89,89,89,89,89,89,89,89,89,89,89,89,89,89,89,89,89,89,89,89,89,89,89,89,89,89,89,89,89,89,89,89,89,89,89,89,89,89,89,89,89,89,89,89,89,89,89,89,89,89,89,89,89,89,89,89,89,89,91,91,91,86,88,90,90,90,90,90,90,93,93,93,93,93,93,93,93,96],"card_choices":[{"not_picked":["TheCursedMod:Hemoplague","TheCursedMod:RavingStaff"],"picked":"TheCursedMod:TacticalStrike","floor":1},{"not_picked":["TheCursedMod:HellsGateOpen","TheCursedMod:RapidMovement"],"picked":"TheCursedMod:HellfireBreathing","floor":2},{"not_picked":["TheCursedMod:RapidMovement","TheCursedMod:Hemoplague"],"picked":"TheCursedMod:CursedAmulet","floor":3},{"not_picked":["TheCursedMod:SpreadPlague","TheCursedMod:Wield"],"picked":"TheCursedMod:DemonSword","floor":4},{"not_picked":["TheCursedMod:SoulCrush","TheCursedMod:SpitefulStrike"],"picked":"TheCursedMod:SmokeScreen","floor":7},{"not_picked":["TheCursedMod:ManaBullet","TheCursedMod:SurpriseAttack"],"picked":"TheCursedMod:Grudge","floor":8},{"not_picked":["TheCursedMod:Stigma","TheCursedMod:StunningStrike"],"picked":"TheCursedMod:CursedRelics","floor":12},{"not_picked":["TheCursedMod:Stretching","TheCursedMod:HellfireBreathing"],"picked":"TheCursedMod:FleshFromBone","floor":14},{"not_picked":["TheCursedMod:DemonicPact","TheCursedMod:UltimatePain"],"picked":"TheCursedMod:Neurasthenia","floor":16},{"not_picked":["TheCursedMod:WearCloak","TheCursedMod:Evocation"],"picked":"TheCursedMod:CursedStaff+1","floor":18},{"not_picked":["TheCursedMod:SmokeScreen","TheCursedMod:SurpriseAttack"],"picked":"TheCursedMod:PrepareRite","floor":21},{"not_picked":["TheCursedMod:CircleOfFlame","TheCursedMod:Obscuration"],"picked":"TheCursedMod:WearCloak+1","floor":22},{"not_picked":["TheCursedMod:Grudge","TheCursedMod:WearCloak"],"picked":"TheCursedMod:LuckyCharm","floor":23},{"not_picked":["TheCursedMod:Obscuration","TheCursedMod:CircleOfCorruption+1"],"picked":"TheCursedMod:HellfireBreathing+1","floor":24},{"not_picked":["infinitespire:Oblivion","infinitespire:FutureSight"],"picked":"infinitespire:Collect","floor":25},{"not_picked":["TheCursedMod:PrepareRite","TheCursedMod:HellfireBreathing"],"picked":"TheCursedMod:CursedMace+1","floor":25},{"not_picked":["TheCursedMod:CircleOfCorruption","TheCursedMod:Obscuration"],"picked":"TheCursedMod:DarkBarrier","floor":27},{"not_picked":["TheCursedMod:SpitefulStrike","TheCursedMod:CursedRelics"],"picked":"TheCursedMod:RapidMovement","floor":30},{"not_picked":["TheCursedMod:ShockAndAwe","TheCursedMod:CursedRelics"],"picked":"TheCursedMod:Neurasthenia","floor":33},{"not_picked":["TheCursedMod:CursedMace+1","TheCursedMod:BloodBarrier+1"],"picked":"TheCursedMod:Wield","floor":35},{"not_picked":["infinitespire:SevenWalls","infinitespire:Execution"],"picked":"infinitespire:Starlight","floor":36},{"not_picked":["TheCursedMod:SoulCrush+1","TheCursedMod:TacticalStrike"],"picked":"TheCursedMod:EmpowerCircles+1","floor":37},{"not_picked":["TheCursedMod:SpitefulStrike+1","TheCursedMod:WearCloak","TheCursedMod:Torture+1"],"picked":"SKIP","floor":38},{"not_picked":["TheCursedMod:LuckyCharm+1","TheCursedMod:CursedBlade","TheCursedMod:CursedAmulet+1"],"picked":"SKIP","floor":39},{"not_picked":["TheCursedMod:Stretching","TheCursedMod:DarkBarrier","TheCursedMod:CursedAmulet+1"],"picked":"SKIP","floor":40},{"not_picked":["TheCursedMod:CursedBlade+1","TheCursedMod:TacticalStrike","TheCursedMod:CursedShiv"],"picked":"SKIP","floor":41},{"not_picked":["TheCursedMod:ManaBullet+1","TheCursedMod:EmpowerCircles+1","TheCursedMod:SpitefulStrike"],"picked":"SKIP","floor":42},{"not_picked":["TheCursedMod:CircleOfWindfury","TheCursedMod:BlessingInDisguise+1","TheCursedMod:FleshFromBone+1"],"picked":"SKIP","floor":44},{"not_picked":["TheCursedMod:CircleOfWindfury","TheCursedMod:RapidMovement","TheCursedMod:CircleOfAmplification+1"],"picked":"SKIP","floor":46},{"not_picked":["TheCursedMod:WearCloak","TheCursedMod:CursedAmulet"],"picked":"TheCursedMod:ShockAndAwe","floor":47},{"not_picked":["TheCursedMod:DarkBarrier","TheCursedMod:CursedRelics"],"picked":"TheCursedMod:CollectTribute","floor":50},{"not_picked":["TheCursedMod:RapidMovement","TheCursedMod:Torture","TheCursedMod:TacticalStrike"],"picked":"SKIP","floor":52},{"not_picked":["TheCursedMod:RapidMovement","TheCursedMod:BlessingInDisguise","TheCursedMod:CircleOfCorruption"],"picked":"SKIP","floor":56},{"not_picked":["TheCursedMod:CursedShiv","TheCursedMod:ShockAndAwe","TheCursedMod:RavingStaff"],"picked":"SKIP","floor":58},{"not_picked":["TheCursedMod:RapidMovement","TheCursedMod:Stigma","TheCursedMod:WearCloak"],"picked":"SKIP","floor":61},{"not_picked":["TheCursedMod:CircleOfCorruption","TheCursedMod:DoubleShield","TheCursedMod:SpitefulPlan"],"picked":"SKIP","floor":63},{"not_picked":["TheCursedMod:SurpriseAttack","TheCursedMod:RapidMovement"],"picked":"TheCursedMod:Mangle","floor":65},{"not_picked":["infinitespire:FinalStrike","infinitespire:DeathsTouch"],"picked":"infinitespire:NeuralNetwork","floor":67},{"not_picked":["TheCursedMod:UltimatePain","TheCursedMod:ShockAndAwe"],"picked":"TheCursedMod:VoidForm","floor":67},{"not_picked":["TheCursedMod:WearCloak","TheCursedMod:SpitefulStrike","TheCursedMod:BlessingInDisguise"],"picked":"SKIP","floor":69},{"not_picked":["TheCursedMod:FleshFromBone","TheCursedMod:Stigma"],"picked":"TheCursedMod:VitalStrike+1","floor":73},{"not_picked":["TheCursedMod:RapidMovement","TheCursedMod:SpitefulPlan","TheCursedMod:HellfireBreathing"],"picked":"SKIP","floor":74},{"not_picked":["TheCursedMod:TacticalStrike","TheCursedMod:CollectTribute","TheCursedMod:ReleasedKnowledge"],"picked":"SKIP","floor":76},{"not_picked":["TheCursedMod:TroublousMinions","TheCursedMod:CursedBoomerang+1"],"picked":"TheCursedMod:AshesToAshes","floor":79},{"not_picked":["TheCursedMod:Stretching","TheCursedMod:HellsGateOpen","TheCursedMod:CircleOfFocus"],"picked":"SKIP","floor":80},{"not_picked":["TheCursedMod:Stretching+1","TheCursedMod:VitalStrike","TheCursedMod:FleshFromBone+1"],"picked":"SKIP","floor":81},{"not_picked":["TheCursedMod:BlessingInDisguise","TheCursedMod:CircleOfCorruption","TheCursedMod:CursedBoomerang"],"picked":"SKIP","floor":82},{"not_picked":["TheCursedMod:ParallelWorld","TheCursedMod:DemonicPact"],"picked":"TheCursedMod:StunningStrike","floor":84},{"not_picked":["TheCursedMod:TacticalStrike","TheCursedMod:FleshFromBone","TheCursedMod:CursedShiv"],"picked":"SKIP","floor":86},{"not_picked":["TheCursedMod:TacticalStrike","TheCursedMod:SpitefulStrike","TheCursedMod:RapidMovement+1"],"picked":"SKIP","floor":88},{"not_picked":["TheCursedMod:TacticalStrike","TheCursedMod:Stigma+1","TheCursedMod:RavingStaff"],"picked":"SKIP","floor":89},{"not_picked":["TheCursedMod:ForbiddenAlchemy","TheCursedMod:CursedBoomerang","TheCursedMod:ReleasedKnowledge"],"picked":"SKIP","floor":91},{"not_picked":["TheCursedMod:CursedBlade+1","TheCursedMod:Wield+1","TheCursedMod:AshesToAshes"],"picked":"SKIP","floor":93},{"not_picked":["TheCursedMod:TacticalStrike","TheCursedMod:Stigma+1","TheCursedMod:CursedAmulet"],"picked":"SKIP","floor":95},{"not_picked":["TheCursedMod:DemonSword","TheCursedMod:RavingStaff","TheCursedMod:BlessingInDisguise"],"picked":"SKIP","floor":98},{"not_picked":["TheCursedMod:CursedAmulet","TheCursedMod:CircleOfFlame","TheCursedMod:AshesToAshes"],"picked":"SKIP","floor":103},{"not_picked":["TheCursedMod:CircleOfBlood","TheCursedMod:Stigma","TheCursedMod:SurpriseAttack"],"picked":"SKIP","floor":105},{"not_picked":["TheCursedMod:RavingStaff","TheCursedMod:SoulCrush","TheCursedMod:Obscuration"],"picked":"SKIP","floor":106},{"not_picked":["TheCursedMod:CursedRelics","TheCursedMod:VitalStrike","TheCursedMod:FleshFromBone"],"picked":"SKIP","floor":109},{"not_picked":["TheCursedMod:CircleOfAmplification","TheCursedMod:SmokeScreen","TheCursedMod:CursedSpellbook"],"picked":"SKIP","floor":113},{"not_picked":["TheCursedMod:Wield","TheCursedMod:RapidMovement","TheCursedMod:SoulReap"],"picked":"SKIP","floor":114},{"not_picked":["TheCursedMod:Stigma","TheCursedMod:CursedAmulet","TheCursedMod:CursedArmor"],"picked":"SKIP","floor":116},{"not_picked":["TheCursedMod:CursedRelics","TheCursedMod:CircleOfAbyss"],"picked":"TheCursedMod:ManaCirculation","floor":118},{"not_picked":["TheCursedMod:CursedMace+1"],"picked":"SKIP","floor":120},{"not_picked":["TheCursedMod:SpitefulPray+1"],"picked":"SKIP","floor":123},{"not_picked":["TheCursedMod:SoulCrush+1"],"picked":"SKIP","floor":124},{"not_picked":["TheCursedMod:CircleOfAmplification+1"],"picked":"SKIP","floor":125},{"not_picked":["TheCursedMod:SpitefulPray"],"picked":"SKIP","floor":129},{"not_picked":["TheCursedMod:CursedMace"],"picked":"SKIP","floor":132},{"not_picked":["TheCursedMod:CursedBlade"],"picked":"SKIP","floor":133},{"not_picked":[],"picked":"TheCursedMod:AntiAging","floor":135},{"not_picked":["TheCursedMod:Hemoplague+1"],"picked":"SKIP","floor":137},{"not_picked":["TheCursedMod:WearCloak+1"],"picked":"SKIP","floor":138},{"not_picked":["TheCursedMod:RapidMovement"],"picked":"SKIP","floor":139},{"not_picked":["TheCursedMod:RavingStaff+1"],"picked":"SKIP","floor":140},{"not_picked":["TheCursedMod:LuckyCharm"],"picked":"SKIP","floor":142},{"not_picked":["TheCursedMod:ManaBullet+1"],"picked":"SKIP","floor":144},{"not_picked":["TheCursedMod:Torture"],"picked":"SKIP","floor":149},{"not_picked":["TheCursedMod:Mangle+1"],"picked":"SKIP","floor":156}],"player_experience":770366,"relics_obtained":[{"floor":8,"key":"FossilizedHelix"},{"floor":9,"key":"reliquary:Buckler"},{"floor":12,"key":"reliquary:ExpiredCoupon"},{"floor":23,"key":"reliquary:RoseTintedGlasses"},{"floor":25,"key":"HornCleat"},{"floor":26,"key":"reliquary:Aerogel"},{"floor":27,"key":"Strawberry"},{"floor":28,"key":"Red Mask"},{"floor":40,"key":"infinitespire:Golems Mask"},{"floor":42,"key":"Runesmith:AutoHammer"},{"floor":44,"key":"Toy Ornithopter"},{"floor":58,"key":"HollowMod:LifeEnderRelic"},{"floor":60,"key":"TheCursedMod:Tack"},{"floor":63,"key":"MawBank"},{"floor":74,"key":"reliquary:SilkGlove"},{"floor":76,"key":"Gremlin Horn"},{"floor":77,"key":"Incense Burner"},{"floor":79,"key":"Dream Catcher"},{"floor":91,"key":"reliquary:TatteredRug"},{"floor":93,"key":"Bag of Marbles"},{"floor":94,"key":"War Paint"},{"floor":98,"key":"Juzu Bracelet"},{"floor":104,"key":"theForsaken:Lifeblossom"},{"floor":109,"key":"reliquary:RosewoodLute"},{"floor":110,"key":"Smiling Mask"},{"floor":111,"key":"Bronze Scales"},{"floor":125,"key":"theForsaken:Gavel"},{"floor":128,"key":"Blood Vial"},{"floor":132,"key":"infinitespire:Satchel"},{"floor":142,"key":"Boot"},{"floor":143,"key":"Lizard Tail"},{"floor":144,"key":"reliquary:Boomerang"},{"floor":145,"key":"TheCursedMod:MagicCandle"},{"floor":146,"key":"Calipers"},{"floor":156,"key":"Lantern"}],"event_choices":[{"cards_removed":["TheCursedMod:Defend_TheCursed"],"damage_healed":0,"gold_gain":0,"player_choice":"Purged","damage_taken":0,"max_hp_gain":0,"max_hp_loss":0,"event_name":"Purifier","floor":5,"gold_loss":0},{"damage_healed":0,"gold_gain":100,"player_choice":"Gold","damage_taken":0,"max_hp_gain":0,"max_hp_loss":0,"event_name":"Wheel of Change","floor":11,"gold_loss":0},{"damage_healed":0,"gold_gain":0,"player_choice":"Joined the Cult","damage_taken":6,"max_hp_gain":0,"max_hp_loss":0,"event_name":"Nest","floor":20,"gold_loss":0,"cards_obtained":["RitualDagger"]},{"damage_healed":0,"gold_gain":0,"player_choice":"Fought Bandits","damage_taken":0,"max_hp_gain":0,"max_hp_loss":0,"event_name":"Masked Bandits","floor":28,"gold_loss":0},{"cards_removed":["TheCursedMod:EmpowerCircles"],"damage_healed":0,"gold_gain":0,"player_choice":"Card Removal","damage_taken":7,"max_hp_gain":0,"max_hp_loss":0,"event_name":"Golden Wing","floor":53,"gold_loss":0},{"damage_healed":0,"gold_gain":0,"player_choice":"Bought 0 Potions","damage_taken":0,"max_hp_gain":0,"max_hp_loss":0,"event_name":"The Woman in Blue","floor":55,"gold_loss":0},{"damage_healed":0,"gold_gain":99,"player_choice":"Stole From Cult","damage_taken":0,"max_hp_gain":0,"max_hp_loss":0,"event_name":"Nest","floor":70,"gold_loss":0},{"damage_healed":0,"gold_gain":0,"player_choice":"Ignored","damage_taken":0,"max_hp_gain":0,"max_hp_loss":0,"event_name":"Ghosts","floor":71,"gold_loss":0},{"damage_healed":0,"gold_gain":0,"player_choice":"Embrace Madness","damage_taken":11,"max_hp_gain":0,"max_hp_loss":0,"event_name":"Winding Halls","floor":90,"gold_loss":0,"cards_obtained":["Madness","Madness"]},{"damage_healed":0,"gold_gain":222,"player_choice":"Wore Mask","damage_taken":0,"max_hp_gain":0,"max_hp_loss":0,"event_name":"Tomb of Lord Red Mask","floor":99,"gold_loss":0},{"cards_removed":["TheCursedMod:Neurasthenia"],"damage_healed":0,"gold_gain":0,"player_choice":"Gave Gold","damage_taken":0,"max_hp_gain":0,"max_hp_loss":0,"event_name":"Beggar","floor":121,"gold_loss":75},{"damage_healed":0,"gold_gain":0,"player_choice":"Obtain Plague Curse","damage_taken":0,"max_hp_gain":0,"max_hp_loss":0,"event_name":"Plague Doctor","floor":127,"gold_loss":0,"cards_obtained":["theForsaken:PlagueCurse"]},{"damage_healed":0,"gold_gain":0,"player_choice":"Stole Relic","damage_taken":0,"relics_obtained":["Akabeko"],"max_hp_gain":0,"max_hp_loss":0,"event_name":"Addict","floor":131,"gold_loss":0,"cards_obtained":["Shame"]},{"damage_healed":0,"gold_gain":0,"player_choice":"Max HP","damage_taken":0,"max_hp_gain":0,"max_hp_loss":5,"event_name":"Winding Halls","floor":141,"gold_loss":0},{"damage_healed":0,"gold_gain":0,"player_choice":"Fight","damage_taken":0,"max_hp_gain":0,"max_hp_loss":0,"event_name":"MindBloom","floor":143,"gold_loss":0},{"damage_healed":0,"gold_gain":0,"player_choice":"Fight","damage_taken":0,"max_hp_gain":0,"max_hp_loss":0,"event_name":"Mysterious Sphere","floor":146,"gold_loss":0},{"damage_healed":0,"gold_gain":222,"player_choice":"Wore Mask","damage_taken":0,"max_hp_gain":0,"max_hp_loss":0,"event_name":"Tomb of Lord Red Mask","floor":148,"gold_loss":0},{"cards_removed":["TheCursedMod:VitalStrike"],"damage_healed":0,"gold_gain":0,"player_choice":"Removed Attack","damage_taken":0,"max_hp_gain":0,"max_hp_loss":0,"event_name":"Falling","floor":150,"gold_loss":0}],"is_beta":false,"boss_relics":[{"not_picked":["Runic Pyramid","reliquary:Craggleroot"],"picked":"TheCursedMod:OminousMark"},{"not_picked":["Runic Dome","SacredBark"],"picked":"TheCursedMod:FourLeafCloverCharm"},{"not_picked":["theForsaken:PaleLantern","reliquary:RedCape"],"picked":"Pandora\u0027s Box"},{"not_picked":["reliquary:Craggleroot","reliquary:WritOfMandamus"],"picked":"TheCursedMod:BlackMagicAdvanced"},{"not_picked":["Sozu","reliquary:Ember"],"picked":"Empty Cage"},{"not_picked":["Cursed Key","reliquary:RedPaperclip"],"picked":"Coffee Dripper"},{"not_picked":["Runesmith:UraniumAnvil","Runic Dome"],"picked":"Busted Crown"},{"not_picked":["reliquary:RedPaperclip","SacredBark"],"picked":"Philosopher\u0027s Stone"},{"not_picked":["Velvet Choker","Runic Pyramid"],"picked":"Black Star"}],"items_purged_floors":[10,19,48,54,59,72,107,112,122,130,155],"is_endless":true,"potions_floor_spawned":[1,3,8,12,18,22,24,25,33,35,41,42,44,50,58,63,65,67,73,74,76,82,91,93,101,109,114,116,118,120,123,132,139,142,143,149],"ascension_level":0}}