{"host":"mai03x2ekbjy4059","time":1612623581,"event":{"mods":["2.2 Compatiblity","BaseMod","Colored Map","DeckTracker","Keyboard Shortcuts","Minty Spire (QoL Compilation)","Permanent Neow","Quick Restart","SuperFastMode","everything is the same but u backflip on backflip"],"gold_per_floor":[109,123,136,136,152,178,196,196,196],"floor_reached":8,"language":"KOR","playtime":211,"items_purged":[],"score":63,"play_id":"6607ef98-88b0-4c9d-92ad-3958448d694e","local_time":"20210206235941","is_ascension_mode":true,"campfire_choices":[],"circlet_count":0,"master_deck":["Strike_G","Strike_G","Strike_G","Strike_G","Strike_G","Defend_G","Defend_G","Defend_G","Defend_G","Defend_G","Survivor","Neutralize","PiercingWail"],"relics":["Ring of the Snake","The Specimen","Mercury Hourglass","InkBottle"],"acts_visited":["Exordium"],"potions_floor_usage":[8],"damage_taken":[{"damage":0,"enemies":"2 Louse","floor":1,"turns":3},{"damage":0,"enemies":"Small Slimes","floor":2,"turns":3},{"damage":0,"enemies":"Jaw Worm","floor":3,"turns":3},{"damage":3,"enemies":"Red Slaver","floor":5,"turns":6},{"damage":47,"enemies":"Lagavulin","floor":6,"turns":8},{"damage":0,"enemies":"2 Fungi Beasts","floor":7,"turns":3},{"damage":10,"enemies":"Gremlin Nob","floor":8,"turns":2}],"seed_played":"4816537100099510793","potions_obtained":[{"floor":1,"key":"SpeedPotion"},{"floor":6,"key":"Strength Potion"}],"is_trial":false,"path_per_floor":["M","M","M","?","M","E","M","E"],"character_chosen":"THE_SILENT","items_purchased":[],"campfire_rested":0,"item_purchase_floors":[],"current_hp_per_floor":[63,63,63,60,57,10,10,0,0],"gold":196,"neow_bonus":"ONE_RARE_RELIC","is_daily":false,"chose_seed":false,"campfire_upgraded":0,"win_rate":0.0,"timestamp":1612623581,"path_taken":["M","M","M","?","M","E","M","E"],"items_purchased_type":[],"build_version":"2020-12-22","purchased_purges":0,"victory":false,"max_hp_per_floor":[63,63,63,63,63,63,63,63,63],"card_choices":[{"not_picked":["Well Laid Plans","Heel Hook","Underhanded Strike"],"picked":"SKIP","floor":1},{"not_picked":["Setup","Sucker Punch","Dash"],"picked":"SKIP","floor":2},{"not_picked":["Prepared","Flying Knee","Outmaneuver"],"picked":"SKIP","floor":3},{"not_picked":["Blade Dance","Slice"],"picked":"PiercingWail","floor":5},{"not_picked":["Accuracy","PiercingWail","Dagger Spray"],"picked":"SKIP","floor":6},{"not_picked":["All Out Attack","Bane","Reflex"],"picked":"SKIP","floor":7}],"player_experience":1173410,"relics_obtained":[{"floor":6,"key":"InkBottle"}],"event_choices":[{"damage_healed":0,"gold_gain":0,"player_choice":"Success","damage_taken":3,"relics_obtained":["Mercury Hourglass"],"max_hp_gain":0,"max_hp_loss":0,"event_name":"Scrap Ooze","floor":4,"gold_loss":0}],"is_beta":false,"boss_relics":[],"items_purged_floors":[],"is_endless":false,"potions_floor_spawned":[1,6],"killed_by":"Gremlin Nob","ascension_level":1}}