{"host":"5yoj846f700ld8qy","time":1612645961,"event":{"mods":["AchievementEnabler","BaseMod","Better Altar","Better Match","Better Note","Better Sensory Stone","Better Skull","Better Third Choice","Colored Map","Colored Powertips","Minty Spire (QoL Compilation)","StSLib","UnlockEverythingMod"],"gold_per_floor":[114,114,114,79,93,118,138,138,162,197,11,48,48,76,85,166,175,203,218,228,105,105,114,164,185,185,185,185],"floor_reached":27,"language":"ENG","playtime":1027,"items_purged":["Strike_G"],"score":512,"play_id":"3193c701-84ec-4096-bb49-67d793003f1f","local_time":"20210206231241","is_ascension_mode":true,"campfire_choices":[{"floor":8,"key":"REST"},{"data":"Prepared","floor":13,"key":"SMITH"},{"floor":15,"key":"REST"},{"floor":23,"key":"REST"}],"circlet_count":0,"master_deck":["AscendersBane","Strike_G","Strike_G","Strike_G","Strike_G","Defend_G","Defend_G","Defend_G+1","Defend_G+1","Defend_G","Survivor","Neutralize","Acrobatics","Blade Dance","Finisher","PiercingWail","Blade Dance","Noxious Fumes","Dagger Spray","Prepared+1","A Thousand Cuts","Backflip","Wraith Form v2","CurseOfTheBell","Backflip","Deflect","Prepared+1","Tactician"],"relics":["Ring of the Snake","NeowsBlessing","Dream Catcher","StrikeDummy","Happy Flower","Odd Mushroom","War Paint","CeramicFish","PreservedInsect","Turnip","Calling Bell","Tiny Chest","Pear","Gambling Chip","Toxic Egg 2"],"acts_visited":["Exordium","TheCity"],"potions_floor_usage":[10,16,16,19,19,22,25],"damage_taken":[{"damage":0,"enemies":"Small Slimes","floor":1,"turns":1},{"damage":0,"enemies":"Jaw Worm","floor":5,"turns":1},{"damage":0,"enemies":"3 Sentries","floor":6,"turns":1},{"damage":18,"enemies":"The Mushroom Lair","floor":7,"turns":4},{"damage":7,"enemies":"Lagavulin","floor":10,"turns":4},{"damage":22,"enemies":"3 Sentries","floor":12,"turns":4},{"damage":0,"enemies":"Cultist","floor":14,"turns":3},{"damage":37,"enemies":"Hexaghost","floor":16,"turns":10},{"damage":10,"enemies":"3 Byrds","floor":18,"turns":4},{"damage":20,"enemies":"Spheric Guardian","floor":19,"turns":5},{"damage":7,"enemies":"Snake Plant","floor":20,"turns":6},{"damage":1,"enemies":"Cultist and Chosen","floor":22,"turns":3},{"damage":22,"enemies":"Shelled Parasite and Fungi","floor":25,"turns":7},{"damage":25,"enemies":"Slavers","floor":27,"turns":1}],"seed_played":"1169755097122339130","potions_obtained":[{"floor":7,"key":"Weak Potion"},{"floor":10,"key":"Block Potion"},{"floor":12,"key":"Block Potion"},{"floor":16,"key":"EntropicBrew"},{"floor":19,"key":"DuplicationPotion"}],"is_trial":false,"path_per_floor":["M","?","T","?","M","E","?","R","T","E","$","E","R","M","R","B",null,"M","M","M","$","M","R","?","M","T","E"],"character_chosen":"THE_SILENT","items_purchased":["PreservedInsect","Dagger Spray","Deflect"],"campfire_rested":3,"item_purchase_floors":[11,11,21],"current_hp_per_floor":[59,41,41,57,57,57,39,58,58,51,51,29,29,29,48,11,62,52,32,25,25,24,46,46,24,24,0,0],"gold":185,"neow_bonus":"THREE_ENEMY_KILL","is_daily":false,"chose_seed":false,"campfire_upgraded":1,"win_rate":0.0,"timestamp":1612645961,"path_taken":["M","?","?","?","?","E","?","R","T","E","?","E","R","M","R","BOSS","M","M","M","$","?","R","?","M","T","E"],"items_purchased_type":["Relic","Card","Card"],"build_version":"2020-12-22","purchased_purges":1,"victory":false,"max_hp_per_floor":[66,66,66,66,66,66,66,66,66,66,66,66,66,66,66,66,76,76,76,76,76,76,76,76,76,76,76,76],"card_choices":[{"not_picked":["Sucker Punch","Bane"],"picked":"Acrobatics","floor":1},{"not_picked":["Prepared","Bouncing Flask"],"picked":"Blade Dance","floor":5},{"not_picked":["Dagger Throw","Calculated Gamble"],"picked":"Finisher","floor":6},{"not_picked":["Flechettes","Catalyst"],"picked":"PiercingWail","floor":7},{"not_picked":["Dagger Spray","All Out Attack"],"picked":"Blade Dance","floor":8},{"not_picked":["Tactician","Blade Dance"],"picked":"Noxious Fumes","floor":10},{"not_picked":["Sucker Punch","Riddle With Holes"],"picked":"Prepared","floor":12},{"not_picked":["Outmaneuver","Bane"],"picked":"A Thousand Cuts","floor":14},{"not_picked":["Dodge and Roll","PiercingWail"],"picked":"Backflip","floor":15},{"not_picked":["Grand Finale","After Image"],"picked":"Wraith Form v2","floor":16},{"not_picked":["Sucker Punch","Acrobatics"],"picked":"Backflip","floor":18},{"not_picked":["Prepared","Sucker Punch","Bane"],"picked":"SKIP","floor":19},{"not_picked":["Storm of Steel","Flying Knee","Deadly Poison"],"picked":"SKIP","floor":20},{"not_picked":["Slice","Quick Slash"],"picked":"Prepared+1","floor":23},{"not_picked":["Dagger Throw","Flying Knee"],"picked":"Tactician","floor":25}],"player_experience":437063,"relics_obtained":[{"floor":3,"key":"StrikeDummy"},{"floor":6,"key":"Happy Flower"},{"floor":7,"key":"Odd Mushroom"},{"floor":9,"key":"War Paint"},{"floor":10,"key":"CeramicFish"},{"floor":12,"key":"Turnip"},{"floor":17,"key":"Tiny Chest"},{"floor":17,"key":"Pear"},{"floor":17,"key":"Gambling Chip"},{"floor":26,"key":"Toxic Egg 2"}],"event_choices":[{"damage_healed":0,"gold_gain":0,"player_choice":"Relic ","damage_taken":18,"max_hp_gain":0,"max_hp_loss":0,"event_name":"betterThird:BetterScrap","floor":2,"gold_loss":0,"cards_obtained":["Shockwave"]},{"damage_healed":16,"gold_gain":0,"player_choice":"Healed","damage_taken":0,"max_hp_gain":0,"max_hp_loss":0,"event_name":"The Cleric","floor":4,"gold_loss":35},{"damage_healed":0,"gold_gain":0,"player_choice":"Fought Mushrooms","damage_taken":0,"max_hp_gain":0,"max_hp_loss":0,"event_name":"Mushrooms","floor":7,"gold_loss":0},{"damage_healed":0,"gold_gain":50,"player_choice":"Steal","damage_taken":0,"max_hp_gain":0,"max_hp_loss":0,"event_name":"betterThird:BetterNest","floor":24,"gold_loss":0}],"is_beta":false,"boss_relics":[{"not_picked":["Fusion Hammer","Pandora\u0027s Box"],"picked":"Calling Bell"}],"items_purged_floors":[21],"is_endless":false,"potions_floor_spawned":[7,10,12,16,19],"killed_by":"Slavers","ascension_level":20}}