{"host":"wuernuywc9gl215o","time":1612626827,"event":{"mods":["AchievementEnabler","BaseMod","Block Reminder","Highlight Path","Key Reminder","Minty Spire (QoL Compilation)","Permanent Neow","Potion Indicator Mod","Quick Restart","Relic Stats"],"gold_per_floor":[114,134,151,165,181,207,225,225,225,225,257,257,285,352,352,352,352],"floor_reached":16,"language":"ENG","playtime":1100,"items_purged":[],"score":207,"play_id":"57232d6f-d6e8-49bc-b45f-a1315b30bfff","local_time":"20210206155347","is_ascension_mode":true,"campfire_choices":[{"floor":8.0,"key":"REST"},{"floor":10.0,"key":"REST"},{"floor":12.0,"key":"REST"},{"floor":15.0,"key":"REST"}],"circlet_count":0,"master_deck":["AscendersBane","Strike_G","Strike_G","Strike_G","Strike_G","Strike_G","Defend_G","Defend_G","Defend_G","Defend_G","Defend_G","Survivor","Neutralize","Flechettes","Acrobatics","Quick Slash","Slice","Deadly Poison","Outmaneuver","Calculated Gamble","Masterful Stab","Terror"],"relics":["Ring of the Snake","WingedGreaves","Tiny Chest","Gremlin Horn","Juzu Bracelet","PreservedInsect"],"acts_visited":["Exordium"],"potions_floor_usage":[16],"damage_taken":[{"damage":0.0,"enemies":"Cultist","floor":1.0,"turns":4.0},{"damage":0.0,"enemies":"Jaw Worm","floor":2.0,"turns":5.0},{"damage":0.0,"enemies":"Small Slimes","floor":3.0,"turns":3.0},{"damage":9.0,"enemies":"Exordium Thugs","floor":4.0,"turns":6.0},{"damage":8.0,"enemies":"Exordium Wildlife","floor":5.0,"turns":4.0},{"damage":38.0,"enemies":"Lagavulin","floor":6.0,"turns":7.0},{"damage":1.0,"enemies":"Looter","floor":7.0,"turns":3.0},{"damage":7.0,"enemies":"Gremlin Nob","floor":11.0,"turns":3.0},{"damage":34.0,"enemies":"3 Sentries","floor":13.0,"turns":12.0},{"damage":35,"enemies":"Slime Boss","floor":16,"turns":7}],"seed_played":"-6923718828040431644","potions_obtained":[{"floor":1.0,"key":"BlessingOfTheForge"},{"floor":4.0,"key":"Fire Potion"},{"floor":6.0,"key":"Fire Potion"},{"floor":7.0,"key":"SteroidPotion"},{"floor":11.0,"key":"LiquidMemories"}],"is_trial":false,"path_per_floor":["M","M","M","M","M","E","M","R","T","R","E","R","E","?","R","B"],"character_chosen":"THE_SILENT","items_purchased":[],"campfire_rested":4,"item_purchase_floors":[],"current_hp_per_floor":[59,59,59,50,42,4,3,21,21,39,32,50,16,16,34,0,0],"gold":352,"neow_bonus":"ONE_RARE_RELIC","is_daily":false,"chose_seed":false,"campfire_upgraded":0,"win_rate":0.0,"timestamp":1612626827,"path_taken":["M","?","M","M","M","E","M","R","T","R","E","R","E","?","R","BOSS"],"items_purchased_type":[],"build_version":"2020-12-22","purchased_purges":0,"victory":false,"max_hp_per_floor":[60,60,60,60,60,60,60,60,60,60,60,60,60,60,60,60,60],"relic_stats":{"Gremlin Horn":[2,2],"counters":[10,54],"Tiny Chest":0,"PreservedInsect":0,"Juzu Bracelet":0,"obtain_stats":[{"Gremlin Horn":9,"Tiny Chest":6,"WingedGreaves":0,"PreservedInsect":13,"Juzu Bracelet":11,"Ring of the Snake":0},{"Gremlin Horn":7,"Tiny Chest":6,"WingedGreaves":0,"PreservedInsect":9,"Juzu Bracelet":8,"Ring of the Snake":0},{"Gremlin Horn":32,"Tiny Chest":29,"WingedGreaves":0,"PreservedInsect":47,"Juzu Bracelet":35,"Ring of the Snake":0}],"Ring of the Snake":[20]},"card_choices":[{"not_picked":["Dodge and Roll","PiercingWail"],"picked":"Flechettes","floor":1.0},{"not_picked":["Terror","Flying Knee"],"picked":"Acrobatics","floor":2.0},{"not_picked":["PiercingWail","Cloak And Dagger"],"picked":"Quick Slash","floor":3.0},{"not_picked":["Heel Hook","PiercingWail"],"picked":"Slice","floor":4.0},{"not_picked":["Prepared","Choke"],"picked":"Deadly Poison","floor":5.0},{"not_picked":["Slice","Bane"],"picked":"Outmaneuver","floor":6.0},{"not_picked":["Dagger Throw","Night Terror"],"picked":"Calculated Gamble","floor":7.0},{"not_picked":["Predator","Deflect"],"picked":"Masterful Stab","floor":11.0},{"not_picked":["Infinite Blades","Choke"],"picked":"Terror","floor":13.0}],"player_experience":838491,"relics_obtained":[{"floor":6.0,"key":"Tiny Chest"},{"floor":9.0,"key":"Gremlin Horn"},{"floor":11.0,"key":"Juzu Bracelet"},{"floor":13.0,"key":"PreservedInsect"}],"event_choices":[{"damage_healed":0.0,"max_hp_gain":0.0,"max_hp_loss":0.0,"gold_gain":67.0,"event_name":"Golden Wing","player_choice":"Gained Gold","floor":14.0,"gold_loss":0.0,"damage_taken":0.0}],"is_beta":false,"boss_relics":[],"items_purged_floors":[],"is_endless":false,"potions_floor_spawned":[1,4,6,7,11],"killed_by":"Slime Boss","ascension_level":14}}