{"host":"447f3hl56xdss9ae","time":1612592904,"event":{"mods":["Act Like it!","Arknights","BaseMod","Minty Spire (QoL Compilation)","StSLib","[GremlinLeader]The Maniac","¡¾ÒÅÎï¿¨ÅÆ¡¿REMEMod"],"gold_per_floor":[109,109,125,138,155,155,155],"floor_reached":6,"language":"ZHS","playtime":292,"items_purged":[],"score":38,"play_id":"e077c148-baca-4033-857c-846b28b966ea","local_time":"20210206142824","is_ascension_mode":false,"campfire_choices":[],"circlet_count":0,"master_deck":["maniac:Strike","maniac:Strike","maniac:Strike","maniac:Strike","maniac:Strike","maniac:Defend","maniac:Defend","maniac:Defend","maniac:Defend","maniac:BurnBlood","maniac:AbyssShackle","maniac:ColdHeart","maniac:BladeArtist","maniac:Intimidate","maniac:Refine","maniac:FindAShortcut"],"relics":["maniac:DamagedAnvil","maniac:BrokenHorn","REME_ComplimentaryCards","NeowsBlessing","Mummified Hand"],"acts_visited":["Exordium"],"potions_floor_usage":[6],"damage_taken":[{"damage":0,"enemies":"2 Louse","floor":1,"turns":1},{"damage":0,"enemies":"Small Slimes","floor":3,"turns":2},{"damage":0,"enemies":"Cultist","floor":4,"turns":1},{"damage":28,"enemies":"Exordium Thugs","floor":5,"turns":4},{"damage":40,"enemies":"Lagavulin","floor":6,"turns":7}],"seed_played":"7866627542353303254","potions_obtained":[{"floor":3,"key":"Dexterity Potion"},{"floor":4,"key":"EssenceOfSteel"}],"is_trial":false,"path_per_floor":["M","?","M","M","M","E"],"character_chosen":"THE_MANIAC","items_purchased":[],"campfire_rested":0,"item_purchase_floors":[],"current_hp_per_floor":[80,68,68,68,40,0,0],"gold":155,"neow_bonus":"THREE_ENEMY_KILL","is_daily":false,"chose_seed":false,"campfire_upgraded":0,"win_rate":0.0,"timestamp":1612592904,"path_taken":["M","?","M","M","M","E"],"items_purchased_type":[],"build_version":"2020-12-22","purchased_purges":0,"victory":false,"max_hp_per_floor":[80,80,80,80,80,80,80],"card_choices":[{"not_picked":["maniac:Refine","maniac:WardAndDefend"],"picked":"maniac:BladeArtist","floor":1},{"not_picked":["maniac:Retrospect","maniac:DashForward"],"picked":"maniac:Intimidate","floor":3},{"not_picked":["maniac:UntravelledPath","maniac:Intimidate"],"picked":"maniac:Refine","floor":4},{"not_picked":["maniac:Intimidate","maniac:UntravelledPath"],"picked":"maniac:FindAShortcut","floor":5}],"player_experience":135958,"relics_obtained":[],"event_choices":[{"damage_healed":0,"gold_gain":0,"player_choice":"Success","damage_taken":12,"relics_obtained":["Mummified Hand"],"max_hp_gain":0,"max_hp_loss":0,"event_name":"Scrap Ooze","floor":2,"gold_loss":0}],"is_beta":false,"boss_relics":[],"items_purged_floors":[],"is_endless":false,"potions_floor_spawned":[3,4],"killed_by":"Lagavulin","ascension_level":0}}