{"host":"osk2oboccoevp2u5","time":1612641791,"event":{"mods":["AchievementEnabler","Alarm Clock","BaseMod","Colored Powertips","Disable Question Mark Monsters","Displayed Cursed Tome","Key Reminder","Minty Spire (QoL Compilation)","Potion Indicator Mod","Quick Restart","Rare Cards Sparkle","Reorder Act Four","StSLib","The Cursed","Useless Jewels Mod"],"gold_per_floor":[118,135,135,135,159,159,10,33,80,101,120,120,120,100,100,230,230,249,174,193,217,241,277,301,301,301,301,301],"floor_reached":27,"language":"ENG","playtime":3465,"items_purged":["TheCursedMod:Strike_TheCursed"],"score":329,"play_id":"ec688cf7-29c0-41c6-9a2d-7c846ebf4ac8","local_time":"20210206160311","is_ascension_mode":true,"campfire_choices":[{"floor":6.0,"key":"REST"},{"data":"TheCursedMod:SpitefulStrike","floor":15.0,"key":"SMITH"},{"floor":25,"key":"REST"}],"circlet_count":0,"master_deck":["TheCursedMod:Strike_TheCursed","TheCursedMod:Strike_TheCursed","TheCursedMod:Defend_TheCursed","TheCursedMod:Defend_TheCursed","TheCursedMod:Defend_TheCursed+1","TheCursedMod:Defend_TheCursed+1","TheCursedMod:CursedWand","TheCursedMod:CleanUpWorkshop","TheCursedMod:Dregs","TheCursedMod:ManaBullet","Injury","TheCursedMod:CursedShiv","TheCursedMod:ManaBullet","TheCursedMod:CursedMace","TheCursedMod:TacticalStrike","TheCursedMod:SpitefulStrike+1","TheCursedMod:VoidForm","TheCursedMod:CursedAmulet+1","TheCursedMod:Hemoplague","TheCursedMod:CursedBoomerang+1","TheCursedMod:WearCloak","TheCursedMod:DoubleShield+1"],"relics":["TheCursedMod:BlackMagic101","NeowsBlessing","Golden Idol","Vajra","Juzu Bracelet","Mummified Hand","TheCursedMod:FourLeafCloverCharm","Akabeko","Blood Vial"],"acts_visited":["Exordium","TheCity"],"potions_floor_usage":[22,22,23],"damage_taken":[{"damage":0.0,"enemies":"2 Louse","floor":1.0,"turns":1.0},{"damage":0.0,"enemies":"Jaw Worm","floor":2.0,"turns":1.0},{"damage":0.0,"enemies":"Cultist","floor":5.0,"turns":1.0},{"damage":1.0,"enemies":"Red Slaver","floor":8.0,"turns":5.0},{"damage":9.0,"enemies":"3 Louse","floor":10.0,"turns":2.0},{"damage":0.0,"enemies":"Looter","floor":11.0,"turns":3.0},{"damage":31.0,"enemies":"Hexaghost","floor":16.0,"turns":5.0},{"damage":28.0,"enemies":"3 Byrds","floor":18.0,"turns":5.0},{"damage":12.0,"enemies":"Shell Parasite","floor":20.0,"turns":5.0},{"damage":5,"enemies":"Chosen and Byrds","floor":21,"turns":4},{"damage":14,"enemies":"Centurion and Healer","floor":22,"turns":3},{"damage":61,"enemies":"Gremlin Leader","floor":23,"turns":6},{"damage":5,"enemies":"Snake Plant","floor":24,"turns":3},{"damage":29,"enemies":"Book of Stabbing","floor":27,"turns":4}],"seed_played":"-5912476494218095695","potions_obtained":[{"floor":5.0,"key":"Strength Potion"},{"floor":8.0,"key":"SkillPotion"},{"floor":10.0,"key":"Weak Potion"},{"floor":11.0,"key":"Strength Potion"},{"floor":14.0,"key":"LiquidBronze"},{"floor":18.0,"key":"SteroidPotion"},{"floor":21,"key":"Fire Potion"},{"floor":22,"key":"LiquidMemories"}],"is_trial":false,"path_per_floor":["M","M","?","?","M","R","$","M","T","M","M","?","T","?","R","B",null,"M","?","M","M","M","E","M","R","T","E"],"character_chosen":"THE_CURSED","items_purchased":["TheCursedMod:ManaBullet"],"campfire_rested":2,"item_purchase_floors":[7],"current_hp_per_floor":[68,68,68,53,53,75,75,74,74,65,65,65,65,65,65,34,65,37,37,25,20,6,14,9,31,31,4,4],"gold":301,"neow_bonus":"THREE_ENEMY_KILL","is_daily":false,"chose_seed":false,"campfire_upgraded":1,"win_rate":0.0,"timestamp":1612641791,"path_taken":["M","M","?","?","M","R","$","M","T","?","M","?","?","?","R","BOSS","M","?","M","M","M","E","M","R","T","E"],"items_purchased_type":["Card"],"build_version":"2020-12-22","purchased_purges":1,"victory":false,"max_hp_per_floor":[75,75,75,75,75,75,75,75,75,75,75,75,75,75,75,75,75,75,75,75,75,75,75,75,75,75,75,75],"card_choices":[{"not_picked":["TheCursedMod:CircleOfCorruption","TheCursedMod:Stigma"],"picked":"TheCursedMod:ManaBullet","floor":1.0},{"not_picked":["TheCursedMod:SmokeScreen","TheCursedMod:Stretching","TheCursedMod:ReleasedStrength"],"picked":"SKIP","floor":2.0},{"not_picked":["TheCursedMod:Stigma","TheCursedMod:AntiAging"],"picked":"TheCursedMod:CursedShiv","floor":5.0},{"not_picked":["TheCursedMod:SmokeScreen","TheCursedMod:CircleOfCorruption"],"picked":"TheCursedMod:CursedMace","floor":8.0},{"not_picked":["TheCursedMod:HellfireBreathing","TheCursedMod:RapidMovement"],"picked":"TheCursedMod:TacticalStrike","floor":10.0},{"not_picked":["TheCursedMod:Torture","TheCursedMod:DoubleShield"],"picked":"TheCursedMod:SpitefulStrike","floor":11.0},{"not_picked":["TheCursedMod:Neurasthenia","TheCursedMod:CursedRelics"],"picked":"TheCursedMod:VoidForm","floor":16.0},{"not_picked":["TheCursedMod:TacticalStrike+1","TheCursedMod:HellfireBreathing"],"picked":"TheCursedMod:CursedAmulet+1","floor":18.0},{"not_picked":["TheCursedMod:FleshFromBone","TheCursedMod:CursedBoomerang"],"picked":"TheCursedMod:Hemoplague","floor":20.0},{"not_picked":["TheCursedMod:EmpowerCircles","TheCursedMod:VitalStrike"],"picked":"TheCursedMod:CursedBoomerang+1","floor":21},{"not_picked":["TheCursedMod:Obscuration","TheCursedMod:PrepareRite"],"picked":"TheCursedMod:WearCloak","floor":22},{"not_picked":["TheCursedMod:CursedMace","TheCursedMod:CursedStaff"],"picked":"TheCursedMod:DoubleShield+1","floor":23},{"not_picked":["TheCursedMod:CircleOfBlood+1","TheCursedMod:CursedBlade","TheCursedMod:CursedShiv"],"picked":"SKIP","floor":24}],"player_experience":970513,"relics_obtained":[{"floor":9.0,"key":"Vajra"},{"floor":13.0,"key":"Mummified Hand"},{"floor":23,"key":"Akabeko"},{"floor":26,"key":"Blood Vial"}],"event_choices":[{"damage_healed":0.0,"max_hp_gain":0.0,"max_hp_loss":0.0,"gold_gain":0.0,"event_name":"Golden Idol","player_choice":"Take Wound","floor":3.0,"gold_loss":0.0,"damage_taken":0.0,"relics_obtained":["Golden Idol"],"cards_obtained":["Injury"]},{"damage_healed":0.0,"max_hp_gain":0.0,"max_hp_loss":0.0,"gold_gain":0.0,"event_name":"Shining Light","player_choice":"Entered Light","floor":4.0,"gold_loss":0.0,"damage_taken":15.0,"cards_upgraded":["TheCursedMod:Defend_TheCursed","TheCursedMod:Defend_TheCursed"]},{"damage_healed":0.0,"max_hp_gain":0.0,"max_hp_loss":0.0,"gold_gain":0.0,"event_name":"Dead Adventurer","player_choice":"Searched \u00271\u0027 times","floor":12.0,"gold_loss":0.0,"damage_taken":0.0,"relics_obtained":["Juzu Bracelet"]},{"damage_healed":0.0,"max_hp_gain":0.0,"max_hp_loss":0.0,"gold_gain":0.0,"event_name":"The Woman in Blue","player_choice":"Bought 1 Potion","floor":14.0,"gold_loss":0.0,"damage_taken":0.0},{"cards_removed":["TheCursedMod:Strike_TheCursed"],"damage_healed":0.0,"max_hp_gain":0.0,"max_hp_loss":0.0,"gold_gain":0.0,"event_name":"Beggar","player_choice":"Gave Gold","floor":19.0,"gold_loss":75.0,"damage_taken":0.0}],"is_beta":false,"boss_relics":[{"not_picked":["TheCursedMod:OminousMark","Velvet Choker"],"picked":"TheCursedMod:FourLeafCloverCharm"}],"items_purged_floors":[7],"is_endless":false,"potions_floor_spawned":[5,8,10,11,18,21,22],"killed_by":"Book of Stabbing","ascension_level":9}}