{"host":"d52brwsy6af8zvaq","time":1612634410,"event":{"mods":["AchievementEnabler","BaseMod","Bestiary","Highlight Path","Minty Spire (QoL Compilation)","Quick Restart","Relic Stats","ojb\u0027s Better Paths Mod"],"gold_per_floor":[110,120,132,147,222,222,257,257,309,309,309,73,73,84,84,163,163,180,95,20,20,31,31,61,61,61,61,61,61],"floor_reached":28,"language":"ENG","playtime":1166,"items_purged":["Strike_B"],"score":493,"play_id":"3848d1ad-5637-45ac-bf45-8ffd7fb173b1","local_time":"20210206110010","is_ascension_mode":true,"campfire_choices":[{"floor":6.0,"key":"REST"},{"data":"Zap","floor":11.0,"key":"SMITH"},{"data":"Darkness","floor":13.0,"key":"SMITH"},{"floor":15.0,"key":"REST"},{"data":"Consume","floor":23.0,"key":"SMITH"},{"data":"Stack","floor":25,"key":"SMITH"}],"circlet_count":0,"master_deck":["AscendersBane","Strike_B","Strike_B","Defend_B","Defend_B","Defend_B","Defend_B","Zap+1","Dualcast","Doom and Gloom","Cold Snap","Stack+1","Conserve Battery","Darkness+1","Electrodynamics","Coolheaded","Consume+1","Sweeping Beam","Barrage"],"relics":["Cracked Core","Pear","Orichalcum","Inserter","Lantern","Gambling Chip"],"acts_visited":["Exordium","TheCity"],"potions_floor_usage":[24,28],"damage_taken":[{"damage":7.0,"enemies":"Small Slimes","floor":1.0,"turns":3.0},{"damage":0.0,"enemies":"2 Louse","floor":2.0,"turns":1.0},{"damage":2.0,"enemies":"Jaw Worm","floor":3.0,"turns":4.0},{"damage":25.0,"enemies":"Exordium Wildlife","floor":4.0,"turns":4.0},{"damage":37.0,"enemies":"Gremlin Nob","floor":7.0,"turns":4.0},{"damage":8.0,"enemies":"Large Slime","floor":14.0,"turns":3.0},{"damage":30.0,"enemies":"Slime Boss","floor":16.0,"turns":7.0},{"damage":30.0,"enemies":"Shell Parasite","floor":18.0,"turns":6.0},{"damage":17.0,"enemies":"2 Thieves","floor":22.0,"turns":3.0},{"damage":22,"enemies":"Book of Stabbing","floor":24,"turns":6},{"damage":64,"enemies":"Slavers","floor":28,"turns":4}],"seed_played":"680780699454905496","potions_obtained":[{"floor":1.0,"key":"CultistPotion"},{"floor":4.0,"key":"EssenceOfSteel"},{"floor":7.0,"key":"GamblersBrew"},{"floor":18.0,"key":"LiquidMemories"},{"floor":24,"key":"FearPotion"}],"is_trial":false,"path_per_floor":["M","M","M","M","?","R","E","?","T","?","R","$","R","M","R","B",null,"M","?","?","?","M","R","E","R","T","$","E"],"character_chosen":"DEFECT","items_purchased":["Electrodynamics"],"campfire_rested":2,"item_purchase_floors":[12],"current_hp_per_floor":[64,64,62,37,26,49,22,27,27,27,27,27,27,19,46,16,74,44,44,44,93,76,76,54,54,54,54,0,0],"gold":61,"neow_bonus":"TEN_PERCENT_HP_BONUS","is_daily":false,"chose_seed":false,"campfire_upgraded":4,"win_rate":0.0,"timestamp":1612634410,"path_taken":["M","M","M","M","?","R","E","?","T","?","R","?","R","?","R","BOSS","M","?","?","?","?","R","E","R","T","$","E"],"items_purchased_type":["Card"],"build_version":"2020-12-22","purchased_purges":1,"victory":false,"max_hp_per_floor":[78,78,78,78,78,78,88,93,93,93,93,93,93,93,93,93,93,93,93,93,93,93,93,93,93,93,93,93,93],"relic_stats":{"Inserter":[9],"counters":[11,45],"Gambling Chip":[5],"Orichalcum":[84],"obtain_stats":[{"Lantern":19,"Pear":7,"Inserter":17,"Gambling Chip":24,"Orichalcum":9,"Cracked Core":0},{"Lantern":8,"Pear":5,"Inserter":7,"Gambling Chip":10,"Orichalcum":5,"Cracked Core":0},{"Lantern":32,"Pear":16,"Inserter":26,"Gambling Chip":41,"Orichalcum":16,"Cracked Core":0}]},"card_choices":[{"not_picked":["Stack","Rebound"],"picked":"Doom and Gloom","floor":1.0},{"not_picked":["Reinforced Body","Stack"],"picked":"Cold Snap","floor":2.0},{"not_picked":["Rip and Tear","Cold Snap"],"picked":"Stack","floor":3.0},{"not_picked":["Streamline","Rebound"],"picked":"Conserve Battery","floor":4.0},{"not_picked":["Stack","Melter"],"picked":"Darkness","floor":7.0},{"not_picked":["Reinforced Body","Meteor Strike"],"picked":"Coolheaded","floor":14.0},{"not_picked":["Compile Driver","Fusion"],"picked":"Consume","floor":18.0},{"not_picked":["Blizzard","Force Field"],"picked":"Sweeping Beam","floor":22.0},{"not_picked":["Beam Cell","Chaos"],"picked":"Barrage","floor":24}],"player_experience":2162352,"relics_obtained":[{"floor":7.0,"key":"Pear"},{"floor":9.0,"key":"Orichalcum"},{"floor":24,"key":"Gambling Chip"}],"event_choices":[{"damage_healed":0.0,"max_hp_gain":0.0,"max_hp_loss":0.0,"gold_gain":75.0,"event_name":"World of Goop","player_choice":"Gather Gold","floor":5.0,"gold_loss":0.0,"damage_taken":11.0},{"damage_healed":0.0,"max_hp_gain":5.0,"max_hp_loss":0.0,"gold_gain":0.0,"event_name":"Big Fish","player_choice":"Donut","floor":8.0,"gold_loss":0.0,"damage_taken":0.0},{"damage_healed":0.0,"max_hp_gain":0.0,"max_hp_loss":0.0,"gold_gain":0.0,"event_name":"Liars Game","player_choice":"Ignored","floor":10.0,"gold_loss":0.0,"damage_taken":0.0},{"damage_healed":0.0,"max_hp_gain":0.0,"max_hp_loss":0.0,"gold_gain":0.0,"event_name":"Addict","player_choice":"Obtained Relic","floor":19.0,"gold_loss":85.0,"damage_taken":0.0,"relics_obtained":["Lantern"]},{"cards_removed":["Strike_B"],"damage_healed":0.0,"max_hp_gain":0.0,"max_hp_loss":0.0,"gold_gain":0.0,"event_name":"Beggar","player_choice":"Gave Gold","floor":20.0,"gold_loss":75.0,"damage_taken":0.0},{"damage_healed":49.0,"max_hp_gain":0.0,"max_hp_loss":0.0,"gold_gain":0.0,"event_name":"Wheel of Change","player_choice":"Full Heal","floor":21.0,"gold_loss":0.0,"damage_taken":0.0}],"is_beta":false,"boss_relics":[{"not_picked":["Tiny House","Philosopher\u0027s Stone"],"picked":"Inserter"}],"items_purged_floors":[12],"is_endless":false,"potions_floor_spawned":[1,4,7,18,24],"killed_by":"Slavers","ascension_level":20}}