{"host":"74dg6ta44i9qan6e","time":1612578584,"event":{"mods":["Act Like it!","BaseMod","Downfall","Hubris","Infinite Spire","Minty Spire (QoL Compilation)","Replay The Spire","StSLib","The Bug Knight","Waifu the Spire"],"gold_per_floor":[115,115,133,133,148,148,174,174,174,184,204,233,246,278,278,382,382,401,413,18,18,38,67,67,95,95,95,124,142,156,156,156,255,255,275,275,325,338,350,350,383,383,383,418,433,35,35,35,35,35,35,35,35,62,62,62],"floor_reached":55,"language":"ENG","playtime":3915,"items_purged":[],"score":851,"play_id":"878c1ff4-7d87-4f45-b3b4-1887b7ca2190","local_time":"20210205212944","is_ascension_mode":true,"campfire_choices":[{"data":"HollowMod:VoidDash","floor":6.0,"key":"SMITH"},{"floor":15.0,"key":"REST"},{"floor":24.0,"key":"REST"},{"floor":32.0,"key":"DIG"},{"floor":40.0,"key":"RECALL"},{"data":"HollowMod:BlackTendrils","floor":47.0,"key":"SMITH"},{"data":"HollowMod:HornetsHelp","floor":49.0,"key":"SMITH"}],"circlet_count":0,"master_deck":["HollowMod:NailStrikeStart","HollowMod:NailStrikeStart","HollowMod:NailStrikeStart","HollowMod:NailStrikeStart","HollowMod:QuickDashStart","HollowMod:QuickDashStart","HollowMod:QuickDashStart","HollowMod:QuickDashStart","HollowMod:FocusHealStart","HollowMod:PogoStrike","HollowMod:SoulStrike","Hallucinations","HollowMod:CrystalDash","HollowMod:VoidDash+1","HollowMod:AbyssShriek","HollowMod:WraithStrike","HollowMod:LuriensSpire","HollowMod:HornetsHelp+1","HollowMod:SiblingsSouls","HollowMod:Hiveblood","HollowMod:MidwifesHunger","HollowMod:RecoilStrike","HollowMod:CloakDash+1","HollowMod:BlackTendrils+1","HollowMod:DashSlash+1","HollowMod:SiblingsShadow","HollowMod:Hiveblood+1","HollowMod:SoulMaster+1","HollowMod:ShapeofUnn+1","HollowMod:LifebloodCocoon+1","HollowMod:DescendingDark+1","HollowMod:AbyssShriek+1","HollowMod:DoubleDash+1","HollowMod:ShapeofUnn+1","HollowMod:SiblingsShadow","HollowMod:Weaversong+1","HollowMod:VengefulVoid+1"],"relics":["HollowMod:VesselMask","Potion Belt","ReplayTheSpireMod:Ring of Addiction","White Beast Statue","Chameleon Ring","Ring of Misfortune","Pondfish Scales","Replay:Bottled Snecko","infinitespire:BottledMercury","Regal Pillow","sneckomod:SneckoTalon","Frozen Egg 2","Medical Kit","hubris:Towel","Gremlin Horn","Pocketwatch","Molten Egg 2","Nilry\u0027s Codex","Golden Egg","Coffee Dripper","hubris:SlimyHat","infinitespire:CheckeredPen","Snecko Heart","Ginger","Akabeko","HollowMod:LifeEnderRelic","hubris:Potato","Boot","Lee\u0027s Waffle","infinitespire:EmpoweringShard"],"acts_visited":["Exordium","TheCity","TheBeyond","TheEnding"],"potions_floor_usage":[55,55,55],"damage_taken":[{"damage":0.0,"enemies":"Small Slimes","floor":1.0,"turns":2.0},{"damage":0.0,"enemies":"Cultist","floor":3.0,"turns":4.0},{"damage":0.0,"enemies":"2 Louse","floor":5.0,"turns":3.0},{"damage":0.0,"enemies":"3 Sentries","floor":7.0,"turns":5.0},{"damage":0.0,"enemies":"Red Slaver","floor":10.0,"turns":2.0},{"damage":0.0,"enemies":"2 Fungi Beasts","floor":11.0,"turns":4.0},{"damage":2.0,"enemies":"Lagavulin","floor":12.0,"turns":6.0},{"damage":12.0,"enemies":"Blue Slaver","floor":13.0,"turns":2.0},{"damage":5.0,"enemies":"3 Sentries","floor":14.0,"turns":5.0},{"damage":25.0,"enemies":"HollowMod:FalseKnight","floor":16.0,"turns":10.0},{"damage":20.0,"enemies":"HollowMod:HuskSentry","floor":18.0,"turns":5.0},{"damage":32.0,"enemies":"Shell Parasite","floor":19.0,"turns":6.0},{"damage":46.0,"enemies":"Cultist and Chosen","floor":22.0,"turns":7.0},{"damage":13.0,"enemies":"Gremlin Leader","floor":23.0,"turns":7.0},{"damage":10.0,"enemies":"HollowMod:Nosk","floor":25.0,"turns":9.0},{"damage":10.0,"enemies":"Gremlin Leader","floor":28.0,"turns":6.0},{"damage":16.0,"enemies":"Centurion and Healer","floor":29.0,"turns":7.0},{"damage":30.0,"enemies":"Sentry and Sphere","floor":30.0,"turns":4.0},{"damage":41.0,"enemies":"Collector","floor":33.0,"turns":10.0},{"damage":4.0,"enemies":"3 Darklings","floor":35.0,"turns":5.0},{"damage":7.0,"enemies":"Mind Bloom Boss Battle","floor":37.0,"turns":8.0},{"damage":31.0,"enemies":"3 Shapes","floor":38.0,"turns":2.0},{"damage":45.0,"enemies":"3 Darklings","floor":39.0,"turns":6.0},{"damage":14.0,"enemies":"Nemesis","floor":41.0,"turns":9.0},{"damage":0.0,"enemies":"HollowMod:StalkingDevout","floor":44.0,"turns":4.0},{"damage":32.0,"enemies":"Transient","floor":45.0,"turns":5.0},{"damage":25.0,"enemies":"Replay:Hell Engine","floor":50.0,"turns":9.0},{"damage":60.0,"enemies":"Shield and Spear","floor":54.0,"turns":5.0},{"damage":101,"enemies":"The Heart","floor":55,"turns":8}],"seed_played":"-5854561183124388579","potions_obtained":[{"floor":1.0,"key":"ColorlessPotion"},{"floor":2.0,"key":"LifebloodPotion"},{"floor":2.0,"key":"DistilledChaos"},{"floor":2.0,"key":"DuplicationPotion"},{"floor":3.0,"key":"Adrenaline Potion"},{"floor":5.0,"key":"SneckoOil"},{"floor":7.0,"key":"champ:CounterPotion"},{"floor":10.0,"key":"Toxic Potion"},{"floor":11.0,"key":"Energy Potion"},{"floor":12.0,"key":"Ancient Potion"},{"floor":13.0,"key":"bronze:BurnAndBuffPotion"},{"floor":14.0,"key":"BlessingOfTheForge"},{"floor":16.0,"key":"DistilledChaos"},{"floor":18.0,"key":"SteroidPotion"},{"floor":19.0,"key":"Energy Potion"},{"floor":22.0,"key":"DuplicationPotion"},{"floor":23.0,"key":"PowerPotion"},{"floor":25.0,"key":"Elixir"},{"floor":28.0,"key":"Venom Potion"},{"floor":29.0,"key":"Fire Potion"},{"floor":30.0,"key":"BlessingOfTheForge"},{"floor":33.0,"key":"SpeedPotion"},{"floor":35.0,"key":"Fire Potion"},{"floor":37.0,"key":"Adrenaline Potion"},{"floor":38.0,"key":"Elixir"},{"floor":39.0,"key":"Energy Potion"},{"floor":41.0,"key":"SteroidPotion"},{"floor":44.0,"key":"Strength Potion"},{"floor":45.0,"key":"SpeedPotion"},{"floor":52.0,"key":"PowerPotion"},{"floor":52.0,"key":"Ancient Potion"},{"floor":54.0,"key":"SneckoOil"}],"is_trial":false,"path_per_floor":["M","?","M","T","M","R","E","?","T","M","M","E","M","E","R","B",null,"M","M","$","?","M","E","R","E","T","?","E","M","M","AVR","R","B",null,"M","AVR","?","M","M","R","E","?","T","E","M","$","R","?","R","B",null,"R","$","E","B"],"character_chosen":"THE_BUGKNIGHT","items_purchased":["Frozen Egg 2","Medical Kit","Boot","Lee\u0027s Waffle","Strength Potion","Block Potion"],"campfire_rested":2,"item_purchase_floors":[20,20,46,46,46,46],"current_hp_per_floor":[75,75,75,75,75,75,75,68,68,68,68,66,54,49,75,60,75,67,47,47,47,15,16,52,57,57,41,55,53,28,28,28,41,73,73,73,71,50,51,51,56,56,56,63,54,78,78,78,76,76,76,76,76,19,0,0],"gold":62,"neow_bonus":"RANDOM_COMMON_RELIC","is_daily":false,"chose_seed":false,"campfire_upgraded":3,"win_rate":0.0,"timestamp":1612578584,"path_taken":["M","?","M","?","M","R","E","?","T","M","M","E","?","E","R","BOSS","M","M","$","?","M","E","R","E","T","?","E","M","M","AVR","R","BOSS","M","AVR","?","M","M","R","E","?","T","E","M","$","R","?","R","BOSS","R","$","E","BOSS"],"items_purchased_type":["Relic","Relic","Relic","Relic","Potion","Potion"],"build_version":"2020-12-22","purchased_purges":0,"victory":false,"max_hp_per_floor":[75,75,75,75,75,75,75,75,75,75,75,75,75,75,75,75,75,75,75,75,75,73,73,73,73,73,73,73,73,73,73,73,73,73,73,73,71,71,71,71,71,71,71,71,71,78,78,78,76,76,76,76,76,74,74,74],"card_choices":[{"not_picked":["HollowMod:MawleksShell","HollowMod:BaldurShell"],"picked":"HollowMod:SoulStrike","floor":1.0},{"not_picked":["HollowMod:SharpenedShadows","HollowMod:InfectedCysts"],"picked":"HollowMod:CrystalDash","floor":3.0},{"not_picked":["HollowMod:InfectedCysts","HollowMod:FastStrike"],"picked":"HollowMod:VoidDash","floor":5.0},{"not_picked":["HollowMod:ZotesMagnificence","HollowMod:DescendingDark"],"picked":"HollowMod:AbyssShriek","floor":7.0},{"not_picked":["HollowMod:MantisMark","HollowMod:InfectedCysts"],"picked":"HollowMod:WraithStrike","floor":10.0},{"not_picked":["HollowMod:DashSlash","HollowMod:CycloneSlash"],"picked":"HollowMod:LuriensSpire","floor":11.0},{"not_picked":["HollowMod:GrimmsGift","HollowMod:RecoilStrike"],"picked":"HollowMod:HornetsHelp","floor":12.0},{"not_picked":["HollowMod:SoulShaman","HollowMod:PureNailStrike"],"picked":"HollowMod:SiblingsSouls","floor":13.0},{"not_picked":["HollowMod:NewJinnsSoul","HollowMod:VengefulVoid"],"picked":"HollowMod:Hiveblood","floor":14.0},{"not_picked":["HollowMod:NewInfectedGuardian","HollowMod:PureVessel"],"picked":"HollowMod:MidwifesHunger","floor":16.0},{"not_picked":["HollowMod:LuriensSpire+1","HollowMod:InfectionAssault","HollowMod:LifebloodCocoon"],"picked":"SKIP","floor":18.0},{"not_picked":["HollowMod:NewGlowingWomb+1","HollowMod:SoulSplash"],"picked":"HollowMod:RecoilStrike","floor":19.0},{"not_picked":["HollowMod:SiblingsSouls","HollowMod:Grubsong+1","HollowMod:InfectedCysts"],"picked":"SKIP","floor":22.0},{"not_picked":["HollowMod:FastStrike+1","HollowMod:LuriensSpire"],"picked":"HollowMod:CloakDash+1","floor":23.0},{"not_picked":["HollowMod:InfectedAttack","HollowMod:CycloneSlash"],"picked":"HollowMod:BlackTendrils","floor":25.0},{"not_picked":["HollowMod:HerrahsAnger","HollowMod:LifebloodCocoon"],"picked":"HollowMod:DashSlash+1","floor":28.0},{"not_picked":["HollowMod:VengefulSpirit+1","HollowMod:NewLittleFool+1"],"picked":"HollowMod:SiblingsShadow","floor":29.0},{"not_picked":["HollowMod:InfectedCysts+1","HollowMod:NewGlowingWomb+1"],"picked":"HollowMod:Hiveblood","floor":30.0},{"not_picked":["HollowMod:LifebloodCore","HollowMod:Hiveblood"],"picked":"HollowMod:SoulMaster+1","floor":33.0},{"not_picked":["HollowMod:CornifersMapStart+1","HollowMod:WraithStrike+1"],"picked":"HollowMod:ShapeofUnn+1","floor":35.0},{"not_picked":["HollowMod:MonarchWings+1","HollowMod:MothsMistake+1"],"picked":"HollowMod:LifebloodCocoon+1","floor":37.0},{"not_picked":["HollowMod:DreamGate","HollowMod:FastStrike+1"],"picked":"HollowMod:DescendingDark+1","floor":38.0},{"not_picked":["HollowMod:HuntersJournal","HollowMod:MawleksShell"],"picked":"HollowMod:AbyssShriek+1","floor":39.0},{"not_picked":["HollowMod:PureNailStrike+1","HollowMod:ZotesMagnificence+1"],"picked":"HollowMod:DoubleDash+1","floor":41.0},{"not_picked":["HollowMod:CoiledNail+1","HollowMod:Grubsong+1"],"picked":"HollowMod:ShapeofUnn+1","floor":44.0},{"not_picked":["HollowMod:InfectedCysts+1","HollowMod:CycloneSlash+1"],"picked":"HollowMod:SiblingsShadow","floor":45.0},{"not_picked":["HollowMod:SoulEater+1","HollowMod:SoulStrike+1"],"picked":"HollowMod:VengefulVoid+1","floor":54.0}],"player_experience":588643,"relics_obtained":[{"floor":2.0,"key":"ReplayTheSpireMod:Ring of Addiction"},{"floor":2.0,"key":"White Beast Statue"},{"floor":2.0,"key":"Chameleon Ring"},{"floor":2.0,"key":"Ring of Misfortune"},{"floor":4.0,"key":"Pondfish Scales"},{"floor":7.0,"key":"Replay:Bottled Snecko"},{"floor":12.0,"key":"infinitespire:BottledMercury"},{"floor":14.0,"key":"Regal Pillow"},{"floor":23.0,"key":"Gremlin Horn"},{"floor":25.0,"key":"Pocketwatch"},{"floor":26.0,"key":"Molten Egg 2"},{"floor":27.0,"key":"Nilry\u0027s Codex"},{"floor":28.0,"key":"Golden Egg"},{"floor":32.0,"key":"infinitespire:CheckeredPen"},{"floor":37.0,"key":"Ginger"},{"floor":41.0,"key":"Akabeko"},{"floor":43.0,"key":"HollowMod:LifeEnderRelic"},{"floor":44.0,"key":"hubris:Potato"},{"floor":54.0,"key":"infinitespire:EmpoweringShard"}],"event_choices":[{"damage_healed":0.0,"max_hp_gain":0.0,"max_hp_loss":0.0,"gold_gain":0.0,"event_name":"Wheel of Change","player_choice":"Damaged","floor":8.0,"gold_loss":0.0,"damage_taken":7.0},{"damage_healed":0.0,"max_hp_gain":0.0,"max_hp_loss":0.0,"gold_gain":0.0,"event_name":"Cursed Tome","player_choice":"Obtained Book","floor":27.0,"gold_loss":0.0,"damage_taken":16.0},{"damage_healed":0.0,"max_hp_gain":0.0,"max_hp_loss":0.0,"gold_gain":0.0,"event_name":"MindBloom","player_choice":"Fight","floor":37.0,"gold_loss":0.0,"damage_taken":0.0},{"damage_healed":0.0,"max_hp_gain":0.0,"max_hp_loss":0.0,"gold_gain":0.0,"event_name":"Match and Keep!","player_choice":"1 cards matched","floor":48.0,"gold_loss":0.0,"damage_taken":0.0,"cards_obtained":["HollowMod:Weaversong"]}],"is_beta":false,"boss_relics":[{"not_picked":["Ectoplasm","hubris:VirtuousBlindfold"],"picked":"sneckomod:SneckoTalon"},{"not_picked":["hubris:GrandSneckoEye","Calling Bell"],"picked":"Snecko Heart"}],"items_purged_floors":[],"is_endless":false,"potions_floor_spawned":[1,3,5,7,10,11,12,13,14,16,18,19,22,23,25,28,29,30,33,35,37,38,39,41,44,45,54],"killed_by":"The Heart","ascension_level":2}}