{"host":"815dqs41i1y8uxms","time":1612645311,"event":{"mods":["A Penny For Your Troubles","Act Like it!","BaseMod","GungeonMod","Minty Spire (QoL Compilation)","Rare Cards Sparkle","Shop Mod","Spire Arcade","StSLib"],"gold_per_floor":[117,83,99,99,114,114,140,166,166,181,225,225,243,259,259,259,259],"floor_reached":16,"language":"ENG","playtime":704,"items_purged":[],"score":114,"play_id":"3a073e1d-551b-4e4b-bed1-9b04441caabf","local_time":"20210206220151","is_ascension_mode":false,"campfire_choices":[{"data":"DemoMod:ManualReload","floor":6,"key":"SMITH"},{"floor":15,"key":"REST"}],"circlet_count":0,"master_deck":["DemoMod:Strike_Huntress","DemoMod:Strike_Huntress","DemoMod:Strike_Huntress","DemoMod:Defend_Huntress","DemoMod:Defend_Huntress","DemoMod:Defend_Huntress","DemoMod:Defend_Huntress","DemoMod:Roll","DemoMod:ManualReload+1","DemoMod:RustySidearm","DemoMod:CrossBow","DemoMod:StrategicReserve","DemoMod:SkilledReload","DemoMod:CombinedRifle","DemoMod:GunShield","Forethought+1","DemoMod:ManualReload+1","DemoMod:AWP","DemoMod:FinishedGun","DemoMod:SAA","DemoMod:TableSutra","DemoMod:Evolver","Injury","DemoMod:Unity","DemoMod:PotionOfGunFriendShip","DemoMod:Unmoved"],"relics":["DemoMod:Dog","Pen Nib","DemoMod:HoleyGrail","Ginger","War Paint","Golden Idol"],"acts_visited":["Exordium"],"potions_floor_usage":[7,16],"damage_taken":[{"damage":3,"enemies":"2 Louse","floor":1,"turns":3},{"damage":3,"enemies":"Cultist","floor":3,"turns":4},{"damage":2,"enemies":"Jaw Worm","floor":5,"turns":5},{"damage":6,"enemies":"Gremlin Nob","floor":7,"turns":3},{"damage":0,"enemies":"2 Fungi Beasts","floor":8,"turns":2},{"damage":11,"enemies":"Blue Slaver","floor":10,"turns":2},{"damage":11,"enemies":"3 Sentries","floor":11,"turns":3},{"damage":5,"enemies":"Looter","floor":13,"turns":2},{"damage":0,"enemies":"Exordium Thugs","floor":14,"turns":5},{"damage":52,"enemies":"Hexaghost","floor":16,"turns":4}],"seed_played":"-8701518439440328733","potions_obtained":[{"floor":1,"key":"DistilledChaos"},{"floor":13,"key":"ColorlessPotion"},{"floor":14,"key":"SteroidPotion"}],"is_trial":false,"path_per_floor":["M","$","M","?","M","R","E","M","T","M","E","?","M","M","R","B"],"character_chosen":"HUNTRESS","items_purchased":["DemoMod:CombinedRifle"],"campfire_rested":1,"item_purchase_floors":[2],"current_hp_per_floor":[67,67,64,64,62,62,56,56,56,45,34,34,29,29,50,0,0],"gold":259,"neow_bonus":"RANDOM_COMMON_RELIC","is_daily":false,"chose_seed":false,"campfire_upgraded":1,"win_rate":0.0,"timestamp":1612645311,"path_taken":["M","$","M","?","?","R","E","M","T","M","E","?","M","M","R","BOSS"],"items_purchased_type":["Card"],"build_version":"2020-12-22","purchased_purges":0,"victory":false,"max_hp_per_floor":[70,70,70,70,70,70,70,70,70,70,70,70,70,70,70,70,70],"card_choices":[{"not_picked":["DemoMod:AC15","DemoMod:BattleInHaste"],"picked":"DemoMod:StrategicReserve","floor":1},{"not_picked":["DemoMod:HighKaliber","DemoMod:HardPowerCard"],"picked":"DemoMod:SkilledReload","floor":1},{"not_picked":["DemoMod:ChanceBullets","DemoMod:MegaHand"],"picked":"DemoMod:GunShield","floor":3},{"not_picked":["DemoMod:MachoBrace","DemoMod:DirectionalPad"],"picked":"DemoMod:AWP","floor":5},{"not_picked":["DemoMod:GunstockTap","DemoMod:HighKaliber"],"picked":"DemoMod:FinishedGun","floor":7},{"not_picked":["DemoMod:StickyCrossBow","DemoMod:AC15"],"picked":"DemoMod:SAA","floor":8},{"not_picked":["DemoMod:ConditionalReflex","DemoMod:MachoBrace"],"picked":"DemoMod:TableSutra","floor":10},{"not_picked":["DemoMod:Casey","DemoMod:SpreadAmmo"],"picked":"DemoMod:Evolver","floor":11},{"not_picked":["DemoMod:JK47","DemoMod:HardPowerCard"],"picked":"DemoMod:Unity","floor":13},{"not_picked":["DemoMod:DoubleSwitch","DemoMod:HuntsMan"],"picked":"DemoMod:PotionOfGunFriendShip","floor":13},{"not_picked":["DemoMod:StickyCrossBow","DemoMod:FastSwitch"],"picked":"DemoMod:Unmoved","floor":14}],"player_experience":3750514,"relics_obtained":[{"floor":7,"key":"DemoMod:HoleyGrail"},{"floor":9,"key":"Ginger"},{"floor":11,"key":"War Paint"}],"event_choices":[{"damage_healed":0,"gold_gain":0,"player_choice":"2 cards matched","damage_taken":0,"max_hp_gain":0,"max_hp_loss":0,"event_name":"Match and Keep!","floor":4,"gold_loss":0,"cards_obtained":["Forethought","DemoMod:ManualReload"]},{"damage_healed":0,"gold_gain":0,"player_choice":"Take Wound","damage_taken":0,"relics_obtained":["Golden Idol"],"max_hp_gain":0,"max_hp_loss":0,"event_name":"Golden Idol","floor":12,"gold_loss":0,"cards_obtained":["Injury"]}],"is_beta":false,"boss_relics":[],"items_purged_floors":[],"is_endless":false,"potions_floor_spawned":[1,13,14],"killed_by":"Hexaghost","ascension_level":0}}