{"host":"1q02rw1wpi0nrsss","time":1612628077,"event":{"mods":["AchievementEnabler","BaseMod","Better Note","Better Third Choice","Bossed Relics","Custom Start","Dark Map","DeckTracker","Disable Question Mark Monsters","Minty Spire (QoL Compilation)","Permanent Neow","Quick Restart","Rare Cards Sparkle","Relic Stats","StSLib","??????REMEMod"],"gold_per_floor":[117,117,42,55,72,72,101,118,118,131,141,141,152,162,162,261,261,275,200,200,219,219,219,14,114,114,131,131,147,147,147],"floor_reached":30,"language":"ENG","playtime":905,"items_purged":["Strike_R"],"score":306,"play_id":"862ab72f-6fd4-40d6-bb1a-d3e30c086de1","local_time":"20210206081437","is_ascension_mode":true,"campfire_choices":[{"data":"Uppercut","floor":6,"key":"SMITH"},{"data":"Rage","floor":15,"key":"SMITH"},{"data":"Seeing Red","floor":23,"key":"SMITH"},{"data":"True Grit","floor":28,"key":"SMITH"}],"circlet_count":0,"master_deck":["Strike_R","Strike_R","Strike_R","Defend_R","Defend_R","Defend_R","Defend_R","Bash","Ragnarok+1","Uppercut+1","Rage+1","Feed","Ghostly Armor","Impervious","Seeing Red+1","Writhe","True Grit+1","Clumsy","Warcry+1"],"relics":["Burning Blood","REME_ComplimentaryCards","Eternal Feather","Ginger","FaceOfCleric","Cursed Key","MutagenicStrength","Lizard Tail","Bag of Marbles","MealTicket"],"acts_visited":["Exordium","TheCity"],"potions_floor_usage":[13,13,16,16,27,29],"damage_taken":[{"damage":1,"enemies":"Cultist","floor":1,"turns":3},{"damage":2,"enemies":"Jaw Worm","floor":4,"turns":2},{"damage":0,"enemies":"2 Louse","floor":5,"turns":1},{"damage":47,"enemies":"3 Sentries","floor":7,"turns":8},{"damage":4,"enemies":"2 Fungi Beasts","floor":8,"turns":4},{"damage":8,"enemies":"Blue Slaver","floor":10,"turns":3},{"damage":2,"enemies":"3 Louse","floor":11,"turns":3},{"damage":10,"enemies":"Gremlin Gang","floor":13,"turns":4},{"damage":0,"enemies":"Looter","floor":14,"turns":2},{"damage":62,"enemies":"Slime Boss","floor":16,"turns":9},{"damage":20,"enemies":"Spheric Guardian","floor":18,"turns":4},{"damage":0,"enemies":"Shell Parasite","floor":21,"turns":5},{"damage":3,"enemies":"Snecko","floor":27,"turns":5},{"damage":9,"enemies":"Shelled Parasite and Fungi","floor":29,"turns":2},{"damage":156,"enemies":"Gremlin Leader","floor":30,"turns":11}],"seed_played":"-6613526877553382185","potions_obtained":[{"floor":4,"key":"GamblersBrew"},{"floor":8,"key":"AttackPotion"},{"floor":11,"key":"Block Potion"},{"floor":14,"key":"ColorlessPotion"},{"floor":18,"key":"DistilledChaos"},{"floor":27,"key":"SkillPotion"}],"is_trial":false,"path_per_floor":["M","?","$","M","M","R","E","M","T","M","M","?","M","M","R","B",null,"M","?","?","M","?","R","$","?","T","M","R","M","E"],"character_chosen":"IRONCLAD","items_purchased":["Bag of Marbles","True Grit"],"campfire_rested":0,"item_purchase_floors":[24,24],"current_hp_per_floor":[88,88,88,88,88,88,47,49,49,47,54,54,54,61,67,12,97,84,84,84,94,94,102,102,102,102,103,103,101,0,0],"gold":147,"neow_bonus":"TEN_PERCENT_HP_BONUS","is_daily":false,"chose_seed":false,"campfire_upgraded":4,"win_rate":0.0,"timestamp":1612628077,"path_taken":["M","?","?","M","M","R","E","M","T","M","M","?","M","?","R","BOSS","M","?","?","M","?","R","$","?","T","M","R","M","E"],"items_purchased_type":["Relic","Card"],"build_version":"2020-12-22","purchased_purges":1,"victory":false,"max_hp_per_floor":[88,88,88,88,88,88,88,88,88,88,91,91,95,96,96,97,97,98,98,98,102,102,102,102,102,102,103,103,104,104,104],"relic_stats":{"Lizard Tail":52,"FaceOfCleric":7,"counters":[15,66],"Eternal Feather":14,"MealTicket":0,"Ginger":[6],"Cursed Key":1,"obtain_stats":[{"Lizard Tail":22,"FaceOfCleric":12,"MutagenicStrength":20,"Eternal Feather":7,"MealTicket":26,"Bag of Marbles":24,"Ginger":9,"Cursed Key":17,"Burning Blood":0,"REME_ComplimentaryCards":0},{"Lizard Tail":12,"FaceOfCleric":7,"MutagenicStrength":11,"Eternal Feather":4,"MealTicket":12,"Bag of Marbles":12,"Ginger":5,"Cursed Key":10,"Burning Blood":0,"REME_ComplimentaryCards":0},{"Lizard Tail":48,"FaceOfCleric":24,"MutagenicStrength":43,"Eternal Feather":14,"MealTicket":48,"Bag of Marbles":48,"Ginger":18,"Cursed Key":39,"Burning Blood":0,"REME_ComplimentaryCards":0}],"Burning Blood":66},"card_choices":[{"not_picked":["Infernal Blade","Armaments","Body Slam"],"picked":"SKIP","floor":1},{"not_picked":["Iron Wave","REME_SingleHolding","Wild Strike"],"picked":"SKIP","floor":4},{"not_picked":["Clothesline","Havoc"],"picked":"Uppercut","floor":5},{"not_picked":["Dark Embrace","Fire Breathing","Body Slam"],"picked":"SKIP","floor":7},{"not_picked":["Twin Strike","Wild Strike"],"picked":"Rage","floor":8},{"not_picked":["Heavy Blade","Armaments"],"picked":"Feed","floor":10},{"not_picked":["Power Through","Rampage","Pommel Strike"],"picked":"SKIP","floor":11},{"not_picked":["Entrench","Cleave"],"picked":"Ghostly Armor","floor":13},{"not_picked":["Headbutt","Heavy Blade","Rupture"],"picked":"SKIP","floor":14},{"not_picked":["Brutality","REME_TheLastStrike"],"picked":"Impervious","floor":16},{"not_picked":["True Grit","Twin Strike"],"picked":"Seeing Red","floor":18},{"not_picked":["Dark Embrace","Sever Soul","Heavy Blade"],"picked":"SKIP","floor":21},{"not_picked":["Pommel Strike+1","Dropkick","Havoc+1"],"picked":"SKIP","floor":27},{"not_picked":["REME_SingleHolding","Havoc"],"picked":"Warcry+1","floor":29}],"player_experience":91965,"relics_obtained":[{"floor":7,"key":"Eternal Feather"},{"floor":9,"key":"Ginger"},{"floor":26,"key":"MealTicket"}],"event_choices":[{"damage_healed":0,"gold_gain":0,"player_choice":"Forge","damage_taken":0,"max_hp_gain":0,"max_hp_loss":0,"event_name":"Accursed Blacksmith","floor":2,"gold_loss":0,"cards_upgraded":["Ragnarok"]},{"damage_healed":0,"gold_gain":0,"player_choice":"Trade","damage_taken":0,"relics_obtained":["FaceOfCleric"],"max_hp_gain":0,"max_hp_loss":0,"event_name":"FaceTrader","floor":12,"gold_loss":0},{"cards_removed":["Strike_R"],"damage_healed":0,"gold_gain":0,"player_choice":"Gave Gold","damage_taken":0,"max_hp_gain":0,"max_hp_loss":0,"event_name":"Beggar","floor":19,"gold_loss":75},{"damage_healed":0,"gold_gain":0,"player_choice":"Inject Mutagens","damage_taken":0,"relics_obtained":["MutagenicStrength"],"max_hp_gain":0,"max_hp_loss":0,"event_name":"Drug Dealer","floor":20,"gold_loss":0},{"damage_healed":0,"gold_gain":0,"player_choice":"Opened","damage_taken":0,"relics_obtained":["Lizard Tail"],"max_hp_gain":0,"max_hp_loss":0,"event_name":"The Mausoleum","floor":22,"gold_loss":0,"cards_obtained":["Writhe"]},{"damage_healed":0,"gold_gain":100,"player_choice":"Pray","damage_taken":0,"max_hp_gain":0,"max_hp_loss":0,"event_name":"Golden Shrine","floor":25,"gold_loss":0}],"is_beta":false,"boss_relics":[{"not_picked":["Philosopher\u0027s Stone","Ectoplasm"],"picked":"Cursed Key"}],"items_purged_floors":[3],"is_endless":false,"potions_floor_spawned":[4,8,11,14,18,27],"killed_by":"Gremlin Leader","ascension_level":4}}