{"host":"6febr6iklru1ag3j","time":1612634719,"event":{"mods":["BaseMod","Better Note","DeckTracker","Hubris","Minty Spire (QoL Compilation)","Replay The Spire","Shop Mod","StSLib","slay the spire mod where everything is the same but ironclad has a cowboy hat"],"gold_per_floor":[111,125,50,50,61,61,78,113,113,123,123,136,136,149,149,252,252,269,288,300,37,37,68,68,68,68],"floor_reached":25,"language":"ENG","playtime":1396,"items_purged":["Night Terror","Grand Finale"],"score":259,"play_id":"a440bd17-e480-4c09-a889-ec8378d7501b","local_time":"20210206130519","is_ascension_mode":true,"campfire_choices":[{"data":"Cloak And Dagger","floor":6,"key":"SMITH"},{"data":"Finisher","floor":11,"key":"SMITH"},{"floor":13,"key":"REST"},{"data":"Prepared","floor":15,"key":"SMITH"},{"floor":24,"key":"REST"}],"circlet_count":0,"master_deck":["Survivor","Neutralize","Sucker Punch","Night Terror","Accuracy","Heel Hook","Finisher+1","After Image","PiercingWail","Outmaneuver","All Out Attack","Cloak And Dagger+1","Cloak And Dagger+1","Prepared+1","Replay:Bag of Tricks","Cloak And Dagger+1","Slice","Blade Dance","Blade Dance","ReplayTheSpireMod:Scrap Shanks","Dagger Spray"],"relics":["Pandora\u0027s Box","Blue Candle","Toy Ornithopter","hubris:Backtick","hubris:MysteriousPyramids","Omamori"],"acts_visited":["Exordium","TheCity"],"potions_floor_usage":[],"damage_taken":[{"damage":0,"enemies":"Cultist","floor":1,"turns":4},{"damage":1,"enemies":"Small Slimes","floor":2,"turns":4},{"damage":0,"enemies":"Jaw Worm","floor":5,"turns":3},{"damage":0,"enemies":"Large Slime","floor":7,"turns":4},{"damage":11,"enemies":"Gremlin Nob","floor":8,"turns":4},{"damage":1,"enemies":"Looter","floor":10,"turns":2},{"damage":1,"enemies":"3 Louse","floor":12,"turns":3},{"damage":0,"enemies":"Red Slaver","floor":14,"turns":2},{"damage":39,"enemies":"Fading Forest","floor":16,"turns":11},{"damage":8,"enemies":"Shell Parasite","floor":18,"turns":4},{"damage":12,"enemies":"2 Thieves","floor":19,"turns":4},{"damage":9,"enemies":"Shelled Parasite and Fungi","floor":20,"turns":4},{"damage":26,"enemies":"Slavers","floor":23,"turns":5},{"damage":25,"enemies":"Book of Stabbing","floor":25,"turns":4}],"seed_played":"8102659437256033806","potions_obtained":[{"floor":8,"key":"Dexterity Potion"},{"floor":10,"key":"Elixir"},{"floor":12,"key":"SpeedPotion"}],"is_trial":false,"path_per_floor":["M","M","$","?","M","R","M","E","T","M","R","M","R","M","R","B",null,"M","M","M","$","?","E","R","E"],"character_chosen":"THE_SILENT","items_purchased":["Blade Dance","ReplayTheSpireMod:Scrap Shanks","Dagger Spray"],"campfire_rested":2,"item_purchase_floors":[21,21,21],"current_hp_per_floor":[70,69,69,69,69,69,69,58,58,57,57,56,70,70,70,31,70,62,50,41,41,28,2,24,0,0],"gold":68,"neow_bonus":"BOSS_RELIC","is_daily":false,"chose_seed":false,"campfire_upgraded":3,"win_rate":0.0,"timestamp":1612634719,"path_taken":["M","?","$","?","M","R","M","E","T","M","R","M","R","M","R","BOSS","M","M","M","$","?","E","R","E"],"items_purchased_type":["Card","Card","Card"],"build_version":"2020-12-22","purchased_purges":2,"victory":false,"max_hp_per_floor":[70,70,70,70,70,70,70,70,70,70,70,70,70,70,70,70,70,70,70,70,70,75,75,75,75,75],"card_choices":[{"not_picked":["Acrobatics","Terror"],"picked":"All Out Attack","floor":1},{"not_picked":["ReplayTheSpireMod:Shiv Toss","Dagger Spray"],"picked":"Cloak And Dagger","floor":2},{"not_picked":["Blur","Finisher"],"picked":"Cloak And Dagger","floor":5},{"not_picked":["Sucker Punch","Underhanded Strike","All Out Attack"],"picked":"SKIP","floor":7},{"not_picked":["Outmaneuver","hubris:SlightOfHand","Reflex"],"picked":"SKIP","floor":8},{"not_picked":["Dodge and Roll","Deadly Poison","Acrobatics"],"picked":"SKIP","floor":10},{"not_picked":["ReplayTheSpireMod:Scrap Shanks","Setup","Poisoned Stab"],"picked":"SKIP","floor":12},{"not_picked":["Masterful Stab","Footwork"],"picked":"Prepared","floor":14},{"not_picked":["Night Terror","Adrenaline"],"picked":"Replay:Bag of Tricks","floor":16},{"not_picked":["Cloak And Dagger","Sucker Punch","Deflect"],"picked":"SKIP","floor":18},{"not_picked":["Outmaneuver+1","Deadly Poison"],"picked":"Cloak And Dagger+1","floor":19},{"not_picked":["Replay:Poison Smokescreen+1","Prepared"],"picked":"Slice","floor":20},{"not_picked":["A Thousand Cuts","Flechettes","Deadly Poison"],"picked":"SKIP","floor":23}],"player_experience":439912,"relics_obtained":[{"floor":8,"key":"Blue Candle"},{"floor":9,"key":"Toy Ornithopter"},{"floor":23,"key":"Omamori"}],"event_choices":[{"damage_healed":0,"gold_gain":0,"player_choice":"Shed Blood","damage_taken":18,"max_hp_gain":5,"max_hp_loss":0,"event_name":"Forgotten Altar","floor":22,"gold_loss":0}],"is_beta":false,"boss_relics":[{"not_picked":["Philosopher\u0027s Stone","Abe\u0027s Treasure"],"picked":"hubris:Backtick"}],"items_purged_floors":[3,21],"is_endless":false,"potions_floor_spawned":[8,10,12,19,20],"killed_by":"Book of Stabbing","ascension_level":3}}