{"host":"sian7qp8a9pc9xwd","time":1612574127,"event":{"mods":["BaseMod","Minty Spire (QoL Compilation)","StSLib","SuperFastMode"],"gold_per_floor":[109,126,51,65,83,83,99,119,197,207,224,224,244,254,254,325,325,336,336,142,157,157,157,172,62,62,62,75,0,0,19,19,19,19],"floor_reached":33,"language":"ENG","playtime":1581,"items_purged":["Strike_B"],"score":441,"play_id":"61643999-e171-424f-bc1d-e2208dfe4b23","local_time":"20210205201527","is_ascension_mode":true,"campfire_choices":[{"data":"Sunder","floor":6.0,"key":"SMITH"},{"floor":12.0,"key":"REST"},{"data":"Defragment","floor":15.0,"key":"SMITH"},{"data":"Buffer","floor":23,"key":"SMITH"},{"data":"Biased Cognition","floor":27,"key":"SMITH"},{"data":"Coolheaded","floor":32,"key":"SMITH"}],"circlet_count":0,"master_deck":["AscendersBane","Strike_B+1","Strike_B","Defend_B","Defend_B","Defend_B","Defend_B","Zap","Dualcast","Biased Cognition+1","Ball Lightning","Conserve Battery","Sunder+1","Conserve Battery","Capacitor","Defragment+1","Buffer+1","Hologram+1","White Noise","Coolheaded+1","White Noise+1"],"relics":["FrozenCore","Question Card","Lantern","Ornamental Fan"],"acts_visited":["Exordium","TheCity"],"potions_floor_usage":[24],"damage_taken":[{"damage":1.0,"enemies":"Cultist","floor":1.0,"turns":3.0},{"damage":10.0,"enemies":"Small Slimes","floor":2.0,"turns":3.0},{"damage":12.0,"enemies":"Jaw Worm","floor":4.0,"turns":2.0},{"damage":1.0,"enemies":"2 Fungi Beasts","floor":5.0,"turns":2.0},{"damage":0.0,"enemies":"Exordium Thugs","floor":7.0,"turns":3.0},{"damage":9.0,"enemies":"Red Slaver","floor":8.0,"turns":3.0},{"damage":3.0,"enemies":"Large Slime","floor":10.0,"turns":3.0},{"damage":0.0,"enemies":"3 Louse","floor":11.0,"turns":2.0},{"damage":4.0,"enemies":"2 Fungi Beasts","floor":13.0,"turns":3.0},{"damage":16.0,"enemies":"Blue Slaver","floor":14.0,"turns":3.0},{"damage":28.0,"enemies":"Slime Boss","floor":16.0,"turns":7.0},{"damage":0.0,"enemies":"Chosen","floor":18.0,"turns":7.0},{"damage":0.0,"enemies":"Shell Parasite","floor":21.0,"turns":5.0},{"damage":4,"enemies":"Shelled Parasite and Fungi","floor":24,"turns":5},{"damage":9,"enemies":"Centurion and Healer","floor":28,"turns":7},{"damage":28,"enemies":"Snake Plant","floor":31,"turns":5},{"damage":0,"enemies":"Champ","floor":33,"turns":2}],"seed_played":"-4344639853721918210","potions_obtained":[{"floor":1.0,"key":"Dexterity Potion"},{"floor":5.0,"key":"Strength Potion"},{"floor":8.0,"key":"Explosive Potion"},{"floor":16.0,"key":"Block Potion"},{"floor":24,"key":"PotionOfCapacity"}],"is_trial":false,"path_per_floor":["M","M","$","M","M","R","M","M","T","M","M","R","M","M","R","B",null,"M","?","$","M","?","R","M","?","T","R","M","$","?","M","R","B"],"character_chosen":"DEFECT","items_purchased":["Sunder","Lantern","Coolheaded"],"campfire_rested":1,"item_purchase_floors":[3,20,20],"current_hp_per_floor":[63,53,53,41,40,40,40,31,31,28,28,49,45,29,29,1,54,54,54,54,54,54,54,50,50,50,50,41,41,41,13,13,13,13],"gold":19,"neow_bonus":"ONE_RANDOM_RARE_CARD","is_daily":false,"chose_seed":false,"campfire_upgraded":5,"win_rate":0.0,"timestamp":1612574127,"path_taken":["M","?","?","?","M","R","M","M","T","M","M","R","M","M","R","BOSS","M","?","$","M","?","R","M","?","T","R","?","?","?","M","R","BOSS"],"items_purchased_type":["Card","Relic","Card"],"build_version":"2020-12-22","purchased_purges":1,"victory":false,"max_hp_per_floor":[71,71,71,71,71,71,71,71,71,71,71,71,71,71,71,71,71,71,71,71,71,71,71,71,71,71,71,71,71,71,71,71,71,71],"card_choices":[{"not_picked":["Consume","Redo"],"picked":"Ball Lightning","floor":1.0},{"not_picked":["Rebound","Barrage"],"picked":"Conserve Battery","floor":2.0},{"not_picked":["Hologram","Rip and Tear","Rebound"],"picked":"SKIP","floor":4.0},{"not_picked":["Melter","Consume"],"picked":"Conserve Battery","floor":5.0},{"not_picked":["Reinforced Body","Hologram","Leap"],"picked":"SKIP","floor":7.0},{"not_picked":["Reinforced Body","Turbo","Steam"],"picked":"SKIP","floor":8.0},{"not_picked":["Storm","Streamline","Melter","Compile Driver"],"picked":"SKIP","floor":10.0},{"not_picked":["Redo","Reboot","Turbo"],"picked":"Capacitor","floor":11.0},{"not_picked":["Capacitor","Darkness","Steam","Leap"],"picked":"SKIP","floor":13.0},{"not_picked":["Stack","Hologram","Conserve Battery"],"picked":"Defragment","floor":14.0},{"not_picked":["Rainbow","Multi-Cast","Amplify"],"picked":"Buffer","floor":16.0},{"not_picked":["Sunder","Chill+1","Rebound"],"picked":"Hologram+1","floor":18.0},{"not_picked":["Ball Lightning","Rip and Tear","Darkness"],"picked":"White Noise+1","floor":21.0},{"not_picked":["Sunder","Capacitor","Melter","Gash+1"],"picked":"SKIP","floor":24},{"not_picked":["Turbo","Leap","Barrage","Genetic Algorithm"],"picked":"SKIP","floor":28},{"not_picked":["Fusion","Turbo","Stack","Genetic Algorithm"],"picked":"SKIP","floor":31}],"player_experience":928947,"relics_obtained":[{"floor":9.0,"key":"Question Card"},{"floor":26,"key":"Ornamental Fan"}],"event_choices":[{"damage_healed":0.0,"max_hp_gain":0.0,"max_hp_loss":0.0,"gold_gain":0.0,"event_name":"The Library","player_choice":"Read","floor":19.0,"gold_loss":0.0,"damage_taken":0.0,"cards_obtained":["White Noise"]},{"damage_healed":0,"gold_gain":0,"player_choice":"Ignored","damage_taken":0,"max_hp_gain":0,"max_hp_loss":0,"event_name":"The Mausoleum","floor":22,"gold_loss":0},{"cards_removed":["Strike_B"],"damage_healed":0,"gold_gain":0,"player_choice":"Upgrade and Remove","damage_taken":0,"max_hp_gain":0,"max_hp_loss":0,"event_name":"Designer","floor":25,"gold_loss":110,"cards_upgraded":["Strike_B"]},{"damage_healed":0,"gold_gain":0,"player_choice":"Ignored","damage_taken":0,"max_hp_gain":0,"max_hp_loss":0,"event_name":"Vampires","floor":30,"gold_loss":0}],"is_beta":false,"boss_relics":[{"not_picked":["SacredBark","Pandora\u0027s Box"],"picked":"FrozenCore"}],"items_purged_floors":[29],"is_endless":false,"potions_floor_spawned":[1,5,8,16,24,31],"killed_by":"Champ","ascension_level":16}}