{"host":"6rz02yiipefhcw4r","time":1612607992,"event":{"mods":["2.2 Compatiblity","BaseMod","Block Reminder","Colored Map","Curses Come First","DeckTracker","Googly Eyes","Minty Spire (QoL Compilation)","Quick Restart","Rare Cards Sparkle","StSLib"],"gold_per_floor":[109,109,122,140,66,99,99,99,99,119,135,166,182,182,182,255,255,255,255,27,27,27,27,27,27,27,27,27,27,27,27,27,27,27,27,27,27,27,27,27,27,27,27,27,27,27,27,27,27,27,27,27,27,27,27,27,27],"floor_reached":56,"language":"ENG","playtime":2989,"items_purged":["Strike_G"],"score":2049,"play_id":"0d0b7068-5a56-442d-9cd6-f1df6d2c7799","local_time":"20210206083952","is_ascension_mode":true,"campfire_choices":[{"data":"Infinite Blades","floor":7.0,"key":"SMITH"},{"floor":15.0,"key":"REST"},{"floor":24.0,"key":"REST"},{"floor":27.0,"key":"REST"},{"data":"Accuracy","floor":32.0,"key":"SMITH"},{"floor":41,"key":"RECALL"},{"floor":44,"key":"REST"},{"data":"Cloak And Dagger","floor":49,"key":"SMITH"},{"data":"Footwork","floor":53,"key":"SMITH"}],"circlet_count":0,"master_deck":["AscendersBane","Strike_G","Strike_G","Strike_G","Defend_G","Defend_G","Defend_G","Defend_G","Defend_G","Survivor","Neutralize","Infinite Blades+1","Endless Agony","Sucker Punch","Accuracy+1","Dash","Infinite Blades","Terror","PiercingWail","Footwork+1","Phantasmal Killer","Acrobatics","Blade Dance","Well Laid Plans","Accuracy","Backstab+1","Deflect","Cloak And Dagger+1","After Image+1","Endless Agony+1","Footwork+1","Dodge and Roll+1","Blade Dance+1","Backflip","Acrobatics","Dodge and Roll+1"],"relics":["Ring of the Snake","NeowsBlessing","White Beast Statue","The Courier","Blood Vial","Thread and Needle","Ectoplasm","OrangePellets","Bird Faced Urn","Molten Egg 2","Potion Belt","Kunai","WristBlade","Snake Skull","Strawberry","Anchor","Bronze Scales"],"acts_visited":["Exordium","TheCity","TheBeyond","TheEnding"],"potions_floor_usage":[40,42,42,50,50,50,51,55,56,56,56,56],"damage_taken":[{"damage":0.0,"enemies":"Cultist","floor":1.0,"turns":1.0},{"damage":0.0,"enemies":"2 Louse","floor":3.0,"turns":1.0},{"damage":0.0,"enemies":"Small Slimes","floor":4.0,"turns":1.0},{"damage":7.0,"enemies":"Lagavulin","floor":6.0,"turns":6.0},{"damage":0.0,"enemies":"Blue Slaver","floor":10.0,"turns":4.0},{"damage":19.0,"enemies":"Gremlin Gang","floor":11.0,"turns":6.0},{"damage":17.0,"enemies":"3 Sentries","floor":12.0,"turns":7.0},{"damage":5.0,"enemies":"Exordium Thugs","floor":13.0,"turns":5.0},{"damage":0.0,"enemies":"Hexaghost","floor":16.0,"turns":9.0},{"damage":1.0,"enemies":"Shell Parasite","floor":18.0,"turns":2.0},{"damage":3.0,"enemies":"Chosen","floor":19.0,"turns":5.0},{"damage":3.0,"enemies":"Snake Plant","floor":21.0,"turns":4.0},{"damage":21.0,"enemies":"Book of Stabbing","floor":23.0,"turns":5.0},{"damage":47.0,"enemies":"Slavers","floor":25.0,"turns":4.0},{"damage":17.0,"enemies":"Shelled Parasite and Fungi","floor":28.0,"turns":5.0},{"damage":4.0,"enemies":"Cultist and Chosen","floor":31.0,"turns":6.0},{"damage":13.0,"enemies":"Champ","floor":33.0,"turns":9.0},{"damage":0.0,"enemies":"Orb Walker","floor":35.0,"turns":3.0},{"damage":10.0,"enemies":"3 Shapes","floor":37.0,"turns":6.0},{"damage":0.0,"enemies":"Spire Growth","floor":39.0,"turns":6.0},{"damage":4,"enemies":"Nemesis","floor":40,"turns":5},{"damage":37,"enemies":"Reptomancer","floor":42,"turns":6},{"damage":22,"enemies":"Jaw Worm Horde","floor":45,"turns":4},{"damage":2,"enemies":"4 Shapes","floor":47,"turns":8},{"damage":5,"enemies":"Giant Head","floor":48,"turns":5},{"damage":22,"enemies":"Awakened One","floor":50,"turns":13},{"damage":10,"enemies":"Time Eater","floor":51,"turns":7},{"damage":34,"enemies":"Shield and Spear","floor":55,"turns":6},{"damage":77,"enemies":"The Heart","floor":56,"turns":5}],"seed_played":"-2370628455574902778","potions_obtained":[{"floor":4.0,"key":"Strength Potion"},{"floor":6.0,"key":"CunningPotion"},{"floor":10.0,"key":"Poison Potion"},{"floor":11.0,"key":"Dexterity Potion"},{"floor":12.0,"key":"AttackPotion"},{"floor":13.0,"key":"CunningPotion"},{"floor":16.0,"key":"SkillPotion"},{"floor":18.0,"key":"Dexterity Potion"},{"floor":22.0,"key":"CunningPotion"},{"floor":22.0,"key":"CultistPotion"},{"floor":25.0,"key":"EssenceOfSteel"},{"floor":28.0,"key":"CunningPotion"},{"floor":31.0,"key":"Dexterity Potion"},{"floor":33.0,"key":"Strength Potion"},{"floor":39.0,"key":"Weak Potion"},{"floor":40,"key":"SteroidPotion"},{"floor":42,"key":"EntropicBrew"},{"floor":45,"key":"ColorlessPotion"},{"floor":55,"key":"PowerPotion"}],"is_trial":false,"path_per_floor":["M","?","M","M","$","E","R","?","T","M","M","E","M","?","R","B",null,"M","M","$","M","?","E","R","E","T","R","M","T","?","M","R","B",null,"M","?","M","$","M","E","R","E","T","R","M","?","M","E","R","B","B",null,"R","$","E","B"],"character_chosen":"THE_SILENT","items_purchased":["Accuracy","Well Laid Plans","OrangePellets"],"campfire_rested":4,"item_purchase_floors":[5,20,20],"current_hp_per_floor":[59,64,64,64,64,57,57,50,50,50,31,14,11,6,27,29,61,62,61,61,60,60,41,62,25,25,46,41,41,41,51,51,52,66,71,71,61,61,71,71,71,46,46,69,55,55,69,78,78,68,68,76,76,76,48,0,0],"gold":27,"neow_bonus":"THREE_ENEMY_KILL","is_daily":false,"chose_seed":false,"campfire_upgraded":4,"win_rate":0.0,"timestamp":1612607992,"path_taken":["M","?","M","M","$","E","R","?","T","M","M","E","M","?","R","BOSS","M","M","$","M","?","E","R","E","T","R","?","?","?","M","R","BOSS","M","?","M","$","?","E","R","E","T","R","M","?","?","E","R","BOSS","BOSS","R","$","E","BOSS"],"items_purchased_type":["Card","Card","Relic"],"build_version":"2020-12-22","purchased_purges":1,"victory":false,"max_hp_per_floor":[66,71,71,71,71,71,71,71,71,71,71,71,71,71,71,71,71,71,71,71,71,71,71,71,71,71,71,71,71,71,71,71,71,71,71,71,71,71,71,71,71,78,78,78,78,78,78,78,78,78,78,78,78,78,78,78,78],"card_choices":[{"not_picked":["Prepared","Cloak And Dagger"],"picked":"Infinite Blades","floor":1.0},{"not_picked":["Acrobatics","Flechettes"],"picked":"Endless Agony","floor":3.0},{"not_picked":["Acrobatics","Tactician"],"picked":"Sucker Punch","floor":4.0},{"not_picked":["All Out Attack","Caltrops"],"picked":"Dash","floor":6.0},{"not_picked":["Escape Plan","Underhanded Strike"],"picked":"Infinite Blades","floor":10.0},{"not_picked":["Dagger Spray","Expertise"],"picked":"Terror","floor":11.0},{"not_picked":["Reflex","Burst"],"picked":"PiercingWail","floor":12.0},{"not_picked":["Outmaneuver","Underhanded Strike"],"picked":"Footwork","floor":13.0},{"not_picked":["Grand Finale","Die Die Die"],"picked":"Phantasmal Killer","floor":16.0},{"not_picked":["Reflex","Endless Agony"],"picked":"Acrobatics","floor":18.0},{"not_picked":["Riddle With Holes","Sucker Punch"],"picked":"Blade Dance","floor":19.0},{"not_picked":["Dodge and Roll","Venomology"],"picked":"Accuracy","floor":21.0},{"not_picked":["Blade Dance","Blur","Setup"],"picked":"SKIP","floor":23.0},{"not_picked":["Sucker Punch+1","Bane+1"],"picked":"Backstab+1","floor":25.0},{"not_picked":["Blade Dance","Deadly Poison"],"picked":"Deflect","floor":28.0},{"not_picked":["PiercingWail","Expertise"],"picked":"Cloak And Dagger","floor":31.0},{"not_picked":["Wraith Form v2","Envenom"],"picked":"After Image","floor":33.0},{"not_picked":["PiercingWail","Prepared+1"],"picked":"Endless Agony+1","floor":35.0},{"not_picked":["Flechettes+1","Choke+1"],"picked":"Footwork","floor":37.0},{"not_picked":["Reflex+1","Poisoned Stab+1"],"picked":"Dodge and Roll+1","floor":39.0},{"not_picked":["Phantasmal Killer","Flechettes+1","Bane+1"],"picked":"SKIP","floor":40},{"not_picked":["Setup","All Out Attack+1"],"picked":"Blade Dance+1","floor":42},{"not_picked":["Underhanded Strike+1","Dagger Throw+1","Deadly Poison"],"picked":"SKIP","floor":45},{"not_picked":["All Out Attack+1","Sucker Punch+1"],"picked":"Backflip","floor":47},{"not_picked":["Poisoned Stab+1","Underhanded Strike+1"],"picked":"Acrobatics","floor":48},{"not_picked":["Sucker Punch+1","Bane+1"],"picked":"Dodge and Roll+1","floor":55}],"player_experience":799054,"relics_obtained":[{"floor":6.0,"key":"White Beast Statue"},{"floor":9.0,"key":"The Courier"},{"floor":12.0,"key":"Blood Vial"},{"floor":23.0,"key":"Bird Faced Urn"},{"floor":25.0,"key":"Molten Egg 2"},{"floor":26.0,"key":"Potion Belt"},{"floor":29.0,"key":"Kunai"},{"floor":40,"key":"Snake Skull"},{"floor":42,"key":"Strawberry"},{"floor":48,"key":"Anchor"},{"floor":55,"key":"Bronze Scales"}],"event_choices":[{"damage_healed":0.0,"max_hp_gain":5.0,"max_hp_loss":0.0,"gold_gain":0.0,"event_name":"Big Fish","player_choice":"Donut","floor":2.0,"gold_loss":0.0,"damage_taken":0.0},{"cards_removed":["Strike_G"],"damage_healed":0.0,"max_hp_gain":0.0,"max_hp_loss":0.0,"gold_gain":0.0,"event_name":"Golden Wing","player_choice":"Card Removal","floor":8.0,"gold_loss":0.0,"damage_taken":7.0},{"damage_healed":0.0,"max_hp_gain":0.0,"max_hp_loss":0.0,"gold_gain":0.0,"event_name":"Scrap Ooze","player_choice":"Success","floor":14.0,"gold_loss":0.0,"damage_taken":5.0,"relics_obtained":["Thread and Needle"]},{"damage_healed":0.0,"max_hp_gain":0.0,"max_hp_loss":0.0,"gold_gain":0.0,"event_name":"Lab","player_choice":"Got Potions","floor":22.0,"gold_loss":0.0,"damage_taken":0.0},{"damage_healed":0.0,"max_hp_gain":0.0,"max_hp_loss":0.0,"gold_gain":0.0,"event_name":"N\u0027loth","player_choice":"Ignored","floor":30.0,"gold_loss":0.0,"damage_taken":0.0},{"damage_healed":0.0,"max_hp_gain":0.0,"max_hp_loss":0.0,"gold_gain":0.0,"event_name":"Accursed Blacksmith","player_choice":"Forge","floor":36.0,"gold_loss":0.0,"damage_taken":0.0,"cards_upgraded":["After Image"]},{"damage_healed":0,"gold_gain":0,"player_choice":"Upgraded","damage_taken":0,"max_hp_gain":0,"max_hp_loss":0,"event_name":"Upgrade Shrine","floor":46,"gold_loss":0,"cards_upgraded":["Footwork"]}],"is_beta":false,"boss_relics":[{"not_picked":["Ring of the Serpent","Black Star"],"picked":"Ectoplasm"},{"not_picked":["Velvet Choker","Coffee Dripper"],"picked":"WristBlade"}],"items_purged_floors":[20],"is_endless":false,"potions_floor_spawned":[4,6,10,11,12,13,16,18,19,21,23,25,28,31,33,35,37,39,40,42,45,47,48,55],"killed_by":"The Heart","ascension_level":20}}