{"host":"t8facflq355xg1wc","time":1612605942,"event":{"mods":["AchievementEnabler","BaseMod","DeckTracker","Minty Spire (QoL Compilation)","StSLib","SuperFastMode"],"gold_per_floor":[114,114,134,134,409,440,459,486,559,585,604,604,317,373,373,474,474,492,508,11,11,11,11,46,46,46,56,76,76,76,88,88,191,191,204,204,224,23,35,64,64,78,78,110,121,121,155,170,170,170],"floor_reached":51,"language":"KOR","playtime":4657,"items_purged":["Regret","Defend_P","Strike_P"],"score":944,"play_id":"6b031ff9-7979-4574-8b27-0afb7ded7a34","local_time":"20210206190542","is_ascension_mode":true,"campfire_choices":[{"data":"Eruption","floor":12,"key":"SMITH"},{"floor":15,"key":"REST"},{"data":"Adaptation","floor":23,"key":"SMITH"},{"data":"1","floor":25,"key":"LIFT"},{"data":"2","floor":29,"key":"LIFT"},{"floor":32,"key":"REST"},{"data":"3","floor":41,"key":"LIFT"},{"data":"TalkToTheHand","floor":46,"key":"SMITH"},{"floor":49,"key":"REST"}],"circlet_count":0,"master_deck":["Strike_P","Defend_P","Defend_P","Eruption+1","Vigilance+1","CarveReality","Consecrate","FlurryOfBlows","FlurryOfBlows","Devotion","ClearTheMind","Adaptation+1","EmptyBody","Vault","Indignation+1","ClearTheMind","Evaluate+1","BowlingBash+1","Adaptation+1","DeusExMachina","Evaluate","CrushJoints+1","TalkToTheHand+1","Crescendo+1","FlurryOfBlows","SignatureMove+1","Consecrate+1","Tantrum+1"],"relics":["PureWater","NeowsBlessing","Ginger","Damaru","Strawberry","White Beast Statue","Blood Vial","Sling","Centennial Puzzle","VioletLotus","Kunai","War Paint","Girya","Dream Catcher","Black Star","Darkstone Periapt","Nunchaku","Molten Egg 2","Orichalcum","Bottled Lightning","MealTicket","Bird Faced Urn"],"acts_visited":["Exordium","TheCity","TheBeyond"],"potions_floor_usage":[10,24,27,33,44,45,48,50,50,50],"damage_taken":[{"damage":0,"enemies":"Jaw Worm","floor":1,"turns":1},{"damage":0,"enemies":"2 Louse","floor":3,"turns":1},{"damage":0,"enemies":"Gremlin Nob","floor":6,"turns":1},{"damage":2,"enemies":"Small Slimes","floor":7,"turns":2},{"damage":27,"enemies":"Lagavulin","floor":8,"turns":6},{"damage":0,"enemies":"Gremlin Nob","floor":10,"turns":2},{"damage":15,"enemies":"Red Slaver","floor":11,"turns":3},{"damage":11,"enemies":"Gremlin Nob","floor":14,"turns":3},{"damage":0,"enemies":"Slime Boss","floor":16,"turns":5},{"damage":5,"enemies":"Shell Parasite","floor":18,"turns":2},{"damage":5,"enemies":"Chosen","floor":19,"turns":3},{"damage":16,"enemies":"Gremlin Leader","floor":24,"turns":3},{"damage":3,"enemies":"Centurion and Healer","floor":27,"turns":3},{"damage":16,"enemies":"Snake Plant","floor":28,"turns":3},{"damage":6,"enemies":"Snecko","floor":31,"turns":6},{"damage":6,"enemies":"Champ","floor":33,"turns":7},{"damage":15,"enemies":"Orb Walker","floor":35,"turns":3},{"damage":10,"enemies":"3 Shapes","floor":37,"turns":2},{"damage":20,"enemies":"Spire Growth","floor":39,"turns":5},{"damage":0,"enemies":"Giant Head","floor":40,"turns":4},{"damage":15,"enemies":"4 Shapes","floor":42,"turns":3},{"damage":3,"enemies":"Reptomancer","floor":44,"turns":3},{"damage":0,"enemies":"Transient","floor":45,"turns":5},{"damage":7,"enemies":"Giant Head","floor":47,"turns":3},{"damage":0,"enemies":"Maw","floor":48,"turns":3},{"damage":4,"enemies":"Awakened One","floor":50,"turns":5}],"seed_played":"-3870911543488240783","potions_obtained":[{"floor":1,"key":"Explosive Potion"},{"floor":8,"key":"Swift Potion"},{"floor":10,"key":"Ancient Potion"},{"floor":11,"key":"LiquidBronze"},{"floor":14,"key":"EssenceOfSteel"},{"floor":19,"key":"EssenceOfSteel"},{"floor":24,"key":"Ancient Potion"},{"floor":27,"key":"AttackPotion"},{"floor":31,"key":"ColorlessPotion"},{"floor":33,"key":"Explosive Potion"},{"floor":37,"key":"StancePotion"},{"floor":39,"key":"ColorlessPotion"},{"floor":44,"key":"StancePotion"},{"floor":45,"key":"Ambrosia"},{"floor":48,"key":"Block Potion"}],"is_trial":false,"path_per_floor":["M","?","M","?","?","E","M","E","T","E","M","R","$","?","R","B",null,"M","M","$","?","?","R","E","R","T","M","M","R","$","M","R","B",null,"M","?","M","$","M","E","R","M","T","E","M","R","E","M","R","B",null],"character_chosen":"WATCHER","items_purchased":["Adaptation","Sling","Kunai","War Paint","TalkToTheHand"],"campfire_rested":3,"item_purchase_floors":[13,13,20,20,38],"current_hp_per_floor":[72,65,65,58,58,58,56,36,36,36,23,23,23,14,37,39,79,74,71,71,71,71,71,57,57,57,56,42,42,42,38,61,57,79,64,64,56,56,38,40,40,27,27,26,28,28,23,29,52,56],"gold":170,"neow_bonus":"THREE_ENEMY_KILL","is_daily":false,"chose_seed":false,"campfire_upgraded":3,"win_rate":0.0,"timestamp":1612605942,"path_taken":["M","?","M","?","?","E","?","E","T","E","?","R","$","?","R","BOSS","M","M","$","?","?","R","E","R","T","M","M","R","?","M","R","BOSS","M","?","M","?","M","E","R","M","T","E","M","R","E","M","R","BOSS"],"items_purchased_type":["Card","Relic","Relic","Relic","Card"],"build_version":"2020-12-22","purchased_purges":3,"victory":true,"max_hp_per_floor":[72,72,72,72,72,72,72,79,79,79,79,79,79,79,79,79,79,79,79,79,79,79,79,79,79,79,79,79,79,79,79,79,79,79,79,79,79,79,79,79,79,79,79,79,79,79,79,79,79,79],"card_choices":[{"not_picked":["Swivel","Perseverance","CutThroughFate"],"picked":"SKIP","floor":1},{"not_picked":["Prostrate","LikeWater"],"picked":"CarveReality","floor":3},{"not_picked":["Blasphemy","DeceiveReality"],"picked":"Consecrate","floor":6},{"not_picked":["Wallop","BattleHymn"],"picked":"FlurryOfBlows","floor":7},{"not_picked":["FearNoEvil","JustLucky"],"picked":"FlurryOfBlows","floor":8},{"not_picked":["WindmillStrike","SignatureMove"],"picked":"Devotion","floor":10},{"not_picked":["ThirdEye","Study"],"picked":"ClearTheMind","floor":11},{"not_picked":["Perseverance","Halt"],"picked":"EmptyBody","floor":14},{"not_picked":["DevaForm","Omniscience"],"picked":"Vault","floor":16},{"not_picked":["Perseverance","WreathOfFlame"],"picked":"Indignation","floor":18},{"not_picked":["EmptyBody","CarveReality","JustLucky"],"picked":"SKIP","floor":19},{"not_picked":["WheelKick","Consecrate","ClearTheMind"],"picked":"SKIP","floor":24},{"not_picked":["WheelKick","Consecrate"],"picked":"ClearTheMind","floor":24},{"not_picked":["BowlingBash+1","Conclude"],"picked":"Evaluate+1","floor":27},{"not_picked":["FlyingSleeves+1","Consecrate"],"picked":"BowlingBash+1","floor":28},{"not_picked":["FlurryOfBlows","Vengeance","ClearTheMind"],"picked":"SKIP","floor":31},{"not_picked":["CrushJoints","EmptyFist"],"picked":"Adaptation+1","floor":32},{"not_picked":["Judgement","Omniscience"],"picked":"DeusExMachina","floor":33},{"not_picked":["ThirdEye+1","FlyingSleeves"],"picked":"Evaluate","floor":35},{"not_picked":["Evaluate","SashWhip"],"picked":"CrushJoints+1","floor":37},{"not_picked":["Prostrate","EmptyFist+1","WreathOfFlame"],"picked":"SKIP","floor":39},{"not_picked":["CarveReality+1","Weave+1"],"picked":"Crescendo+1","floor":40},{"not_picked":["Fasting2+1","SashWhip+1"],"picked":"FlurryOfBlows","floor":42},{"not_picked":["Crescendo+1","Omniscience"],"picked":"SignatureMove+1","floor":44},{"not_picked":["CrushJoints+1","SashWhip+1"],"picked":"Consecrate+1","floor":45},{"not_picked":["FlurryOfBlows+1","SignatureMove+1"],"picked":"Tantrum+1","floor":47},{"not_picked":["Evaluate+1","Study","JustLucky+1"],"picked":"SKIP","floor":48}],"player_experience":146637,"relics_obtained":[{"floor":6,"key":"Damaru"},{"floor":8,"key":"Strawberry"},{"floor":9,"key":"White Beast Statue"},{"floor":10,"key":"Blood Vial"},{"floor":24,"key":"Girya"},{"floor":26,"key":"Dream Catcher"},{"floor":40,"key":"Darkstone Periapt"},{"floor":40,"key":"Nunchaku"},{"floor":43,"key":"Molten Egg 2"},{"floor":44,"key":"Orichalcum"},{"floor":44,"key":"Bottled Lightning"},{"floor":47,"key":"MealTicket"},{"floor":47,"key":"Bird Faced Urn"}],"event_choices":[{"cards_removed":["Defend_P"],"damage_healed":0,"gold_gain":0,"player_choice":"Card Removal","damage_taken":7,"max_hp_gain":0,"max_hp_loss":0,"event_name":"Golden Wing","floor":2,"gold_loss":0},{"damage_healed":0,"gold_gain":0,"player_choice":"Success","damage_taken":7,"relics_obtained":["Ginger"],"max_hp_gain":0,"max_hp_loss":0,"event_name":"Scrap Ooze","floor":4,"gold_loss":0},{"damage_healed":0,"gold_gain":275,"player_choice":"Desecrate","damage_taken":0,"max_hp_gain":0,"max_hp_loss":0,"event_name":"Golden Shrine","floor":5,"gold_loss":0,"cards_obtained":["Regret"]},{"damage_healed":0,"gold_gain":30,"player_choice":"Searched \u00273\u0027 times","damage_taken":0,"relics_obtained":["Centennial Puzzle"],"max_hp_gain":0,"max_hp_loss":0,"event_name":"Dead Adventurer","floor":14,"gold_loss":0},{"cards_removed":["Strike_P"],"damage_healed":0,"gold_gain":0,"player_choice":"Elegance","damage_taken":0,"max_hp_gain":0,"max_hp_loss":0,"event_name":"Back to Basics","floor":21,"gold_loss":0},{"damage_healed":0,"gold_gain":0,"player_choice":"Ignored","damage_taken":0,"max_hp_gain":0,"max_hp_loss":0,"event_name":"Ghosts","floor":22,"gold_loss":0},{"cards_removed":["Strike_P"],"damage_healed":0,"gold_gain":0,"player_choice":"Card Removal","damage_taken":0,"max_hp_gain":0,"max_hp_loss":0,"event_name":"Wheel of Change","floor":36,"gold_loss":0}],"is_beta":false,"boss_relics":[{"not_picked":["Fusion Hammer","Astrolabe"],"picked":"VioletLotus"},{"not_picked":["Snecko Eye","Runic Pyramid"],"picked":"Black Star"}],"items_purged_floors":[13,20,38],"is_endless":false,"potions_floor_spawned":[1,8,10,11,14,16,18,19,24,27,28,31,33,35,37,39,40,42,44,45,47,48],"ascension_level":1}}