{"host":"5icjlaq41ghjcr7h","time":1612614426,"event":{"mods":["AchievementEnabler","BaseMod","Colored Map","Minty Spire (QoL Compilation)","SuperFastMode","everything is the same but u backflip on backflip"],"gold_per_floor":[110,110,126,126,153,178,178,178,231,260,260,105,161,171,171,275,275,291,90,90,78,10,10,10,10,10,36,36,36,47,82,82,181,181,193,208,235,106,106,133,149,149,197,226,240,254,50,60,60,60,60,60,12,40,40,40],"floor_reached":55,"language":"KOR","playtime":2301,"items_purged":["Strike_B","Strike_B"],"score":1011,"play_id":"550eb33c-4f26-45ce-b39d-2b390c5e6d64","local_time":"20210206212706","is_ascension_mode":true,"campfire_choices":[{"floor":7.0,"key":"REST"},{"floor":11.0,"key":"REST"},{"floor":15.0,"key":"REST"},{"data":"Defragment","floor":23.0,"key":"SMITH"},{"data":"Storm","floor":25.0,"key":"SMITH"},{"floor":28,"key":"REST"},{"data":"Buffer","floor":32,"key":"SMITH"},{"floor":42,"key":"REST"},{"floor":49,"key":"RECALL"},{"data":"Hologram","floor":52,"key":"SMITH"}],"circlet_count":0,"master_deck":["Strike_B+1","Defend_B","Defend_B+1","Defend_B","Defend_B","Zap","Dualcast+1","Electrodynamics","Leap","Loop","Static Discharge","Tempest","Amplify","Storm+1","White Noise","Buffer+1","Thunder Strike+1","Static Discharge+1","Turbo","Turbo","White Noise","Turbo+1","Defragment+1","Self Repair+1","Leap","Conserve Battery","Double Energy","Core Surge","Conserve Battery+1","Stack","Reinforced Body","Madness","Madness","Electrodynamics","Hologram+1","BootSequence+1","Leap+1","Hologram+1","Turbo","Defragment+1","Conserve Battery","Auto Shields+1"],"relics":["Cracked Core","Dream Catcher","Omamori","Letter Opener","Anchor","Black Star","MealTicket","Pear","Pantograph","Tiny Chest","Whetstone","Happy Flower","Runic Pyramid","Oddly Smooth Stone","Turnip","Blue Candle","PreservedInsect","Ornamental Fan","Potion Belt","CaptainsWheel","Mummified Hand"],"acts_visited":["Exordium","TheCity","TheBeyond","TheEnding"],"potions_floor_usage":[31,31,33,35,36,44,46],"damage_taken":[{"damage":0.0,"enemies":"2 Louse","floor":1.0,"turns":2.0},{"damage":8.0,"enemies":"Small Slimes","floor":3.0,"turns":4.0},{"damage":10.0,"enemies":"3 Sentries","floor":6.0,"turns":3.0},{"damage":34.0,"enemies":"Gremlin Nob","floor":10.0,"turns":3.0},{"damage":21.0,"enemies":"Lagavulin Event","floor":13.0,"turns":5.0},{"damage":0.0,"enemies":"Jaw Worm","floor":14.0,"turns":3.0},{"damage":25.0,"enemies":"Hexaghost","floor":16.0,"turns":9.0},{"damage":8.0,"enemies":"3 Byrds","floor":18.0,"turns":2.0},{"damage":2.0,"enemies":"2 Thieves","floor":21.0,"turns":4.0},{"damage":53,"enemies":"Slavers","floor":27,"turns":3},{"damage":0,"enemies":"Snecko","floor":30,"turns":2},{"damage":0,"enemies":"Gremlin Leader","floor":31,"turns":3},{"damage":12,"enemies":"Champ","floor":33,"turns":5},{"damage":18,"enemies":"3 Darklings","floor":35,"turns":4},{"damage":17,"enemies":"3 Shapes","floor":36,"turns":3},{"damage":0,"enemies":"Giant Head","floor":40,"turns":7},{"damage":60,"enemies":"Transient","floor":41,"turns":5},{"damage":26,"enemies":"Reptomancer","floor":44,"turns":4},{"damage":13,"enemies":"4 Shapes","floor":45,"turns":4},{"damage":1,"enemies":"Jaw Worm Horde","floor":46,"turns":2},{"damage":0,"enemies":"Spire Growth","floor":48,"turns":4},{"damage":56,"enemies":"Donu and Deca","floor":50,"turns":7},{"damage":80,"enemies":"Shield and Spear","floor":54,"turns":6},{"damage":35,"enemies":"The Heart","floor":55,"turns":5}],"seed_played":"14194038976960577","potions_obtained":[{"floor":3.0,"key":"BlessingOfTheForge"},{"floor":10.0,"key":"Explosive Potion"},{"floor":16.0,"key":"FearPotion"},{"floor":29,"key":"AttackPotion"},{"floor":29,"key":"Energy Potion"},{"floor":30,"key":"Block Potion"},{"floor":33,"key":"Weak Potion"},{"floor":35,"key":"SneckoOil"},{"floor":40,"key":"Strength Potion"},{"floor":41,"key":"GamblersBrew"},{"floor":44,"key":"SneckoOil"},{"floor":54,"key":"SmokeBomb"}],"is_trial":false,"path_per_floor":["M","?","M","?","T","E","R","?","T","E","R","$","?","M","R","B",null,"M","$","?","M","$","R","?","R","T","E","R","?","M","E","R","B",null,"M","M","T","$","?","E","M","R","T","E","M","M","$","M","R","B",null,"R","$","E","B"],"character_chosen":"DEFECT","items_purchased":["Storm","Turbo","MealTicket","Defragment","Stack","Reinforced Body","Hologram","Turbo","Conserve Battery"],"campfire_rested":5,"item_purchase_floors":[12,19,19,22,38,38,47,47,53],"current_hp_per_floor":[68,73,65,50,50,40,61,54,54,20,41,41,20,20,41,16,59,51,51,51,49,64,64,51,51,61,8,34,34,44,44,44,67,83,75,68,68,83,72,82,32,58,58,42,39,38,53,53,53,42,77,77,88,8,0,0],"gold":40,"neow_bonus":"THREE_RARE_CARDS","is_daily":false,"chose_seed":false,"campfire_upgraded":4,"win_rate":0.0,"timestamp":1612614426,"path_taken":["M","?","M","?","?","E","R","?","T","E","R","$","?","M","R","BOSS","M","$","?","?","$","R","?","R","T","E","R","?","?","E","R","BOSS","M","?","?","$","?","E","M","R","T","E","M","M","$","?","R","BOSS","R","$","E","BOSS"],"items_purchased_type":["Card","Card","Relic","Card","Card","Card","Card","Card","Card"],"build_version":"2020-12-22","purchased_purges":2,"victory":false,"max_hp_per_floor":[68,73,73,73,73,73,73,73,73,73,73,73,73,73,73,73,73,73,73,73,73,73,73,78,78,88,88,88,88,88,88,88,88,88,88,88,88,88,88,88,88,88,88,88,88,88,88,88,88,88,88,88,88,88,88,88],"card_choices":[{"not_picked":["Multi-Cast","Core Surge"],"picked":"Electrodynamics","floor":0.0},{"not_picked":["Hello World","Redo"],"picked":"Leap","floor":1.0},{"not_picked":["Genetic Algorithm","Steam"],"picked":"Loop","floor":3.0},{"not_picked":["Go for the Eyes","Leap"],"picked":"Static Discharge","floor":6.0},{"not_picked":["Go for the Eyes","Gash"],"picked":"Tempest","floor":7.0},{"not_picked":["Go for the Eyes","Gash"],"picked":"Amplify","floor":10.0},{"not_picked":["Leap","Skim"],"picked":"White Noise","floor":14.0},{"not_picked":["Reinforced Body","Leap"],"picked":"Buffer","floor":15.0},{"not_picked":["Creative AI","Meteor Strike"],"picked":"Thunder Strike","floor":16.0},{"not_picked":["Coolheaded","Compile Driver"],"picked":"Static Discharge+1","floor":18.0},{"not_picked":["Steam","Cold Snap"],"picked":"Turbo+1","floor":21.0},{"not_picked":["Steam Power","Turbo+1"],"picked":"Self Repair+1","floor":27},{"not_picked":["Beam Cell","Self Repair+1"],"picked":"Leap","floor":28},{"not_picked":["Sunder","Cold Snap"],"picked":"Conserve Battery","floor":30},{"not_picked":["Hello World","Buffer"],"picked":"Double Energy","floor":31},{"not_picked":["Rainbow","Machine Learning"],"picked":"Core Surge","floor":33},{"not_picked":["Auto Shields+1","Leap","Darkness+1"],"picked":"SKIP","floor":35},{"not_picked":["Streamline","Hologram"],"picked":"Conserve Battery+1","floor":36},{"not_picked":["Redo+1","Go for the Eyes+1"],"picked":"Electrodynamics","floor":40},{"not_picked":["Barrage+1","Coolheaded"],"picked":"Hologram+1","floor":41},{"not_picked":["Loop+1","Melter+1"],"picked":"BootSequence+1","floor":42},{"not_picked":["Coolheaded+1","Beam Cell"],"picked":"Leap+1","floor":44},{"not_picked":["Fusion+1","Storm","Ball Lightning+1"],"picked":"SKIP","floor":45},{"not_picked":["Barrage","Meteor Strike","Cold Snap+1"],"picked":"SKIP","floor":46},{"not_picked":["Tempest","Ball Lightning"],"picked":"Defragment+1","floor":48},{"not_picked":["Redo+1","Gash"],"picked":"Auto Shields+1","floor":54}],"player_experience":162318,"relics_obtained":[{"floor":5.0,"key":"Dream Catcher"},{"floor":6.0,"key":"Omamori"},{"floor":10.0,"key":"Letter Opener"},{"floor":13.0,"key":"Anchor"},{"floor":26.0,"key":"Pear"},{"floor":27,"key":"Pantograph"},{"floor":27,"key":"Tiny Chest"},{"floor":31,"key":"Whetstone"},{"floor":31,"key":"Happy Flower"},{"floor":37,"key":"Oddly Smooth Stone"},{"floor":40,"key":"Turnip"},{"floor":40,"key":"Blue Candle"},{"floor":43,"key":"PreservedInsect"},{"floor":44,"key":"Ornamental Fan"},{"floor":44,"key":"Potion Belt"},{"floor":54,"key":"CaptainsWheel"},{"floor":54,"key":"Mummified Hand"}],"event_choices":[{"damage_healed":0.0,"max_hp_gain":5.0,"max_hp_loss":0.0,"gold_gain":0.0,"event_name":"Big Fish","player_choice":"Donut","floor":2.0,"gold_loss":0.0,"damage_taken":0.0},{"damage_healed":0.0,"max_hp_gain":0.0,"max_hp_loss":0.0,"gold_gain":0.0,"event_name":"Shining Light","player_choice":"Entered Light","floor":4.0,"gold_loss":0.0,"damage_taken":15.0,"cards_upgraded":["Defend_B","Dualcast"]},{"cards_removed":["Strike_B"],"damage_healed":0.0,"max_hp_gain":0.0,"max_hp_loss":0.0,"gold_gain":0.0,"event_name":"Golden Wing","player_choice":"Card Removal","floor":8.0,"gold_loss":0.0,"damage_taken":7.0},{"damage_healed":0.0,"max_hp_gain":0.0,"max_hp_loss":0.0,"gold_gain":30.0,"event_name":"Dead Adventurer","player_choice":"Searched \u00272\u0027 times","floor":13.0,"gold_loss":0.0,"damage_taken":0.0},{"damage_healed":0.0,"max_hp_gain":0.0,"max_hp_loss":0.0,"gold_gain":0.0,"event_name":"Match and Keep!","player_choice":"2 cards matched","floor":20.0,"gold_loss":0.0,"damage_taken":0.0,"cards_obtained":["Turbo","White Noise"]},{"damage_healed":0.0,"max_hp_gain":5.0,"max_hp_loss":0.0,"gold_gain":0.0,"event_name":"Forgotten Altar","player_choice":"Shed Blood","floor":24.0,"gold_loss":0.0,"damage_taken":18.0},{"damage_healed":0,"gold_gain":0,"player_choice":"Got Potions","damage_taken":0,"max_hp_gain":0,"max_hp_loss":0,"event_name":"Lab","floor":29,"gold_loss":0},{"damage_healed":0,"gold_gain":0,"player_choice":"Embrace Madness","damage_taken":11,"max_hp_gain":0,"max_hp_loss":0,"event_name":"Winding Halls","floor":39,"gold_loss":0,"cards_obtained":["Madness","Madness"]}],"is_beta":false,"boss_relics":[{"not_picked":["Tiny House","Coffee Dripper"],"picked":"Black Star"},{"not_picked":["Pandora\u0027s Box","Runic Dome"],"picked":"Runic Pyramid"}],"items_purged_floors":[12,47],"is_endless":false,"potions_floor_spawned":[3,10,16,30,33,35,40,41,44,54],"killed_by":"The Heart","ascension_level":5}}