{"host":"sav7uxregyirlf69","time":1612616868,"event":{"mods":["AchievementEnabler","BaseMod","Colored Map","DeckTracker","Keyboard Shortcuts","Minty Spire (QoL Compilation)","READ ME - Guardian Mod","StSLib","SuperFastMode"],"gold_per_floor":[118,118,15,15,31,31,66,66,66,66,93,119,44,57,57,130,130,140,155,12,12,28,28,28,58,58,58,68,87,100,116,116,192,192,202,102,102,102],"floor_reached":37,"language":"KOR","playtime":672,"items_purged":["Defend_G","Strike_G"],"score":844,"play_id":"bc2a370a-073f-41b6-9dfb-cb769fb2bf60","local_time":"20210206220748","is_ascension_mode":true,"campfire_choices":[{"data":"Terror","floor":6.0,"key":"SMITH"},{"data":"Dagger Spray","floor":8.0,"key":"SMITH"},{"data":"Neutralize","floor":10.0,"key":"SMITH"},{"data":"Tactician","floor":15.0,"key":"SMITH"},{"data":"Noxious Fumes","floor":23.0,"key":"SMITH"},{"floor":27.0,"key":"REST"},{"data":"Calculated Gamble","floor":32.0,"key":"SMITH"}],"circlet_count":0,"master_deck":["AscendersBane","Defend_G","Defend_G","Defend_G","Defend_G","Survivor","Neutralize+1","Deadly Poison","Terror+1","Dagger Spray+1","Masterful Stab","Quick Slash","Calculated Gamble+1","Tactician+1","PiercingWail+1","Footwork","Noxious Fumes+1","Glass Knife","Dagger Throw","Backflip","Acrobatics","Prepared","Flash of Steel"],"relics":["Ring of the Snake","NeowsBlessing","Dream Catcher","Torii","Lizard Tail","Odd Mushroom","Runic Pyramid","Tingsha","Girya","Fusion Hammer"],"acts_visited":["Exordium","TheCity","TheBeyond"],"potions_floor_usage":[],"damage_taken":[{"damage":0.0,"enemies":"2 Louse","floor":1.0,"turns":1.0},{"damage":0.0,"enemies":"Small Slimes","floor":5.0,"turns":1.0},{"damage":0.0,"enemies":"Lagavulin","floor":7.0,"turns":1.0},{"damage":4.0,"enemies":"3 Sentries","floor":11.0,"turns":7.0},{"damage":9.0,"enemies":"The Mushroom Lair","floor":12.0,"turns":5.0},{"damage":1.0,"enemies":"Jaw Worm","floor":14.0,"turns":2.0},{"damage":14.0,"enemies":"The Guardian","floor":16.0,"turns":11.0},{"damage":6.0,"enemies":"3 Byrds","floor":18.0,"turns":3.0},{"damage":15.0,"enemies":"Shell Parasite","floor":19.0,"turns":5.0},{"damage":1.0,"enemies":"Chosen and Byrds","floor":22.0,"turns":5.0},{"damage":23.0,"enemies":"Slavers","floor":25.0,"turns":7.0},{"damage":17.0,"enemies":"Sentry and Sphere","floor":28.0,"turns":4.0},{"damage":0.0,"enemies":"Snake Plant","floor":29.0,"turns":2.0},{"damage":0.0,"enemies":"Centurion and Healer","floor":30.0,"turns":4.0},{"damage":0.0,"enemies":"Shelled Parasite and Fungi","floor":31.0,"turns":3.0},{"damage":45.0,"enemies":"Champ","floor":33.0,"turns":9.0},{"damage":0.0,"enemies":"3 Darklings","floor":35.0,"turns":3.0},{"damage":0,"enemies":"2 Orb Walkers","floor":37,"turns":1}],"seed_played":"2436165406466281839","potions_obtained":[{"floor":1.0,"key":"LiquidBronze"},{"floor":5.0,"key":"BlessingOfTheForge"},{"floor":24.0,"key":"Poison Potion"},{"floor":24.0,"key":"Poison Potion"},{"floor":25.0,"key":"Explosive Potion"},{"floor":28.0,"key":"Block Potion"},{"floor":29.0,"key":"DuplicationPotion"},{"floor":33.0,"key":"GhostInAJar"}],"is_trial":false,"path_per_floor":["M","?","$","?","M","R","E","R","T","R","E","?","?","M","R","B",null,"M","M","$","?","M","R","?","E","T","R","M","M","M","M","R","B",null,"M","$","?"],"character_chosen":"THE_SILENT","items_purchased":["Dagger Spray","Footwork","Flash of Steel"],"campfire_rested":1,"item_purchase_floors":[3,20,36],"current_hp_per_floor":[59,59,59,59,59,59,59,59,59,59,55,46,46,45,45,31,57,51,36,36,36,35,35,35,12,12,31,14,14,14,14,14,9,52,52,52,52,52],"gold":102,"neow_bonus":"THREE_ENEMY_KILL","is_daily":false,"chose_seed":false,"campfire_upgraded":6,"win_rate":0.0,"timestamp":1612616868,"path_taken":["M","?","$","?","M","R","E","R","T","R","E","?","?","M","R","BOSS","M","M","$","?","M","R","?","E","T","R","M","M","?","M","R","BOSS","M","$","?"],"items_purchased_type":["Card","Card","Card"],"build_version":"2020-12-22","purchased_purges":2,"victory":false,"max_hp_per_floor":[66,66,66,66,66,66,66,66,66,66,66,66,66,66,66,66,66,66,66,66,66,66,66,66,66,66,66,66,66,66,66,66,66,66,66,66,66,66],"card_choices":[{"not_picked":["Heel Hook","Prepared"],"picked":"Deadly Poison","floor":1.0},{"not_picked":["Cloak And Dagger","Bane"],"picked":"Masterful Stab","floor":5.0},{"not_picked":["Outmaneuver","All Out Attack","Dash"],"picked":"SKIP","floor":7.0},{"not_picked":["Underhanded Strike","PiercingWail"],"picked":"Quick Slash","floor":11.0},{"not_picked":["Cloak And Dagger","Night Terror"],"picked":"Calculated Gamble","floor":12.0},{"not_picked":["PiercingWail","All Out Attack"],"picked":"Tactician","floor":14.0},{"not_picked":["All Out Attack","Underhanded Strike"],"picked":"PiercingWail+1","floor":18.0},{"not_picked":["Dodge and Roll+1","Sucker Punch","Poisoned Stab"],"picked":"SKIP","floor":19.0},{"not_picked":["Sucker Punch","Dagger Spray","Outmaneuver"],"picked":"SKIP","floor":22.0},{"not_picked":["Endless Agony","Poisoned Stab"],"picked":"Dagger Throw","floor":25.0},{"not_picked":["Deflect+1","Predator"],"picked":"Backflip","floor":27.0},{"not_picked":["Dagger Throw","Slice+1"],"picked":"Acrobatics","floor":28.0},{"not_picked":["Envenom","Expertise","Slice"],"picked":"SKIP","floor":29.0},{"not_picked":["Cloak And Dagger","PiercingWail","Underhanded Strike"],"picked":"SKIP","floor":30.0},{"not_picked":["Footwork","Dagger Throw"],"picked":"Prepared","floor":31.0},{"not_picked":["Underhanded Strike","Flying Knee","Deadly Poison"],"picked":"SKIP","floor":35.0},{"not_picked":["Underhanded Strike","Flying Knee","Deadly Poison"],"picked":"SKIP","floor":35.0}],"player_experience":1510008,"relics_obtained":[{"floor":7.0,"key":"Dream Catcher"},{"floor":9.0,"key":"Torii"},{"floor":11.0,"key":"Lizard Tail"},{"floor":12.0,"key":"Odd Mushroom"},{"floor":25.0,"key":"Tingsha"},{"floor":26.0,"key":"Girya"}],"event_choices":[{"damage_healed":0.0,"max_hp_gain":0.0,"max_hp_loss":0.0,"gold_gain":0.0,"cards_transformed":["Strike_G"],"event_name":"Living Wall","player_choice":"Change","floor":2.0,"gold_loss":0.0,"damage_taken":0.0,"cards_obtained":["Terror"]},{"damage_healed":0.0,"max_hp_gain":0.0,"max_hp_loss":0.0,"gold_gain":0.0,"event_name":"Liars Game","player_choice":"Ignored","floor":4.0,"gold_loss":0.0,"damage_taken":0.0},{"damage_healed":0.0,"max_hp_gain":0.0,"max_hp_loss":0.0,"gold_gain":0.0,"event_name":"Mushrooms","player_choice":"Fought Mushrooms","floor":12.0,"gold_loss":0.0,"damage_taken":0.0},{"cards_removed":["Strike_G"],"damage_healed":0.0,"max_hp_gain":0.0,"max_hp_loss":0.0,"gold_gain":0.0,"event_name":"The Cleric","player_choice":"Card Removal","floor":13.0,"gold_loss":75.0,"damage_taken":0.0},{"damage_healed":0.0,"max_hp_gain":0.0,"max_hp_loss":0.0,"gold_gain":0.0,"cards_transformed":["Strike_G","Strike_G"],"event_name":"Drug Dealer","player_choice":"Became Test Subject","floor":21.0,"gold_loss":0.0,"damage_taken":0.0,"cards_obtained":["Noxious Fumes","Glass Knife"]},{"damage_healed":0.0,"max_hp_gain":0.0,"max_hp_loss":0.0,"gold_gain":0.0,"event_name":"Lab","player_choice":"Got Potions","floor":24.0,"gold_loss":0.0,"damage_taken":0.0}],"is_beta":false,"boss_relics":[{"not_picked":["Philosopher\u0027s Stone","SacredBark"],"picked":"Runic Pyramid"},{"not_picked":["WristBlade","Tiny House"],"picked":"Fusion Hammer"}],"items_purged_floors":[3,20],"is_endless":false,"potions_floor_spawned":[1,5,7,14,25,28,29,30,33,35],"killed_by":"2 Orb Walkers","ascension_level":20}}