{"host":"z9x5nldzhmx4jdfi","time":1612648674,"event":{"mods":["2.2 Compatiblity","BaseMod","Better Altar","Better Match","Better Note","Better Sensory Stone","Better Skull","Better Third Choice","BetterRewards","Block Reminder","Card Filter","Colored Powertips","Infinite Spire","Minty Spire (QoL Compilation)","Relic Filter","StSLib","Td1madao Mod","The Animator","The Servant 0.9.4","Wandering Minibosses"],"gold_per_floor":[381,391,410,423,455,455,455,455],"floor_reached":7,"language":"ENG","playtime":468,"items_purged":[],"score":65,"play_id":"65649030-d4d8-41d2-96d7-8ec5ca7e4cd6","local_time":"20210206155754","is_ascension_mode":true,"campfire_choices":[{"data":"animator:GoblinSlayer","floor":6,"key":"SMITH"}],"circlet_count":0,"master_deck":["AscendersBane","animator:Strike_Fate","animator:Strike","animator:Strike","animator:Strike","animator:Defend","animator:Defend","animator:Defend","animator:Alexander","animator:Rider","animator:Assassin","animator:GoblinSlayer+1","animator:Caster"],"relics":["animator:LivingPicture","animator:TheMissingPiece"],"acts_visited":["Exordium"],"potions_floor_usage":[3],"damage_taken":[{"damage":3,"enemies":"Small Slimes","floor":1,"turns":3},{"damage":3,"enemies":"Jaw Worm","floor":2,"turns":7},{"damage":3,"enemies":"Cultist","floor":3,"turns":5},{"damage":20,"enemies":"Exordium Wildlife","floor":4,"turns":7},{"damage":12,"enemies":"Gremlin Nob","floor":7,"turns":3}],"seed_played":"6104564983073577446","potions_obtained":[{"floor":2,"key":"AttackPotion"}],"is_trial":false,"path_per_floor":["M","M","M","M","?","R","E"],"character_chosen":"THE_ANIMATOR","items_purchased":[],"campfire_rested":0,"item_purchase_floors":[],"current_hp_per_floor":[56,53,50,31,31,31,19,19],"gold":455,"neow_bonus":"TWO_FIFTY_GOLD","is_daily":false,"chose_seed":false,"campfire_upgraded":1,"win_rate":0.0,"timestamp":1612648674,"path_taken":["M","M","M","M","?","R","E"],"items_purchased_type":[],"build_version":"2020-12-22","purchased_purges":0,"victory":false,"max_hp_per_floor":[60,60,60,61,61,61,61,61],"card_choices":[{"not_picked":["animator:Spearman","animator:PandorasActor"],"picked":"animator:Assassin","floor":1},{"not_picked":["animator:Geryuganshoop","animator:AcuraTooru","animator:DwarfShaman"],"picked":"SKIP","floor":2},{"not_picked":["animator:DwarfShaman","animator:EmiyaShirou"],"picked":"animator:GoblinSlayer","floor":3},{"not_picked":["animator:Archer","animator:ShinjiMatou"],"picked":"animator:Caster","floor":4}],"player_experience":1518357,"relics_obtained":[],"event_choices":[],"is_beta":false,"boss_relics":[],"items_purged_floors":[],"is_endless":false,"potions_floor_spawned":[2],"killed_by":"Gremlin Nob","ascension_level":10}}