{"host":"0o4jkshs65tojivq","time":1612583403,"event":{"mods":["AchievementEnabler","BaseMod","Minty Spire (QoL Compilation)","Quick Restart","Relic Stats","Slay the Relics Exporter","StSLib"],"gold_per_floor":[118,118,268,27,39,65,65,65,65,98,114,114,147,158,158,158,158],"floor_reached":16,"language":"ENG","playtime":796,"items_purged":["Doubt"],"score":376,"play_id":"53d46492-564b-450c-a857-ac990f5c04bb","local_time":"20210205195003","is_ascension_mode":true,"campfire_choices":[{"data":"Buffer","floor":7,"key":"SMITH"},{"data":"Genetic Algorithm","floor":12,"key":"SMITH"},{"data":"Barrage","floor":15,"key":"SMITH"}],"circlet_count":0,"master_deck":["AscendersBane","Strike_B","Strike_B","Strike_B+1","Defend_B","Defend_B","Defend_B","Defend_B","Zap+1","Dualcast","Compile Driver","Skim","Buffer+1","Compile Driver","Genetic Algorithm+1","Core Surge","Barrage+1"],"relics":["Cracked Core","NeowsBlessing","Bronze Scales","Lantern","Pear","Smiling Mask","PreservedInsect"],"acts_visited":["Exordium"],"potions_floor_usage":[11,14],"damage_taken":[{"damage":0,"enemies":"Jaw Worm","floor":1,"turns":1},{"damage":0,"enemies":"Small Slimes","floor":5,"turns":1},{"damage":0,"enemies":"Lagavulin","floor":6,"turns":1},{"damage":0,"enemies":"Gremlin Nob","floor":10,"turns":4},{"damage":0,"enemies":"2 Louse","floor":11,"turns":5},{"damage":0,"enemies":"Lagavulin","floor":13,"turns":7},{"damage":0,"enemies":"Blue Slaver","floor":14,"turns":2},{"damage":62,"enemies":"Hexaghost","floor":16,"turns":9}],"seed_played":"8118713036851305067","potions_obtained":[{"floor":1,"key":"Regen Potion"},{"floor":6,"key":"Explosive Potion"},{"floor":11,"key":"Ancient Potion"}],"is_trial":false,"path_per_floor":["M","?","?","$","M","E","R","?","T","E","M","R","E","M","R","B"],"character_chosen":"DEFECT","items_purchased":["Bronze Scales"],"campfire_rested":0,"item_purchase_floors":[4],"current_hp_per_floor":[64,57,57,57,57,57,57,36,46,46,60,60,60,60,60,0,0],"gold":158,"neow_bonus":"THREE_ENEMY_KILL","is_daily":false,"chose_seed":false,"campfire_upgraded":3,"win_rate":0.0,"timestamp":1612583403,"path_taken":["M","?","?","$","M","E","R","?","T","E","M","R","E","M","R","BOSS"],"items_purchased_type":["Relic"],"build_version":"2020-12-22","purchased_purges":1,"victory":false,"max_hp_per_floor":[71,71,71,71,71,71,71,71,81,81,81,81,81,81,81,81,81],"relic_stats":{"counters":[8,30],"Bronze Scales":[69],"PreservedInsect":0,"Smiling Mask":0,"obtain_stats":[{"Lantern":6,"Pear":9,"NeowsBlessing":0,"Bronze Scales":4,"PreservedInsect":13,"Cracked Core":0,"Smiling Mask":10},{"Lantern":3,"Pear":3,"NeowsBlessing":0,"Bronze Scales":1,"PreservedInsect":6,"Cracked Core":0,"Smiling Mask":4},{"Lantern":3,"Pear":3,"NeowsBlessing":0,"Bronze Scales":1,"PreservedInsect":19,"Cracked Core":0,"Smiling Mask":7}]},"card_choices":[{"not_picked":["Undo","Lockon"],"picked":"Compile Driver","floor":1},{"not_picked":["Steam","Beam Cell"],"picked":"Skim","floor":5},{"not_picked":["Reprogram","White Noise"],"picked":"Buffer","floor":6},{"not_picked":["Steam","Rip and Tear"],"picked":"Compile Driver","floor":10},{"not_picked":["Sweeping Beam","Cold Snap"],"picked":"Genetic Algorithm","floor":11},{"not_picked":["Stack","Hologram"],"picked":"Core Surge","floor":13},{"not_picked":["Beam Cell","Sweeping Beam"],"picked":"Barrage","floor":14}],"player_experience":1080614,"relics_obtained":[{"floor":6,"key":"Lantern"},{"floor":9,"key":"Pear"},{"floor":10,"key":"Smiling Mask"},{"floor":13,"key":"PreservedInsect"}],"event_choices":[{"cards_removed":["Strike_B"],"damage_healed":0,"gold_gain":0,"player_choice":"Card Removal","damage_taken":7,"max_hp_gain":0,"max_hp_loss":0,"event_name":"Golden Wing","floor":2,"gold_loss":0},{"damage_healed":0,"gold_gain":150,"player_choice":"AGREE","damage_taken":0,"max_hp_gain":0,"max_hp_loss":0,"event_name":"Liars Game","floor":3,"gold_loss":0,"cards_obtained":["Doubt"]},{"damage_healed":0,"gold_gain":0,"player_choice":"Entered Light","damage_taken":21,"max_hp_gain":0,"max_hp_loss":0,"event_name":"Shining Light","floor":8,"gold_loss":0,"cards_upgraded":["Zap","Strike_B"]}],"is_beta":false,"boss_relics":[],"items_purged_floors":[4],"is_endless":false,"potions_floor_spawned":[1,6,11],"killed_by":"Hexaghost","ascension_level":19}}