{"host":"yqw1zpryoutrnocq","time":1612651648,"event":{"mods":["2.2 Compatiblity","AchievementEnabler","BaseMod","Colored Map","Custom Start","DeckTracker","Minty Spire (QoL Compilation)","StSLib","SuperFastMode"],"gold_per_floor":[119,119,119,6,6,6,37,56,56,70,70,114,130,21,21,149,149,168,187,286,286,301,301,301,301],"floor_reached":24,"language":"KOR","playtime":526,"items_purged":["Strike_B"],"score":309,"play_id":"11790913-bf99-43f3-b867-ef0bd6be30c2","local_time":"20210206164728","is_ascension_mode":true,"campfire_choices":[{"data":"Zap","floor":6.0,"key":"SMITH"},{"data":"Creative AI","floor":11.0,"key":"SMITH"},{"floor":15.0,"key":"REST"},{"data":"Seek","floor":23.0,"key":"SMITH"}],"circlet_count":0,"master_deck":["Strike_B","Strike_B","Strike_B","Defend_B","Defend_B","Defend_B","Defend_B","Zap+1","Dualcast","Beam Cell","Lockon","Dark Shackles","Zap","Creative AI+1","Lockon","Defragment","Coolheaded","Capacitor","Coolheaded","Defragment","Glacier","Seek+1","Skim+1","Blizzard"],"relics":["Cracked Core","NeowsBlessing","DataDisk","Golden Idol","MealTicket","Letter Opener","Toy Ornithopter","SlaversCollar"],"acts_visited":["Exordium","TheCity"],"potions_floor_usage":[24,24],"damage_taken":[{"damage":0.0,"enemies":"2 Louse","floor":1.0,"turns":1.0},{"damage":0.0,"enemies":"3 Sentries","floor":7.0,"turns":1.0},{"damage":0.0,"enemies":"Small Slimes","floor":8.0,"turns":1.0},{"damage":6.0,"enemies":"Cultist","floor":10.0,"turns":3.0},{"damage":27.0,"enemies":"Lagavulin","floor":12.0,"turns":5.0},{"damage":14.0,"enemies":"Exordium Thugs","floor":13.0,"turns":3.0},{"damage":24.0,"enemies":"Hexaghost","floor":16.0,"turns":7.0},{"damage":2.0,"enemies":"Spheric Guardian","floor":18.0,"turns":8.0},{"damage":4.0,"enemies":"Shell Parasite","floor":19.0,"turns":7.0},{"damage":28.0,"enemies":"Snake Plant","floor":22.0,"turns":5.0},{"damage":27,"enemies":"Slavers","floor":24,"turns":2}],"seed_played":"6651001153324176523","potions_obtained":[{"floor":1.0,"key":"SteroidPotion"},{"floor":16.0,"key":"Strength Potion"},{"floor":22.0,"key":"Swift Potion"}],"is_trial":false,"path_per_floor":["M","?","?","$","?","R","E","M","T","M","R","E","M","$","R","B",null,"M","M","?","?","M","R","E"],"character_chosen":"DEFECT","items_purchased":["Lockon","Defragment","Glacier"],"campfire_rested":1,"item_purchase_floors":[4,14,14],"current_hp_per_floor":[68,61,43,43,43,43,43,43,43,37,37,10,1,16,38,14,60,58,54,54,40,12,12,0,0],"gold":301,"neow_bonus":"THREE_ENEMY_KILL","is_daily":false,"chose_seed":false,"campfire_upgraded":3,"win_rate":0.0,"timestamp":1612651648,"path_taken":["M","?","?","$","?","R","E","M","T","?","R","E","M","?","R","BOSS","M","M","?","?","M","R","E"],"items_purchased_type":["Card","Card","Card"],"build_version":"2020-12-22","purchased_purges":1,"victory":false,"max_hp_per_floor":[75,75,75,75,75,75,75,75,75,75,75,75,75,75,75,75,75,75,75,75,80,80,80,80,80],"card_choices":[{"not_picked":["Streamline","Go for the Eyes"],"picked":"Beam Cell","floor":1.0},{"not_picked":["Cold Snap","Sweeping Beam"],"picked":"Defragment","floor":7.0},{"not_picked":["Conserve Battery","Gash"],"picked":"Coolheaded","floor":8.0},{"not_picked":["Steam","Stack","Rip and Tear"],"picked":"SKIP","floor":10.0},{"not_picked":["Chaos","FTL"],"picked":"Capacitor","floor":12.0},{"not_picked":["Steam","Static Discharge"],"picked":"Coolheaded","floor":13.0},{"not_picked":["Electrodynamics","Creative AI"],"picked":"Seek","floor":16.0},{"not_picked":["Conserve Battery","Lockon","Sweeping Beam"],"picked":"SKIP","floor":18.0},{"not_picked":["Coolheaded","Go for the Eyes"],"picked":"Skim+1","floor":19.0},{"not_picked":["Reinforced Body","Tempest"],"picked":"Blizzard","floor":22.0}],"player_experience":306865,"relics_obtained":[{"floor":7.0,"key":"MealTicket"},{"floor":9.0,"key":"Letter Opener"},{"floor":12.0,"key":"Toy Ornithopter"}],"event_choices":[{"damage_healed":0.0,"max_hp_gain":0.0,"max_hp_loss":0.0,"gold_gain":0.0,"event_name":"Scrap Ooze","player_choice":"Success","floor":2.0,"gold_loss":0.0,"damage_taken":7.0,"relics_obtained":["DataDisk"]},{"damage_healed":0.0,"max_hp_gain":0.0,"max_hp_loss":0.0,"gold_gain":0.0,"event_name":"Golden Idol","player_choice":"Take Damage","floor":3.0,"gold_loss":0.0,"damage_taken":18.0,"relics_obtained":["Golden Idol"]},{"damage_healed":0.0,"max_hp_gain":0.0,"max_hp_loss":0.0,"gold_gain":0.0,"event_name":"Match and Keep!","player_choice":"4 cards matched","floor":5.0,"gold_loss":0.0,"damage_taken":0.0,"cards_obtained":["Dark Shackles","Zap","Creative AI","Lockon"]},{"damage_healed":0.0,"max_hp_gain":0.0,"max_hp_loss":0.0,"gold_gain":99.0,"event_name":"Nest","player_choice":"Stole From Cult","floor":20.0,"gold_loss":0.0,"damage_taken":0.0},{"damage_healed":0.0,"max_hp_gain":5.0,"max_hp_loss":0.0,"gold_gain":0.0,"event_name":"Forgotten Altar","player_choice":"Shed Blood","floor":21.0,"gold_loss":0.0,"damage_taken":19.0}],"is_beta":false,"boss_relics":[{"not_picked":["Ectoplasm","Snecko Eye"],"picked":"SlaversCollar"}],"items_purged_floors":[4],"is_endless":false,"potions_floor_spawned":[1,16,22],"killed_by":"Slavers","ascension_level":7}}