{"host":"nlh1m2716594vj2h","time":1612653952,"event":{"mods":["AchievementEnabler","BaseMod","Beaked The Cultist","BetterRewards","Downfall","Duelist Mod","Googly Eyes","Gremlin Mod","Hermit","Hubris","Infinite Spire","Jorbs\u0027s Wanderer Trilogy","Marisa????????","Minty Spire (QoL Compilation)","Replay The Spire","Shop Mod","StSLib","The Animator","The Blackbeard","The Bug Knight","The Cursed","The Gatherer","The Hierophant","The Necromancer","The Poker Player","The Senshi","The Servant 0.9.4"],"gold_per_floor":[145,145,145,145,161,161,14,40,65,65,29,29,43,57,57,196,196,199,237,379,379],"floor_reached":20,"language":"ENG","playtime":1909,"items_purged":[],"score":207,"play_id":"de835d8c-65c5-4aa9-aaeb-a69b562af09b","local_time":"20210206182552","is_ascension_mode":true,"campfire_choices":[{"floor":6,"key":"RECALL"},{"floor":12,"key":"REST"},{"floor":15,"key":"REST"}],"circlet_count":0,"master_deck":["theDuelist:BabyDragon","theDuelist:CastleWalls","theDuelist:CastleWalls","theDuelist:CaveDragon","theDuelist:CaveDragon","theDuelist:LesserDragon","theDuelist:LesserDragon","theDuelist:Sparks","theDuelist:Sparks","theDuelist:YamataDragon","theDuelist:RedRisingDragon","hubris:Rewind+1","theDuelist:BlizzardDragon","theDuelist:StarlightRoad","theDuelist:Vandalgyon","theDuelist:BlackStego","theDuelist:Raigeki","theDuelist:FiveHeaded","theDuelist:TailSwipe+1","theDuelist:BSkullDragon"],"relics":["theDuelist:MillenniumPuzzle","theDuelist:CardPoolRelic","theDuelist:CardPoolBasicRelic","theDuelist:BoosterPackPoolRelic","theDuelist:CardPoolAddRelic","theDuelist:CardPoolMinusRelic","theDuelist:CardPoolSaveRelic","theDuelist:CardPoolOptionsRelic","hubris:64BitClover","hubris:Icosahedron","hubris:Towel","theDuelist:AknamkanonsEssence","infinitespire:Midas Blood","Replay:Wax Seal","Black Star","Calipers"],"acts_visited":["Exordium","TheCity"],"potions_floor_usage":[14,16,18],"damage_taken":[{"damage":0,"enemies":"Small Slimes","floor":1,"turns":2},{"damage":0,"enemies":"Cultist","floor":5,"turns":3},{"damage":20,"enemies":"Gremlin Nob","floor":8,"turns":4},{"damage":0,"enemies":"Jaw Worm","floor":13,"turns":1},{"damage":6,"enemies":"Lots of Slimes","floor":14,"turns":3},{"damage":42,"enemies":"Fading Forest","floor":16,"turns":11},{"damage":15,"enemies":"2 Thieves","floor":18,"turns":5},{"damage":5,"enemies":"3 Byrds","floor":19,"turns":8},{"damage":87,"enemies":"3 Cultists","floor":20,"turns":6}],"seed_played":"-1058115075006976651","potions_obtained":[{"floor":1,"key":"Explosive Potion"},{"floor":14,"key":"SkillPotion"},{"floor":16,"key":"BlessingOfTheForge"}],"is_trial":false,"path_per_floor":["M","?","?","?","M","R","$","E","T","?","$","R","M","M","R","B",null,"M","M","M"],"character_chosen":"THE_DUELIST","items_purchased":["theDuelist:AknamkanonsEssence","theDuelist:Vandalgyon"],"campfire_rested":2,"item_purchase_floors":[7,11],"current_hp_per_floor":[70,50,50,50,50,50,50,30,30,30,30,54,54,48,72,62,80,65,75,0,0],"gold":379,"neow_bonus":"","is_daily":false,"chose_seed":false,"campfire_upgraded":0,"win_rate":0.0,"timestamp":1612653952,"path_taken":["M","?","?","?","M","R","$","E","T","?","$","R","M","M","R","BOSS","M","M","M"],"items_purchased_type":["Relic","Card"],"build_version":"2020-12-22","purchased_purges":0,"victory":false,"max_hp_per_floor":[80,80,80,80,80,80,80,80,80,80,80,80,80,80,80,80,80,80,80,80,80],"card_choices":[{"not_picked":["theDuelist:BusterBlader","theDuelist:BlackStego","theDuelist:MegafleetDragon","theDuelist:DreadnoughtDreadnoid"],"picked":"theDuelist:RedRisingDragon","floor":1},{"not_picked":["infinitespire:Execution","infinitespire:FutureSight"],"picked":"hubris:Rewind","floor":2},{"not_picked":["theDuelist:YamataDragon","theDuelist:ViceDragon","theDuelist:BusterBlader","theDuelist:BlackStego"],"picked":"theDuelist:BlizzardDragon","floor":5},{"not_picked":["theDuelist:MadSwordBeast","theDuelist:HazyFlameHydra","theDuelist:DragonPiper","theDuelist:CyberEndDragon"],"picked":"theDuelist:StarlightRoad","floor":8},{"not_picked":["theDuelist:MadSwordBeast","theDuelist:MadFlameKaiju","theDuelist:GiantRex","theDuelist:BarrelDragon"],"picked":"theDuelist:BlackStego","floor":13},{"not_picked":["theDuelist:BigFire","theDuelist:ForbiddenLance","theDuelist:LightningDarts","theDuelist:SmashingGround"],"picked":"theDuelist:Raigeki","floor":14},{"not_picked":["theDuelist:VoidOgreDragon","theDuelist:Scapegoat","theDuelist:BusterBladerDDS","theDuelist:ArmedProtectorDragon"],"picked":"theDuelist:FiveHeaded","floor":16},{"not_picked":["theDuelist:SurvivalFittest","theDuelist:Scapegoat","theDuelist:OceanDragonLord","theDuelist:CyberDragonInfinity"],"picked":"theDuelist:TailSwipe+1","floor":18},{"not_picked":["theDuelist:VoidOgreDragon","theDuelist:DragonMastery"],"picked":"theDuelist:BSkullDragon","floor":19}],"player_experience":480197,"relics_obtained":[{"floor":8,"key":"infinitespire:Midas Blood"},{"floor":9,"key":"Replay:Wax Seal"},{"floor":19,"key":"Calipers"}],"event_choices":[{"damage_healed":0,"gold_gain":0,"player_choice":"Grow","damage_taken":0,"max_hp_gain":0,"max_hp_loss":0,"event_name":"Living Wall","floor":10,"gold_loss":0,"cards_upgraded":["hubris:Rewind"]}],"is_beta":false,"boss_relics":[{"not_picked":["Snecko Scales","hubris:CrackedHourglass"],"picked":"Black Star"}],"items_purged_floors":[],"is_endless":false,"potions_floor_spawned":[1,14,16],"killed_by":"3 Cultists","ascension_level":1}}