{"host":"gc0hqzwg2gd3zszy","time":1612576590,"event":{"mods":["BaseMod","DeckTracker","Minty Spire (QoL Compilation)","Relic Stats","SuperFastMode"],"gold_per_floor":[115,139,158,168,168,168,187,207,207,233,233,70,101,119,119,196,196,208,208,228,242,242,242,274,274,274,306,306,306,339,22,22,101,101,115,126,76,89,13,45,45,63,63,89,114,114,128,160,160,160,160,160,160,55,80,80,80],"floor_reached":56,"language":"KOR","playtime":3147,"items_purged":["Strike_P","Defend_P","Strike_P+1"],"score":2556,"play_id":"bad82c7a-ffbf-4c71-958d-e1bf6c320886","local_time":"20210206105630","is_ascension_mode":true,"campfire_choices":[{"data":"Eruption","floor":6.0,"key":"SMITH"},{"floor":11.0,"key":"REST"},{"data":"Adaptation","floor":15.0,"key":"SMITH"},{"data":"Ghostly","floor":23.0,"key":"SMITH"},{"data":"Ghostly","floor":25.0,"key":"SMITH"},{"data":"Ghostly","floor":29.0,"key":"SMITH"},{"data":"CrushJoints","floor":32.0,"key":"SMITH"},{"floor":41.0,"key":"RECALL"},{"data":"MentalFortress","floor":46.0,"key":"SMITH"},{"data":"CutThroughFate","floor":49.0,"key":"SMITH"},{"data":"MentalFortress","floor":53.0,"key":"SMITH"}],"circlet_count":0,"master_deck":["AscendersBane","Eruption+1","Vigilance","CarveReality+1","CutThroughFate+1","Evaluate","ThirdEye","CrushJoints+1","SpiritShield","SandsOfTime","Adaptation+1","DeusExMachina","FlurryOfBlows+1","Ghostly+1","Ghostly+1","Ghostly+1","FearNoEvil","MentalFortress+1","MentalFortress+1","Study+1"],"relics":["PureWater","Ancient Tea Set","Shuriken","Turnip","Bag of Marbles","Thread and Needle","VioletLotus","Pantograph","Smiling Mask","FossilizedHelix","Sundial","Empty Cage","Blood Vial","Whetstone","Molten Egg 2","Calipers","Letter Opener","Oddly Smooth Stone"],"acts_visited":["Exordium","TheCity","TheBeyond","TheEnding"],"potions_floor_usage":[56],"damage_taken":[{"damage":0.0,"enemies":"Cultist","floor":1.0,"turns":2.0},{"damage":0.0,"enemies":"2 Louse","floor":3.0,"turns":2.0},{"damage":1.0,"enemies":"Jaw Worm","floor":4.0,"turns":3.0},{"damage":0.0,"enemies":"Lots of Slimes","floor":7.0,"turns":1.0},{"damage":7.0,"enemies":"Blue Slaver","floor":8.0,"turns":4.0},{"damage":20.0,"enemies":"Lagavulin","floor":10.0,"turns":6.0},{"damage":0.0,"enemies":"Gremlin Nob","floor":13.0,"turns":2.0},{"damage":0.0,"enemies":"2 Fungi Beasts","floor":14.0,"turns":2.0},{"damage":36.0,"enemies":"Hexaghost","floor":16.0,"turns":8.0},{"damage":7.0,"enemies":"2 Thieves","floor":18.0,"turns":4.0},{"damage":6.0,"enemies":"Shell Parasite","floor":20.0,"turns":3.0},{"damage":20.0,"enemies":"Snecko","floor":21.0,"turns":5.0},{"damage":0.0,"enemies":"Book of Stabbing","floor":24.0,"turns":5.0},{"damage":4.0,"enemies":"Gremlin Leader","floor":27.0,"turns":5.0},{"damage":0.0,"enemies":"Book of Stabbing","floor":30.0,"turns":3.0},{"damage":0.0,"enemies":"Champ","floor":33.0,"turns":6.0},{"damage":0.0,"enemies":"3 Shapes","floor":35.0,"turns":7.0},{"damage":0.0,"enemies":"3 Darklings","floor":36.0,"turns":5.0},{"damage":0.0,"enemies":"Maw","floor":38.0,"turns":5.0},{"damage":0.0,"enemies":"Giant Head","floor":40.0,"turns":6.0},{"damage":13.0,"enemies":"Sphere and 2 Shapes","floor":42.0,"turns":5.0},{"damage":0.0,"enemies":"Reptomancer","floor":44.0,"turns":7.0},{"damage":0.0,"enemies":"Mind Bloom Boss Battle","floor":45.0,"turns":5.0},{"damage":0.0,"enemies":"Writhing Mass","floor":47.0,"turns":5.0},{"damage":0.0,"enemies":"Giant Head","floor":48.0,"turns":6.0},{"damage":0.0,"enemies":"Awakened One","floor":50.0,"turns":8.0},{"damage":17.0,"enemies":"Time Eater","floor":51.0,"turns":9.0},{"damage":0.0,"enemies":"Shield and Spear","floor":55.0,"turns":8.0},{"damage":44,"enemies":"The Heart","floor":56,"turns":8}],"seed_played":"5856176920080141341","potions_obtained":[{"floor":3.0,"key":"AttackPotion"},{"floor":4.0,"key":"Fruit Juice"},{"floor":10.0,"key":"BlessingOfTheForge"},{"floor":14.0,"key":"Dexterity Potion"},{"floor":20.0,"key":"BlessingOfTheForge"},{"floor":24.0,"key":"Ancient Potion"},{"floor":30.0,"key":"AttackPotion"},{"floor":33.0,"key":"DistilledChaos"},{"floor":40.0,"key":"Energy Potion"},{"floor":45.0,"key":"Swift Potion"}],"is_trial":false,"path_per_floor":["M","T","M","M","?","R","M","M","T","E","R","$","E","M","R","B",null,"M","?","M","M","?","R","E","R","T","E","?","R","E","$","R","B",null,"M","M","$","M","$","E","R","M","T","E","?","R","M","E","R","B","B",null,"R","$","E","B"],"character_chosen":"WATCHER","items_purchased":["Bag of Marbles","Sundial","MentalFortress","Fire Potion"],"campfire_rested":1,"item_purchase_floors":[12,31,39,54],"current_hp_per_floor":[61,61,61,65,65,65,65,58,58,38,59,59,59,59,59,23,61,54,54,48,28,28,28,28,28,28,24,24,24,24,24,24,36,36,36,36,36,36,36,36,36,23,23,25,36,36,36,36,36,36,19,32,32,32,34,0,0],"gold":80,"neow_bonus":"TRANSFORM_CARD","is_daily":false,"chose_seed":false,"campfire_upgraded":9,"win_rate":0.0,"timestamp":1612576590,"path_taken":["M","?","M","M","?","R","?","M","T","E","R","$","E","M","R","BOSS","M","?","M","?","?","R","E","R","T","E","?","R","E","$","R","BOSS","M","M","$","M","$","E","R","M","T","E","?","R","M","E","R","BOSS","BOSS","R","$","E","BOSS"],"items_purchased_type":["Relic","Relic","Card","Potion"],"build_version":"2020-12-22","purchased_purges":3,"victory":false,"max_hp_per_floor":[68,68,68,73,73,73,73,73,73,73,73,73,73,73,73,73,73,73,73,73,73,36,36,36,36,36,36,36,36,36,36,36,36,36,36,36,36,36,36,36,36,36,36,36,36,36,36,36,36,36,36,36,36,36,36,36,36],"relic_stats":{"Blood Vial":8,"counters":[29,145],"Shuriken":[75],"Sundial":[22],"Pantograph":21,"Turnip":[18],"VioletLotus":[29],"Whetstone":["Strike_P","CarveReality"],"Letter Opener":[90],"Smiling Mask":150,"obtain_stats":[{"Calipers":45,"Oddly Smooth Stone":55,"Thread and Needle":13,"Whetstone":43,"Letter Opener":48,"Ancient Tea Set":2,"Smiling Mask":27,"Empty Cage":34,"Blood Vial":40,"Shuriken":9,"Sundial":31,"Pantograph":24,"Molten Egg 2":44,"Turnip":10,"VioletLotus":17,"Bag of Marbles":12,"PureWater":0,"FossilizedHelix":30},{"Calipers":23,"Oddly Smooth Stone":28,"Thread and Needle":7,"Whetstone":21,"Letter Opener":25,"Ancient Tea Set":1,"Smiling Mask":14,"Empty Cage":16,"Blood Vial":20,"Shuriken":5,"Sundial":15,"Pantograph":13,"Molten Egg 2":22,"Turnip":6,"VioletLotus":9,"Bag of Marbles":6,"PureWater":0,"FossilizedHelix":15},{"Calipers":101,"Oddly Smooth Stone":137,"Thread and Needle":20,"Whetstone":89,"Letter Opener":112,"Ancient Tea Set":2,"Smiling Mask":52,"Empty Cage":61,"Blood Vial":84,"Shuriken":12,"Sundial":55,"Pantograph":47,"Molten Egg 2":96,"Turnip":18,"VioletLotus":30,"Bag of Marbles":18,"PureWater":0,"FossilizedHelix":55}]},"card_choices":[{"not_picked":["CrushJoints","Weave"],"picked":"CutThroughFate","floor":1.0},{"not_picked":["FlurryOfBlows","PathToVictory"],"picked":"Evaluate","floor":3.0},{"not_picked":["CarveReality","Vengeance"],"picked":"ThirdEye","floor":4.0},{"not_picked":["Consecrate","ThirdEye"],"picked":"CrushJoints","floor":7.0},{"not_picked":["SashWhip","FlyingSleeves"],"picked":"SpiritShield","floor":8.0},{"not_picked":["Indignation","Consecrate"],"picked":"SandsOfTime","floor":10.0},{"not_picked":["Worship","WheelKick"],"picked":"Adaptation","floor":13.0},{"not_picked":["Study","FlyingSleeves","ForeignInfluence"],"picked":"SKIP","floor":14.0},{"not_picked":["Devotion","LessonLearned"],"picked":"DeusExMachina","floor":16.0},{"not_picked":["PathToVictory","Meditate","CrushJoints"],"picked":"SKIP","floor":18.0},{"not_picked":["Perseverance","PathToVictory","Sanctity"],"picked":"SKIP","floor":20.0},{"not_picked":["JustLucky","SignatureMove"],"picked":"FlurryOfBlows+1","floor":21.0},{"not_picked":["EmptyFist","EmptyBody","ThirdEye"],"picked":"SKIP","floor":24.0},{"not_picked":["FlyingSleeves+1","Worship","SashWhip"],"picked":"SKIP","floor":27.0},{"not_picked":["EmptyBody","CutThroughFate","Fasting2"],"picked":"SKIP","floor":30.0},{"not_picked":["Consecrate+1","SashWhip","Worship"],"picked":"SKIP","floor":35.0},{"not_picked":["BattleHymn+1","BowlingBash+1"],"picked":"MentalFortress","floor":36.0},{"not_picked":["Collect","FearNoEvil","Halt"],"picked":"SKIP","floor":38.0},{"not_picked":["Meditate","Pray","Collect"],"picked":"SKIP","floor":40.0},{"not_picked":["Consecrate","FlyingSleeves"],"picked":"Study+1","floor":42.0},{"not_picked":["PathToVictory","ClearTheMind+1","Nirvana"],"picked":"SKIP","floor":44.0},{"not_picked":["Halt","FlurryOfBlows+1","Sanctity"],"picked":"SKIP","floor":47.0},{"not_picked":["Nirvana","ClearTheMind+1","JustLucky+1"],"picked":"SKIP","floor":48.0},{"not_picked":["CutThroughFate+1","DeusExMachina","Halt+1"],"picked":"SKIP","floor":55.0}],"player_experience":1384491,"relics_obtained":[{"floor":2.0,"key":"Ancient Tea Set"},{"floor":9.0,"key":"Shuriken"},{"floor":10.0,"key":"Turnip"},{"floor":13.0,"key":"Thread and Needle"},{"floor":24.0,"key":"Pantograph"},{"floor":27.0,"key":"Smiling Mask"},{"floor":30.0,"key":"FossilizedHelix"},{"floor":40.0,"key":"Blood Vial"},{"floor":43.0,"key":"Whetstone"},{"floor":44.0,"key":"Molten Egg 2"},{"floor":45.0,"key":"Calipers"},{"floor":48.0,"key":"Letter Opener"},{"floor":55.0,"key":"Oddly Smooth Stone"}],"event_choices":[{"cards_removed":["Defend_P"],"damage_healed":0.0,"max_hp_gain":0.0,"max_hp_loss":0.0,"gold_gain":0.0,"event_name":"Purifier","player_choice":"Purged","floor":5.0,"gold_loss":0.0,"damage_taken":0.0},{"cards_removed":["Defend_P"],"damage_healed":0.0,"max_hp_gain":0.0,"max_hp_loss":0.0,"gold_gain":0.0,"event_name":"Bonfire Elementals","player_choice":"Offered Basic","floor":19.0,"gold_loss":0.0,"damage_taken":0.0},{"damage_healed":0.0,"max_hp_gain":0.0,"max_hp_loss":37.0,"gold_gain":0.0,"event_name":"Ghosts","player_choice":"Became a Ghost","floor":22.0,"gold_loss":0.0,"damage_taken":0.0,"cards_obtained":["Ghostly","Ghostly","Ghostly"]},{"damage_healed":0.0,"max_hp_gain":0.0,"max_hp_loss":0.0,"gold_gain":0.0,"event_name":"The Library","player_choice":"Read","floor":28.0,"gold_loss":0.0,"damage_taken":0.0,"cards_obtained":["FearNoEvil"]},{"damage_healed":0.0,"max_hp_gain":0.0,"max_hp_loss":0.0,"gold_gain":0.0,"event_name":"MindBloom","player_choice":"Fight","floor":45.0,"gold_loss":0.0,"damage_taken":0.0}],"is_beta":false,"boss_relics":[{"not_picked":["Pandora\u0027s Box","Sozu"],"picked":"VioletLotus"},{"not_picked":["Black Star","Cursed Key"],"picked":"Empty Cage"}],"items_purged_floors":[31,37,54],"is_endless":false,"potions_floor_spawned":[3,4,10,14,20,24,30,33,35,40,45],"killed_by":"The Heart","ascension_level":20}}