{"host":"fdip6nj211smoxvi","time":1612608517,"event":{"mods":["BaseMod","BetterRewards","Colored Map","Downfall","Hermit","Minty Spire (QoL Compilation)","Shop Mod","StSLib","The Hierophant","The Servant 0.9.4"],"gold_per_floor":[109,109,121,138,313,313,332,332,384,384,119,145,110,110,110,206,206,216,231,231,231,231],"floor_reached":21,"language":"DEU","playtime":1046,"items_purged":["Doubt"],"score":305,"play_id":"66879b55-f58e-4841-bdbb-c576fd1785f0","local_time":"20210206114837","is_ascension_mode":true,"campfire_choices":[{"data":"Crippling Poison","floor":6,"key":"SMITH"},{"data":"Deadly Poison","floor":8,"key":"SMITH"},{"floor":10,"key":"REST"},{"data":"Bouncing Flask","floor":15,"key":"SMITH"}],"circlet_count":0,"master_deck":["Strike_G","Strike_G","Strike_G","Strike_G","Strike_G","Defend_G","Defend_G","Defend_G","Defend_G","Defend_G","Survivor","Neutralize","Dagger Spray","Crippling Poison+1","Deadly Poison+1","Riddle With Holes","Bouncing Flask+1","Adrenaline","Poisoned Stab+1","Dagger Throw+1","Catalyst"],"relics":["Snecko Eye","Tiny Chest","Lantern","Happy Flower","Runic Pyramid"],"acts_visited":["Exordium","TheCity"],"potions_floor_usage":[12,16],"damage_taken":[{"damage":0,"enemies":"2 Louse","floor":1,"turns":3},{"damage":14,"enemies":"Cultist","floor":3,"turns":5},{"damage":6,"enemies":"Jaw Worm","floor":4,"turns":4},{"damage":11,"enemies":"Looter","floor":7,"turns":3},{"damage":12,"enemies":"Gremlin Nob","floor":12,"turns":3},{"damage":4,"enemies":"The Guardian","floor":16,"turns":7},{"damage":4,"enemies":"Chosen","floor":18,"turns":4},{"damage":15,"enemies":"Shell Parasite","floor":19,"turns":4},{"damage":20,"enemies":"Snecko","floor":21,"turns":4}],"seed_played":"-4756570788206773353","potions_obtained":[{"floor":3,"key":"LiquidMemories"},{"floor":4,"key":"LiquidMemories"},{"floor":19,"key":"BlessingOfTheForge"}],"is_trial":false,"path_per_floor":["M","?","M","M","?","R","M","R","T","R","$","E","?","$","R","B",null,"M","M","?","M"],"character_chosen":"THE_SILENT","items_purchased":["Bouncing Flask","Lantern"],"campfire_rested":1,"item_purchase_floors":[11,11],"current_hp_per_floor":[70,70,56,50,50,50,39,39,39,60,60,48,65,65,65,61,70,66,51,51,31,31],"gold":231,"neow_bonus":"BOSS_RELIC","is_daily":false,"chose_seed":false,"campfire_upgraded":3,"win_rate":0.0,"timestamp":1612608517,"path_taken":["M","?","M","?","?","R","M","R","T","R","?","E","?","$","R","BOSS","M","M","?","M"],"items_purchased_type":["Card","Relic"],"build_version":"2020-12-22","purchased_purges":1,"victory":false,"max_hp_per_floor":[70,70,70,70,70,70,70,70,70,70,70,70,70,70,70,70,70,70,70,70,70,70],"card_choices":[{"not_picked":["Quick Slash","Prepared"],"picked":"Dagger Spray","floor":1},{"not_picked":["Quick Slash","Blade Dance"],"picked":"Crippling Poison","floor":3},{"not_picked":["Heel Hook","Dagger Spray"],"picked":"Deadly Poison","floor":4},{"not_picked":["Underhanded Strike","Eviscerate"],"picked":"Riddle With Holes","floor":7},{"not_picked":["Prepared","Endless Agony","Concentrate"],"picked":"SKIP","floor":12},{"not_picked":["Malaise","Doppelganger"],"picked":"Adrenaline","floor":16},{"not_picked":["Outmaneuver+1","Cloak And Dagger+1"],"picked":"Poisoned Stab+1","floor":18},{"not_picked":["Bane","Underhanded Strike+1"],"picked":"Dagger Throw+1","floor":19}],"player_experience":241546,"relics_obtained":[{"floor":9,"key":"Tiny Chest"},{"floor":12,"key":"Happy Flower"}],"event_choices":[{"damage_healed":0,"gold_gain":0,"player_choice":"Full Heal","damage_taken":0,"max_hp_gain":0,"max_hp_loss":0,"event_name":"Wheel of Change","floor":2,"gold_loss":0},{"damage_healed":0,"gold_gain":175,"player_choice":"AGREE","damage_taken":0,"max_hp_gain":0,"max_hp_loss":0,"event_name":"Liars Game","floor":5,"gold_loss":0,"cards_obtained":["Doubt"]},{"damage_healed":17,"gold_gain":0,"player_choice":"Healed","damage_taken":0,"max_hp_gain":0,"max_hp_loss":0,"event_name":"The Cleric","floor":13,"gold_loss":35},{"damage_healed":0,"gold_gain":0,"player_choice":"Read","damage_taken":0,"max_hp_gain":0,"max_hp_loss":0,"event_name":"The Library","floor":20,"gold_loss":0,"cards_obtained":["Catalyst"]}],"is_beta":false,"boss_relics":[{"not_picked":["Pandora\u0027s Box","Tiny House"],"picked":"Runic Pyramid"}],"items_purged_floors":[11],"is_endless":false,"potions_floor_spawned":[3,4,19],"killed_by":"Snecko","ascension_level":2}}