{"host":"l4am8ae7vj09bp0g","time":1612602054,"event":{"mods":["Act Like it!","BaseMod","Colored Powertips","Conspire","LagranYue(¿≠∏Ò¿ °§‘¬)","Minty Spire (QoL Compilation)","Quick Restart","Relic Filter","Reliquary","Replay The Spire","Shop Mod","StSLib","SuperFastMode","TestMod"],"gold_per_floor":[110,110,110,122,135,165,179,210,237,262,262,47,59,73,73,175,175,202,214,244,271,297,338,333,333,333],"floor_reached":25,"language":"ZHS","playtime":1058,"items_purged":[],"score":415,"play_id":"eda949b7-7c75-4191-822f-564411620c57","local_time":"20210206170054","daily_mods":["SealedDeck","Heirloom","Flight","DeadlyEvents","Cursed Run","Elite Swarm","Uncertain Future"],"is_ascension_mode":true,"campfire_choices":[{"data":"Juggernaut","floor":11,"key":"SMITH"},{"data":"True Grit","floor":15,"key":"SMITH"}],"circlet_count":0,"master_deck":["Headbutt","Iron Wave","Body Slam+1","Flame Barrier","Pommel Strike","Rage","Pommel Strike","Metallicize","Infernal Blade+1","Juggernaut+1","Power Through","True Grit+1","conspire:Purge","ReplayTheSpireMod:Faulty Equipment","Clumsy","Exhume","Dark Embrace","Dark Embrace"],"relics":["Cursed Key","Darkstone Periapt","Du-Vu Doll","testmod-TestBox","LagranYue:RandomDrawCardRelic","testmod-Register","Replay:Towering Pillar of Hats","ReplayTheSpireMod:Lightbulb","reliquary:RosewoodLute","LagranYue:MagicReflectiveArmorRelic","MerchantsRug","Sundial","testmod-Laevatain","Replay:Accelerometer","reliquary:Bookmark"],"acts_visited":["Exordium","TheCity"],"potions_floor_usage":[10,14,21],"damage_taken":[{"damage":0,"enemies":"Jaw Worm","floor":1,"turns":2},{"damage":0,"enemies":"2 Louse","floor":4,"turns":2},{"damage":0,"enemies":"Cultist","floor":5,"turns":2},{"damage":0,"enemies":"Gremlin Nob","floor":6,"turns":3},{"damage":0,"enemies":"Exordium Thugs","floor":7,"turns":2},{"damage":0,"enemies":"3 Sentries","floor":8,"turns":4},{"damage":0,"enemies":"Gremlin Nob","floor":10,"turns":2},{"damage":0,"enemies":"Exordium Wildlife","floor":13,"turns":2},{"damage":0,"enemies":"3 Louse","floor":14,"turns":2},{"damage":0,"enemies":"Hexaghost","floor":16,"turns":6},{"damage":0,"enemies":"Chosen","floor":18,"turns":3},{"damage":22,"enemies":"2 Thieves","floor":20,"turns":3},{"damage":10,"enemies":"Sentry and Sphere","floor":21,"turns":4},{"damage":0,"enemies":"Centurion and Healer","floor":22,"turns":3},{"damage":0,"enemies":"conspire:Head Lice","floor":23,"turns":4},{"damage":0,"enemies":"conspire:SneckoGhost","floor":25,"turns":1}],"seed_played":"-6243962977192196401","potions_obtained":[{"floor":4,"key":"Strength Potion"},{"floor":6,"key":"Adrenaline Potion"},{"floor":8,"key":"Block Potion"},{"floor":13,"key":"Block Potion"},{"floor":14,"key":"conspire:TimeTravelPotion"},{"floor":22,"key":"Energy Potion"}],"is_trial":true,"path_per_floor":["M","?","?","M","M","E","M","E","T","E","R","$","M","M","R","B",null,"M","?","M","M","M","E","$","E"],"character_chosen":"IRONCLAD","items_purchased":["MerchantsRug","Power Through","Dark Embrace","reliquary:Bookmark"],"campfire_rested":0,"item_purchase_floors":[12,12,24,24],"current_hp_per_floor":[1,1,1,1,1,1,1,1,7,7,7,7,7,7,7,13,49,49,42,20,15,15,15,15,15,15],"gold":333,"neow_bonus":"","is_daily":false,"chose_seed":false,"campfire_upgraded":2,"win_rate":0.0,"timestamp":1612602054,"path_taken":["M","?","?","M","?","E","M","E","T","E","R","$","M","M","R","BOSS","M","?","M","M","?","E","$","E"],"items_purchased_type":["Relic","Card","Card","Relic"],"build_version":"2020-12-22","purchased_purges":0,"victory":false,"max_hp_per_floor":[1,1,1,1,1,1,1,1,7,7,7,7,7,7,7,13,49,49,54,54,51,48,48,48,48,48],"card_choices":[{"not_picked":["Rupture","Anger","Metallicize"],"picked":"SKIP","floor":1},{"not_picked":["Iron Wave","Body Slam","Perfected Strike"],"picked":"SKIP","floor":4},{"not_picked":["ReplayTheSpireMod:Strike From Hell","Warcry","Feel No Pain"],"picked":"SKIP","floor":5},{"not_picked":["Immolate","Hemogenesis","Replay:Many Hands"],"picked":"SKIP","floor":6},{"not_picked":["Wild Strike","Armaments","Body Slam"],"picked":"SKIP","floor":7},{"not_picked":["Fiend Fire","conspire:Purge"],"picked":"Juggernaut","floor":8},{"not_picked":["Corruption","Replay:Many Hands","Bludgeon"],"picked":"SKIP","floor":10},{"not_picked":["Rupture","Rampage"],"picked":"True Grit","floor":13},{"not_picked":["True Grit","Clash","Havoc"],"picked":"SKIP","floor":14},{"not_picked":["Limit Break","Fiend Fire"],"picked":"conspire:Purge","floor":16},{"not_picked":["Replay:Hysterical Blindness","ReplayTheSpireMod:Faulty Equipment"],"picked":"Clumsy","floor":17},{"not_picked":["Voices","ReplayTheSpireMod:Splinters"],"picked":"Spreading Infection","floor":17},{"not_picked":["Normality","ReplayTheSpireMod:Doomed"],"picked":"CommonCold","floor":17},{"not_picked":["Cleave+1","Havoc"],"picked":"Exhume","floor":18},{"not_picked":["Rupture","True Grit+1","Replay:Undeath\u0027s Touch"],"picked":"SKIP","floor":20},{"not_picked":["ReplayReversal","Shrug It Off","ReplayTheSpireMod:Muscle Training+1"],"picked":"SKIP","floor":21},{"not_picked":["Thunderclap","Searing Blow","Iron Wave"],"picked":"SKIP","floor":22},{"not_picked":["conspire:HitWhereItHurts","Double Tap","Hemogenesis"],"picked":"SKIP","floor":23}],"player_experience":74309,"relics_obtained":[{"floor":6,"key":"ReplayTheSpireMod:Lightbulb"},{"floor":8,"key":"reliquary:RosewoodLute"},{"floor":9,"key":"LagranYue:MagicReflectiveArmorRelic"},{"floor":23,"key":"Replay:Accelerometer"}],"event_choices":[{"damage_healed":0,"gold_gain":0,"player_choice":"Upgraded","damage_taken":0,"max_hp_gain":0,"max_hp_loss":0,"event_name":"Upgrade Shrine","floor":3,"gold_loss":0,"cards_upgraded":["Body Slam"]},{"damage_healed":0,"gold_gain":0,"player_choice":"Shed Blood","damage_taken":12,"max_hp_gain":5,"max_hp_loss":0,"event_name":"Forgotten Altar","floor":19,"gold_loss":0}],"is_beta":false,"boss_relics":[{"not_picked":["Replay:Wanted Poster","testmod-BatchProcessingSystem"],"picked":"Replay:Ancient Bell"},{"not_picked":["testmod-AssaultLearning","Pen Nib"],"picked":"MawBank"},{"not_picked":["Replay:Bottled Eggs","Chameleon Ring"],"picked":"Sundial"},{"not_picked":["testmod-Alchemist","testmod-BouquetWithThorns"],"picked":"testmod-Laevatain"}],"items_purged_floors":[],"is_endless":true,"potions_floor_spawned":[4,6,8,13,14,20,22,23],"killed_by":"conspire:SneckoGhost","ascension_level":1}}