{"host":"q0ahhcf6jhp3yzzb","time":1612652183,"event":{"mods":["Ascension Unlocker","BaseMod","Bestiary","Downfall","Minty Spire (QoL Compilation)","Relic Stats","StSLib"],"gold_per_floor":[199,219,234,63,76,76,76,76,94,114,114,133,133,146,156,156,156,156],"floor_reached":16,"language":"ENG","playtime":767,"items_purged":[],"score":106,"play_id":"c935dc97-8022-4b0b-ab55-0b337f209262","local_time":"20210206155623","is_ascension_mode":true,"campfire_choices":[{"data":"champ:Taunt","floor":1.0,"key":"SMITH"},{"data":"champ:CheapShot","floor":6,"key":"SMITH"},{"data":"champ:UltimateStance","floor":11,"key":"SMITH"},{"data":"champ:ShieldWall","floor":13,"key":"SMITH"}],"circlet_count":0,"master_deck":["champ:Strike","champ:Strike","champ:Strike","champ:Strike","champ:Defend","champ:Defend","champ:Defend","champ:Defend","champ:Execute","champ:Taunt+1","champ:PreciseThrust","champ:DeathBlow","champ:ShieldWall+1","champ:UltimateStance+1","champ:CheapShot+1","champ:AdrenalArmor","champ:BerserkersShout","champ:Shatter","champ:DefensiveShout","champ:HeartStrike"],"relics":["champ:ChampionCrown","Sundial","Potion Belt"],"acts_visited":["Exordium"],"potions_floor_usage":[14],"damage_taken":[{"damage":20.0,"enemies":"Cultist","floor":2.0,"turns":3.0},{"damage":13.0,"enemies":"2 Louse","floor":3.0,"turns":2.0},{"damage":10.0,"enemies":"downfall:FleeingMerchant","floor":4.0,"turns":4.0},{"damage":20,"enemies":"Jaw Worm","floor":5,"turns":3},{"damage":13,"enemies":"3 Louse","floor":9,"turns":3},{"damage":28,"enemies":"Blue Slaver","floor":10,"turns":4},{"damage":53,"enemies":"Large Slime","floor":12,"turns":5},{"damage":30,"enemies":"2 Fungi Beasts","floor":14,"turns":3},{"damage":10,"enemies":"3 Louse","floor":15,"turns":2},{"damage":66,"enemies":"SI_SHIV_ARCHETYPE","floor":16,"turns":7}],"seed_played":"-5995634116941370121","potions_obtained":[{"floor":2.0,"key":"FearPotion"},{"floor":5,"key":"SteroidPotion"},{"floor":9,"key":"Regen Potion"}],"is_trial":false,"path_per_floor":["R","M","M","$","M","R","T","T","M","M","R","M","R","M","M","B"],"character_chosen":"THE_CHAMP","items_purchased":["champ:UltimateStance"],"campfire_rested":0,"item_purchase_floors":[4],"current_hp_per_floor":[90,90,87,87,87,87,87,87,84,81,81,73,73,63,63,0,0,0],"gold":156,"neow_bonus":"HUNDRED_GOLD","is_daily":false,"chose_seed":false,"campfire_upgraded":4,"win_rate":0.0,"timestamp":1612652183,"path_taken":["R","M","M","$","M","R","T","?","M","?","R","M","R","M","M","BOSS"],"items_purchased_type":["Card"],"build_version":"2020-12-22","purchased_purges":0,"victory":false,"max_hp_per_floor":[90,90,90,90,90,90,90,90,90,90,90,90,90,90,90,90,90,90],"relic_stats":{"counters":[10,36],"Sundial":[2],"obtain_stats":[{"Potion Belt":8,"Sundial":7,"champ:ChampionCrown":0},{"Potion Belt":4,"Sundial":4,"champ:ChampionCrown":0},{"Potion Belt":12,"Sundial":12,"champ:ChampionCrown":0}]},"card_choices":[{"not_picked":["champ:BringItOn","champ:CrownThrow"],"picked":"champ:PreciseThrust","floor":2.0},{"not_picked":["champ:RapidStrikes","champ:BringItOn"],"picked":"champ:DeathBlow","floor":3.0},{"not_picked":["champ:BringItOn","champ:Backstep"],"picked":"champ:ShieldWall","floor":4.0},{"not_picked":["champ:AdrenalArmor","champ:EnragedBash"],"picked":"champ:CheapShot","floor":5},{"not_picked":["champ:Parry","champ:Circumvent"],"picked":"champ:AdrenalArmor","floor":9},{"not_picked":["champ:BringItOn","champ:BladeFlurry"],"picked":"champ:BerserkersShout","floor":10},{"not_picked":["champ:PreciseThrust","champ:AdrenalArmor"],"picked":"champ:Shatter","floor":12},{"not_picked":["champ:CrownThrow","champ:FanOfKnives"],"picked":"champ:DefensiveShout","floor":14},{"not_picked":["champ:FanOfKnives","champ:Devastate"],"picked":"champ:HeartStrike","floor":15}],"player_experience":896377,"relics_obtained":[{"floor":7,"key":"Sundial"},{"floor":8,"key":"Potion Belt"}],"event_choices":[],"is_beta":false,"boss_relics":[],"items_purged_floors":[],"is_endless":false,"potions_floor_spawned":[2,5,9],"killed_by":"SI_SHIV_ARCHETYPE","ascension_level":2}}