{"host":"ia9e4s524g7bamk7","time":1612609108,"event":{"mods":["AchievementEnabler","BaseMod","Minty Spire (QoL Compilation)","Slay-I"],"gold_per_floor":[112,128,207,157,32,32,61,61,86,186,198,227,227,255,255,353,353,372,391,406,423,349,349,349,379,379,18,18,51,51,66,66,162,162,179,179,189,201,217,243,254,288,333,365,365,415,108,127,127,127,127,127,79,109,109],"floor_reached":56,"language":"ENG","playtime":5550,"items_purged":["PiercingWail"],"score":1499,"play_id":"6c2ee276-8584-4eae-8aae-7814fcc4d5b9","local_time":"20210206115828","is_ascension_mode":true,"campfire_choices":[{"data":"Tools of the Trade","floor":6,"key":"SMITH"},{"data":"Eviscerate","floor":8,"key":"SMITH"},{"floor":13,"key":"REST"},{"data":"Adrenaline","floor":15,"key":"SMITH"},{"floor":23,"key":"RECALL"},{"floor":32,"key":"REST"},{"floor":49,"key":"REST"},{"data":"Tactician","floor":52,"key":"SMITH"}],"circlet_count":0,"master_deck":["Neutralize","Eviscerate+1","Storm of Steel","Tools of the Trade+1","Backstab","All Out Attack","Adrenaline+1","Backflip","Deflect","Dodge and Roll","Escape Plan","Underhanded Strike","Backflip","Unload","Backflip","PiercingWail","Eviscerate","Bullet Time","Tactician+1","Reflex","Underhanded Strike","Night Terror","After Image","Calculated Gamble+1","Tools of the Trade","Writhe"],"relics":["Pandora\u0027s Box","Akabeko","Centennial Puzzle","Bag of Marbles","Turnip","Snecko Eye","Singing Bowl","Thread and Needle","Prayer Wheel","Juzu Bracelet","HornCleat","Nilry\u0027s Codex","WristBlade","Orichalcum","Bottled Lightning","Toy Ornithopter","Tingsha","Tough Bandages","Letter Opener"],"acts_visited":["Exordium","TheCity","TheBeyond","TheEnding"],"potions_floor_usage":[7,12,16,21,21,29,33,40,50,55,55],"damage_taken":[{"damage":1,"enemies":"Jaw Worm","floor":1,"turns":2},{"damage":0,"enemies":"2 Louse","floor":2,"turns":1},{"damage":7,"enemies":"3 Sentries","floor":7,"turns":4},{"damage":0,"enemies":"Small Slimes","floor":11,"turns":2},{"damage":7,"enemies":"Lagavulin","floor":12,"turns":3},{"damage":0,"enemies":"Gremlin Nob","floor":14,"turns":2},{"damage":4,"enemies":"Hexaghost","floor":16,"turns":6},{"damage":3,"enemies":"Chosen","floor":18,"turns":3},{"damage":3,"enemies":"3 Byrds","floor":19,"turns":4},{"damage":0,"enemies":"Snecko","floor":20,"turns":3},{"damage":11,"enemies":"Sentry and Sphere","floor":21,"turns":3},{"damage":14,"enemies":"Slavers","floor":25,"turns":4},{"damage":6,"enemies":"Book of Stabbing","floor":29,"turns":3},{"damage":0,"enemies":"Chosen and Byrds","floor":31,"turns":3},{"damage":40,"enemies":"Collector","floor":33,"turns":9},{"damage":0,"enemies":"Orb Walker","floor":35,"turns":1},{"damage":15,"enemies":"3 Darklings","floor":37,"turns":2},{"damage":0,"enemies":"Spire Growth","floor":38,"turns":2},{"damage":0,"enemies":"Maw","floor":39,"turns":5},{"damage":36,"enemies":"Giant Head","floor":40,"turns":7},{"damage":0,"enemies":"3 Darklings","floor":41,"turns":2},{"damage":23,"enemies":"Nemesis","floor":42,"turns":5},{"damage":0,"enemies":"Giant Head","floor":44,"turns":5},{"damage":0,"enemies":"Mind Bloom Boss Battle","floor":46,"turns":5},{"damage":0,"enemies":"Spire Growth","floor":48,"turns":3},{"damage":20,"enemies":"Awakened One","floor":50,"turns":10},{"damage":0,"enemies":"Shield and Spear","floor":54,"turns":5},{"damage":90,"enemies":"The Heart","floor":55,"turns":9}],"seed_played":"880472274875440568","potions_obtained":[{"floor":7,"key":"SkillPotion"},{"floor":11,"key":"Swift Potion"},{"floor":14,"key":"Fire Potion"},{"floor":16,"key":"Poison Potion"},{"floor":20,"key":"Explosive Potion"},{"floor":25,"key":"Explosive Potion"},{"floor":31,"key":"Regen Potion"},{"floor":33,"key":"FairyPotion"},{"floor":35,"key":"Strength Potion"},{"floor":44,"key":"Dexterity Potion"},{"floor":46,"key":"Strength Potion"}],"is_trial":false,"path_per_floor":["M","M","?","?","$","R","E","R","T","?","M","E","R","E","R","B",null,"M","M","M","M","$","R","?","E","T","$","?","E","?","M","R","B",null,"M","?","M","M","M","E","M","E","T","E","?","?","$","M","R","B",null,"R","$","E","B",null],"character_chosen":"THE_SILENT","items_purchased":["SteroidPotion","Tactician","Prayer Wheel","Reflex","Tough Bandages","Dexterity Potion"],"campfire_rested":3,"item_purchase_floors":[5,22,27,27,47,53],"current_hp_per_floor":[69,69,69,69,69,69,62,62,62,62,62,55,70,70,70,66,70,67,64,64,53,53,53,40,28,28,28,28,22,6,10,34,9,81,83,83,72,76,76,42,46,25,25,27,52,54,54,58,90,75,107,107,107,109,20],"gold":109,"neow_bonus":"BOSS_RELIC","is_daily":false,"chose_seed":false,"campfire_upgraded":4,"win_rate":0.0,"timestamp":1612609108,"path_taken":["M","M","?","?","$","R","E","R","T","?","M","E","R","E","R","BOSS","M","M","M","?","$","R","?","E","T","$","?","E","?","M","R","BOSS","M","?","M","M","M","E","M","E","T","E","?","?","$","M","R","BOSS","R","$","E","BOSS"],"items_purchased_type":["Potion","Card","Relic","Card","Relic","Potion"],"build_version":"2020-12-22","purchased_purges":1,"victory":true,"max_hp_per_floor":[70,70,70,70,70,70,70,70,70,70,70,70,70,70,70,70,70,70,70,70,70,70,70,75,77,77,77,77,77,77,81,81,81,81,83,83,87,91,91,93,97,99,99,101,101,103,103,107,107,107,107,107,107,109,109],"card_choices":[{"not_picked":["Dagger Spray","Expertise"],"picked":"Dodge and Roll","floor":1},{"not_picked":["Reflex","Quick Slash"],"picked":"Escape Plan","floor":2},{"not_picked":["Wraith Form v2","Slice","Heel Hook"],"picked":"SKIP","floor":7},{"not_picked":["Bane","Outmaneuver"],"picked":"Underhanded Strike","floor":11},{"not_picked":["Skewer","Setup"],"picked":"Backflip","floor":12},{"not_picked":["Flying Knee","Acrobatics","Flechettes"],"picked":"SKIP","floor":14},{"not_picked":["Die Die Die","Corpse Explosion"],"picked":"Unload","floor":16},{"not_picked":["PiercingWail","Deflect+1"],"picked":"Backflip","floor":18},{"not_picked":["Bane+1","Blade Dance"],"picked":"PiercingWail","floor":19},{"not_picked":["Poisoned Stab","Catalyst"],"picked":"Eviscerate","floor":20},{"not_picked":["Predator","Flechettes"],"picked":"Bullet Time","floor":21},{"not_picked":["Infinite Blades","Backstab","Dodge and Roll"],"picked":"Singing Bowl","floor":25},{"not_picked":["Eviscerate","Deflect+1"],"picked":"Underhanded Strike","floor":29},{"not_picked":["Accuracy","Choke","Prepared+1"],"picked":"Singing Bowl","floor":31},{"not_picked":["Dagger Throw","Blade Dance","Cloak And Dagger"],"picked":"Singing Bowl","floor":31},{"not_picked":["Envenom","Die Die Die"],"picked":"Night Terror","floor":33},{"not_picked":["Dagger Spray","Slice+1","Prepared"],"picked":"Singing Bowl","floor":35},{"not_picked":["Slice+1","Bouncing Flask+1"],"picked":"After Image","floor":35},{"not_picked":["Dash","Dodge and Roll+1","PiercingWail"],"picked":"Singing Bowl","floor":37},{"not_picked":["Underhanded Strike+1","Finisher","Poisoned Stab"],"picked":"Singing Bowl","floor":37},{"not_picked":["Deflect+1","Backflip","Cloak And Dagger+1"],"picked":"Singing Bowl","floor":38},{"not_picked":["Bouncing Flask+1","Acrobatics+1","Dodge and Roll+1"],"picked":"Singing Bowl","floor":38},{"not_picked":["Masterful Stab+1","Concentrate"],"picked":"Calculated Gamble+1","floor":39},{"not_picked":["Flying Knee+1","Dagger Spray"],"picked":"Tools of the Trade","floor":39},{"not_picked":["Caltrops+1","Cloak And Dagger+1","Backflip"],"picked":"Singing Bowl","floor":40},{"not_picked":["Noxious Fumes","Choke","Endless Agony+1"],"picked":"Singing Bowl","floor":41},{"not_picked":["Deflect+1","Heel Hook+1","Skewer"],"picked":"Singing Bowl","floor":41},{"not_picked":["Setup","Backflip+1","Poisoned Stab"],"picked":"Singing Bowl","floor":42},{"not_picked":["Crippling Poison+1","Dagger Throw","Slice"],"picked":"Singing Bowl","floor":44},{"not_picked":["Backflip","Catalyst","Blur+1"],"picked":"Singing Bowl","floor":46},{"not_picked":["Cloak And Dagger+1","Dagger Throw+1","Eviscerate+1"],"picked":"Singing Bowl","floor":48},{"not_picked":["PiercingWail","Deadly Poison+1","Distraction"],"picked":"Singing Bowl","floor":48},{"not_picked":["Dagger Spray","Night Terror","Cloak And Dagger"],"picked":"Singing Bowl","floor":54}],"player_experience":269264,"relics_obtained":[{"floor":7,"key":"Akabeko"},{"floor":9,"key":"Centennial Puzzle"},{"floor":12,"key":"Bag of Marbles"},{"floor":14,"key":"Turnip"},{"floor":25,"key":"Singing Bowl"},{"floor":26,"key":"Thread and Needle"},{"floor":29,"key":"HornCleat"},{"floor":30,"key":"Nilry\u0027s Codex"},{"floor":40,"key":"Orichalcum"},{"floor":42,"key":"Bottled Lightning"},{"floor":44,"key":"Toy Ornithopter"},{"floor":46,"key":"Tingsha"},{"floor":54,"key":"Letter Opener"}],"event_choices":[{"damage_healed":0,"gold_gain":79,"player_choice":"Gained Gold","damage_taken":0,"max_hp_gain":0,"max_hp_loss":0,"event_name":"Golden Wing","floor":3,"gold_loss":0},{"cards_removed":["Predator"],"damage_healed":0,"gold_gain":0,"player_choice":"Card Removal","damage_taken":0,"max_hp_gain":0,"max_hp_loss":0,"event_name":"The Cleric","floor":4,"gold_loss":50},{"damage_healed":0,"gold_gain":100,"player_choice":"Pray","damage_taken":0,"max_hp_gain":0,"max_hp_loss":0,"event_name":"Golden Shrine","floor":10,"gold_loss":0},{"damage_healed":0,"gold_gain":0,"player_choice":"Shed Blood","damage_taken":18,"max_hp_gain":5,"max_hp_loss":0,"event_name":"Forgotten Altar","floor":24,"gold_loss":0},{"damage_healed":0,"gold_gain":0,"player_choice":"Gave Potion","damage_taken":0,"relics_obtained":["Juzu Bracelet"],"max_hp_gain":0,"max_hp_loss":0,"event_name":"WeMeetAgain","floor":28,"gold_loss":0},{"damage_healed":0,"gold_gain":0,"player_choice":"Obtained Book","damage_taken":16,"max_hp_gain":0,"max_hp_loss":0,"event_name":"Cursed Tome","floor":30,"gold_loss":0},{"cards_removed":["Survivor"],"damage_healed":0,"gold_gain":0,"player_choice":"Removed Skill","damage_taken":0,"max_hp_gain":0,"max_hp_loss":0,"event_name":"Falling","floor":36,"gold_loss":0},{"damage_healed":25,"gold_gain":0,"player_choice":"Writhe","damage_taken":0,"max_hp_gain":0,"max_hp_loss":0,"event_name":"Winding Halls","floor":45,"gold_loss":0,"cards_obtained":["Writhe"]},{"damage_healed":0,"gold_gain":0,"player_choice":"Fight","damage_taken":0,"max_hp_gain":0,"max_hp_loss":0,"event_name":"MindBloom","floor":46,"gold_loss":0}],"is_beta":false,"boss_relics":[{"not_picked":["Empty Cage","Astrolabe"],"picked":"Snecko Eye"},{"not_picked":["Philosopher\u0027s Stone","Tiny House"],"picked":"WristBlade"}],"items_purged_floors":[5],"is_endless":false,"potions_floor_spawned":[7,11,14,16,20,25,31,33,35,44,46],"ascension_level":3}}