{"host":"sav7uxregyirlf69","time":1612624023,"event":{"mods":["AchievementEnabler","BaseMod","Colored Map","DeckTracker","Keyboard Shortcuts","Minty Spire (QoL Compilation)","READ ME - Guardian Mod","StSLib","SuperFastMode"],"gold_per_floor":[114,114,131,131,131,131,131,144,167,185,198,242,113,156,156,156,156],"floor_reached":16,"language":"KOR","playtime":189,"items_purged":["Strike_R"],"score":220,"play_id":"36cd9a87-2dbb-4271-8c9d-05a155610e21","local_time":"20210207000703","is_ascension_mode":true,"campfire_choices":[{"data":"Immolate","floor":6,"key":"SMITH"},{"data":"Ghostly Armor","floor":15,"key":"SMITH"}],"circlet_count":0,"master_deck":["AscendersBane","Strike_R","Strike_R","Strike_R","Strike_R","Defend_R","Defend_R","Defend_R","Defend_R","Bash","Carnage+1","Immolate+1","Ghostly Armor+1","Bludgeon"],"relics":["Burning Blood","Mummified Hand","Golden Idol","Blood Vial","Vajra","Pantograph"],"acts_visited":["Exordium"],"potions_floor_usage":[12,16],"damage_taken":[{"damage":6,"enemies":"2 Louse","floor":1,"turns":3},{"damage":12,"enemies":"Small Slimes","floor":3,"turns":3},{"damage":1,"enemies":"Cultist","floor":8,"turns":3},{"damage":14,"enemies":"Red Slaver","floor":10,"turns":3},{"damage":8,"enemies":"Blue Slaver","floor":11,"turns":2},{"damage":36,"enemies":"Lagavulin","floor":12,"turns":6},{"damage":8,"enemies":"Gremlin Nob","floor":14,"turns":3},{"damage":34,"enemies":"The Guardian","floor":16,"turns":9}],"seed_played":"1097891321627523640","potions_obtained":[{"floor":8,"key":"Strength Potion"},{"floor":11,"key":"LiquidBronze"}],"is_trial":false,"path_per_floor":["M","?","M","?","?","R","?","M","T","M","M","E","$","E","R","B"],"character_chosen":"IRONCLAD","items_purchased":["Explosive Potion"],"campfire_rested":0,"item_purchase_floors":[13],"current_hp_per_floor":[75,75,69,64,36,36,36,41,41,35,35,7,7,7,7,0,0],"gold":156,"neow_bonus":"TEN_PERCENT_HP_BONUS","is_daily":false,"chose_seed":false,"campfire_upgraded":2,"win_rate":0.0,"timestamp":1612624023,"path_taken":["M","?","M","?","?","R","?","M","T","M","?","E","?","E","R","BOSS"],"items_purchased_type":["Potion"],"build_version":"2020-12-22","purchased_purges":1,"victory":false,"max_hp_per_floor":[82,82,82,82,82,82,82,82,82,82,82,82,82,82,82,82,82],"card_choices":[{"not_picked":["Sword Boomerang","Pommel Strike"],"picked":"Carnage","floor":1},{"not_picked":["True Grit","Clash"],"picked":"Immolate","floor":3},{"not_picked":["Heavy Blade","Metallicize","Infernal Blade"],"picked":"SKIP","floor":8},{"not_picked":["Entrench","Combust","Body Slam"],"picked":"SKIP","floor":10},{"not_picked":["Searing Blow","Havoc","Headbutt"],"picked":"SKIP","floor":11},{"not_picked":["Searing Blow","Havoc","Headbutt"],"picked":"SKIP","floor":11},{"not_picked":["Corruption","Pommel Strike"],"picked":"Ghostly Armor","floor":12},{"not_picked":["Flex","Armaments"],"picked":"Bludgeon","floor":14}],"player_experience":1512073,"relics_obtained":[{"floor":9,"key":"Blood Vial"},{"floor":12,"key":"Vajra"},{"floor":14,"key":"Pantograph"}],"event_choices":[{"damage_healed":0,"gold_gain":0,"player_choice":"Ignored","damage_taken":0,"max_hp_gain":0,"max_hp_loss":0,"event_name":"Liars Game","floor":2,"gold_loss":0},{"damage_healed":0,"gold_gain":0,"player_choice":"Success","damage_taken":5,"relics_obtained":["Mummified Hand"],"max_hp_gain":0,"max_hp_loss":0,"event_name":"Scrap Ooze","floor":4,"gold_loss":0},{"damage_healed":0,"gold_gain":0,"player_choice":"Take Damage","damage_taken":28,"relics_obtained":["Golden Idol"],"max_hp_gain":0,"max_hp_loss":0,"event_name":"Golden Idol","floor":5,"gold_loss":0},{"damage_healed":0,"gold_gain":0,"player_choice":"Forge","damage_taken":0,"max_hp_gain":0,"max_hp_loss":0,"event_name":"Accursed Blacksmith","floor":7,"gold_loss":0,"cards_upgraded":["Carnage"]}],"is_beta":false,"boss_relics":[],"items_purged_floors":[13],"is_endless":false,"potions_floor_spawned":[8,11,14],"killed_by":"The Guardian","ascension_level":20}}