{"host":"q8mjpf3krl0t4p3x","time":1612598447,"event":{"mods":["BaseMod","Colored Map","Colored Powertips","Googly Eyes","Minty Spire (QoL Compilation)","Quick Restart","StSLib","everything is the same but u backflip on backflip","slay the spire mod where everything is the same but ironclad has a cowboy hat"],"gold_per_floor":[214,214,214,192,207,207,238,93,93,93,93,93,113,125,125,125,125],"floor_reached":16,"language":"ENG","playtime":297,"items_purged":[],"score":172,"play_id":"8c61b21b-7e4e-4a7a-99c0-1a13bfb45ef5","local_time":"20210206000047","is_ascension_mode":true,"campfire_choices":[{"data":"Spot Weakness","floor":6,"key":"SMITH"},{"floor":11,"key":"REST"},{"data":"Whirlwind","floor":15,"key":"SMITH"}],"circlet_count":0,"master_deck":["AscendersBane","Strike_R","Strike_R","Strike_R","Strike_R","Strike_R","Defend_R","Defend_R","Defend_R","Defend_R","Bash","True Grit","Spot Weakness+1","Whirlwind+1"],"relics":["Burning Blood","Strawberry","Juzu Bracelet","Turnip","Pear"],"acts_visited":["Exordium"],"potions_floor_usage":[16,16],"damage_taken":[{"damage":7,"enemies":"Jaw Worm","floor":1,"turns":3},{"damage":4,"enemies":"Small Slimes","floor":5,"turns":4},{"damage":67,"enemies":"Gremlin Nob","floor":7,"turns":6},{"damage":0,"enemies":"2 Louse","floor":13,"turns":1},{"damage":20,"enemies":"Exordium Wildlife","floor":14,"turns":3},{"damage":49,"enemies":"The Guardian","floor":16,"turns":6}],"seed_played":"354480544690133936","potions_obtained":[{"floor":13,"key":"LiquidMemories"},{"floor":14,"key":"GamblersBrew"}],"is_trial":false,"path_per_floor":["M","?","?","?","M","R","E","$","T","?","R","?","M","M","R","B"],"character_chosen":"IRONCLAD","items_purchased":["Juzu Bracelet"],"campfire_rested":1,"item_purchase_floors":[8],"current_hp_per_floor":[71,76,76,76,78,78,24,24,24,24,51,54,60,46,46,0,0],"gold":125,"neow_bonus":"HUNDRED_GOLD","is_daily":false,"chose_seed":false,"campfire_upgraded":2,"win_rate":0.0,"timestamp":1612598447,"path_taken":["M","?","?","?","M","R","E","$","T","?","R","?","M","M","R","BOSS"],"items_purchased_type":["Relic"],"build_version":"2020-12-22","purchased_purges":0,"victory":false,"max_hp_per_floor":[80,85,85,85,85,85,92,92,92,92,92,102,102,102,102,102,102],"card_choices":[{"not_picked":["Havoc","Armaments"],"picked":"True Grit","floor":1},{"not_picked":["Headbutt","Wild Strike"],"picked":"Spot Weakness","floor":5},{"not_picked":["Hemokinesis","Feel No Pain"],"picked":"Whirlwind","floor":7},{"not_picked":["Clash","Combust","Sword Boomerang"],"picked":"SKIP","floor":13},{"not_picked":["Impervious","Iron Wave","Twin Strike"],"picked":"SKIP","floor":14}],"player_experience":318569,"relics_obtained":[{"floor":7,"key":"Strawberry"},{"floor":9,"key":"Turnip"}],"event_choices":[{"damage_healed":0,"gold_gain":0,"player_choice":"Donut","damage_taken":0,"max_hp_gain":5,"max_hp_loss":0,"event_name":"Big Fish","floor":2,"gold_loss":0},{"damage_healed":0,"gold_gain":0,"player_choice":"Ignored","damage_taken":0,"max_hp_gain":0,"max_hp_loss":0,"event_name":"Golden Idol","floor":3,"gold_loss":0},{"damage_healed":0,"gold_gain":0,"player_choice":"Left Gold","damage_taken":0,"max_hp_gain":0,"max_hp_loss":0,"event_name":"World of Goop","floor":4,"gold_loss":22},{"damage_healed":0,"gold_gain":0,"player_choice":"Ignored","damage_taken":0,"max_hp_gain":0,"max_hp_loss":0,"event_name":"Golden Wing","floor":10,"gold_loss":0},{"damage_healed":0,"gold_gain":0,"player_choice":"Success","damage_taken":7,"relics_obtained":["Pear"],"max_hp_gain":0,"max_hp_loss":0,"event_name":"Scrap Ooze","floor":12,"gold_loss":0}],"is_beta":false,"boss_relics":[],"items_purged_floors":[],"is_endless":false,"potions_floor_spawned":[13,14],"killed_by":"The Guardian","ascension_level":10}}