{"host":"0kk91h4bq4kgfj0u","time":1612579898,"event":{"mods":["BaseMod","Minty Spire (QoL Compilation)","StSLib"],"gold_per_floor":[218,218,231,248,248,248,276,276,299,333,348,367,367,384,384,384,384],"floor_reached":16,"language":"ENG","playtime":433,"items_purged":[],"score":140,"play_id":"bfdc8409-22b8-40dc-b06b-5a7c58b54fbe","local_time":"20210205215138","is_ascension_mode":true,"campfire_choices":[{"data":"Zap","floor":6,"key":"SMITH"},{"floor":8,"key":"REST"},{"floor":13,"key":"REST"},{"floor":15,"key":"REST"}],"circlet_count":0,"master_deck":["Strike_B","Strike_B","Strike_B","Strike_B","Defend_B","Defend_B","Defend_B","Defend_B","Zap+1","Dualcast","Streamline","Conserve Battery","Gash","Force Field","Gash","Loop","Cold Snap","Beam Cell"],"relics":["Cracked Core","Omamori","Blood Vial","Orichalcum"],"acts_visited":["Exordium"],"potions_floor_usage":[],"damage_taken":[{"damage":5,"enemies":"Small Slimes","floor":1,"turns":3},{"damage":0,"enemies":"2 Louse","floor":3,"turns":1},{"damage":1,"enemies":"Cultist","floor":4,"turns":4},{"damage":32,"enemies":"Gremlin Nob","floor":7,"turns":4},{"damage":28,"enemies":"3 Sentries","floor":10,"turns":7},{"damage":6,"enemies":"Blue Slaver","floor":11,"turns":3},{"damage":14,"enemies":"Exordium Wildlife","floor":12,"turns":5},{"damage":11,"enemies":"Red Slaver","floor":14,"turns":3},{"damage":54,"enemies":"Hexaghost","floor":16,"turns":9}],"seed_played":"4193840780501056589","potions_obtained":[{"floor":10,"key":"SteroidPotion"},{"floor":14,"key":"LiquidBronze"}],"is_trial":false,"path_per_floor":["M","?","M","M","?","R","E","R","T","E","M","M","R","M","R","B"],"character_chosen":"DEFECT","items_purchased":[],"campfire_rested":3,"item_purchase_floors":[],"current_hp_per_floor":[70,70,70,69,69,69,37,59,59,33,29,17,39,30,52,0,0],"gold":384,"neow_bonus":"HUNDRED_GOLD","is_daily":false,"chose_seed":false,"campfire_upgraded":1,"win_rate":0.0,"timestamp":1612579898,"path_taken":["M","?","M","M","?","R","E","R","T","E","M","M","R","M","R","BOSS"],"items_purchased_type":[],"build_version":"2020-12-22","purchased_purges":0,"victory":false,"max_hp_per_floor":[75,75,75,75,75,75,75,75,75,75,75,75,75,75,75,75,75],"card_choices":[{"not_picked":["Rebound","Storm"],"picked":"Streamline","floor":1},{"not_picked":["Go for the Eyes","Gash"],"picked":"Conserve Battery","floor":3},{"not_picked":["Barrage","Hologram"],"picked":"Gash","floor":4},{"not_picked":["Fusion","Recycle"],"picked":"Force Field","floor":7},{"not_picked":["Hologram","Biased Cognition"],"picked":"Gash","floor":10},{"not_picked":["Self Repair","Heatsinks"],"picked":"Loop","floor":11},{"not_picked":["Self Repair","Steam"],"picked":"Cold Snap","floor":12},{"not_picked":["Hologram","Force Field"],"picked":"Beam Cell","floor":14}],"player_experience":854281,"relics_obtained":[{"floor":7,"key":"Omamori"},{"floor":9,"key":"Blood Vial"},{"floor":10,"key":"Orichalcum"}],"event_choices":[{"damage_healed":0,"gold_gain":0,"player_choice":"Leave","damage_taken":0,"max_hp_gain":0,"max_hp_loss":0,"event_name":"The Cleric","floor":2,"gold_loss":0},{"damage_healed":0,"gold_gain":0,"player_choice":"Ignored","damage_taken":0,"max_hp_gain":0,"max_hp_loss":0,"event_name":"Liars Game","floor":5,"gold_loss":0}],"is_beta":false,"boss_relics":[],"items_purged_floors":[],"is_endless":false,"potions_floor_spawned":[10,14],"killed_by":"Hexaghost","ascension_level":5}}