{"host":"p7cjtxxrilhp4dw7","time":1612600242,"event":{"mods":["BaseMod","Block Reminder","Colored Map","Curses Come First","Highlight Path","Minty Spire (QoL Compilation)","Replay The Spire","StSLib","The Hierophant"],"gold_per_floor":[114,114,189,209,209,238,238,268,268,268,268,280,309,329,329,425,525,538,520,520,531,456,491,491,491,491,491,518,518,518,550,550,550,550],"floor_reached":33,"language":"ENG","playtime":2358,"items_purged":[],"score":516,"play_id":"454a5443-d69a-426d-adcf-a8b3607baa90","local_time":"20210206013042","is_ascension_mode":true,"campfire_choices":[{"floor":10,"key":"REST"},{"data":"Zap","floor":15,"key":"SMITH"},{"floor":25,"key":"REST"},{"floor":27,"key":"REST"},{"floor":30,"key":"REST"},{"floor":32,"key":"REST"}],"circlet_count":0,"master_deck":["AscendersBane","Strike_B","Strike_B","Strike_B","Strike_B","Defend_B","Defend_B","Defend_B","Defend_B","Zap+1","Dualcast","Cold Snap","Echo Form","Genetic Algorithm","Ball Lightning","Tempest","Multi-Cast","Conserve Battery+1","Hologram","Defragment+1","Panic Button+1"],"relics":["Cracked Core","NeowsBlessing","Shovel","Ring of Shattering","Blood Vial","WingedGreaves","White Beast Statue","Replay:Bottled Flurry","Anchor","Replay:Wanted Poster","Blue Doll","Ginger","Bag of Marbles","Replay:Wax Seal"],"acts_visited":["Exordium","TheCity"],"potions_floor_usage":[16,16,18,21,23,28,28,31,31,33],"damage_taken":[{"damage":0,"enemies":"2 Louse","floor":1,"turns":1},{"damage":0,"enemies":"Small Slimes","floor":4,"turns":1},{"damage":0,"enemies":"Lagavulin","floor":6,"turns":1},{"damage":22,"enemies":"3 Sentries","floor":8,"turns":9},{"damage":2,"enemies":"Jaw Worm","floor":12,"turns":3},{"damage":9,"enemies":"Gremlin Nob","floor":13,"turns":4},{"damage":0,"enemies":"Large Slime","floor":14,"turns":4},{"damage":11,"enemies":"The Guardian","floor":16,"turns":12},{"damage":5,"enemies":"Shell Parasite","floor":18,"turns":6},{"damage":2,"enemies":"2 Thieves","floor":19,"turns":4},{"damage":15,"enemies":"Shelled Parasite and Fungi","floor":21,"turns":5},{"damage":35,"enemies":"Gremlin Leader","floor":23,"turns":8},{"damage":30,"enemies":"Book of Stabbing","floor":28,"turns":5},{"damage":3,"enemies":"Slavers","floor":31,"turns":4},{"damage":73,"enemies":"Pondfish","floor":33,"turns":14}],"seed_played":"8397782183168233103","potions_obtained":[{"floor":4,"key":"Elixir"},{"floor":8,"key":"Block Potion"},{"floor":12,"key":"Block Potion"},{"floor":13,"key":"Dexterity Potion"},{"floor":16,"key":"Weak Potion"},{"floor":18,"key":"Weak Potion"},{"floor":19,"key":"LiquidMemories"},{"floor":20,"key":"Swift Potion"},{"floor":20,"key":"Death Potion"},{"floor":21,"key":"FearPotion"},{"floor":23,"key":"ColorlessPotion"},{"floor":28,"key":"SkillPotion"},{"floor":31,"key":"BlessingOfTheForge"}],"is_trial":false,"path_per_floor":["M","?","?","M","?","E","T","E","T","R","?","M","E","M","R","B",null,"M","M","?","M","?","E","?","R","T","R","E","?","R","E","R","B"],"character_chosen":"DEFECT","items_purchased":[],"campfire_rested":5,"item_purchase_floors":[],"current_hp_per_floor":[68,61,50,50,50,50,50,30,30,52,70,70,63,65,65,56,70,67,67,67,54,54,21,21,42,42,63,35,35,56,55,72,0,0],"gold":550,"neow_bonus":"THREE_ENEMY_KILL","is_daily":false,"chose_seed":false,"campfire_upgraded":1,"win_rate":0.0,"timestamp":1612600242,"path_taken":["M","?","?","M","?","E","?","E","T","R","?","?","E","M","R","BOSS","M","M","?","?","?","E","?","R","T","R","E","?","R","E","R","BOSS"],"items_purchased_type":[],"build_version":"2020-12-22","purchased_purges":0,"victory":false,"max_hp_per_floor":[75,75,75,75,75,75,75,75,75,75,75,75,75,75,75,75,75,75,75,75,75,72,72,72,72,72,72,72,72,72,72,72,72,72],"card_choices":[{"not_picked":["Stack","Capacitor","Compile Driver"],"picked":"SKIP","floor":1},{"not_picked":["Undo","Sunder"],"picked":"Cold Snap","floor":4},{"not_picked":["ReplayTheSpireMod:Omega Cannon","Undo"],"picked":"Echo Form","floor":6},{"not_picked":["Cold Snap","Leap"],"picked":"Genetic Algorithm","floor":8},{"not_picked":["Conserve Battery","Compile Driver"],"picked":"Ball Lightning","floor":12},{"not_picked":["Rebound","Go for the Eyes","All For One"],"picked":"SKIP","floor":13},{"not_picked":["Compile Driver","Redo"],"picked":"Tempest","floor":14},{"not_picked":["Reboot","ReplayRNGCard"],"picked":"Multi-Cast","floor":16},{"not_picked":["Rebound","Compile Driver"],"picked":"Conserve Battery+1","floor":18},{"not_picked":["Gash","Barrage","Darkness"],"picked":"SKIP","floor":19},{"not_picked":["Gash","Recycle","Rip and Tear"],"picked":"SKIP","floor":21},{"not_picked":["Echo Form","FTL+1"],"picked":"Hologram","floor":23},{"not_picked":["Compile Driver","Aggregate"],"picked":"Defragment+1","floor":28},{"not_picked":["Sunder+1","ReplaySort+1"],"picked":"Panic Button+1","floor":31}],"player_experience":651225,"relics_obtained":[{"floor":5,"key":"Ring of Shattering"},{"floor":6,"key":"Blood Vial"},{"floor":7,"key":"WingedGreaves"},{"floor":8,"key":"White Beast Statue"},{"floor":9,"key":"Replay:Bottled Flurry"},{"floor":13,"key":"Anchor"},{"floor":23,"key":"Blue Doll"},{"floor":26,"key":"Ginger"},{"floor":28,"key":"Bag of Marbles"},{"floor":31,"key":"Replay:Wax Seal"}],"event_choices":[{"damage_healed":0,"gold_gain":0,"player_choice":"Success","damage_taken":7,"relics_obtained":["Shovel"],"max_hp_gain":0,"max_hp_loss":0,"event_name":"Scrap Ooze","floor":2,"gold_loss":0},{"damage_healed":0,"gold_gain":75,"player_choice":"Gather Gold","damage_taken":11,"max_hp_gain":0,"max_hp_loss":0,"event_name":"World of Goop","floor":3,"gold_loss":0},{"damage_healed":18,"gold_gain":0,"player_choice":"Healed and dodged fight","damage_taken":0,"max_hp_gain":0,"max_hp_loss":0,"event_name":"Mushrooms","floor":11,"gold_loss":0,"cards_obtained":["Parasite"]},{"damage_healed":0,"gold_gain":0,"player_choice":"Got Potions","damage_taken":0,"max_hp_gain":0,"max_hp_loss":0,"event_name":"Lab","floor":20,"gold_loss":0},{"cards_removed":["Parasite"],"damage_healed":0,"gold_gain":0,"player_choice":"Gave Gold","damage_taken":0,"max_hp_gain":0,"max_hp_loss":0,"event_name":"Beggar","floor":22,"gold_loss":75},{"damage_healed":0,"gold_gain":0,"player_choice":"Ignored","damage_taken":0,"max_hp_gain":0,"max_hp_loss":0,"event_name":"Cursed Tome","floor":24,"gold_loss":0}],"is_beta":false,"boss_relics":[{"not_picked":["Nuclear Battery","Pandora\u0027s Box"],"picked":"Replay:Wanted Poster"}],"items_purged_floors":[],"is_endless":false,"potions_floor_spawned":[4,8,12,13,14,16,18,19,21,23,28,31],"killed_by":"Pondfish","ascension_level":10}}