{"host":"jcg2u0j7gsi1hjjn","time":1612648690,"event":{"mods":["AchievementEnabler","BaseMod","Colored Map","Minty Spire (QoL Compilation)","StSLib"],"gold_per_floor":[114,129,144,120,135,150,180,180,230,245,260,275,275,290,290,390,390,405,420,26,26,56,56,56,56,56,56,71,86,101,101,101,201,201,216,231,81,96,111,111,0,0,0,0,15,15,45,60,60,60],"floor_reached":51,"language":"ENG","playtime":4614,"items_purged":[],"score":680,"play_id":"260b57c5-4c8b-4d79-ae47-9821c29b0e1d","local_time":"20210206225810","daily_mods":["Draft","Diverse","DeadlyEvents"],"is_ascension_mode":false,"campfire_choices":[{"data":"BattleHymn","floor":13.0,"key":"SMITH"},{"data":"PathToVictory","floor":15.0,"key":"SMITH"},{"floor":23.0,"key":"REST"},{"floor":25.0,"key":"REST"},{"data":"After Image","floor":27.0,"key":"SMITH"},{"data":"Cloak And Dagger","floor":32.0,"key":"SMITH"},{"floor":40.0,"key":"REST"},{"data":"Wish","floor":44.0,"key":"SMITH"},{"floor":49,"key":"REST"}],"circlet_count":0,"master_deck":["Lockon","Iron Wave","PathToVictory+1","Perseverance","Force Field","Gash","Skewer","Cloak And Dagger+1","TalkToTheHand","Pommel Strike","Sweeping Beam","Rip and Tear","Deadly Poison","EmptyFist","Flex","SashWhip","Go for the Eyes","Slice","Sweeping Beam","Thunderclap","Conserve Battery","BattleHymn+1","Conserve Battery","Skim","SandsOfTime","After Image+1","Flame Barrier","Inflame","JustLucky","Cloak And Dagger+1","Poisoned Stab","Blur+1","WaveOfTheHand","Wish+1","Dual Wield","Warcry+1","Deflect","Anger+1","Slice+1","Flying Knee+1","Hyperbeam","Wallop+1","FollowUp+1"],"relics":["Ring of the Snake","Question Card","Ancient Tea Set","Busted Crown","Lantern","TwistedFunnel","Dream Catcher","Mercury Hourglass","Centennial Puzzle","WristBlade","Chemical X","Red Mask","Vajra","Pen Nib"],"acts_visited":["Exordium","TheCity","TheBeyond"],"potions_floor_usage":[],"damage_taken":[{"damage":0.0,"enemies":"Small Slimes","floor":1.0,"turns":2.0},{"damage":0.0,"enemies":"2 Louse","floor":2.0,"turns":2.0},{"damage":0.0,"enemies":"Cultist","floor":3.0,"turns":2.0},{"damage":7.0,"enemies":"Red Slaver","floor":5.0,"turns":2.0},{"damage":7.0,"enemies":"Looter","floor":6.0,"turns":3.0},{"damage":10.0,"enemies":"Gremlin Nob","floor":7.0,"turns":3.0},{"damage":0.0,"enemies":"3 Louse","floor":10.0,"turns":1.0},{"damage":0.0,"enemies":"Exordium Wildlife","floor":11.0,"turns":3.0},{"damage":3.0,"enemies":"Looter","floor":12.0,"turns":2.0},{"damage":0.0,"enemies":"3 Louse","floor":14.0,"turns":2.0},{"damage":27.0,"enemies":"The Guardian","floor":16.0,"turns":8.0},{"damage":19.0,"enemies":"Spheric Guardian","floor":18.0,"turns":4.0},{"damage":0.0,"enemies":"Chosen","floor":19.0,"turns":3.0},{"damage":25.0,"enemies":"Book of Stabbing","floor":22.0,"turns":5.0},{"damage":0.0,"enemies":"Shelled Parasite and Fungi","floor":28.0,"turns":3.0},{"damage":2.0,"enemies":"Chosen and Byrds","floor":29.0,"turns":4.0},{"damage":0.0,"enemies":"Cultist and Chosen","floor":30.0,"turns":3.0},{"damage":4.0,"enemies":"Automaton","floor":33.0,"turns":8.0},{"damage":9.0,"enemies":"3 Darklings","floor":35.0,"turns":4.0},{"damage":0.0,"enemies":"Orb Walker","floor":36.0,"turns":3.0},{"damage":5.0,"enemies":"3 Darklings","floor":38.0,"turns":3.0},{"damage":20.0,"enemies":"Spire Growth","floor":39.0,"turns":4.0},{"damage":20.0,"enemies":"Maw","floor":45.0,"turns":6.0},{"damage":13.0,"enemies":"Reptomancer","floor":47.0,"turns":5.0},{"damage":0,"enemies":"4 Shapes","floor":48,"turns":3},{"damage":35,"enemies":"Awakened One","floor":50,"turns":12}],"seed_played":"5285009320175426936","potions_obtained":[{"floor":2.0,"key":"Explosive Potion"},{"floor":5.0,"key":"EssenceOfSteel"},{"floor":6.0,"key":"Explosive Potion"},{"floor":10.0,"key":"ColorlessPotion"},{"floor":22.0,"key":"ColorlessPotion"},{"floor":28.0,"key":"Swift Potion"},{"floor":36.0,"key":"SteroidPotion"},{"floor":38.0,"key":"SpeedPotion"}],"is_trial":false,"path_per_floor":["M","M","M","?","M","M","E","?","T","M","M","M","R","M","R","B",null,"M","M","$","?","E","R","$","R","T","R","M","M","M","$","R","B",null,"M","M","$","M","M","R","?","$","T","R","M","?","E","M","R","B",null],"character_chosen":"THE_SILENT","items_purchased":["Lantern","Inflame","TwistedFunnel","JustLucky","Chemical X"],"campfire_rested":4,"item_purchase_floors":[20,20,20,20,37],"current_hp_per_floor":[70,70,70,70,63,56,46,69,69,69,69,66,66,66,66,39,70,51,51,51,51,26,47,47,68,68,68,68,66,66,66,66,62,70,61,61,61,56,36,57,57,57,57,57,37,37,24,24,45,10],"gold":60,"neow_bonus":"","is_daily":true,"chose_seed":false,"campfire_upgraded":5,"win_rate":0.0,"timestamp":1612648690,"path_taken":["M","M","M","?","M","M","E","?","T","?","M","M","R","M","R","BOSS","M","M","$","?","?","R","$","R","T","R","M","M","M","$","R","BOSS","M","M","$","M","M","R","?","$","T","R","M","?","E","M","R","BOSS"],"items_purchased_type":["Relic","Card","Relic","Card","Relic"],"build_version":"2020-12-22","purchased_purges":0,"victory":true,"max_hp_per_floor":[70,70,70,70,70,70,70,70,70,70,70,70,70,70,70,70,70,70,70,70,70,70,70,70,70,70,70,70,70,70,70,70,70,70,70,70,70,70,70,70,70,70,70,70,70,70,70,70,70,70],"card_choices":[{"not_picked":["Havoc","Rupture"],"picked":"Lockon","floor":0.0},{"not_picked":["Armaments","Clothesline"],"picked":"Iron Wave","floor":0.0},{"not_picked":["Escape Plan","Hello World"],"picked":"PathToVictory","floor":0.0},{"not_picked":["Body Slam","Cloak And Dagger"],"picked":"Perseverance","floor":0.0},{"not_picked":["Clothesline","Prepared"],"picked":"Force Field","floor":0.0},{"not_picked":["Auto Shields","Headbutt"],"picked":"Gash","floor":0.0},{"not_picked":["Blizzard","Clash"],"picked":"Skewer","floor":0.0},{"not_picked":["Warcry","FollowUp"],"picked":"Cloak And Dagger","floor":0.0},{"not_picked":["Beam Cell","Cold Snap"],"picked":"TalkToTheHand","floor":0.0},{"not_picked":["Compile Driver","Entrench"],"picked":"Pommel Strike","floor":0.0},{"not_picked":["Deadly Poison","Clash"],"picked":"Sweeping Beam","floor":0.0},{"not_picked":["Quick Slash","Intimidate"],"picked":"Rip and Tear","floor":0.0},{"not_picked":["Rupture","EmptyBody"],"picked":"Deadly Poison","floor":0.0},{"not_picked":["Stack","WreathOfFlame"],"picked":"EmptyFist","floor":0.0},{"not_picked":["Wild Strike","Underhanded Strike"],"picked":"Flex","floor":0.0},{"not_picked":["Perfected Strike","Bane"],"picked":"SashWhip","floor":1.0},{"not_picked":["Headbutt","Havoc"],"picked":"Go for the Eyes","floor":2.0},{"not_picked":["BowlingBash","Burst"],"picked":"Slice","floor":3.0},{"not_picked":["PiercingWail","Adaptation"],"picked":"Sweeping Beam","floor":5.0},{"not_picked":["Sucker Punch","Ball Lightning"],"picked":"Thunderclap","floor":6.0},{"not_picked":["Iron Wave","Chaos"],"picked":"Conserve Battery","floor":7.0},{"not_picked":["Barrage","Cold Snap","Compile Driver"],"picked":"BattleHymn","floor":10.0},{"not_picked":["Heavy Blade","Omniscience","Eviscerate"],"picked":"Conserve Battery","floor":11.0},{"not_picked":["Escape Plan","Crescendo","EmptyFist"],"picked":"Skim","floor":12.0},{"not_picked":["Twin Strike","Underhanded Strike","Capacitor"],"picked":"SandsOfTime","floor":14.0},{"not_picked":["Buffer","Berserk","Storm of Steel"],"picked":"After Image","floor":16.0},{"not_picked":["ClearTheMind","Halt"],"picked":"SKIP","floor":18.0},{"not_picked":["Turbo"],"picked":"Flame Barrier","floor":19.0},{"not_picked":["Hello World"],"picked":"Cloak And Dagger+1","floor":22.0},{"not_picked":["Stack"],"picked":"Poisoned Stab","floor":25.0},{"not_picked":["Slice"],"picked":"Blur+1","floor":28.0},{"not_picked":["Blizzard","Fission"],"picked":"SKIP","floor":29.0},{"not_picked":["Beam Cell"],"picked":"WaveOfTheHand","floor":30.0},{"not_picked":["Offering"],"picked":"Wish","floor":33.0},{"not_picked":["Dagger Throw"],"picked":"Dual Wield","floor":35.0},{"not_picked":["Halt"],"picked":"Warcry+1","floor":36.0},{"not_picked":["Battle Trance+1"],"picked":"Deflect","floor":38.0},{"not_picked":["Clothesline+1"],"picked":"Anger+1","floor":39.0},{"not_picked":["Seek"],"picked":"Slice+1","floor":40.0},{"not_picked":["EmptyBody+1"],"picked":"Flying Knee+1","floor":45.0},{"not_picked":["Compile Driver+1"],"picked":"Hyperbeam","floor":47.0},{"not_picked":["ThirdEye+1"],"picked":"Wallop+1","floor":48},{"not_picked":["Worship+1"],"picked":"FollowUp+1","floor":49}],"player_experience":371287,"relics_obtained":[{"floor":7.0,"key":"Question Card"},{"floor":9.0,"key":"Ancient Tea Set"},{"floor":22.0,"key":"Mercury Hourglass"},{"floor":26.0,"key":"Centennial Puzzle"},{"floor":43.0,"key":"Vajra"},{"floor":47.0,"key":"Pen Nib"}],"event_choices":[{"damage_healed":0.0,"max_hp_gain":0.0,"max_hp_loss":0.0,"gold_gain":0.0,"event_name":"World of Goop","player_choice":"Left Gold","floor":4.0,"gold_loss":24.0,"damage_taken":0.0},{"damage_healed":23.0,"max_hp_gain":0.0,"max_hp_loss":0.0,"gold_gain":0.0,"event_name":"Big Fish","player_choice":"Banana","floor":8.0,"gold_loss":0.0,"damage_taken":0.0},{"damage_healed":0.0,"max_hp_gain":0.0,"max_hp_loss":0.0,"gold_gain":0.0,"event_name":"WeMeetAgain","player_choice":"Gave Potion","floor":21.0,"gold_loss":0.0,"damage_taken":0.0,"relics_obtained":["Dream Catcher"]},{"damage_healed":0.0,"max_hp_gain":0.0,"max_hp_loss":0.0,"gold_gain":0.0,"event_name":"Tomb of Lord Red Mask","player_choice":"Paid","floor":41.0,"gold_loss":111.0,"damage_taken":0.0,"relics_obtained":["Red Mask"]},{"damage_healed":0.0,"max_hp_gain":0.0,"max_hp_loss":0.0,"gold_gain":0.0,"event_name":"Mysterious Sphere","player_choice":"Ignored","floor":46.0,"gold_loss":0.0,"damage_taken":0.0}],"is_beta":false,"boss_relics":[{"not_picked":["Astrolabe","Sozu"],"picked":"Busted Crown"},{"not_picked":["Fusion Hammer","Empty Cage"],"picked":"WristBlade"}],"items_purged_floors":[],"is_endless":false,"potions_floor_spawned":[2,5,6,10,14,22,28,36,38],"ascension_level":0}}