{"host":"q8mjpf3krl0t4p3x","time":1612599863,"event":{"mods":["BaseMod","Colored Map","Colored Powertips","Googly Eyes","Minty Spire (QoL Compilation)","Quick Restart","StSLib","everything is the same but u backflip on backflip","slay the spire mod where everything is the same but ironclad has a cowboy hat"],"gold_per_floor":[117,132,132,149,169,197,42,42,42,42,42,42,42,68,68,166,166,186,199,199,211,211,239,239,249,249,274,274,306,306,335,335,335,335],"floor_reached":33,"language":"ENG","playtime":922,"items_purged":[],"score":492,"play_id":"343f9997-3a98-431e-9115-9ef7d27b4e4e","local_time":"20210206002423","is_ascension_mode":true,"campfire_choices":[{"floor":10,"key":"REST"},{"data":"Perfected Strike","floor":15,"key":"SMITH"},{"floor":24,"key":"REST"},{"floor":30,"key":"REST"},{"floor":32,"key":"REST"}],"circlet_count":0,"master_deck":["AscendersBane","Strike_R+1","Strike_R+1","Strike_R+1","Strike_R+1","Strike_R+1","Defend_R+1","Defend_R+1","Defend_R+1","Defend_R+1","Bash","Perfected Strike+1","Offering+1","Anger","Perfected Strike","Pommel Strike","CurseOfTheBell","Wild Strike","Inflame+1","Flex+1","Pommel Strike+1"],"relics":["Burning Blood","Tiny Chest","Sling","Juzu Bracelet","Kunai","Eternal Feather","Calling Bell","War Paint","Pear","CaptainsWheel","Darkstone Periapt","Singing Bowl","Centennial Puzzle","Bronze Scales","Paper Frog","Regal Pillow"],"acts_visited":["Exordium","TheCity"],"potions_floor_usage":[14,16,21,23,23,33],"damage_taken":[{"damage":6,"enemies":"Cultist","floor":1,"turns":4},{"damage":4,"enemies":"2 Louse","floor":2,"turns":3},{"damage":3,"enemies":"Small Slimes","floor":4,"turns":4},{"damage":31,"enemies":"Gremlin Gang","floor":5,"turns":4},{"damage":31,"enemies":"3 Sentries","floor":6,"turns":7},{"damage":20,"enemies":"Lagavulin","floor":14,"turns":3},{"damage":54,"enemies":"The Guardian","floor":16,"turns":10},{"damage":18,"enemies":"Shell Parasite","floor":18,"turns":4},{"damage":42,"enemies":"3 Byrds","floor":19,"turns":6},{"damage":18,"enemies":"Snake Plant","floor":21,"turns":3},{"damage":22,"enemies":"Gremlin Leader","floor":23,"turns":5},{"damage":16,"enemies":"3 Cultists","floor":25,"turns":6},{"damage":21,"enemies":"Book of Stabbing","floor":29,"turns":4},{"damage":57,"enemies":"Slavers","floor":31,"turns":5},{"damage":87,"enemies":"Champ","floor":33,"turns":7}],"seed_played":"2280887731549750853","potions_obtained":[{"floor":5,"key":"BloodPotion"},{"floor":14,"key":"Dexterity Potion"},{"floor":16,"key":"Weak Potion"},{"floor":18,"key":"SpeedPotion"},{"floor":19,"key":"PowerPotion"},{"floor":31,"key":"PowerPotion"}],"is_trial":false,"path_per_floor":["M","M","?","M","M","E","$","$","T","R","?","?","T","E","R","B",null,"M","M","?","M","?","E","R","M","T","T","T","E","R","E","R","B"],"character_chosen":"IRONCLAD","items_purchased":["Sling"],"campfire_rested":4,"item_purchase_floors":[7],"current_hp_per_floor":[80,82,82,85,60,35,35,35,35,61,66,66,66,70,79,31,88,76,40,40,28,28,12,51,41,41,41,41,28,71,20,78,0,0],"gold":335,"neow_bonus":"TEN_PERCENT_HP_BONUS","is_daily":false,"chose_seed":false,"campfire_upgraded":1,"win_rate":0.0,"timestamp":1612599863,"path_taken":["M","M","?","M","?","E","?","$","T","R","?","?","?","E","R","BOSS","M","M","?","M","?","E","R","M","T","?","?","E","R","E","R","BOSS"],"items_purchased_type":["Relic"],"build_version":"2020-12-22","purchased_purges":0,"victory":false,"max_hp_per_floor":[88,88,88,88,88,88,88,88,88,88,93,93,93,93,93,93,103,103,103,103,103,103,103,103,103,103,103,103,105,105,105,105,105,105],"card_choices":[{"not_picked":["Flex","Body Slam","Feel No Pain"],"picked":"SKIP","floor":1},{"not_picked":["Shrug It Off","Warcry"],"picked":"Perfected Strike","floor":2},{"not_picked":["Shockwave","Rupture"],"picked":"Perfected Strike","floor":4},{"not_picked":["Whirlwind","Infernal Blade","Bloodletting"],"picked":"SKIP","floor":5},{"not_picked":["Metallicize","Heavy Blade","Power Through"],"picked":"SKIP","floor":6},{"not_picked":["Impervious","Feel No Pain"],"picked":"Pommel Strike","floor":14},{"not_picked":["Cleave","Rampage+1"],"picked":"Wild Strike","floor":18},{"not_picked":["Sword Boomerang","Clash","Combust"],"picked":"SKIP","floor":19},{"not_picked":["Dropkick","Clothesline","Power Through"],"picked":"SKIP","floor":21},{"not_picked":["Iron Wave","Berserk"],"picked":"Inflame+1","floor":23},{"not_picked":["Infernal Blade+1","Carnage"],"picked":"Flex+1","floor":25},{"not_picked":["Carnage","Entrench+1","Flame Barrier+1"],"picked":"Singing Bowl","floor":29},{"not_picked":["Warcry","Bloodletting"],"picked":"Pommel Strike+1","floor":31}],"player_experience":318569,"relics_obtained":[{"floor":6,"key":"Tiny Chest"},{"floor":9,"key":"Juzu Bracelet"},{"floor":13,"key":"Kunai"},{"floor":14,"key":"Eternal Feather"},{"floor":17,"key":"War Paint"},{"floor":17,"key":"Pear"},{"floor":17,"key":"CaptainsWheel"},{"floor":23,"key":"Darkstone Periapt"},{"floor":26,"key":"Singing Bowl"},{"floor":27,"key":"Centennial Puzzle"},{"floor":28,"key":"Bronze Scales"},{"floor":29,"key":"Paper Frog"},{"floor":31,"key":"Regal Pillow"}],"event_choices":[{"damage_healed":0,"gold_gain":0,"player_choice":"3 cards matched","damage_taken":0,"max_hp_gain":0,"max_hp_loss":0,"event_name":"Match and Keep!","floor":3,"gold_loss":0,"cards_obtained":["Injury","Offering","Anger"]},{"damage_healed":0,"gold_gain":0,"player_choice":"Donut","damage_taken":0,"max_hp_gain":5,"max_hp_loss":0,"event_name":"Big Fish","floor":11,"gold_loss":0},{"cards_removed":["Injury"],"damage_healed":0,"gold_gain":0,"player_choice":"Purged","damage_taken":0,"max_hp_gain":0,"max_hp_loss":0,"event_name":"Purifier","floor":12,"gold_loss":0},{"damage_healed":0,"gold_gain":0,"player_choice":"Ignored","damage_taken":0,"max_hp_gain":0,"max_hp_loss":0,"event_name":"Ghosts","floor":20,"gold_loss":0},{"damage_healed":0,"gold_gain":0,"player_choice":"Simplicity","damage_taken":0,"max_hp_gain":0,"max_hp_loss":0,"event_name":"Back to Basics","floor":22,"gold_loss":0,"cards_upgraded":["Strike_R","Strike_R","Strike_R","Strike_R","Strike_R","Defend_R","Defend_R","Defend_R"]}],"is_beta":false,"boss_relics":[{"not_picked":["Runic Cube","Runic Dome"],"picked":"Calling Bell"}],"items_purged_floors":[],"is_endless":false,"potions_floor_spawned":[5,14,16,18,19,31],"killed_by":"Champ","ascension_level":10}}