{"host":"36nosutyzulbwemu","time":1612626953,"event":{"mods":["100% Spire Juice","ATMod(°¢èªMod)","BaseMod","Minty Spire (QoL Compilation)","Reliquary","Replay The Spire","Shop Mod","StSLib","The Servant 0.9.4"],"gold_per_floor":[117,136,211,211,224,104,122,136,185,185,3,3,3,14,14,109,109,125,125,125],"floor_reached":19,"language":"ZHS","playtime":1076,"items_purged":[],"score":159,"play_id":"d575f607-cd92-494a-9174-0b13ac0af16e","local_time":"20210206235553","is_ascension_mode":false,"campfire_choices":[{"floor":6,"key":"REST"},{"floor":12,"key":"RECALL"},{"floor":15,"key":"REST"}],"circlet_count":0,"master_deck":["Moonworks:Strike","Moonworks:Strike","Moonworks:Strike+1","Moonworks:Strike","Moonworks:Defend","Moonworks:Defend","Moonworks:Defend","Moonworks:Defend+1","Moonworks:Ambush","Moonworks:LongDistanceShot","Moonworks:SakisCookie","Moonworks:SweetBattle","Moonworks:BigMagnum","Moonworks:ImOnFire","Moonworks:FullSpeedAlicianrone","Moonworks:WindyEnchantment","Moonworks:ImmovableObject","Moonworks:UnluckyCharm","Moonworks:SinkOrSwim","Moonworks:EvilSpyWorkPreparation"],"relics":["Moonworks:BrokenBomb","Moonworks:Homemark","AT_ATBox","Question Card","PreservedInsect","reliquary:KinkedSpring"],"acts_visited":["Exordium","TheCity"],"potions_floor_usage":[8,8,8],"damage_taken":[{"damage":3,"enemies":"Small Slimes","floor":1,"turns":4},{"damage":1,"enemies":"2 Louse","floor":2,"turns":3},{"damage":9,"enemies":"Cultist","floor":5,"turns":4},{"damage":13,"enemies":"3 Louse","floor":7,"turns":4},{"damage":11,"enemies":"Exordium Thugs","floor":8,"turns":4},{"damage":3,"enemies":"2 Fungi Beasts","floor":14,"turns":3},{"damage":15,"enemies":"Fading Forest","floor":16,"turns":11},{"damage":58,"enemies":"Chosen","floor":18,"turns":10},{"damage":0,"enemies":"2 Thieves","floor":19,"turns":1}],"seed_played":"9397296","potions_obtained":[{"floor":2,"key":"Block Potion"},{"floor":5,"key":"Energy Potion"},{"floor":7,"key":"GamblersBrew"},{"floor":16,"key":"Adrenaline Potion"}],"is_trial":false,"path_per_floor":["M","M","?","?","M","R","M","M","T","?","$","R","?","M","R","B",null,"M","M"],"character_chosen":"THE_STARBREAKER","items_purchased":["PreservedInsect","Moonworks:ImmovableObject"],"campfire_rested":2,"item_purchase_floors":[11,11],"current_hp_per_floor":[57,56,45,45,36,54,45,36,36,36,36,36,24,21,39,26,60,2,2,2],"gold":125,"neow_bonus":"RANDOM_EVENT","is_daily":false,"chose_seed":true,"campfire_upgraded":0,"win_rate":0.0,"timestamp":1612626953,"path_taken":["M","M","?","?","M","R","M","?","T","?","?","R","?","M","R","BOSS","M","M"],"items_purchased_type":["Relic","Card"],"build_version":"2020-12-22","purchased_purges":0,"victory":false,"max_hp_per_floor":[60,60,60,60,60,60,60,60,60,60,60,60,60,60,60,60,60,60,60,60],"card_choices":[{"not_picked":["Moonworks:JonathanRush","Moonworks:TacticalRetreat","Moonworks:FinalSurgery"],"picked":"Moonworks:SakisCookie","floor":1},{"not_picked":["Moonworks:BigMagnum","Moonworks:Bloodlust","Moonworks:EvilSpyWorkPreparation"],"picked":"Moonworks:SweetBattle","floor":2},{"not_picked":["Moonworks:IndiscriminateFireSupport","Moonworks:JonathanRush","Moonworks:FullSpeedAlicianrone"],"picked":"Moonworks:BigMagnum","floor":5},{"not_picked":["Moonworks:SakisCookie","Moonworks:RocketCannon","Moonworks:IndiscriminateFireSupport"],"picked":"Moonworks:ImOnFire","floor":7},{"not_picked":["Moonworks:LulusLuckyEgg","Moonworks:MiracleWalker","Moonworks:BigMagnum"],"picked":"Moonworks:FullSpeedAlicianrone","floor":8},{"not_picked":["Moonworks:LulusLuckyEgg","Moonworks:Dinner","Moonworks:JonathanRush"],"picked":"Moonworks:UnluckyCharm","floor":14},{"not_picked":["Moonworks:PlushieMaster","Moonworks:GoAway","Moonworks:RocketCannon"],"picked":"Moonworks:SinkOrSwim","floor":16},{"not_picked":["Moonworks:AngelHand","Moonworks:SweetBattle","Moonworks:RedAndBlue"],"picked":"Moonworks:EvilSpyWorkPreparation","floor":18}],"player_experience":516900,"relics_obtained":[],"event_choices":[{"damage_healed":0,"gold_gain":0,"player_choice":"Box","damage_taken":0,"relics_obtained":["Question Card"],"max_hp_gain":0,"max_hp_loss":0,"event_name":"Big Fish","floor":0,"gold_loss":0,"cards_obtained":["Regret"]},{"damage_healed":0,"gold_gain":75,"player_choice":"Gather Gold","damage_taken":11,"max_hp_gain":0,"max_hp_loss":0,"event_name":"World of Goop","floor":3,"gold_loss":0},{"cards_removed":["Regret"],"damage_healed":0,"gold_gain":0,"player_choice":"Took Card","damage_taken":0,"max_hp_gain":0,"max_hp_loss":0,"event_name":"NoteForYourself","floor":4,"gold_loss":0,"cards_obtained":["Iron Wave"]},{"damage_healed":0,"gold_gain":0,"cards_transformed":["Iron Wave"],"player_choice":"Transformed","damage_taken":0,"max_hp_gain":0,"max_hp_loss":0,"event_name":"Transmorgrifier","floor":10,"gold_loss":0,"cards_obtained":["Moonworks:WindyEnchantment"]},{"damage_healed":0,"gold_gain":0,"player_choice":"Entered Light","damage_taken":12,"max_hp_gain":0,"max_hp_loss":0,"event_name":"Shining Light","floor":13,"gold_loss":0,"cards_upgraded":["Moonworks:Strike","Moonworks:Defend"]}],"is_beta":false,"boss_relics":[{"not_picked":["Philosopher\u0027s Stone","reliquary:WritOfMandamus"],"picked":"reliquary:KinkedSpring"}],"items_purged_floors":[],"is_endless":false,"potions_floor_spawned":[2,5,7,16],"killed_by":"2 Thieves","ascension_level":0}}