{"host":"qc268ltokmxwqyrx","time":1612631674,"event":{"mods":["BaseMod","Colored Map","Colored Powertips","Minty Spire (QoL Compilation)","Relic Stats","Slay the Relics Exporter","StSLib","ojb\u0027s Info Mod"],"gold_per_floor":[117,128,128,128,144,144,169,180,180,180,205,215,229,248,248,323,323,336,349,349,13,13,13,39,50,76,176,176,203,216,235,235,308,308,322,159,159,84,100,129,129,159,159,159,119,153,153,164,164,164,164,164,164,64,96,96],"floor_reached":57,"language":"ENG","playtime":6339,"items_purged":["Strike_G+1","Strike_G+1"],"score":3105,"play_id":"30428d63-40bf-4c8b-827f-13af04dad12d","local_time":"20210206111434","is_ascension_mode":true,"campfire_choices":[{"data":"Dash","floor":6.0,"key":"SMITH"},{"floor":10.0,"key":"REST"},{"floor":15.0,"key":"REST"},{"floor":23.0,"key":"REST"},{"floor":32.0,"key":"REST"},{"data":"Acrobatics","floor":41.0,"key":"SMITH"},{"data":"Cloak And Dagger","floor":44.0,"key":"SMITH"},{"floor":47.0,"key":"RECALL"},{"data":"Wraith Form v2","floor":49.0,"key":"SMITH"},{"data":"Footwork","floor":53.0,"key":"SMITH"}],"circlet_count":0,"master_deck":["AscendersBane","Strike_G+1","Strike_G+1","Strike_G+1","Defend_G+1","Defend_G+1","Defend_G+1","Defend_G+1","Defend_G+1","Survivor+1","Neutralize+1","Dash+1","Blade Dance+1","Flying Knee+1","Malaise+1","Deadly Poison+1","Corpse Explosion+1","Deflect+1","Dodge and Roll+1","Expertise+1","Doppelganger+1","Backflip+1","PiercingWail+1","Crippling Poison+1","Deflect+1","Well Laid Plans+1","Skewer+1","Catalyst+1","Noxious Fumes+1","Concentrate+1","Wraith Form v2+1","Footwork+1","Footwork+1","Acrobatics+1","Cloak And Dagger+1","Wraith Form v2+1","Outmaneuver+1"],"relics":["Runic Dome","Dream Catcher","Lizard Tail","StrikeDummy","Oddly Smooth Stone","Black Star","Ice Cream","Anchor","Potion Belt","Bronze Scales","FossilizedHelix","Kunai","Enchiridion","Incense Burner","Art of War","SacredBark","Nunchaku","Mark of the Bloom","White Beast Statue","Bottled Tornado","Centennial Puzzle","Vajra","Omamori","Boot","Pocketwatch","Happy Flower"],"acts_visited":["TheCity","TheBeyond","TheEnding"],"potions_floor_usage":[55,55,56,56,56],"damage_taken":[{"damage":4.0,"enemies":"Jaw Worm","floor":1.0,"turns":6.0},{"damage":0.0,"enemies":"Small Slimes","floor":2.0,"turns":4.0},{"damage":3.0,"enemies":"2 Louse","floor":5.0,"turns":3.0},{"damage":25.0,"enemies":"Lagavulin","floor":7.0,"turns":7.0},{"damage":5.0,"enemies":"Large Slime","floor":8.0,"turns":7.0},{"damage":16.0,"enemies":"3 Sentries","floor":11.0,"turns":11.0},{"damage":3.0,"enemies":"2 Fungi Beasts","floor":12.0,"turns":4.0},{"damage":4.0,"enemies":"Exordium Wildlife","floor":13.0,"turns":5.0},{"damage":0.0,"enemies":"Large Slime","floor":14.0,"turns":3.0},{"damage":13.0,"enemies":"The Guardian","floor":16.0,"turns":11.0},{"damage":3.0,"enemies":"Shell Parasite","floor":18.0,"turns":8.0},{"damage":17.0,"enemies":"2 Thieves","floor":19.0,"turns":4.0},{"damage":16.0,"enemies":"Gremlin Leader","floor":24.0,"turns":9.0},{"damage":0.0,"enemies":"Snecko","floor":25.0,"turns":4.0},{"damage":7.0,"enemies":"Colosseum Slavers","floor":27.0,"turns":3.0},{"damage":15.0,"enemies":"Colosseum Nobs","floor":27.0,"turns":3.0},{"damage":16.0,"enemies":"Slavers","floor":29.0,"turns":3.0},{"damage":0.0,"enemies":"Shelled Parasite and Fungi","floor":30.0,"turns":9.0},{"damage":8.0,"enemies":"Snake Plant","floor":31.0,"turns":4.0},{"damage":0.0,"enemies":"Champ","floor":33.0,"turns":14.0},{"damage":0.0,"enemies":"Orb Walker","floor":35.0,"turns":4.0},{"damage":0.0,"enemies":"3 Shapes","floor":39.0,"turns":4.0},{"damage":0.0,"enemies":"Reptomancer","floor":40.0,"turns":10.0},{"damage":0.0,"enemies":"Nemesis","floor":42.0,"turns":7.0},{"damage":0.0,"enemies":"Giant Head","floor":46.0,"turns":8.0},{"damage":0.0,"enemies":"Jaw Worm Horde","floor":48.0,"turns":4.0},{"damage":1.0,"enemies":"Donu and Deca","floor":50.0,"turns":6.0},{"damage":3.0,"enemies":"Time Eater","floor":51.0,"turns":11.0},{"damage":3,"enemies":"Shield and Spear","floor":55,"turns":7},{"damage":19,"enemies":"The Heart","floor":56,"turns":11}],"seed_played":"-1326448745617652034","potions_obtained":[{"floor":5.0,"key":"AttackPotion"},{"floor":7.0,"key":"GamblersBrew"},{"floor":12.0,"key":"AttackPotion"},{"floor":13.0,"key":"AttackPotion"},{"floor":16.0,"key":"Explosive Potion"},{"floor":19.0,"key":"GhostInAJar"},{"floor":29.0,"key":"LiquidMemories"},{"floor":31.0,"key":"DuplicationPotion"},{"floor":33.0,"key":"Weak Potion"},{"floor":35.0,"key":"FearPotion"},{"floor":39.0,"key":"CunningPotion"},{"floor":42.0,"key":"Ancient Potion"},{"floor":45.0,"key":"Swift Potion"},{"floor":55,"key":"CunningPotion"}],"is_trial":false,"path_per_floor":["M","M","?","?","M","R","E","M","T","R","E","M","M","M","R","B",null,"M","M","?","$","?","R","E","M","T","?","?","E","M","M","R","B",null,"M","$","?","$","M","E","R","E","T","R","?","E","R","M","R","B","B",null,"R","$","E","B",null],"character_chosen":"THE_SILENT","items_purchased":["Ice Cream","Nunchaku"],"campfire_rested":4,"item_purchase_floors":[21,36],"current_hp_per_floor":[55,55,60,42,39,39,14,9,9,30,14,11,7,7,28,15,57,54,37,37,37,37,58,42,42,42,20,35,19,19,11,32,32,61,61,61,61,61,61,61,61,61,61,61,61,61,61,61,61,60,57,57,57,57,54,35],"gold":96,"neow_bonus":"BOSS_RELIC","is_daily":false,"chose_seed":false,"campfire_upgraded":5,"win_rate":0.0,"timestamp":1612631674,"path_taken":["M","M","?","?","M","R","E","M","T","R","E","M","M","M","R","BOSS","M","M","?","$","?","R","E","M","T","?","?","E","M","M","R","BOSS","M","$","?","$","M","E","R","E","T","R","?","E","R","M","R","BOSS","BOSS","R","$","E","BOSS"],"items_purchased_type":["Relic","Relic"],"build_version":"2020-12-22","purchased_purges":2,"victory":true,"max_hp_per_floor":[66,66,71,71,71,71,71,71,71,71,71,71,71,71,71,71,71,71,71,71,71,71,71,71,71,71,71,71,71,71,71,71,71,71,71,71,71,71,71,71,71,71,71,71,71,71,71,71,71,71,71,71,71,71,71,71],"relic_stats":{"Mark of the Bloom":11,"Happy Flower":[3],"counters":[20,133],"Boot":[5],"Dream Catcher":2,"Lizard Tail":35,"Nunchaku":[14],"Centennial Puzzle":[11],"Bronze Scales":[474],"Black Star":6,"Art of War":[33],"Kunai":[52],"obtain_stats":[{"Ice Cream":21,"Mark of the Bloom":37,"SacredBark":34,"Enchiridion":28,"Vajra":42,"Incense Burner":29,"Bottled Tornado":40,"Boot":46,"Dream Catcher":0,"Lizard Tail":0,"Nunchaku":36,"Centennial Puzzle":42,"Kunai":27,"Potion Belt":24,"Happy Flower":55,"Oddly Smooth Stone":0,"Omamori":46,"White Beast Statue":40,"Runic Dome":0,"Anchor":24,"Bronze Scales":26,"Black Star":17,"Art of War":29,"StrikeDummy":0,"FossilizedHelix":27,"Pocketwatch":55},{"Ice Cream":2,"Mark of the Bloom":11,"SacredBark":10,"Enchiridion":6,"Vajra":14,"Incense Burner":7,"Bottled Tornado":13,"Boot":15,"Dream Catcher":0,"Lizard Tail":0,"Nunchaku":11,"Centennial Puzzle":14,"Kunai":6,"Potion Belt":3,"Happy Flower":19,"Oddly Smooth Stone":0,"Omamori":15,"White Beast Statue":13,"Runic Dome":0,"Anchor":3,"Bronze Scales":4,"Black Star":0,"Art of War":7,"StrikeDummy":0,"FossilizedHelix":6,"Pocketwatch":19},{"Ice Cream":12,"Mark of the Bloom":65,"SacredBark":61,"Enchiridion":31,"Vajra":86,"Incense Burner":34,"Bottled Tornado":79,"Boot":94,"Dream Catcher":0,"Lizard Tail":0,"Nunchaku":65,"Centennial Puzzle":86,"Kunai":31,"Potion Belt":21,"Happy Flower":122,"Oddly Smooth Stone":0,"Omamori":94,"White Beast Statue":79,"Runic Dome":0,"Anchor":21,"Bronze Scales":25,"Black Star":0,"Art of War":34,"StrikeDummy":0,"FossilizedHelix":31,"Pocketwatch":122}],"Pocketwatch":[6]},"card_choices":[{"not_picked":["Acrobatics","Choke"],"picked":"Dash","floor":1.0},{"not_picked":["Outmaneuver","Dagger Throw"],"picked":"Blade Dance","floor":2.0},{"not_picked":["Prepared","Flechettes"],"picked":"Flying Knee","floor":5.0},{"not_picked":["Quick Slash","Cloak And Dagger"],"picked":"Malaise","floor":7.0},{"not_picked":["Flechettes","Escape Plan"],"picked":"Deadly Poison","floor":10.0},{"not_picked":["Bane","Cloak And Dagger"],"picked":"Corpse Explosion","floor":11.0},{"not_picked":["All Out Attack","Reflex","Riddle With Holes"],"picked":"SKIP","floor":12.0},{"not_picked":["Concentrate","Dagger Spray"],"picked":"Deflect","floor":13.0},{"not_picked":["All Out Attack","Caltrops"],"picked":"Dodge and Roll","floor":14.0},{"not_picked":["Deflect","Quick Slash"],"picked":"Expertise","floor":15.0},{"not_picked":["Grand Finale","Malaise"],"picked":"Doppelganger","floor":16.0},{"not_picked":["Poisoned Stab+1","Calculated Gamble"],"picked":"Backflip","floor":18.0},{"not_picked":["Dagger Throw","Quick Slash"],"picked":"PiercingWail","floor":19.0},{"not_picked":["Caltrops","Cloak And Dagger"],"picked":"Deflect","floor":24.0},{"not_picked":["Underhanded Strike","Cloak And Dagger"],"picked":"Well Laid Plans+1","floor":25.0},{"not_picked":["Prepared","Bane"],"picked":"Skewer+1","floor":27.0},{"not_picked":["Underhanded Strike","Endless Agony","Masterful Stab"],"picked":"SKIP","floor":29.0},{"not_picked":["Endless Agony","Poisoned Stab"],"picked":"Catalyst","floor":30.0},{"not_picked":["PiercingWail","Flying Knee"],"picked":"Noxious Fumes","floor":31.0},{"not_picked":["Dagger Throw","Prepared"],"picked":"Concentrate","floor":32.0},{"not_picked":["Phantasmal Killer","Envenom"],"picked":"Wraith Form v2","floor":33.0},{"not_picked":["Quick Slash+1","Acrobatics"],"picked":"Footwork+1","floor":35.0},{"not_picked":["Slice","Footwork","Choke"],"picked":"SKIP","floor":39.0},{"not_picked":["Slice","Choke"],"picked":"Footwork","floor":39.0},{"not_picked":["Quick Slash","PiercingWail"],"picked":"Acrobatics","floor":40.0},{"not_picked":["Noxious Fumes","Flying Knee+1"],"picked":"Cloak And Dagger","floor":42.0},{"not_picked":["Slice","Flying Knee"],"picked":"Wraith Form v2","floor":46.0},{"not_picked":["Tactician","Backstab"],"picked":"Outmaneuver+1","floor":48.0},{"not_picked":["Underhanded Strike","Slice","Poisoned Stab"],"picked":"SKIP","floor":55}],"player_experience":1794907,"relics_obtained":[{"floor":7.0,"key":"Lizard Tail"},{"floor":9.0,"key":"StrikeDummy"},{"floor":11.0,"key":"Oddly Smooth Stone"},{"floor":24.0,"key":"Anchor"},{"floor":24.0,"key":"Potion Belt"},{"floor":26.0,"key":"Bronze Scales"},{"floor":27.0,"key":"FossilizedHelix"},{"floor":27.0,"key":"Kunai"},{"floor":28.0,"key":"Enchiridion"},{"floor":29.0,"key":"Incense Burner"},{"floor":29.0,"key":"Art of War"},{"floor":40.0,"key":"White Beast Statue"},{"floor":40.0,"key":"Bottled Tornado"},{"floor":42.0,"key":"Centennial Puzzle"},{"floor":42.0,"key":"Vajra"},{"floor":46.0,"key":"Omamori"},{"floor":46.0,"key":"Boot"},{"floor":55,"key":"Pocketwatch"},{"floor":55,"key":"Happy Flower"}],"event_choices":[{"damage_healed":0.0,"max_hp_gain":5.0,"max_hp_loss":0.0,"gold_gain":0.0,"event_name":"Big Fish","player_choice":"Donut","floor":3.0,"gold_loss":0.0,"damage_taken":0.0},{"damage_healed":0.0,"max_hp_gain":0.0,"max_hp_loss":0.0,"gold_gain":0.0,"event_name":"Scrap Ooze","player_choice":"Success","floor":4.0,"gold_loss":0.0,"damage_taken":18.0,"relics_obtained":["Dream Catcher"]},{"damage_healed":0.0,"max_hp_gain":0.0,"max_hp_loss":0.0,"gold_gain":0.0,"event_name":"The Library","player_choice":"Read","floor":20.0,"gold_loss":0.0,"damage_taken":0.0,"cards_obtained":["Crippling Poison"]},{"damage_healed":0.0,"max_hp_gain":0.0,"max_hp_loss":0.0,"gold_gain":0.0,"event_name":"Back to Basics","player_choice":"Simplicity","floor":22.0,"gold_loss":0.0,"damage_taken":0.0,"cards_upgraded":["Strike_G","Strike_G","Strike_G","Strike_G","Strike_G","Defend_G","Defend_G","Defend_G","Defend_G","Defend_G"]},{"damage_healed":0.0,"max_hp_gain":0.0,"max_hp_loss":0.0,"gold_gain":0.0,"event_name":"Colosseum","player_choice":"Fight","floor":27.0,"gold_loss":0.0,"damage_taken":0.0},{"damage_healed":0.0,"max_hp_gain":0.0,"max_hp_loss":0.0,"gold_gain":0.0,"event_name":"Colosseum","player_choice":"Fought Nobs","floor":27.0,"gold_loss":0.0,"damage_taken":0.0},{"damage_healed":0.0,"max_hp_gain":0.0,"max_hp_loss":0.0,"gold_gain":0.0,"event_name":"Cursed Tome","player_choice":"Obtained Book","floor":28.0,"gold_loss":0.0,"damage_taken":21.0},{"damage_healed":0.0,"max_hp_gain":0.0,"max_hp_loss":0.0,"gold_gain":0.0,"event_name":"MindBloom","player_choice":"Upgrade","floor":37.0,"gold_loss":0.0,"damage_taken":0.0,"cards_upgraded":["Survivor","Neutralize","Blade Dance","Flying Knee","Malaise","Deadly Poison","Corpse Explosion","Deflect","Dodge and Roll","Expertise","Doppelganger","Backflip","PiercingWail","Crippling Poison","Deflect","Catalyst","Noxious Fumes","Concentrate","Wraith Form v2"],"relics_obtained":["Mark of the Bloom"]},{"damage_healed":0.0,"max_hp_gain":0.0,"max_hp_loss":0.0,"gold_gain":0.0,"event_name":"The Woman in Blue","player_choice":"Bought 3 Potions","floor":45.0,"gold_loss":0.0,"damage_taken":0.0}],"is_beta":false,"boss_relics":[{"not_picked":["SlaversCollar","Calling Bell"],"picked":"Black Star"},{"not_picked":["Fusion Hammer","Tiny House"],"picked":"SacredBark"}],"items_purged_floors":[38,54],"is_endless":false,"potions_floor_spawned":[5,7,12,13,16,19,29,31,33,35,39,42,46,48,55],"ascension_level":20}}