{"host":"0awa854l6bexpjrv","time":1612591511,"event":{"mods":["BaseMod","Block Reminder","Colored Map","Colored Powertips","Downfall","Highlight Path","Minty Spire (QoL Compilation)","Quick Restart","Rare Cards Sparkle","StSLib","SuperFastMode"],"gold_per_floor":[114,134,152,152,40,40,51,51,51,21,33,44,9,27,27,131,131,142,159,172,26,26,26,39,39,39],"floor_reached":25,"language":"ENG","playtime":1368,"items_purged":["Strike_B"],"score":227,"play_id":"ea7312d3-c91f-4211-a600-898632e80d30","local_time":"20210205220511","is_ascension_mode":true,"campfire_choices":[{"data":"Dualcast","floor":6.0,"key":"SMITH"},{"data":"Rip and Tear","floor":8.0,"key":"SMITH"},{"data":"Streamline","floor":15,"key":"SMITH"},{"data":"Multi-Cast","floor":23,"key":"SMITH"}],"circlet_count":0,"master_deck":["Strike_B","Defend_B","Defend_B","Defend_B","Defend_B","Zap+1","Dualcast+1","Ball Lightning","Leap","Conserve Battery","Streamline+1","Cold Snap","Rip and Tear+1","Compile Driver","FTL","Biased Cognition","FTL","Streamline","Multi-Cast+1","Stack","Compile Driver","Streamline","Leap+1"],"relics":["Cracked Core","StoneCalendar","Busted Crown","HandDrill"],"acts_visited":["Exordium","TheCity"],"potions_floor_usage":[12,16,16,16,25],"damage_taken":[{"damage":2.0,"enemies":"Jaw Worm","floor":1.0,"turns":3.0},{"damage":0.0,"enemies":"Cultist","floor":2.0,"turns":4.0},{"damage":0.0,"enemies":"2 Louse","floor":3.0,"turns":3.0},{"damage":0.0,"enemies":"2 Fungi Beasts","floor":7.0,"turns":2.0},{"damage":1.0,"enemies":"3 Louse","floor":11.0,"turns":3.0},{"damage":8,"enemies":"Gremlin Gang","floor":12,"turns":3},{"damage":0,"enemies":"2 Fungi Beasts","floor":14,"turns":3},{"damage":26,"enemies":"The Guardian","floor":16,"turns":6},{"damage":2,"enemies":"Chosen","floor":18,"turns":3},{"damage":2,"enemies":"Spheric Guardian","floor":19,"turns":3},{"damage":11,"enemies":"Chosen and Byrds","floor":20,"turns":4},{"damage":13,"enemies":"Sentry and Sphere","floor":24,"turns":4},{"damage":42,"enemies":"Centurion and Healer","floor":25,"turns":4}],"seed_played":"5009665631069559473","potions_obtained":[{"floor":2.0,"key":"Strength Potion"},{"floor":10.0,"key":"ColorlessPotion"},{"floor":10.0,"key":"GamblersBrew"},{"floor":12,"key":"DistilledChaos"},{"floor":24,"key":"Ancient Potion"}],"is_trial":false,"path_per_floor":["M","M","M","?","$","R","M","R","T","?","M","M","$","M","R","B",null,"M","M","M","$","?","R","M","M"],"character_chosen":"DEFECT","items_purchased":["Rip and Tear","FTL","HandDrill"],"campfire_rested":0,"item_purchase_floors":[5,13,21],"current_hp_per_floor":[66,66,66,66,66,66,66,66,66,66,65,57,57,57,57,31,68,66,64,53,53,53,53,40,0,0],"gold":39,"neow_bonus":"TRANSFORM_TWO_CARDS","is_daily":false,"chose_seed":false,"campfire_upgraded":4,"win_rate":0.0,"timestamp":1612591511,"path_taken":["M","M","M","?","$","R","M","R","T","?","?","M","$","M","R","BOSS","M","?","M","$","?","R","M","M"],"items_purchased_type":["Card","Card","Relic"],"build_version":"2020-12-22","purchased_purges":1,"victory":false,"max_hp_per_floor":[68,68,68,68,68,68,68,68,68,68,68,68,68,68,68,68,68,68,68,68,68,68,68,68,68,68],"card_choices":[{"not_picked":["Stack","Go for the Eyes"],"picked":"Conserve Battery","floor":1.0},{"not_picked":["Hello World","Gash"],"picked":"Streamline","floor":2.0},{"not_picked":["Aggregate","Blizzard"],"picked":"Cold Snap","floor":3.0},{"not_picked":["Go for the Eyes","Steam"],"picked":"Compile Driver","floor":7.0},{"not_picked":["Scrape","Compile Driver"],"picked":"FTL","floor":11.0},{"not_picked":["Sunder","Cold Snap"],"picked":"Biased Cognition","floor":12},{"not_picked":["Conserve Battery","Hologram"],"picked":"Streamline","floor":14},{"not_picked":["Thunder Strike","Meteor Strike"],"picked":"Multi-Cast","floor":16},{"not_picked":[],"picked":"Stack","floor":18},{"not_picked":[],"picked":"Compile Driver","floor":19},{"not_picked":[],"picked":"Streamline","floor":20},{"not_picked":[],"picked":"Leap+1","floor":24}],"player_experience":730008,"relics_obtained":[{"floor":9.0,"key":"StoneCalendar"}],"event_choices":[{"damage_healed":0.0,"max_hp_gain":0.0,"max_hp_loss":0.0,"gold_gain":0.0,"event_name":"Living Wall","player_choice":"Grow","floor":4.0,"gold_loss":0.0,"damage_taken":0.0,"cards_upgraded":["Zap"]},{"damage_healed":0.0,"max_hp_gain":0.0,"max_hp_loss":0.0,"gold_gain":0.0,"event_name":"The Woman in Blue","player_choice":"Bought 2 Potions","floor":10.0,"gold_loss":0.0,"damage_taken":0.0}],"is_beta":false,"boss_relics":[{"not_picked":["SacredBark","Black Star"],"picked":"Busted Crown"}],"items_purged_floors":[5],"is_endless":false,"potions_floor_spawned":[2,12,14,24],"killed_by":"Centurion and Healer","ascension_level":3}}