{"host":"zs3tguvuxkh90jf4","time":1612590356,"event":{"mods":["AchievementEnabler","BaseMod","Better Silent Start","Better-Laid Plans","BetterRewards","Block Reminder","Colored Map","Colored Powertips","Gold Saver","Minty Spire (QoL Compilation)","Shop Mod","StSLib","Transform Curses"],"gold_per_floor":[2236,2251,2251,1137,1155,1180,1192,1192,1192,1226,1246,535,565,584,584,663,663,675,675,694,694,708,739,278,193,193,218,234,51,66,96,96,172,172,182,182,233,233,247,247,274,288,288,288,318,328,362,377,377,377,377,377,16,43,43,43],"floor_reached":55,"language":"ENG","playtime":3246,"items_purged":["Strike_G","Strike_G"],"score":1590,"play_id":"46678c13-7c41-4d0e-82c5-4b5077c736ad","local_time":"20210205214556","is_ascension_mode":true,"campfire_choices":[{"data":"Neutralize","floor":8,"key":"SMITH"},{"floor":15,"key":"REST"},{"data":"After Image","floor":32,"key":"SMITH"},{"floor":40,"key":"RECALL"},{"data":"Accuracy","floor":44,"key":"SMITH"},{"data":"Infinite Blades","floor":49,"key":"SMITH"},{"data":"Caltrops","floor":52,"key":"SMITH"}],"circlet_count":0,"master_deck":["AscendersBane","Defend_G+1","Defend_G+1","Defend_G+1","Defend_G+1","Survivor","Neutralize+1","Dagger Spray","Sucker Punch","Deadly Poison","Bane","Bouncing Flask+1","Noxious Fumes","Acrobatics+1","Bane","Noxious Fumes","Night Terror+1","PiercingWail+1","Deadly Poison+1","Poisoned Stab","Blade Dance+1","After Image+1","Blade Dance+1","Bite","Bite","Bite","Bite","Bite","Deflect+1","Accuracy+1","Backflip+1","Apotheosis+1","Infinite Blades+1","Deflect+1","Blur+1","Caltrops+1","Crippling Poison+1","Concentrate+1","Storm of Steel+1","Blade Dance+1","Dramatic Entrance","Blade Dance+1","Catalyst+1","Cloak And Dagger+1","Deadly Poison+1","Parasite","Distraction+1"],"relics":["Ring of the Snake","GremlinMask","CaptainsWheel","TwistedFunnel","Toxic Egg 2","MerchantsRug","Shuriken","Kunai","Bag of Marbles","Turnip","TheAbacus","Boot","WristBlade","Eternal Feather","Bag of Preparation","Anchor","HornCleat","The Courier","Pen Nib","Blood Vial","SlaversCollar","Peace Pipe","Bottled Flame","Meat on the Bone","Bottled Lightning","Strawberry","Calipers","Happy Flower","Gremlin Horn"],"acts_visited":["Exordium","TheCity","TheBeyond","TheEnding"],"potions_floor_usage":[10,33,50,50,55],"damage_taken":[{"damage":0,"enemies":"2 Louse","floor":1,"turns":3},{"damage":2,"enemies":"Cultist","floor":2,"turns":4},{"damage":0,"enemies":"Jaw Worm","floor":5,"turns":3},{"damage":7,"enemies":"Gremlin Nob","floor":6,"turns":4},{"damage":0,"enemies":"2 Fungi Beasts","floor":7,"turns":3},{"damage":13,"enemies":"3 Sentries","floor":10,"turns":5},{"damage":0,"enemies":"Looter","floor":11,"turns":3},{"damage":4,"enemies":"Lagavulin","floor":13,"turns":5},{"damage":18,"enemies":"Exordium Wildlife","floor":14,"turns":3},{"damage":21,"enemies":"The Guardian","floor":16,"turns":6},{"damage":0,"enemies":"3 Byrds","floor":18,"turns":2},{"damage":0,"enemies":"Shell Parasite","floor":20,"turns":1},{"damage":14,"enemies":"Shelled Parasite and Fungi","floor":22,"turns":4},{"damage":22,"enemies":"Slavers","floor":23,"turns":5},{"damage":11,"enemies":"Gremlin Leader","floor":27,"turns":6},{"damage":0,"enemies":"Cultist and Chosen","floor":28,"turns":5},{"damage":0,"enemies":"3 Cultists","floor":30,"turns":3},{"damage":8,"enemies":"Book of Stabbing","floor":31,"turns":5},{"damage":12,"enemies":"Collector","floor":33,"turns":8},{"damage":5,"enemies":"Orb Walker","floor":35,"turns":4},{"damage":0,"enemies":"3 Shapes","floor":39,"turns":3},{"damage":8,"enemies":"Giant Head","floor":41,"turns":6},{"damage":0,"enemies":"Spire Growth","floor":42,"turns":4},{"damage":0,"enemies":"Reptomancer","floor":45,"turns":3},{"damage":0,"enemies":"4 Shapes","floor":46,"turns":3},{"damage":0,"enemies":"Nemesis","floor":47,"turns":4},{"damage":0,"enemies":"Writhing Mass","floor":48,"turns":4},{"damage":48,"enemies":"Donu and Deca","floor":50,"turns":7},{"damage":6,"enemies":"Shield and Spear","floor":54,"turns":6},{"damage":106,"enemies":"The Heart","floor":55,"turns":6}],"seed_played":"6168192218934170600","potions_obtained":[{"floor":2,"key":"DuplicationPotion"},{"floor":5,"key":"GamblersBrew"},{"floor":7,"key":"PowerPotion"},{"floor":14,"key":"SteroidPotion"},{"floor":27,"key":"PowerPotion"},{"floor":33,"key":"EssenceOfSteel"},{"floor":47,"key":"Dexterity Potion"},{"floor":48,"key":"SkillPotion"},{"floor":54,"key":"Block Potion"}],"is_trial":false,"path_per_floor":["M","M","?","$","M","E","M","R","T","E","M","$","E","M","R","B",null,"M","?","M","?","M","E","$","?","T","E","M","$","M","E","R","B",null,"M","?","T","T","M","R","E","M","T","R","E","M","E","M","R","B",null,"R","$","E","B"],"character_chosen":"THE_SILENT","items_purchased":["Dagger Spray","Sucker Punch","CaptainsWheel","TwistedFunnel","Toxic Egg 2","Bouncing Flask+1","Noxious Fumes","MerchantsRug","Acrobatics+1","Bag of Marbles","Turnip","TheAbacus","Deadly Poison+1","Bag of Preparation","Backflip+1","Apotheosis+1","Infinite Blades","Caltrops","Crippling Poison+1","Pen Nib","Calipers","Happy Flower"],"campfire_rested":1,"item_purchase_floors":[0,0,4,4,4,4,4,4,4,12,12,12,12,24,24,24,24,29,29,29,53,53],"current_hp_per_floor":[59,57,57,57,57,64,64,64,64,51,51,51,47,29,53,32,68,68,68,68,56,46,30,30,30,30,25,28,28,34,26,47,46,54,51,51,51,51,56,56,51,56,56,56,56,56,63,63,63,35,56,63,63,63,0,0],"gold":43,"neow_bonus":"","is_daily":false,"chose_seed":false,"campfire_upgraded":5,"win_rate":0.0,"timestamp":1612590356,"path_taken":["M","M","?","$","M","E","M","R","T","E","M","?","E","M","R","BOSS","M","?","M","?","M","E","$","?","T","E","M","$","M","E","R","BOSS","M","?","?","?","?","R","E","M","T","R","E","M","E","?","R","BOSS","R","$","E","BOSS"],"items_purchased_type":["Card","Card","Relic","Relic","Relic","Card","Card","Relic","Card","Relic","Relic","Relic","Card","Relic","Card","Card","Card","Card","Card","Relic","Relic","Relic"],"build_version":"2020-12-22","purchased_purges":2,"victory":false,"max_hp_per_floor":[66,66,66,66,66,80,80,80,80,80,80,80,80,80,80,80,80,80,80,80,56,56,56,56,56,56,56,56,56,56,56,56,56,56,56,56,56,56,56,56,56,56,56,56,56,56,63,63,63,63,63,63,63,63,63,63],"card_choices":[{"not_picked":["Bane","Poisoned Stab"],"picked":"Deadly Poison","floor":1},{"not_picked":["Flechettes","Dagger Spray"],"picked":"Bane","floor":2},{"not_picked":["Acrobatics+1","Skewer","Quick Slash"],"picked":"SKIP","floor":5},{"not_picked":["Tools of the Trade","Acrobatics+1"],"picked":"Bane","floor":6},{"not_picked":["Outmaneuver+1","Acrobatics+1"],"picked":"Noxious Fumes","floor":7},{"not_picked":["Dagger Spray","PiercingWail+1"],"picked":"Night Terror+1","floor":10},{"not_picked":["Slice","Underhanded Strike"],"picked":"PiercingWail+1","floor":11},{"not_picked":["Setup+1","Grand Finale"],"picked":"Poisoned Stab","floor":13},{"not_picked":["Dagger Spray","Quick Slash"],"picked":"Blade Dance+1","floor":14},{"not_picked":["Grand Finale","Malaise+1"],"picked":"After Image","floor":16},{"not_picked":["Finisher","Slice"],"picked":"Blade Dance+1","floor":18},{"not_picked":["Slice","Underhanded Strike","Dagger Throw"],"picked":"SKIP","floor":20},{"not_picked":["Dagger Throw","Bouncing Flask+1"],"picked":"Deflect+1","floor":22},{"not_picked":["Dagger Throw+1","Leg Sweep+1"],"picked":"Accuracy","floor":23},{"not_picked":["Flying Knee","Well Laid Plans"],"picked":"Deflect+1","floor":27},{"not_picked":["Flying Knee","Backflip+1"],"picked":"Blur+1","floor":28},{"not_picked":["Prepared+1","Tactician+1","Glass Knife"],"picked":"SKIP","floor":30},{"not_picked":["PiercingWail+1","Bullet Time+1"],"picked":"Concentrate+1","floor":31},{"not_picked":["Glass Knife","Phantasmal Killer+1"],"picked":"Storm of Steel+1","floor":33},{"not_picked":["Predator+1","Deflect+1"],"picked":"Blade Dance+1","floor":35},{"not_picked":["Jack Of All Trades+1","Violence+1"],"picked":"Dramatic Entrance","floor":36},{"not_picked":["Sucker Punch","Backflip+1"],"picked":"Blade Dance+1","floor":39},{"not_picked":["Concentrate+1","Skewer+1"],"picked":"Catalyst+1","floor":41},{"not_picked":["Acrobatics+1","Heel Hook+1","Underhanded Strike"],"picked":"SKIP","floor":42},{"not_picked":["Backflip+1","Slice"],"picked":"Cloak And Dagger+1","floor":45},{"not_picked":["Underhanded Strike+1","PiercingWail+1"],"picked":"Deadly Poison+1","floor":46},{"not_picked":["Underhanded Strike","Masterful Stab","Dodge and Roll+1"],"picked":"SKIP","floor":47},{"not_picked":["Unload","Expertise+1","Bane+1"],"picked":"SKIP","floor":48},{"not_picked":["Blade Dance+1","Acrobatics+1"],"picked":"Distraction+1","floor":54}],"player_experience":521992,"relics_obtained":[{"floor":6,"key":"Mango"},{"floor":9,"key":"Shuriken"},{"floor":10,"key":"Kunai"},{"floor":13,"key":"Boot"},{"floor":23,"key":"Eternal Feather"},{"floor":26,"key":"HornCleat"},{"floor":27,"key":"The Courier"},{"floor":31,"key":"Blood Vial"},{"floor":38,"key":"Peace Pipe"},{"floor":41,"key":"Bottled Flame"},{"floor":43,"key":"Meat on the Bone"},{"floor":45,"key":"Bottled Lightning"},{"floor":47,"key":"Strawberry"},{"floor":54,"key":"Gremlin Horn"}],"event_choices":[{"damage_healed":0,"gold_gain":0,"player_choice":"Trade","damage_taken":0,"relics_obtained":["GremlinMask"],"max_hp_gain":0,"max_hp_loss":0,"event_name":"FaceTrader","floor":3,"gold_loss":0},{"damage_healed":0,"gold_gain":0,"player_choice":"Simplicity","damage_taken":0,"max_hp_gain":0,"max_hp_loss":0,"event_name":"Back to Basics","floor":19,"gold_loss":0,"cards_upgraded":["Strike_G","Strike_G","Defend_G","Defend_G","Defend_G","Defend_G"]},{"damage_healed":0,"gold_gain":0,"player_choice":"Became a vampire","damage_taken":0,"max_hp_gain":0,"max_hp_loss":24,"event_name":"Vampires","floor":21,"gold_loss":0,"cards_obtained":["Bite","Bite","Bite","Bite","Bite"]},{"damage_healed":0,"gold_gain":0,"player_choice":"Obtained Relic","damage_taken":0,"relics_obtained":["Anchor"],"max_hp_gain":0,"max_hp_loss":0,"event_name":"Addict","floor":25,"gold_loss":85},{"damage_healed":0,"gold_gain":0,"player_choice":"Memory 1","damage_taken":0,"max_hp_gain":0,"max_hp_loss":0,"event_name":"SensoryStone","floor":36,"gold_loss":0}],"is_beta":false,"boss_relics":[{"not_picked":["Tiny House","Runic Dome"],"picked":"WristBlade"},{"not_picked":["Snecko Eye","HoveringKite"],"picked":"SlaversCollar"}],"items_purged_floors":[4,12],"is_endless":false,"potions_floor_spawned":[2,5,7,14,16,18,23,27,31,33,41,42,47,48,54],"killed_by":"The Heart","ascension_level":15}}