{"host":"ywbsnexmk111etbw","time":1612573430,"event":{"mods":["100% Spire Juice","Act Like it!","Arknights","Aspiration","BaseMod","Beaked The Cultist","Colored Powertips","Conspire","Curses Come First","Energized Spire","Fireblade Mod","Fox Events","Hubris","Infinite Spire","Jorbs\u0027s Wanderer Trilogy","Marisa????????","Minty Spire (QoL Compilation)","Pale of the Ancients","Permanent Neow","Reliquary","Replay The Spire","Reworked Bosses","Robot Space Explorer","Small Relic Pack","StSLib","The Blackbeard","The Bladedancer","The Blue Laboratory","The Cursed","The Dragon Tamer","The Marked","The Mystic","The Necromancer","The Saiyan","Wandering Minibosses"],"gold_per_floor":[118,128,128,278,294,325,325,325,325],"floor_reached":8,"language":"ENG","playtime":333,"items_purged":[],"score":64,"play_id":"b307d8c6-0436-4d42-986e-1077e41bbf99","local_time":"20210205200350","is_ascension_mode":true,"campfire_choices":[],"circlet_count":0,"master_deck":["RobotSpaceExplorer:Strike","RobotSpaceExplorer:Strike","RobotSpaceExplorer:Strike","RobotSpaceExplorer:Strike","RobotSpaceExplorer:Defend","RobotSpaceExplorer:Defend","RobotSpaceExplorer:Defend","RobotSpaceExplorer:Defend","RobotSpaceExplorer:Scan","RobotSpaceExplorer:MiniLasers","RobotSpaceExplorer:LaserBurst+1","ReplayTheSpireMod:IOU"],"relics":["RobotSpaceExplorer:RoboCore","Replay:Wax Seal","ReplayTheSpireMod:CursedCoin","Eternal Feather"],"acts_visited":["Exordium"],"potions_floor_usage":[6,8],"damage_taken":[{"damage":7,"enemies":"2 Louse","floor":1,"turns":3},{"damage":4,"enemies":"Cultist","floor":2,"turns":4},{"damage":5,"enemies":"Jaw Worm","floor":5,"turns":2},{"damage":28,"enemies":"Gremlin Nob","floor":6,"turns":4},{"damage":38,"enemies":"Replay:BlueRogue","floor":8,"turns":9}],"seed_played":"7612837213468784616","potions_obtained":[{"floor":2,"key":"Adrenaline Potion"},{"floor":6,"key":"SkillPotion"}],"is_trial":false,"path_per_floor":["M","M","?","$","M","E","?","E"],"character_chosen":"RobotSpaceExplorer","items_purchased":["ReplayTheSpireMod:CursedCoin"],"campfire_rested":0,"item_purchase_floors":[4],"current_hp_per_floor":[68,64,64,64,59,31,36,0,0],"gold":325,"neow_bonus":"RANDOM_COMMON_RELIC","is_daily":false,"chose_seed":false,"campfire_upgraded":0,"win_rate":0.0,"timestamp":1612573430,"path_taken":["M","M","?","$","?","E","?","E"],"items_purchased_type":["Relic"],"build_version":"2020-12-22","purchased_purges":0,"victory":false,"max_hp_per_floor":[75,75,75,75,75,75,75,75,75],"card_choices":[{"not_picked":["RobotSpaceExplorer:Pulsar","RobotSpaceExplorer:PowerGlove"],"picked":"RobotSpaceExplorer:LaserBurst","floor":1},{"not_picked":["RobotSpaceExplorer:Ammunition","RobotSpaceExplorer:Probe","RobotSpaceExplorer:GearShield"],"picked":"SKIP","floor":2},{"not_picked":["RobotSpaceExplorer:TrailblazerForm","RobotSpaceExplorer:SelfCleaning","RobotSpaceExplorer:MetalStrike"],"picked":"SKIP","floor":5},{"not_picked":["RobotSpaceExplorer:MiniBoosters","RobotSpaceExplorer:Pulsar"],"picked":"RobotSpaceExplorer:SurgingShield","floor":6}],"player_experience":172430,"relics_obtained":[{"floor":6,"key":"Eternal Feather"}],"event_choices":[{"damage_healed":0,"gold_gain":0,"player_choice":"Upgraded","damage_taken":0,"max_hp_gain":0,"max_hp_loss":0,"event_name":"Upgrade Shrine","floor":3,"gold_loss":0,"cards_upgraded":["RobotSpaceExplorer:LaserBurst"]},{"cards_removed":["RobotSpaceExplorer:SurgingShield"],"damage_healed":5,"gold_gain":0,"player_choice":"Offered Common","damage_taken":0,"max_hp_gain":0,"max_hp_loss":0,"event_name":"Bonfire Elementals","floor":7,"gold_loss":0},{"cards_removed":["RobotSpaceExplorer:SurgingShield"],"damage_healed":5,"gold_gain":0,"player_choice":"Offered Special","damage_taken":0,"max_hp_gain":0,"max_hp_loss":0,"event_name":"Bonfire Elementals","floor":7,"gold_loss":0}],"is_beta":false,"boss_relics":[],"items_purged_floors":[],"is_endless":false,"potions_floor_spawned":[2,6],"killed_by":"Replay:BlueRogue","ascension_level":3}}