{"host":"24vdok87ydm8sokm","time":1612617435,"event":{"mods":["AchievementEnabler","BaseMod","Colored Map","Colored Powertips","Downfall","Marisa????????","Minty Spire (QoL Compilation)","StSLib","The Cursed","The Servant 0.9.4"],"gold_per_floor":[99,116,127,144,159,189,212,212,224,224,224,259,259,244,258,355,355,355,375,391,426,437,462,538,538,553,566,583,583,232,249,264,367,367,367,381,397,397,47,257,257,283,283,310,327,337,337,362,382,382,382],"floor_reached":50,"language":"ENG","playtime":7967,"items_purged":["Feed","Anger"],"score":646,"play_id":"bea7f8e3-1c42-4d41-84d6-de425674cbdb","local_time":"20210206071715","is_ascension_mode":true,"campfire_choices":[{"floor":1.0,"key":"RECALL"},{"data":"Bash","floor":8.0,"key":"SMITH"},{"floor":11.0,"key":"REST"},{"floor":13.0,"key":"REST"},{"floor":18.0,"key":"REST"},{"floor":25,"key":"REST"},{"floor":29,"key":"REST"},{"floor":35,"key":"REST"},{"floor":43,"key":"REST"}],"circlet_count":0,"master_deck":["Strike_R","Strike_R","Strike_R","Strike_R","Defend_R","Defend_R","Defend_R","Defend_R","Bash+1","Body Slam","Body Slam","Shrug It Off","Warcry","Headbutt","Armaments","Twin Strike","Rampage","Pommel Strike","Hemokinesis","Shrug It Off","Metallicize","Rampage+1","Spot Weakness+1","Armaments+1","Shrug It Off","Dual Wield+1","Juggernaut","Armaments","Clothesline+1","expansioncontent:InvincibleStrength","expansioncontent:InvincibleStrength","Demon Form","expansioncontent:QuickStudy","Pommel Strike+1","Blood for Blood","Blood for Blood+1","Battle Trance+1","Reaper","Blood for Blood+1","Wraith","Inflame+1","Parasite"],"relics":["Black Blood","Centennial Puzzle","Bronze Scales","Lantern","Ancient Tea Set","Fusion Hammer","Red Mask","Paper Frog","Kunai","Self Forming Clay","Happy Flower","Shuriken","Pantograph","Lizard Tail","Pocketwatch"],"acts_visited":["Exordium","TheCity","TheBeyond"],"potions_floor_usage":[23,27,28,33,40,40,42,46,48],"damage_taken":[{"damage":3.0,"enemies":"Cultist","floor":2.0,"turns":5.0},{"damage":5.0,"enemies":"Jaw Worm","floor":3.0,"turns":5.0},{"damage":7.0,"enemies":"2 Louse","floor":4.0,"turns":2.0},{"damage":8.0,"enemies":"2 Fungi Beasts","floor":5.0,"turns":4.0},{"damage":50.0,"enemies":"Lagavulin","floor":6.0,"turns":10.0},{"damage":8.0,"enemies":"Red Slaver","floor":9.0,"turns":3.0},{"damage":35.0,"enemies":"3 Sentries","floor":12.0,"turns":8.0},{"damage":5.0,"enemies":"downfall:FleeingMerchant","floor":14.0,"turns":4.0},{"damage":2.0,"enemies":"Blue Slaver","floor":15.0,"turns":3.0},{"damage":25.0,"enemies":"Hexaghost","floor":16.0,"turns":6.0},{"damage":10.0,"enemies":"Spheric Guardian","floor":19.0,"turns":4.0},{"damage":0.0,"enemies":"Shell Parasite","floor":20.0,"turns":4.0},{"damage":27.0,"enemies":"Masked Bandits","floor":21.0,"turns":4.0},{"damage":31.0,"enemies":"Centurion and Healer","floor":22.0,"turns":4.0},{"damage":28,"enemies":"Book of Stabbing","floor":23,"turns":6},{"damage":12,"enemies":"Shelled Parasite and Fungi","floor":26,"turns":6},{"damage":22,"enemies":"Snecko","floor":27,"turns":4},{"damage":4,"enemies":"Centurion and Healer","floor":28,"turns":6},{"damage":5,"enemies":"downfall:FleeingMerchant","floor":30,"turns":4},{"damage":0,"enemies":"Chosen and Byrds","floor":31,"turns":3},{"damage":4,"enemies":"Sentry and Sphere","floor":32,"turns":5},{"damage":32,"enemies":"IC_MUSHROOM_ARCHETYPE","floor":33,"turns":7},{"damage":11,"enemies":"Orb Walker","floor":36,"turns":3},{"damage":0,"enemies":"3 Shapes","floor":37,"turns":7},{"damage":0,"enemies":"downfall:FleeingMerchant","floor":39,"turns":4},{"damage":12,"enemies":"downfall:FleeingMerchant","floor":40,"turns":4},{"damage":56,"enemies":"Giant Head","floor":42,"turns":9},{"damage":9,"enemies":"Nemesis","floor":44,"turns":3},{"damage":35,"enemies":"3 Darklings","floor":45,"turns":5},{"damage":26,"enemies":"Maw","floor":46,"turns":7},{"damage":67,"enemies":"Reptomancer","floor":48,"turns":7},{"damage":13,"enemies":"Writhing Mass","floor":49,"turns":6},{"damage":99,"enemies":"DF_ARCHETYPE_ORBS","floor":50,"turns":10}],"seed_played":"7535599885208534462","potions_obtained":[{"floor":3.0,"key":"SteroidPotion"},{"floor":5.0,"key":"ElixirPotion"},{"floor":15.0,"key":"ColorlessPotion"},{"floor":16.0,"key":"ColorlessPotion"},{"floor":20.0,"key":"DuplicationPotion"},{"floor":21.0,"key":"Weak Potion"},{"floor":23,"key":"Explosive Potion"},{"floor":28,"key":"BlessingOfTheForge"},{"floor":31,"key":"Explosive Potion"},{"floor":33,"key":"ColorlessPotion"},{"floor":37,"key":"Strength Potion"},{"floor":44,"key":"BloodPotion"},{"floor":46,"key":"sneckomod:MuddlingPotion"}],"is_trial":false,"path_per_floor":["R","M","M","M","M","E","T","R","M","?","R","E","R","$","M","B",null,"R","M","M","?","M","E","T","R","M","M","M","R","$","M","M","B",null,"R","M","M","?","$","$","T","E","R","E","M","M","?","E","M","B"],"character_chosen":"IRONCLAD","items_purchased":["Self Forming Clay","expansioncontent:QuickStudy","Happy Flower","Blood for Blood"],"campfire_rested":7,"item_purchase_floors":[30,39,39,40],"current_hp_per_floor":[80,80,80,79,77,33,33,33,31,31,55,26,50,51,55,36,80,80,76,80,59,34,12,12,36,30,14,16,40,41,47,49,23,80,80,80,80,70,80,80,80,36,60,63,40,42,42,52,51,0,0],"gold":382,"neow_bonus":"RANDOM_COMMON_RELIC","is_daily":false,"chose_seed":false,"campfire_upgraded":1,"win_rate":0.0,"timestamp":1612617435,"path_taken":["R","M","M","M","M","E","T","R","M","?","R","E","R","$","M","BOSS","R","M","M","?","M","E","T","R","M","M","M","R","$","M","M","BOSS","R","M","M","?","?","$","T","E","R","E","M","M","?","E","M","BOSS"],"items_purchased_type":["Relic","Card","Relic","Card"],"build_version":"2020-12-22","purchased_purges":2,"victory":false,"max_hp_per_floor":[80,80,80,80,80,80,80,80,80,80,80,80,80,80,80,80,80,80,80,80,80,80,80,80,80,80,80,80,80,80,80,80,80,80,80,80,80,80,80,80,80,80,80,80,80,80,80,80,80,80,80],"card_choices":[{"not_picked":["Intimidate","Clash"],"picked":"Body Slam","floor":2.0},{"not_picked":["Havoc","Sever Soul"],"picked":"Body Slam","floor":3.0},{"not_picked":["Twin Strike","Wild Strike"],"picked":"Shrug It Off","floor":4.0},{"not_picked":["Rupture","Clothesline"],"picked":"Anger","floor":5.0},{"not_picked":["Anger","Havoc"],"picked":"Warcry","floor":6.0},{"not_picked":["Whirlwind","Clash"],"picked":"Headbutt","floor":9.0},{"not_picked":["Battle Trance","Sword Boomerang"],"picked":"Armaments","floor":12.0},{"not_picked":["Dropkick","Havoc"],"picked":"Twin Strike","floor":14.0},{"not_picked":["Twin Strike","Whirlwind"],"picked":"Rampage","floor":15.0},{"not_picked":["Fiend Fire","Immolate"],"picked":"Feed","floor":16.0},{"not_picked":["Entrench","True Grit"],"picked":"Pommel Strike","floor":19.0},{"not_picked":["Second Wind","Evolve"],"picked":"Hemokinesis","floor":20.0},{"not_picked":["Twin Strike","Havoc"],"picked":"Shrug It Off","floor":21.0},{"not_picked":["Disarm+1","Power Through"],"picked":"Metallicize","floor":22},{"not_picked":["Clash","Cleave+1"],"picked":"Rampage+1","floor":23},{"not_picked":["Battle Trance+1","Disarm"],"picked":"Spot Weakness+1","floor":26},{"not_picked":["Pommel Strike","Searing Blow"],"picked":"Armaments+1","floor":27},{"not_picked":["Havoc","Headbutt"],"picked":"Shrug It Off","floor":28},{"not_picked":["Exhume","Impervious"],"picked":"Dual Wield+1","floor":30},{"not_picked":["Body Slam","Clash+1","Havoc+1"],"picked":"SKIP","floor":31},{"not_picked":["Combust+1","Dark Embrace","True Grit"],"picked":"SKIP","floor":32},{"not_picked":["Impervious","Limit Break"],"picked":"Juggernaut","floor":33},{"not_picked":["Twin Strike+1","Headbutt"],"picked":"Armaments","floor":36},{"not_picked":["Anger","Dual Wield"],"picked":"Clothesline+1","floor":37},{"not_picked":["expansioncontent:LastStand","expansioncontent:YouAreMine"],"picked":"expansioncontent:InvincibleStrength","floor":38},{"not_picked":["expansioncontent:GuardianWhirl","expansioncontent:YouAreMine"],"picked":"expansioncontent:InvincibleStrength","floor":38},{"not_picked":["Feel No Pain+1","Perfected Strike"],"picked":"Demon Form","floor":39},{"not_picked":["Pummel+1","Headbutt+1"],"picked":"Pommel Strike+1","floor":40},{"not_picked":["Headbutt+1","Thunderclap+1"],"picked":"Blood for Blood+1","floor":42},{"not_picked":["Heavy Blade","Wild Strike"],"picked":"Battle Trance+1","floor":44},{"not_picked":["Clash+1","Body Slam"],"picked":"Reaper","floor":45},{"not_picked":["Anger","Headbutt"],"picked":"Blood for Blood+1","floor":46},{"not_picked":["Anger","True Grit"],"picked":"Inflame+1","floor":48},{"not_picked":["Clash","Cleave","Immolate"],"picked":"SKIP","floor":49}],"player_experience":84596,"relics_obtained":[{"floor":6.0,"key":"Bronze Scales"},{"floor":7.0,"key":"Lantern"},{"floor":12.0,"key":"Ancient Tea Set"},{"floor":21.0,"key":"Red Mask"},{"floor":23,"key":"Paper Frog"},{"floor":24,"key":"Kunai"},{"floor":41,"key":"Shuriken"},{"floor":42,"key":"Pantograph"},{"floor":44,"key":"Lizard Tail"},{"floor":48,"key":"Pocketwatch"}],"event_choices":[{"cards_removed":["Strike_R"],"damage_healed":0.0,"max_hp_gain":0.0,"max_hp_loss":0.0,"gold_gain":0.0,"event_name":"Living Wall","player_choice":"Forget","floor":10.0,"gold_loss":0.0,"damage_taken":0.0},{"damage_healed":0.0,"max_hp_gain":0.0,"max_hp_loss":0.0,"gold_gain":0.0,"event_name":"Masked Bandits","player_choice":"Fought Bandits","floor":21.0,"gold_loss":0.0,"damage_taken":0.0},{"damage_healed":0,"gold_gain":0,"player_choice":"Ignored","damage_taken":0,"max_hp_gain":0,"max_hp_loss":0,"event_name":"OrinTheCat","floor":47,"gold_loss":0}],"is_beta":false,"boss_relics":[{"not_picked":["SacredBark","Runic Pyramid"],"picked":"Fusion Hammer"},{"not_picked":["Empty Cage","Mark of Pain"],"picked":"Black Blood"}],"items_purged_floors":[30,40],"is_endless":false,"potions_floor_spawned":[3,5,15,16,20,21,23,28,31,33,37,44,46],"killed_by":"DF_ARCHETYPE_ORBS","ascension_level":1}}