{"host":"edan538w829056nc","time":1612652800,"event":{"mods":["AchievementEnabler","BaseMod","Custom Start","Highlight Path","Infinite Spire","Minty Spire (QoL Compilation)","Remilia??????","StSLib"],"gold_per_floor":[369,387,238,249,74,74,74,101,101,113,87,165,176,188,188,287,287,305,305,305,272,55,83,83,83,83],"floor_reached":25,"language":"ENG","playtime":921,"items_purged":["Strike_B","Strike_B","Steam Power"],"score":254,"play_id":"68f10ea5-5fb1-423d-a474-1704fb471e11","local_time":"20210207000640","is_ascension_mode":true,"campfire_choices":[{"data":"Dualcast","floor":6,"key":"SMITH"},{"floor":15,"key":"REST"},{"floor":24,"key":"REST"}],"circlet_count":0,"master_deck":["Strike_B","Strike_B","Defend_B","Defend_B","Defend_B","Zap","Dualcast+1","Streamline","Beam Cell","Defragment","Glacier","Defragment","Loop","Amplify","Blizzard","Redo+1"],"relics":["Cracked Core","infinitespire:Bottled Soul","The Courier","Nuclear Battery","MealTicket","Runic Capacitor","Matryoshka"],"acts_visited":["Exordium","TheCity"],"potions_floor_usage":[13,16,25,25],"damage_taken":[{"damage":0,"enemies":"Cultist","floor":1,"turns":4},{"damage":9,"enemies":"Small Slimes","floor":2,"turns":3},{"damage":2,"enemies":"2 Louse","floor":4,"turns":2},{"damage":10,"enemies":"Lagavulin","floor":8,"turns":6},{"damage":1,"enemies":"Looter","floor":10,"turns":4},{"damage":20,"enemies":"Gremlin Gang","floor":13,"turns":5},{"damage":13,"enemies":"Red Slaver","floor":14,"turns":3},{"damage":32,"enemies":"The Guardian","floor":16,"turns":12},{"damage":4,"enemies":"Shell Parasite","floor":18,"turns":9},{"damage":30,"enemies":"2 Thieves","floor":21,"turns":5},{"damage":54,"enemies":"Book of Stabbing","floor":23,"turns":7},{"damage":24,"enemies":"Slavers","floor":25,"turns":1}],"seed_played":"4120921101736053069","potions_obtained":[{"floor":4,"key":"DuplicationPotion"},{"floor":8,"key":"Regen Potion"},{"floor":10,"key":"SpeedPotion"},{"floor":16,"key":"LiquidBronze"},{"floor":18,"key":"PotionOfCapacity"}],"is_trial":false,"path_per_floor":["M","M","$","M","$","R","$","E","T","M","$","?","M","M","R","B",null,"M","?","?","M","$","E","R","E"],"character_chosen":"DEFECT","items_purchased":["Defragment","Defragment","Loop","Runic Capacitor"],"campfire_rested":2,"item_purchase_floors":[3,5,11,22],"current_hp_per_floor":[54,45,45,43,43,43,43,33,33,32,32,32,26,13,35,3,75,71,71,71,41,56,2,24,0,0],"gold":83,"neow_bonus":"TWO_FIFTY_GOLD","is_daily":false,"chose_seed":false,"campfire_upgraded":1,"win_rate":0.0,"timestamp":1612652800,"path_taken":["M","M","$","M","$","R","$","E","T","M","?","?","M","M","R","BOSS","M","?","?","?","?","E","R","E"],"items_purchased_type":["Card","Card","Card","Relic"],"build_version":"2020-12-22","purchased_purges":3,"victory":false,"max_hp_per_floor":[75,75,75,75,75,75,75,75,75,75,75,75,75,75,75,75,75,75,75,75,75,75,75,75,75,75],"card_choices":[{"not_picked":["Undo","Barrage"],"picked":"Streamline","floor":1},{"not_picked":["Tempest","Steam"],"picked":"Beam Cell","floor":2},{"not_picked":["Coolheaded","Genetic Algorithm"],"picked":"Glacier","floor":4},{"not_picked":["Go for the Eyes","Heatsinks","Ball Lightning"],"picked":"SKIP","floor":8},{"not_picked":["Streamline","Barrage","Steam"],"picked":"SKIP","floor":10},{"not_picked":["Beam Cell","Tempest","Streamline"],"picked":"SKIP","floor":13},{"not_picked":["Glacier","Stack","Aggregate"],"picked":"SKIP","floor":14},{"not_picked":["Meteor Strike","Thunder Strike"],"picked":"Amplify","floor":16},{"not_picked":["Genetic Algorithm+1","Auto Shields","Coolheaded"],"picked":"SKIP","floor":18},{"not_picked":["Stack","Gash"],"picked":"Blizzard","floor":21},{"not_picked":["Ball Lightning","Hologram+1"],"picked":"Redo+1","floor":23}],"player_experience":475417,"relics_obtained":[{"floor":8,"key":"infinitespire:Bottled Soul"},{"floor":9,"key":"The Courier"},{"floor":23,"key":"Matryoshka"}],"event_choices":[{"damage_healed":0,"gold_gain":78,"player_choice":"Gained Gold","damage_taken":0,"max_hp_gain":0,"max_hp_loss":0,"event_name":"Golden Wing","floor":12,"gold_loss":0},{"damage_healed":0,"gold_gain":0,"player_choice":"Opened","damage_taken":0,"relics_obtained":["MealTicket"],"max_hp_gain":0,"max_hp_loss":0,"event_name":"The Mausoleum","floor":19,"gold_loss":0},{"damage_healed":0,"gold_gain":0,"cards_transformed":["Defend_B"],"player_choice":"Transformed","damage_taken":0,"max_hp_gain":0,"max_hp_loss":0,"event_name":"Transmorgrifier","floor":20,"gold_loss":0,"cards_obtained":["Steam Power"]}],"is_beta":false,"boss_relics":[{"not_picked":["Sozu","Velvet Choker"],"picked":"Nuclear Battery"}],"items_purged_floors":[3,5,22],"is_endless":false,"potions_floor_spawned":[4,8,10,16,18],"killed_by":"Slavers","ascension_level":3}}