{"host":"at5b10nm0iti0w4x","time":1612647185,"event":{"mods":["AchievementEnabler","BaseMod","Bestiary","Block Reminder","Colored Map","Colored Powertips","Highlight Path","Keyboard Shortcuts","Minty Spire (QoL Compilation)","Relic Stats","StSLib","SuperFastMode"],"gold_per_floor":[117,132,149,149,165,165,196,39,117,117,117,117,72,82,82,177,177,191,191,210,228,156,156,182,182,182,201,126,126,136,55,55,156,156,176,51,51,64,88,100,126,138,138],"floor_reached":42,"language":"ENG","playtime":1536,"items_purged":["Reprogram"],"score":416,"play_id":"0d93c747-92a2-448c-b8f9-3055f02db919","local_time":"20210206163305","is_ascension_mode":false,"campfire_choices":[{"data":"Blizzard","floor":6,"key":"SMITH"},{"floor":10,"key":"REST"},{"data":"Streamline","floor":15,"key":"SMITH"},{"data":"Creative AI","floor":23,"key":"SMITH"},{"floor":29,"key":"REST"},{"data":"Static Discharge","floor":32,"key":"SMITH"},{"floor":40,"key":"REST"}],"circlet_count":0,"master_deck":["Zap","Dualcast","Glacier","Conserve Battery","Auto Shields","Compile Driver","Static Discharge","Blizzard+1","Ball Lightning","Coolheaded","Skim","Force Field","Double Energy","Loop+1","Streamline+1","Redo","Creative AI+1","Static Discharge+1","Conserve Battery","Gash","Go for the Eyes","Streamline+1","Hello World+1","Electrodynamics+1","Redo","Capacitor+1","Gash+1","Static Discharge+1"],"relics":["Pandora\u0027s Box","Peace Pipe","Dream Catcher","Regal Pillow","Mummified Hand","Pantograph","Busted Crown","Bag of Preparation","Frozen Egg 2","Inserter","MawBank"],"acts_visited":["Exordium","TheCity","TheBeyond"],"potions_floor_usage":[21,42,42],"damage_taken":[{"damage":6,"enemies":"2 Louse","floor":1,"turns":3},{"damage":0,"enemies":"Jaw Worm","floor":2,"turns":5},{"damage":1,"enemies":"Small Slimes","floor":3,"turns":6},{"damage":9,"enemies":"2 Fungi Beasts","floor":5,"turns":4},{"damage":14,"enemies":"3 Sentries","floor":7,"turns":9},{"damage":5,"enemies":"Large Slime","floor":14,"turns":9},{"damage":15,"enemies":"Slime Boss","floor":16,"turns":11},{"damage":0,"enemies":"Chosen","floor":18,"turns":4},{"damage":5,"enemies":"2 Thieves","floor":20,"turns":4},{"damage":6,"enemies":"3 Cultists","floor":21,"turns":3},{"damage":14,"enemies":"Book of Stabbing","floor":24,"turns":5},{"damage":17,"enemies":"Centurion and Healer","floor":27,"turns":7},{"damage":0,"enemies":"Snecko","floor":30,"turns":5},{"damage":46,"enemies":"Champ","floor":33,"turns":9},{"damage":22,"enemies":"3 Shapes","floor":35,"turns":3},{"damage":11,"enemies":"3 Darklings","floor":38,"turns":5},{"damage":34,"enemies":"4 Shapes","floor":41,"turns":6},{"damage":45,"enemies":"2 Orb Walkers","floor":42,"turns":4}],"seed_played":"-9152943906298267754","potions_obtained":[{"floor":14,"key":"ColorlessPotion"},{"floor":16,"key":"PowerPotion"},{"floor":18,"key":"SkillPotion"},{"floor":20,"key":"DuplicationPotion"},{"floor":24,"key":"Block Potion"}],"is_trial":false,"path_per_floor":["M","M","M","?","M","R","E","$","T","R","?","T","$","M","R","B",null,"M","?","M","M","$","R","E","?","T","M","?","R","M","$","R","B",null,"M","$","?","M","T","R","M","?"],"character_chosen":"DEFECT","items_purchased":["Regal Pillow","Streamline","Hello World","Hello World+1","Redo"],"campfire_rested":3,"item_purchase_floors":[8,13,22,31,36],"current_hp_per_floor":[69,69,68,50,41,41,27,27,27,64,64,64,64,59,59,60,75,75,75,70,64,64,64,50,75,75,58,58,75,75,75,75,29,75,53,53,75,64,64,75,41,0,0],"gold":138,"neow_bonus":"BOSS_RELIC","is_daily":false,"chose_seed":false,"campfire_upgraded":4,"win_rate":0.0,"timestamp":1612647185,"path_taken":["M","M","M","?","M","R","E","$","T","R","?","?","$","M","R","BOSS","M","?","M","M","$","R","E","?","T","M","?","R","M","?","R","BOSS","M","$","?","?","?","R","?","?"],"items_purchased_type":["Relic","Card","Card","Card","Card"],"build_version":"2020-12-22","purchased_purges":1,"victory":false,"max_hp_per_floor":[75,75,75,75,75,75,75,75,75,75,75,75,75,75,75,75,75,75,75,75,75,75,75,75,75,75,75,75,75,75,75,75,75,75,75,75,75,75,75,75,75,75,75],"relic_stats":{"Peace Pipe":0,"Dream Catcher":3,"Regal Pillow":15,"Busted Crown":24,"Inserter":[9],"counters":[18,102],"Mummified Hand":[116],"Pantograph":16,"Pandora\u0027s Box":["Glacier","Conserve Battery","Biased Cognition","Auto Shields","Compile Driver","Static Discharge","Reprogram","Blizzard"],"Bag of Preparation":[14],"MawBank":36,"obtain_stats":[{"Peace Pipe":4,"Dream Catcher":7,"Regal Pillow":8,"Busted Crown":17,"Inserter":34,"Mummified Hand":9,"Pantograph":12,"Pandora\u0027s Box":0,"Bag of Preparation":24,"Frozen Egg 2":26,"Cracked Core":0,"MawBank":39},{"Peace Pipe":3,"Dream Catcher":5,"Regal Pillow":5,"Busted Crown":7,"Inserter":14,"Mummified Hand":5,"Pantograph":5,"Pandora\u0027s Box":0,"Bag of Preparation":11,"Frozen Egg 2":11,"Cracked Core":0,"MawBank":16},{"Peace Pipe":14,"Dream Catcher":27,"Regal Pillow":27,"Busted Crown":47,"Inserter":84,"Mummified Hand":27,"Pantograph":27,"Pandora\u0027s Box":0,"Bag of Preparation":63,"Frozen Egg 2":63,"Cracked Core":0,"MawBank":92}]},"card_choices":[{"not_picked":["Hologram","Conserve Battery"],"picked":"Ball Lightning","floor":1},{"not_picked":["Stack","Gash"],"picked":"Coolheaded","floor":2},{"not_picked":["Undo","Static Discharge"],"picked":"Skim","floor":3},{"not_picked":["Aggregate","Stack"],"picked":"Force Field","floor":5},{"not_picked":["Consume","Aggregate"],"picked":"Double Energy","floor":7},{"not_picked":["Steam","Auto Shields"],"picked":"Loop","floor":10},{"not_picked":["Rebound","Sweeping Beam"],"picked":"Redo","floor":14},{"not_picked":["Machine Learning","Amplify"],"picked":"Creative AI","floor":16},{"not_picked":[],"picked":"Static Discharge","floor":18},{"not_picked":[],"picked":"Conserve Battery","floor":20},{"not_picked":["Hologram"],"picked":"SKIP","floor":21},{"not_picked":["Auto Shields"],"picked":"SKIP","floor":24},{"not_picked":[],"picked":"Gash","floor":27},{"not_picked":[],"picked":"Go for the Eyes","floor":29},{"not_picked":[],"picked":"Streamline+1","floor":30},{"not_picked":[],"picked":"Electrodynamics+1","floor":33},{"not_picked":["Cold Snap+1"],"picked":"SKIP","floor":35},{"not_picked":[],"picked":"Capacitor+1","floor":38},{"not_picked":[],"picked":"Gash+1","floor":40},{"not_picked":[],"picked":"Static Discharge+1","floor":41}],"player_experience":52133,"relics_obtained":[{"floor":7,"key":"Dream Catcher"},{"floor":9,"key":"Mummified Hand"},{"floor":12,"key":"Pantograph"},{"floor":24,"key":"Bag of Preparation"},{"floor":26,"key":"Frozen Egg 2"},{"floor":39,"key":"MawBank"}],"event_choices":[{"damage_healed":0,"gold_gain":0,"player_choice":"Success","damage_taken":18,"relics_obtained":["Peace Pipe"],"max_hp_gain":0,"max_hp_loss":0,"event_name":"Scrap Ooze","floor":4,"gold_loss":0},{"damage_healed":0,"gold_gain":0,"player_choice":"Grow","damage_taken":0,"max_hp_gain":0,"max_hp_loss":0,"event_name":"Living Wall","floor":11,"gold_loss":0,"cards_upgraded":["Loop"]},{"damage_healed":0,"gold_gain":0,"player_choice":"Simplicity","damage_taken":0,"max_hp_gain":0,"max_hp_loss":0,"event_name":"Back to Basics","floor":19,"gold_loss":0,"cards_upgraded":[]},{"damage_healed":25,"gold_gain":0,"player_choice":"Heal","damage_taken":0,"max_hp_gain":0,"max_hp_loss":0,"event_name":"The Library","floor":25,"gold_loss":0},{"cards_removed":["Biased Cognition"],"damage_healed":0,"gold_gain":0,"player_choice":"Gave Gold","damage_taken":0,"max_hp_gain":0,"max_hp_loss":0,"event_name":"Beggar","floor":28,"gold_loss":75},{"cards_removed":["Hello World"],"damage_healed":22,"gold_gain":0,"player_choice":"Offered Uncommon","damage_taken":0,"max_hp_gain":0,"max_hp_loss":0,"event_name":"Bonfire Elementals","floor":37,"gold_loss":0},{"damage_healed":0,"gold_gain":0,"player_choice":"Fight","damage_taken":0,"max_hp_gain":0,"max_hp_loss":0,"event_name":"Mysterious Sphere","floor":42,"gold_loss":0}],"is_beta":false,"boss_relics":[{"not_picked":["Black Star","SlaversCollar"],"picked":"Busted Crown"},{"not_picked":["Astrolabe","Runic Dome"],"picked":"Inserter"}],"items_purged_floors":[36],"is_endless":false,"potions_floor_spawned":[14,16,18,20,24,27,30],"killed_by":"2 Orb Walkers","ascension_level":0}}