{"host":"z609fbm6pkeriks8","time":1612606387,"event":{"mods":["AchievementEnabler","BaseMod","Colored Map","Colored Powertips","Downfall","Highlight Path","Marisa£®ÏF”Í°°ƒß¿Ì…≥£©","Minty Spire (QoL Compilation)","StSLib","The Cursed","The Servant 0.9.4"],"gold_per_floor":[112,112,37,55,72,102,112,131,181,181,191,191,211,229,229,229,229],"floor_reached":16,"language":"ZHS","playtime":991,"items_purged":["Strike_R"],"score":111,"play_id":"1ced7d87-83ed-4c8b-8ee2-cd8ec8b6841a","local_time":"20210206181307","is_ascension_mode":true,"campfire_choices":[{"data":"Armaments","floor":10,"key":"SMITH"},{"data":"Bash","floor":12,"key":"SMITH"},{"data":"Power Through","floor":15,"key":"SMITH"}],"circlet_count":0,"master_deck":["Strike_R","Strike_R","Strike_R","Strike_R","Defend_R","Defend_R","Defend_R","Defend_R","Bash+1","Power Through+1","Dual Wield","Body Slam","Armaments+1","Bloodletting","Double Tap"],"relics":["Burning Blood","Anchor","MealTicket"],"acts_visited":["Exordium"],"potions_floor_usage":[],"damage_taken":[{"damage":8,"enemies":"Small Slimes","floor":1,"turns":4},{"damage":0,"enemies":"2 Louse","floor":4,"turns":4},{"damage":9,"enemies":"Cultist","floor":5,"turns":4},{"damage":66,"enemies":"3 Sentries","floor":6,"turns":17},{"damage":0,"enemies":"Blue Slaver","floor":7,"turns":7},{"damage":0,"enemies":"Red Slaver","floor":8,"turns":4},{"damage":0,"enemies":"Looter","floor":11,"turns":2},{"damage":6,"enemies":"Lots of Slimes","floor":13,"turns":7},{"damage":0,"enemies":"2 Fungi Beasts","floor":14,"turns":2},{"damage":48,"enemies":"Hexaghost","floor":16,"turns":11}],"seed_played":"-1134413719838973086","potions_obtained":[{"floor":4,"key":"Dexterity Potion"},{"floor":7,"key":"DuplicationPotion"},{"floor":8,"key":"PowerPotion"},{"floor":13,"key":"SteroidPotion"}],"is_trial":false,"path_per_floor":["M","?","$","M","M","E","M","M","T","R","M","R","M","M","R","B"],"character_chosen":"IRONCLAD","items_purchased":[],"campfire_rested":0,"item_purchase_floors":[],"current_hp_per_floor":[78,83,83,85,82,22,28,34,34,34,40,40,40,46,46,0,0],"gold":229,"neow_bonus":"THREE_CARDS","is_daily":false,"chose_seed":false,"campfire_upgraded":3,"win_rate":0.0,"timestamp":1612606387,"path_taken":["M","?","$","M","M","E","M","M","T","R","M","R","M","M","R","BOSS"],"items_purchased_type":[],"build_version":"2020-12-22","purchased_purges":1,"victory":false,"max_hp_per_floor":[80,85,85,85,85,85,85,85,85,85,85,85,85,85,85,85,85],"card_choices":[{"not_picked":["Body Slam","Sword Boomerang"],"picked":"Power Through","floor":0},{"not_picked":["Twin Strike","Warcry","Dark Embrace"],"picked":"SKIP","floor":1},{"not_picked":["Cleave","Spot Weakness"],"picked":"Dual Wield","floor":4},{"not_picked":["Sword Boomerang","Clash"],"picked":"Body Slam","floor":5},{"not_picked":["Iron Wave","Power Through"],"picked":"Armaments","floor":6},{"not_picked":["Anger","Clothesline"],"picked":"Bloodletting","floor":7},{"not_picked":["Iron Wave","Twin Strike","Searing Blow"],"picked":"SKIP","floor":8},{"not_picked":["Havoc","Ghostly Armor","Iron Wave"],"picked":"SKIP","floor":11},{"not_picked":["Inflame","Whirlwind"],"picked":"Double Tap","floor":13},{"not_picked":["Iron Wave","Heavy Blade","Thunderclap"],"picked":"SKIP","floor":14}],"player_experience":35958,"relics_obtained":[{"floor":6,"key":"Anchor"},{"floor":9,"key":"MealTicket"}],"event_choices":[{"damage_healed":0,"gold_gain":0,"player_choice":"Donut","damage_taken":0,"max_hp_gain":5,"max_hp_loss":0,"event_name":"Big Fish","floor":2,"gold_loss":0}],"is_beta":false,"boss_relics":[],"items_purged_floors":[3],"is_endless":false,"potions_floor_spawned":[4,7,8,13],"killed_by":"Hexaghost","ascension_level":1}}