{"host":"630px4nyj50z5id8","time":1612593085,"event":{"mods":["BaseMod","Better Note","Colored Powertips","Good Game Mod","Minty Spire (QoL Compilation)","Quick Restart","Rare Cards Sparkle","Relic Filter Mod","Replay The Spire","StSLib","Waifu the Spire"],"gold_per_floor":[116,131,56,73,148,183,183,183,183],"floor_reached":8,"language":"ZHS","playtime":224,"items_purged":["Strike_B"],"score":76,"play_id":"89ad3335-2166-442b-9c20-ee3837dae0c7","local_time":"20210206143125","is_ascension_mode":true,"campfire_choices":[{"floor":7,"key":"REST"}],"circlet_count":0,"master_deck":["Strike_R","Strike_R","Strike_R","Strike_R","Strike_R","Defend_R","Defend_R","Defend_R","Defend_R","Bash","Hemogenesis","Defend_G","Violence","Shrug It Off","Sword Boomerang","Dark Embrace","Headbutt"],"relics":["Burning Blood","REME:ComplimentaryCards","The Courier"],"acts_visited":["Exordium"],"potions_floor_usage":[8],"damage_taken":[{"damage":7.0,"enemies":"Small Slimes","floor":1.0,"turns":4.0},{"damage":4.0,"enemies":"Jaw Worm","floor":2.0,"turns":4.0},{"damage":0.0,"enemies":"Cultist","floor":4.0,"turns":3.0},{"damage":62,"enemies":"Gremlin Nob","floor":6,"turns":6},{"damage":10,"enemies":"3 Sentries","floor":8,"turns":2}],"seed_played":"3169397883664959491","potions_obtained":[{"floor":4.0,"key":"Explosive Potion"}],"is_trial":false,"path_per_floor":["M","M","$","M","?","E","R","E"],"character_chosen":"IRONCLAD","items_purchased":[],"campfire_rested":1,"item_purchase_floors":[],"current_hp_per_floor":[76,78,78,80,69,18,42,32,32],"gold":183,"neow_bonus":"RANDOM_COLORLESS_2","is_daily":false,"chose_seed":false,"campfire_upgraded":0,"win_rate":0.0,"timestamp":1612593085,"path_taken":["M","M","$","M","?","E","R","E"],"items_purchased_type":[],"build_version":"2020-12-22","purchased_purges":1,"victory":false,"max_hp_per_floor":[80,80,80,80,80,80,80,80,80],"card_choices":[{"not_picked":["Sadistic Nature","The Bomb"],"picked":"Violence","floor":0.0},{"not_picked":["Clash","Reckless Charge"],"picked":"Shrug It Off","floor":1.0},{"not_picked":["Anger","ReplayTheSpireMod:Strike From Hell"],"picked":"Sword Boomerang","floor":2.0},{"not_picked":["Sword Boomerang","Wild Strike"],"picked":"Dark Embrace","floor":4.0},{"not_picked":["Sword Boomerang","Replay:Undeath\u0027s Touch"],"picked":"Headbutt","floor":6}],"player_experience":396000,"relics_obtained":[{"floor":6,"key":"The Courier"}],"event_choices":[{"damage_healed":0.0,"max_hp_gain":0.0,"max_hp_loss":0.0,"gold_gain":75.0,"event_name":"World of Goop","player_choice":"Gather Gold","floor":5.0,"gold_loss":0.0,"damage_taken":11.0}],"is_beta":false,"boss_relics":[],"items_purged_floors":[3],"is_endless":false,"potions_floor_spawned":[4],"killed_by":"3 Sentries","ascension_level":7}}