{"host":"johnydays","time":1612616616,"event":{"mods":["BaseMod","Bestiary","Block Reminder","Colored Map","Colored Powertips","DeckTracker","Highlight Path","Minty Spire (QoL Compilation)","Relic Stats","Slay-I","StSLib","SuperFastMode"],"gold_per_floor":[111,127,52,67,86,86,86],"floor_reached":6,"language":"ENG","playtime":277,"items_purged":[],"score":67,"play_id":"d1d95abf-426d-4815-8b9e-ffa38755811d","local_time":"20210206130336","is_ascension_mode":true,"campfire_choices":[],"circlet_count":0,"master_deck":["AscendersBane","Strike_G","Strike_G","Strike_G","Strike_G","Defend_G","Defend_G","Defend_G","Defend_G","Defend_G","Survivor","Neutralize","Backflip","Corpse Explosion"],"relics":["Snecko Eye"],"acts_visited":["Exordium"],"potions_floor_usage":[],"damage_taken":[{"damage":0.0,"enemies":"2 Louse","floor":1.0,"turns":3.0},{"damage":2.0,"enemies":"Cultist","floor":2.0,"turns":5.0},{"damage":7.0,"enemies":"Small Slimes","floor":4.0,"turns":6.0},{"damage":0.0,"enemies":"Looter","floor":5.0,"turns":4.0},{"damage":50,"enemies":"Gremlin Nob","floor":6,"turns":4}],"seed_played":"-9124424233565750851","potions_obtained":[],"is_trial":false,"path_per_floor":["M","M","?","M","M","E"],"character_chosen":"THE_SILENT","items_purchased":[],"campfire_rested":0,"item_purchase_floors":[],"current_hp_per_floor":[59,57,57,50,50,0,0],"gold":86,"neow_bonus":"BOSS_RELIC","is_daily":false,"chose_seed":false,"campfire_upgraded":0,"win_rate":0.0,"timestamp":1612616616,"path_taken":["M","M","?","M","M","E"],"items_purchased_type":[],"build_version":"2020-12-18","purchased_purges":0,"victory":false,"max_hp_per_floor":[66,66,66,66,66,66,66],"relic_stats":{"counters":[5,22],"Snecko Eye":[39,45,31,40],"obtain_stats":[{"Snecko Eye":0,"Ring of the Snake":0},{"Snecko Eye":0,"Ring of the Snake":0},{"Snecko Eye":0,"Ring of the Snake":0}]},"card_choices":[{"not_picked":["Cloak And Dagger","Dodge and Roll","Bane"],"picked":"SKIP","floor":1.0},{"not_picked":["PiercingWail","Flying Knee","Deflect"],"picked":"SKIP","floor":2.0},{"not_picked":["Caltrops","Calculated Gamble"],"picked":"Backflip","floor":4.0},{"not_picked":["Flying Knee","PiercingWail"],"picked":"Corpse Explosion","floor":5.0}],"player_experience":496311,"relics_obtained":[],"event_choices":[{"cards_removed":["Strike_G"],"damage_healed":0.0,"max_hp_gain":0.0,"max_hp_loss":0.0,"gold_gain":0.0,"event_name":"The Cleric","player_choice":"Card Removal","floor":3.0,"gold_loss":75.0,"damage_taken":0.0}],"is_beta":true,"boss_relics":[],"items_purged_floors":[],"is_endless":false,"potions_floor_spawned":[],"killed_by":"Gremlin Nob","ascension_level":15}}