{"host":"3fd6e6c5cltq175f","time":1612617215,"event":{"mods":["AchievementEnabler","BaseMod","Colored Map","Colored Powertips","DeckTracker","Minty Spire (QoL Compilation)"],"gold_per_floor":[116,127,127,0,11,42,42,67,94,94,19,38,49,66,66,164,164,89,89],"floor_reached":18,"language":"ENG","playtime":491,"items_purged":["Strike_B"],"score":236,"play_id":"dbc2bf97-6739-4307-8926-ad4e8372df02","local_time":"20210206141335","is_ascension_mode":true,"campfire_choices":[{"data":"Conserve Battery","floor":7,"key":"SMITH"},{"data":"Zap","floor":10,"key":"SMITH"},{"floor":15,"key":"REST"}],"circlet_count":0,"master_deck":["Strike_B","Strike_B","Strike_B","Defend_B","Defend_B","Defend_B","Defend_B","Zap+1","Dualcast","Loop+1","Ball Lightning","Conserve Battery+1","Beam Cell","Force Field","Multi-Cast","Capacitor","Seek"],"relics":["Cracked Core","Vajra","Ancient Tea Set","Orichalcum","Snecko Eye"],"acts_visited":["Exordium","TheCity"],"potions_floor_usage":[6,6,8,16,18],"damage_taken":[{"damage":0,"enemies":"Cultist","floor":1,"turns":3},{"damage":22,"enemies":"Small Slimes","floor":2,"turns":4},{"damage":7,"enemies":"Jaw Worm","floor":5,"turns":2},{"damage":0,"enemies":"Gremlin Nob","floor":6,"turns":2},{"damage":25,"enemies":"3 Sentries","floor":8,"turns":5},{"damage":1,"enemies":"3 Louse","floor":12,"turns":2},{"damage":1,"enemies":"Looter","floor":13,"turns":3},{"damage":4,"enemies":"2 Fungi Beasts","floor":14,"turns":3},{"damage":46,"enemies":"Hexaghost","floor":16,"turns":10},{"damage":27,"enemies":"2 Thieves","floor":18,"turns":4}],"seed_played":"4510160495209965682","potions_obtained":[{"floor":1,"key":"Fruit Juice"},{"floor":2,"key":"Fire Potion"},{"floor":5,"key":"Fire Potion"},{"floor":12,"key":"Explosive Potion"},{"floor":13,"key":"GamblersBrew"}],"is_trial":false,"path_per_floor":["M","M","?","?","M","E","R","E","T","R","$","M","M","M","R","B",null,"M"],"character_chosen":"DEFECT","items_purchased":[],"campfire_rested":1,"item_purchase_floors":[],"current_hp_per_floor":[82,60,60,60,53,53,53,33,33,33,33,32,31,27,53,7,87,60,60],"gold":89,"neow_bonus":"TEN_PERCENT_HP_BONUS","is_daily":false,"chose_seed":false,"campfire_upgraded":2,"win_rate":0.0,"timestamp":1612617215,"path_taken":["M","M","?","?","M","E","R","E","T","R","$","M","?","M","R","BOSS","M"],"items_purchased_type":[],"build_version":"2020-12-22","purchased_purges":1,"victory":false,"max_hp_per_floor":[82,82,82,82,82,82,82,87,87,87,87,87,87,87,87,87,87,87,87],"card_choices":[{"not_picked":["Defragment","Rip and Tear"],"picked":"Loop","floor":1},{"not_picked":["Hologram","Redo"],"picked":"Ball Lightning","floor":2},{"not_picked":["Hologram","Redo"],"picked":"Conserve Battery","floor":5},{"not_picked":["Streamline","Turbo"],"picked":"Beam Cell","floor":6},{"not_picked":["Steam Power","Hologram"],"picked":"Force Field","floor":8},{"not_picked":["Cold Snap","Stack"],"picked":"Multi-Cast","floor":12},{"not_picked":["Double Energy","Compile Driver"],"picked":"Capacitor","floor":13},{"not_picked":["Stack","Hologram","Rebound"],"picked":"SKIP","floor":14},{"not_picked":["Buffer","Multi-Cast"],"picked":"Seek","floor":16}],"player_experience":182266,"relics_obtained":[{"floor":6,"key":"Ancient Tea Set"},{"floor":8,"key":"Orichalcum"}],"event_choices":[{"damage_healed":0,"gold_gain":0,"player_choice":"Grow","damage_taken":0,"max_hp_gain":0,"max_hp_loss":0,"event_name":"Living Wall","floor":3,"gold_loss":0,"cards_upgraded":["Loop"]},{"damage_healed":0,"gold_gain":0,"player_choice":"Paid Gold","damage_taken":0,"relics_obtained":["Vajra"],"max_hp_gain":0,"max_hp_loss":0,"event_name":"WeMeetAgain","floor":4,"gold_loss":127}],"is_beta":false,"boss_relics":[{"not_picked":["Coffee Dripper","Fusion Hammer"],"picked":"Snecko Eye"}],"items_purged_floors":[11],"is_endless":false,"potions_floor_spawned":[1,2,5,12,13],"killed_by":"2 Thieves","ascension_level":4}}