{"host":"1bvadgc0hovl67h4","time":1612575158,"event":{"mods":["BaseMod","Colored Map","Downfall","Hermit","Minty Spire (QoL Compilation)","StSLib","The Cursed"],"gold_per_floor":[99,109,109,121,46,31,31,65,78,28,38,49,49,49,60,60,60,60],"floor_reached":16,"language":"ENG","playtime":785,"items_purged":[],"score":112,"play_id":"a7a016e9-5f21-4f72-a4c5-2e338387b728","local_time":"20210205173238","is_ascension_mode":true,"campfire_choices":[{"floor":1,"key":"RECALL"},{"data":"Slimebound:Split","floor":10,"key":"SMITH"},{"floor":13,"key":"REST"}],"circlet_count":0,"master_deck":["Slimebound:Strike_Slimebound","Slimebound:Strike_Slimebound","Slimebound:Strike_Slimebound+1","Slimebound:Tackle","Slimebound:Defend_Slimebound","Slimebound:Defend_Slimebound","Slimebound:Defend_Slimebound","Slimebound:Defend_Slimebound+1","Slimebound:Split+1","Slimebound:CorrosiveSpit+1","Slimebound:SlimeBrawl","downfall:Malfunctioning","Slimebound:Schlurp","Slimebound:SplitMire","Slimebound:SplitBruiser","Slimebound:Replication"],"relics":["Slimebound:AbsorbEndCombat","Girya","Slimebound:GreedOozeRelic","Mercury Hourglass","PreservedInsect","NlothsMask"],"acts_visited":["Exordium"],"potions_floor_usage":[8,16,16],"damage_taken":[{"damage":19,"enemies":"Small Slimes","floor":2,"turns":4},{"damage":6,"enemies":"Jaw Worm","floor":4,"turns":4},{"damage":10,"enemies":"downfall:FleeingMerchant","floor":6,"turns":4},{"damage":16,"enemies":"Gremlin Nob","floor":8,"turns":3},{"damage":1,"enemies":"Cultist","floor":9,"turns":3},{"damage":8,"enemies":"Lots of Slimes","floor":11,"turns":2},{"damage":16,"enemies":"2 Fungi Beasts","floor":12,"turns":3},{"damage":2,"enemies":"Blue Slaver","floor":15,"turns":3},{"damage":36,"enemies":"DF_ARCHETYPE_STREAMLINE","floor":16,"turns":7}],"seed_played":"4587986190186818742","potions_obtained":[{"floor":2,"key":"Slimebound:SpawnSlimePotion"},{"floor":4,"key":"FearPotion"},{"floor":12,"key":"SpeedPotion"},{"floor":15,"key":"DistilledChaos"}],"is_trial":false,"path_per_floor":["R","M","?","M","?","$","T","E","M","R","M","M","R","?","M","B"],"character_chosen":"SLIMEBOUND","items_purchased":[],"campfire_rested":1,"item_purchase_floors":[],"current_hp_per_floor":[59,42,42,40,40,36,36,26,29,29,23,11,28,28,28,0,0,0],"gold":60,"neow_bonus":"ONE_RARE_RELIC","is_daily":false,"chose_seed":false,"campfire_upgraded":1,"win_rate":0.0,"timestamp":1612575158,"path_taken":["R","M","?","M","?","$","T","E","M","R","M","M","R","?","M","BOSS"],"items_purchased_type":[],"build_version":"2020-12-22","purchased_purges":0,"victory":false,"max_hp_per_floor":[59,59,59,59,59,59,59,59,59,59,59,59,59,59,59,59,59,59],"card_choices":[{"not_picked":["Slimebound:BestDefense","Slimebound:GoopTackle"],"picked":"Slimebound:SlimeBrawl","floor":2},{"not_picked":["Slimebound:DisruptingSlam","Slimebound:Nibble"],"picked":"Slimebound:Schlurp","floor":4},{"not_picked":["Slimebound:LeechingTouch","Slimebound:HauntingLick"],"picked":"Slimebound:SplitMire","floor":6},{"not_picked":["Slimebound:GoopTackle","Slimebound:RainOfGoop","Slimebound:DivideAndConquer"],"picked":"SKIP","floor":8},{"not_picked":["Slimebound:Chomp","Slimebound:ItLooksTasty"],"picked":"Slimebound:SplitBruiser","floor":9},{"not_picked":["Slimebound:SplitBruiser","Slimebound:DisruptingSlam","Slimebound:Recollect"],"picked":"SKIP","floor":11},{"not_picked":["Slimebound:GoopTackle","Slimebound:GoopSpray"],"picked":"Slimebound:Replication","floor":12},{"not_picked":["Slimebound:LeechingTouch","Slimebound:RollThrough","Slimebound:LeechEnergy"],"picked":"SKIP","floor":15}],"player_experience":234927,"relics_obtained":[{"floor":7,"key":"Mercury Hourglass"},{"floor":8,"key":"PreservedInsect"}],"event_choices":[{"damage_healed":0,"gold_gain":0,"player_choice":"Trade","damage_taken":0,"relics_obtained":["NlothsMask"],"max_hp_gain":0,"max_hp_loss":0,"event_name":"FaceTrader","floor":14,"gold_loss":0}],"is_beta":false,"boss_relics":[],"items_purged_floors":[],"is_endless":false,"potions_floor_spawned":[2,4,12,15],"killed_by":"DF_ARCHETYPE_STREAMLINE","ascension_level":2}}