{"host":"KYO","time":1612575342,"event":{"mods":["ATMod(阿瑾Mod)","BaseMod","Better Vampires","Minty Spire (QoL Compilation)","Permanent Neow","Replay The Spire","Shop Mod","StSLib","SuperFastMode","TestMod","[IsaacMod]以撒尖塔","【遗物卡牌】REMEMod"],"gold_per_floor":[117,133,58,76,90,125,125,135,135,169,169,169,202,227,227,306,306,325,325,82,82,82,82,107,7,55,96,114,145,145,184,184,333,333,440,440,447,454,599,599,651,689,716,758,910,910,507,530,530,655,680,680,680,86,225,328],"floor_reached":57,"language":"ZHS","playtime":3616,"items_purged":["Poison Darts","Replay:Poison Smokescreen","REME_ShadowStrike","Neutralize"],"score":3447,"play_id":"c1cade4a-62e5-4d1e-8efa-46191564e6a2","local_time":"20210206093542","is_ascension_mode":true,"campfire_choices":[{"floor":7.0,"key":"REST"},{"data":"Replay:Bag of Tricks","floor":12.0,"key":"SMITH"},{"data":"Tactician","floor":23.0,"key":"SMITH"},{"data":"Prepared","floor":30.0,"key":"SMITH"},{"data":"Accuracy","floor":32.0,"key":"SMITH"},{"data":"Footwork","floor":40.0,"key":"SMITH"},{"data":"Madness","floor":46.0,"key":"SMITH"},{"floor":49.0,"key":"RECALL"},{"data":"Madness","floor":53.0,"key":"SMITH"}],"circlet_count":0,"master_deck":["AscendersBane","Survivor","Hidden Blade","AT_ThistleTea","Phantasmal Killer","Tactician+1","Replay:Bag of Tricks+1","Accuracy+1","Finisher+1","Catalyst+1","Well Laid Plans","Leg Sweep","Cloak And Dagger+1","After Image","Prepared+1","Footwork+1","Madness+1","Madness+1"],"relics":["HushsDoor","AT_ATBox","REME_ComplimentaryCards","testmod-TestBox","BookofShadows","testmod-RainbowHikingShoes","testmod-CyclicPeriapt","Replay:WaspNest","REME_LimitBreaker","SalivaCoin","WristBlade","SatanicBible","BelialBook","MerchantsRug","Juzu Bracelet","Singing Bowl","Blue Doll","Orichalcum","AT_MibuBalloonWealth","Busted Crown","Centennial Puzzle","DeadEye","Iron Hammer","Happy Flower","REME_ArchaeologicalTools","TwistedFunnel","MoneyPower"],"acts_visited":["Exordium","TheCity","TheBeyond","TheEnding"],"potions_floor_usage":[56],"damage_taken":[{"damage":0.0,"enemies":"Cultist","floor":1.0,"turns":2.0},{"damage":9.0,"enemies":"Jaw Worm","floor":2.0,"turns":3.0},{"damage":8.0,"enemies":"Small Slimes","floor":4.0,"turns":2.0},{"damage":3.0,"enemies":"Blue Slaver","floor":5.0,"turns":3.0},{"damage":12.0,"enemies":"3 Sentries","floor":6.0,"turns":6.0},{"damage":0.0,"enemies":"2 Fungi Beasts","floor":8.0,"turns":3.0},{"damage":8.0,"enemies":"Replay:BlueRogue","floor":10.0,"turns":4.0},{"damage":2.0,"enemies":"Gremlin Nob","floor":13.0,"turns":3.0},{"damage":6.0,"enemies":"3 Louse","floor":14.0,"turns":3.0},{"damage":0.0,"enemies":"The Guardian","floor":16.0,"turns":6.0},{"damage":0.0,"enemies":"Shell Parasite","floor":18.0,"turns":3.0},{"damage":0.0,"enemies":"Book of Stabbing","floor":24.0,"turns":3.0},{"damage":11.0,"enemies":"Slavers","floor":27.0,"turns":2.0},{"damage":0.0,"enemies":"Chosen","floor":28.0,"turns":3.0},{"damage":0.0,"enemies":"REME_1_Revenger","floor":29.0,"turns":3.0},{"damage":0.0,"enemies":"Snake Plant","floor":31.0,"turns":3.0},{"damage":0.0,"enemies":"Pondfish","floor":33.0,"turns":3.0},{"damage":0.0,"enemies":"3 Shapes","floor":35.0,"turns":3.0},{"damage":0.0,"enemies":"3 Darklings","floor":39.0,"turns":3.0},{"damage":0.0,"enemies":"R_Hoarder","floor":41.0,"turns":4.0},{"damage":0.0,"enemies":"Writhing Mass","floor":42.0,"turns":3.0},{"damage":0.0,"enemies":"Transient","floor":44.0,"turns":2.0},{"damage":0.0,"enemies":"Reptomancer","floor":45.0,"turns":3.0},{"damage":0.0,"enemies":"Awakened One","floor":50.0,"turns":3.0},{"damage":0.0,"enemies":"Replay:Hell Engine","floor":51.0,"turns":2.0},{"damage":0.0,"enemies":"Shield and Spear","floor":55.0,"turns":1.0},{"damage":0,"enemies":"The Heart","floor":56,"turns":4}],"seed_played":"-3017424122612912738","potions_obtained":[{"floor":1.0,"key":"PowerPotion"},{"floor":2.0,"key":"CultistPotion"},{"floor":6.0,"key":"AttackPotion"},{"floor":10.0,"key":"Fire Potion"},{"floor":14.0,"key":"Fire Potion"},{"floor":18.0,"key":"LifebloodPotion"},{"floor":27.0,"key":"Energy Potion"},{"floor":33.0,"key":"Block Potion"}],"is_trial":false,"path_per_floor":["M","M","?","M","M","E","R","M","T","E","?","R","E","M","R","B",null,"M","?","$","?","?","R","E","$","T","E","M","E","R","M","R","B",null,"M","?","?","?","M","R","E","M","T","M","E","R","$","T","R","B","B",null,"R","$","E","B",null],"character_chosen":"THE_SILENT","items_purchased":["SatanicBible","BelialBook","MerchantsRug","Juzu Bracelet","Iron Hammer","REME_ArchaeologicalTools","TwistedFunnel"],"campfire_rested":1,"item_purchase_floors":[17,17,20,20,47,54,54],"current_hp_per_floor":[59,50,50,42,39,27,46,46,46,38,38,38,36,30,49,49,46,46,46,46,46,46,46,48,48,48,37,37,39,39,41,41,43,51,53,53,43,39,41,41,43,45,45,47,49,49,49,49,49,49,49,66,66,66,68,68],"gold":328,"neow_bonus":"BOSS_RELIC","is_daily":false,"chose_seed":false,"campfire_upgraded":7,"win_rate":0.0,"timestamp":1612575342,"path_taken":["M","M","?","M","M","E","R","?","T","E","?","R","E","M","R","BOSS","M","?","$","?","?","R","E","?","T","E","M","E","R","M","R","BOSS","M","?","?","?","M","R","E","M","T","M","E","R","$","?","R","BOSS","BOSS","R","$","E","BOSS"],"items_purchased_type":["Relic","Relic","Relic","Relic","Relic","Relic","Relic"],"build_version":"2020-12-18","purchased_purges":4,"victory":true,"max_hp_per_floor":[66,66,66,66,66,66,66,66,66,66,66,66,66,66,66,66,46,46,46,46,46,46,46,48,48,48,48,48,50,50,52,52,54,54,56,56,56,62,64,64,66,68,68,70,72,72,72,72,72,72,72,72,72,72,74,74],"card_choices":[{"not_picked":["Dagger Spray","Riddle With Holes"],"picked":"Finisher","floor":1.0},{"not_picked":["Poisoned Stab","AT_WindFlip"],"picked":"Catalyst","floor":2.0},{"not_picked":["Noxious Fumes","Replay:Poison Smokescreen"],"picked":"Well Laid Plans","floor":4.0},{"not_picked":["Accuracy","AT_Desolate","Replay:Poison Smokescreen"],"picked":"SKIP","floor":5.0},{"not_picked":["Toxin Wave","Tactician","AT_KingSlayer"],"picked":"SKIP","floor":6.0},{"not_picked":["Outmaneuver","Endless Agony"],"picked":"Leg Sweep","floor":8.0},{"not_picked":["Flying Knee","Slice","Bane"],"picked":"SKIP","floor":10.0},{"not_picked":["Bane","Masterful Stab","REME_ShadowForm"],"picked":"SKIP","floor":13.0},{"not_picked":["Poisoned Stab","Dagger Throw"],"picked":"Cloak And Dagger","floor":14.0},{"not_picked":["Corpse Explosion","Poison Darts"],"picked":"After Image","floor":16.0},{"not_picked":["AT_Desolate","AT_WindFlip","Flying Knee"],"picked":"SKIP","floor":18.0},{"not_picked":["REME_ShadowStrike","Masterful Stab+1","Underhanded Strike"],"picked":"Singing Bowl","floor":24.0},{"not_picked":["Predator","Backstab"],"picked":"Prepared","floor":27.0},{"not_picked":["Deadly Poison","AT_ArcaneSupremacy"],"picked":"Footwork","floor":28.0},{"not_picked":["Poisoned Stab","Quick Slash","Sneak Up"],"picked":"Singing Bowl","floor":29.0},{"not_picked":["Escape Plan","Acrobatics","PiercingWail"],"picked":"Singing Bowl","floor":31.0},{"not_picked":["Burst","Wraith Form v2","REME_GrazeFinale"],"picked":"Singing Bowl","floor":33.0},{"not_picked":["PiercingWail+1"],"picked":"Singing Bowl","floor":35.0},{"not_picked":["Discovery"],"picked":"Singing Bowl","floor":38.0},{"not_picked":["testmod-HeadAttack"],"picked":"Singing Bowl","floor":38.0},{"not_picked":["Swift Strike"],"picked":"Singing Bowl","floor":38.0},{"not_picked":["AT_ArcaneSupremacy"],"picked":"Singing Bowl","floor":39.0},{"not_picked":["Tactician+1"],"picked":"Singing Bowl","floor":41.0},{"not_picked":["Dash"],"picked":"Singing Bowl","floor":42.0},{"not_picked":["Poisoned Stab"],"picked":"Singing Bowl","floor":44.0},{"not_picked":["Bane+1"],"picked":"Singing Bowl","floor":45.0},{"not_picked":["Terror+1"],"picked":"Singing Bowl","floor":55.0}],"player_experience":744987,"relics_obtained":[{"floor":6.0,"key":"testmod-CyclicPeriapt"},{"floor":9.0,"key":"Replay:WaspNest"},{"floor":10.0,"key":"REME_LimitBreaker"},{"floor":13.0,"key":"SalivaCoin"},{"floor":24.0,"key":"Singing Bowl"},{"floor":26.0,"key":"Blue Doll"},{"floor":27.0,"key":"Orichalcum"},{"floor":29.0,"key":"AT_MibuBalloonWealth"},{"floor":41.0,"key":"Centennial Puzzle"},{"floor":45.0,"key":"DeadEye"},{"floor":48.0,"key":"Happy Flower"},{"floor":55.0,"key":"MoneyPower"}],"event_choices":[{"cards_removed":["Replay:Bag of Tricks"],"damage_healed":0.0,"max_hp_gain":0.0,"max_hp_loss":0.0,"gold_gain":0.0,"event_name":"The Cleric","player_choice":"Card Removal","floor":3.0,"gold_loss":75.0,"damage_taken":0.0},{"damage_healed":0.0,"max_hp_gain":0.0,"max_hp_loss":0.0,"gold_gain":0.0,"event_name":"Cursed Tome","player_choice":"Ignored","floor":19.0,"gold_loss":0.0,"damage_taken":0.0},{"damage_healed":0.0,"max_hp_gain":0.0,"max_hp_loss":0.0,"gold_gain":0.0,"event_name":"给自己的盒子","player_choice":"Swap Relic","floor":21.0,"relics_lost":["War Paint"],"gold_loss":0.0,"damage_taken":0.0,"relics_obtained":["War Paint"]},{"damage_healed":0.0,"max_hp_gain":0.0,"max_hp_loss":0.0,"gold_gain":0.0,"event_name":"Ghosts","player_choice":"Ignored","floor":22.0,"gold_loss":0.0,"damage_taken":0.0},{"damage_healed":0.0,"max_hp_gain":0.0,"max_hp_loss":0.0,"gold_gain":0.0,"event_name":"Winding Halls","player_choice":"Embrace Madness","floor":37.0,"gold_loss":0.0,"damage_taken":10.0,"cards_obtained":["Madness","Madness"]},{"damage_healed":0.0,"max_hp_gain":0.0,"max_hp_loss":0.0,"gold_gain":0.0,"event_name":"SensoryStone","player_choice":"Memory 3","floor":38.0,"gold_loss":0.0,"damage_taken":10.0}],"is_beta":true,"boss_relics":[{"not_picked":["testmod-Fanaticism","REME_DemonsWealth"],"picked":"WristBlade"},{"not_picked":[]},{"not_picked":["testmod-Recursion","testmod-StringDisintegrator"],"picked":"Busted Crown"},{"not_picked":[]}],"items_purged_floors":[20,25,47,54],"is_endless":false,"potions_floor_spawned":[1,2,6,10,14,18,27,33,41,42],"ascension_level":20}}