{"host":"o4h0rmbndwm6mjyo","time":1612571462,"event":{"mods":["BaseMod","Colored Map","Colored Powertips","DeckTracker","Googly Eyes","Minty Spire (QoL Compilation)","Rare Cards Sparkle","Synergy Search"],"gold_per_floor":[113,124,274,274,290,317,337,337,363,381,456,10,10,22,22,22,22],"floor_reached":16,"language":"FRA","playtime":1389,"items_purged":[],"score":184,"play_id":"89988d55-bd3e-4f47-9f48-74c997c7a484","local_time":"20210206013102","is_ascension_mode":true,"campfire_choices":[{"floor":8,"key":"REST"},{"floor":13,"key":"REST"},{"data":"Dramatic Entrance","floor":15,"key":"SMITH"}],"circlet_count":0,"master_deck":["AscendersBane","Strike_G","Strike_G","Strike_G","Strike_G","Strike_G","Defend_G","Defend_G+1","Defend_G","Defend_G","Defend_G","Survivor","Neutralize+1","PiercingWail","Endless Agony","Doubt","Dagger Spray","Backflip+1","Quick Slash","Poisoned Stab","Dramatic Entrance+1"],"relics":["Ring of the Snake","Anchor","Nunchaku","War Paint","Pen Nib"],"acts_visited":["Exordium"],"potions_floor_usage":[6,6],"damage_taken":[{"damage":12,"enemies":"Jaw Worm","floor":1,"turns":6},{"damage":4,"enemies":"Small Slimes","floor":2,"turns":5},{"damage":0,"enemies":"2 Louse","floor":5,"turns":4},{"damage":23,"enemies":"3 Sentries","floor":6,"turns":10},{"damage":7,"enemies":"Looter","floor":7,"turns":4},{"damage":1,"enemies":"2 Fungi Beasts","floor":10,"turns":3},{"damage":4,"enemies":"Exordium Wildlife","floor":14,"turns":4},{"damage":50,"enemies":"Slime Boss","floor":16,"turns":6}],"seed_played":"1863069943231924694","potions_obtained":[{"floor":1,"key":"DuplicationPotion"},{"floor":2,"key":"Block Potion"}],"is_trial":false,"path_per_floor":["M","M","?","?","M","E","M","R","T","M","?","$","R","M","R","B"],"character_chosen":"THE_SILENT","items_purchased":["War Paint","Pen Nib","Dramatic Entrance"],"campfire_rested":2,"item_purchase_floors":[12,12,12],"current_hp_per_floor":[53,49,49,49,49,26,19,40,40,39,28,28,49,45,45,0,0],"gold":22,"neow_bonus":"TEN_PERCENT_HP_BONUS","is_daily":false,"chose_seed":false,"campfire_upgraded":1,"win_rate":0.0,"timestamp":1612571462,"path_taken":["M","M","?","?","M","E","M","R","T","?","?","$","R","M","R","BOSS"],"items_purchased_type":["Relic","Relic","Card"],"build_version":"2020-12-22","purchased_purges":0,"victory":false,"max_hp_per_floor":[72,72,72,72,72,72,72,72,72,72,72,72,72,72,72,72,72],"card_choices":[{"not_picked":["Calculated Gamble","Reflex"],"picked":"PiercingWail","floor":1},{"not_picked":["Prepared","Concentrate"],"picked":"Endless Agony","floor":2},{"not_picked":["Terror","Prepared"],"picked":"Dagger Spray","floor":5},{"not_picked":["Underhanded Strike","Acrobatics"],"picked":"Backflip","floor":6},{"not_picked":["Backflip","Tactician"],"picked":"Quick Slash","floor":7},{"not_picked":["PiercingWail","Choke"],"picked":"Poisoned Stab","floor":10},{"not_picked":["Slice","Bane","Prepared"],"picked":"SKIP","floor":14}],"player_experience":2158746,"relics_obtained":[{"floor":6,"key":"Anchor"},{"floor":9,"key":"Nunchaku"}],"event_choices":[{"damage_healed":0,"gold_gain":150,"player_choice":"AGREE","damage_taken":0,"max_hp_gain":0,"max_hp_loss":0,"event_name":"Liars Game","floor":3,"gold_loss":0,"cards_obtained":["Doubt"]},{"damage_healed":0,"gold_gain":0,"player_choice":"Grow","damage_taken":0,"max_hp_gain":0,"max_hp_loss":0,"event_name":"Living Wall","floor":4,"gold_loss":0,"cards_upgraded":["Neutralize"]},{"damage_healed":0,"gold_gain":75,"player_choice":"Gather Gold","damage_taken":11,"max_hp_gain":0,"max_hp_loss":0,"event_name":"World of Goop","floor":11,"gold_loss":0}],"is_beta":false,"boss_relics":[],"items_purged_floors":[],"is_endless":false,"potions_floor_spawned":[1,2,5],"killed_by":"Slime Boss","ascension_level":16}}