{"host":"q8mjpf3krl0t4p3x","time":1612645573,"event":{"mods":["BaseMod","Colored Map","Colored Powertips","Googly Eyes","Minty Spire (QoL Compilation)","Quick Restart","StSLib","everything is the same but u backflip on backflip","slay the spire mod where everything is the same but ironclad has a cowboy hat"],"gold_per_floor":[215,231,246,246,346,346,364,390,390,408,424,435,156,187,187,284,284,301,301,301,301,301,301,47,47,70,50,61,61,73,108,108,108,108],"floor_reached":33,"language":"ENG","playtime":965,"items_purged":["Strike_R","Strike_R"],"score":443,"play_id":"e96910b5-948f-44b2-9161-85943c221eff","local_time":"20210206130613","is_ascension_mode":true,"campfire_choices":[{"data":"Anger","floor":6.0,"key":"SMITH"},{"data":"Anger","floor":15.0,"key":"SMITH"},{"data":"Demon Form","floor":23.0,"key":"SMITH"},{"floor":29.0,"key":"REST"},{"floor":32,"key":"REST"}],"circlet_count":0,"master_deck":["AscendersBane","Strike_R","Strike_R","Strike_R","Defend_R","Defend_R","Defend_R","Defend_R","Bash","Anger+1","True Grit","Anger","Anger+1","Demon Form+1","Armaments","Flex"],"relics":["Burning Blood","Tiny Chest","Pantograph","Lee\u0027s Waffle","Question Card","SlaversCollar","Matryoshka","MealTicket","Letter Opener","MutagenicStrength","Red Skull","Bronze Scales","Nunchaku","Unceasing Top"],"acts_visited":["Exordium","TheCity"],"potions_floor_usage":[31,31],"damage_taken":[{"damage":17.0,"enemies":"Cultist","floor":1.0,"turns":6.0},{"damage":5.0,"enemies":"2 Louse","floor":2.0,"turns":3.0},{"damage":2.0,"enemies":"Small Slimes","floor":3.0,"turns":3.0},{"damage":4.0,"enemies":"Gremlin Gang","floor":7.0,"turns":6.0},{"damage":28.0,"enemies":"Lagavulin","floor":8.0,"turns":8.0},{"damage":28.0,"enemies":"Exordium Thugs","floor":10.0,"turns":5.0},{"damage":9.0,"enemies":"Blue Slaver","floor":11.0,"turns":4.0},{"damage":9.0,"enemies":"Looter","floor":12.0,"turns":4.0},{"damage":23.0,"enemies":"3 Sentries","floor":14.0,"turns":8.0},{"damage":83.0,"enemies":"The Guardian","floor":16.0,"turns":11.0},{"damage":22.0,"enemies":"Spheric Guardian","floor":18.0,"turns":5.0},{"damage":27.0,"enemies":"2 Thieves","floor":27.0,"turns":4.0},{"damage":21.0,"enemies":"Snake Plant","floor":28.0,"turns":4.0},{"damage":43.0,"enemies":"Centurion and Healer","floor":30.0,"turns":4.0},{"damage":41,"enemies":"Slavers","floor":31,"turns":5},{"damage":102,"enemies":"Automaton","floor":33,"turns":6}],"seed_played":"-4029190168072774075","potions_obtained":[{"floor":1.0,"key":"AttackPotion"},{"floor":10.0,"key":"SmokeBomb"},{"floor":11.0,"key":"AttackPotion"},{"floor":18.0,"key":"Strength Potion"},{"floor":30.0,"key":"SkillPotion"}],"is_trial":false,"path_per_floor":["M","M","M","?","?","R","M","E","T","M","M","M","$","E","R","B",null,"M","?","T","?","?","R","$","?","T","M","M","R","M","E","R","B"],"character_chosen":"IRONCLAD","items_purchased":["Lee\u0027s Waffle","PowerPotion","Red Skull"],"campfire_rested":2,"item_purchase_floors":[13,13,24],"current_hp_per_floor":[61,62,66,71,71,71,73,51,51,29,26,23,92,75,75,15,73,57,57,57,57,57,57,72,92,92,71,56,83,46,11,38,0,0],"gold":108,"neow_bonus":"HUNDRED_GOLD","is_daily":false,"chose_seed":false,"campfire_upgraded":3,"win_rate":0.0,"timestamp":1612645573,"path_taken":["M","?","?","?","?","R","M","E","T","?","?","M","$","E","R","BOSS","M","?","?","?","?","R","$","?","T","M","M","R","M","E","R","BOSS"],"items_purchased_type":["Relic","Potion","Relic"],"build_version":"2020-12-22","purchased_purges":2,"victory":false,"max_hp_per_floor":[80,80,80,85,85,85,85,85,85,85,85,85,92,92,92,92,92,92,92,92,92,92,92,92,92,92,92,92,92,92,92,92,92,92],"card_choices":[{"not_picked":["Dark Embrace","Heavy Blade"],"picked":"Anger","floor":1.0},{"not_picked":["Infernal Blade","Body Slam"],"picked":"True Grit","floor":2.0},{"not_picked":["Iron Wave","Headbutt","Feel No Pain"],"picked":"SKIP","floor":3.0},{"not_picked":["True Grit","Feed"],"picked":"Anger","floor":7.0},{"not_picked":["Heavy Blade","Thunderclap"],"picked":"Anger","floor":8.0},{"not_picked":["Battle Trance","Headbutt","Body Slam"],"picked":"SKIP","floor":10.0},{"not_picked":["Carnage","Headbutt","Armaments"],"picked":"SKIP","floor":11.0},{"not_picked":["Clash","Warcry","Shrug It Off"],"picked":"SKIP","floor":12.0},{"not_picked":["Fire Breathing","Perfected Strike","Feel No Pain"],"picked":"SKIP","floor":14.0},{"not_picked":["Exhume","Impervious","Immolate"],"picked":"Demon Form","floor":16.0},{"not_picked":["Searing Blow+1","Intimidate","Perfected Strike+1"],"picked":"Armaments","floor":18.0},{"not_picked":["Disarm","Blood for Blood","Havoc"],"picked":"Flex","floor":27.0},{"not_picked":["Clash","Rage+1","Clothesline","Warcry"],"picked":"SKIP","floor":28.0},{"not_picked":["Spot Weakness+1","Feel No Pain","Cleave","Infernal Blade"],"picked":"SKIP","floor":30.0},{"not_picked":["Whirlwind","Sentinel+1","Armaments","Hemokinesis+1"],"picked":"SKIP","floor":31}],"player_experience":326445,"relics_obtained":[{"floor":8.0,"key":"Tiny Chest"},{"floor":9.0,"key":"Pantograph"},{"floor":14.0,"key":"Question Card"},{"floor":20.0,"key":"MealTicket"},{"floor":20.0,"key":"Letter Opener"},{"floor":26.0,"key":"Bronze Scales"},{"floor":26.0,"key":"Nunchaku"},{"floor":31,"key":"Unceasing Top"}],"event_choices":[{"damage_healed":0.0,"max_hp_gain":5.0,"max_hp_loss":0.0,"gold_gain":0.0,"event_name":"Big Fish","player_choice":"Donut","floor":4.0,"gold_loss":0.0,"damage_taken":0.0},{"damage_healed":0.0,"max_hp_gain":0.0,"max_hp_loss":0.0,"gold_gain":100.0,"event_name":"Golden Shrine","player_choice":"Pray","floor":5.0,"gold_loss":0.0,"damage_taken":0.0},{"damage_healed":0.0,"max_hp_gain":0.0,"max_hp_loss":0.0,"gold_gain":0.0,"event_name":"The Mausoleum","player_choice":"Opened","floor":19.0,"gold_loss":0.0,"damage_taken":0.0,"relics_obtained":["Matryoshka"]},{"damage_healed":0.0,"max_hp_gain":0.0,"max_hp_loss":0.0,"gold_gain":0.0,"event_name":"Ghosts","player_choice":"Ignored","floor":21.0,"gold_loss":0.0,"damage_taken":0.0},{"damage_healed":0.0,"max_hp_gain":0.0,"max_hp_loss":0.0,"gold_gain":0.0,"event_name":"Drug Dealer","player_choice":"Inject Mutagens","floor":22.0,"gold_loss":0.0,"damage_taken":0.0,"relics_obtained":["MutagenicStrength"]},{"damage_healed":30.0,"max_hp_gain":0.0,"max_hp_loss":0.0,"gold_gain":0.0,"event_name":"The Library","player_choice":"Heal","floor":25.0,"gold_loss":0.0,"damage_taken":0.0}],"is_beta":false,"boss_relics":[{"not_picked":["Pandora\u0027s Box","Runic Cube"],"picked":"SlaversCollar"}],"items_purged_floors":[13,24],"is_endless":false,"potions_floor_spawned":[1,10,11,12,18,30],"killed_by":"Automaton","ascension_level":12}}