{"host":"qekv59dthhdg54sz","time":1612587388,"event":{"mods":["AchievementEnabler","BaseMod","Colored Map","DeckTracker","KOR Keyword Fix","Minty Spire (QoL Compilation)","Rare Cards Sparkle","StSLib","SuperFastMode"],"gold_per_floor":[114,189,199,9,27,27,47,47,47,27,39,39,59,72,72,148,148,159,95,145,158,158,185,185,203,203,203,100,117,117,117],"floor_reached":30,"language":"KOR","playtime":669,"items_purged":["Strike_G","Strike_G"],"score":484,"play_id":"76cb861a-9027-42ee-9eb7-63be79a3825a","local_time":"20210206135628","is_ascension_mode":true,"campfire_choices":[{"data":"Dagger Spray","floor":6.0,"key":"SMITH"},{"data":"Poisoned Stab","floor":8.0,"key":"SMITH"},{"data":"Infinite Blades","floor":15,"key":"SMITH"},{"floor":24,"key":"REST"},{"data":"Cloak And Dagger","floor":27,"key":"SMITH"}],"circlet_count":0,"master_deck":["AscendersBane","Strike_G","Strike_G","Defend_G","Defend_G","Defend_G","Defend_G","Survivor","Neutralize","Poisoned Stab+1","Dagger Spray+1","Backflip","Predator","Infinite Blades+1","Choke","Die Die Die","Malaise","Acrobatics","Cloak And Dagger+1","Finesse","Bullet Time"],"relics":["Ring of the Snake","Membership Card","Kunai","Sozu","Shuriken","Bronze Scales"],"acts_visited":["Exordium","TheCity"],"potions_floor_usage":[13,16,16,23],"damage_taken":[{"damage":3.0,"enemies":"2 Louse","floor":1.0,"turns":4.0},{"damage":0.0,"enemies":"Small Slimes","floor":3.0,"turns":4.0},{"damage":0.0,"enemies":"Jaw Worm","floor":5.0,"turns":4.0},{"damage":10.0,"enemies":"Red Slaver","floor":7.0,"turns":3.0},{"damage":3.0,"enemies":"Exordium Wildlife","floor":11.0,"turns":4.0},{"damage":13,"enemies":"Exordium Thugs","floor":13,"turns":3},{"damage":0,"enemies":"3 Louse","floor":14,"turns":1},{"damage":21,"enemies":"The Guardian","floor":16,"turns":13},{"damage":6,"enemies":"Chosen","floor":18,"turns":5},{"damage":13,"enemies":"3 Byrds","floor":21,"turns":5},{"damage":15,"enemies":"Book of Stabbing","floor":23,"turns":6},{"damage":5,"enemies":"3 Cultists","floor":25,"turns":4},{"damage":13,"enemies":"Snecko","floor":29,"turns":6},{"damage":28,"enemies":"Slavers","floor":30,"turns":3}],"seed_played":"-8338505149127704294","potions_obtained":[{"floor":3.0,"key":"Weak Potion"},{"floor":7.0,"key":"Explosive Potion"},{"floor":13,"key":"Explosive Potion"},{"floor":16,"key":"PowerPotion"}],"is_trial":false,"path_per_floor":["M","?","M","$","M","R","M","R","T","$","M","?","M","M","R","B",null,"M","$","?","M","?","E","R","M","T","R","$","M","E"],"character_chosen":"THE_SILENT","items_purchased":["Membership Card","Backflip","Infinite Blades","Acrobatics","Finesse"],"campfire_rested":1,"item_purchase_floors":[4,4,10,19,28],"current_hp_per_floor":[41,30,30,30,30,30,20,20,20,20,17,39,26,26,26,5,51,45,45,45,32,32,17,36,31,31,31,31,18,0,0],"gold":117,"neow_bonus":"REMOVE_TWO","is_daily":false,"chose_seed":false,"campfire_upgraded":4,"win_rate":0.0,"timestamp":1612587388,"path_taken":["M","?","M","$","M","R","M","R","T","$","M","?","M","M","R","BOSS","M","$","?","?","?","E","R","M","T","R","?","M","E"],"items_purchased_type":["Relic","Card","Card","Card","Card"],"build_version":"2020-12-22","purchased_purges":2,"victory":false,"max_hp_per_floor":[66,66,66,66,66,66,66,66,66,66,66,66,66,66,66,66,66,66,66,66,66,66,66,66,66,66,66,66,66,66,66],"card_choices":[{"not_picked":["Slice","Quick Slash"],"picked":"Poisoned Stab","floor":1.0},{"not_picked":["PiercingWail","Flying Knee"],"picked":"Dagger Spray","floor":3.0},{"not_picked":["Poisoned Stab","Dagger Spray","Backflip"],"picked":"SKIP","floor":5.0},{"not_picked":["PiercingWail","Flying Knee"],"picked":"Predator","floor":7.0},{"not_picked":["Dagger Spray","Acrobatics"],"picked":"Choke","floor":11.0},{"not_picked":["Dodge and Roll","Accuracy"],"picked":"Die Die Die","floor":13},{"not_picked":["Footwork","Acrobatics","Infinite Blades"],"picked":"SKIP","floor":14},{"not_picked":["Corpse Explosion","Burst"],"picked":"Malaise","floor":16},{"not_picked":["Slice","Quick Slash","Deadly Poison"],"picked":"SKIP","floor":18},{"not_picked":["Flying Knee","Heel Hook","Outmaneuver"],"picked":"SKIP","floor":21},{"not_picked":["Dagger Throw","Well Laid Plans","Deflect"],"picked":"SKIP","floor":23},{"not_picked":["Calculated Gamble","Outmaneuver","All Out Attack"],"picked":"SKIP","floor":25},{"not_picked":["Sucker Punch","Flying Knee"],"picked":"Bullet Time","floor":29}],"player_experience":878486,"relics_obtained":[{"floor":9.0,"key":"Kunai"},{"floor":23,"key":"Shuriken"},{"floor":26,"key":"Bronze Scales"}],"event_choices":[{"damage_healed":0.0,"max_hp_gain":0.0,"max_hp_loss":0.0,"gold_gain":75.0,"event_name":"World of Goop","player_choice":"Gather Gold","floor":2.0,"gold_loss":0.0,"damage_taken":11.0},{"damage_healed":22.0,"max_hp_gain":0.0,"max_hp_loss":0.0,"gold_gain":0.0,"event_name":"Big Fish","player_choice":"Banana","floor":12.0,"gold_loss":0.0,"damage_taken":0.0},{"damage_healed":0,"gold_gain":100,"player_choice":"Bet on Murderer","damage_taken":0,"max_hp_gain":0,"max_hp_loss":0,"event_name":"The Joust","floor":20,"gold_loss":50},{"damage_healed":0,"gold_gain":0,"player_choice":"Read","damage_taken":0,"max_hp_gain":0,"max_hp_loss":0,"event_name":"The Library","floor":22,"gold_loss":0,"cards_obtained":["Cloak And Dagger"]}],"is_beta":false,"boss_relics":[{"not_picked":["Tiny House","Snecko Eye"],"picked":"Sozu"}],"items_purged_floors":[19,28],"is_endless":false,"potions_floor_spawned":[3,7,13,16,21],"killed_by":"Slavers","ascension_level":20}}