{"host":"nn0usk9aafse27ii","time":1612571477,"event":{"mods":["BaseMod","Colored Map","Highlight Path","Minty Spire (QoL Compilation)","Shop Mod","StSLib"],"gold_per_floor":[111,111,111,126,144,201,201,201,249,282,20,35,35,53,53,183,183,216,216,241,241,7,7,42,42,42,60,95,21,46,100,100,219,219,235,275,235,251,271,324,348,388,388,449,85,85,105,59,59,79],"floor_reached":51,"language":"ENG","playtime":6040,"items_purged":["Juggernaut"],"score":806,"play_id":"eb1489b3-d232-45c5-a8b8-c85e6b9d2df9","local_time":"20210205163117","daily_mods":["Shiny","Colorless Cards","Lethality"],"is_ascension_mode":false,"campfire_choices":[{"data":"Apotheosis","floor":7.0,"key":"SMITH"},{"data":"Berserk","floor":15.0,"key":"SMITH"},{"data":"Brutality","floor":23,"key":"SMITH"},{"data":"Exhume","floor":25,"key":"SMITH"},{"data":"True Grit","floor":32,"key":"SMITH"},{"data":"Panache","floor":46,"key":"SMITH"},{"data":"Metamorphosis","floor":49,"key":"SMITH"}],"circlet_count":0,"master_deck":["Double Tap","Demon Form","Bludgeon","Feed","Limit Break","Barricade","Fiend Fire","Berserk+1","Impervious","Brutality+1","Reaper","Exhume+1","Offering","Immolate","Thinking Ahead","Metamorphosis+1","Master of Strategy","Magnetism","Chrysalis+1","HandOfGreed","Mayhem","Apotheosis+1","Secret Weapon","Panache","Violence","Secret Technique","The Bomb","Sadistic Nature","Finesse","Ghostly Armor","Metallicize","Iron Wave","Panache+1","Intimidate+1","Flash of Steel","Exhume+1","True Grit+1","Secret Technique","Iron Wave+1","Forethought+1","Jack Of All Trades+1","Enlightenment+1","Shrug It Off","Dramatic Entrance+1"],"relics":["Burning Blood","Lantern","Runic Pyramid","Bag of Marbles","Membership Card","Torii","Bottled Flame","Nunchaku","Happy Flower","Black Star","Singing Bowl","Ornamental Fan","Ginger","TungstenRod","White Beast Statue","Calipers","Anchor","Orrery","MerchantsRug","Bottled Tornado"],"acts_visited":["Exordium","TheCity","TheBeyond"],"potions_floor_usage":[20,30,33,38,42,44,47,50,50,50],"damage_taken":[{"damage":10.0,"enemies":"2 Louse","floor":1.0,"turns":2.0},{"damage":1.0,"enemies":"Cultist","floor":4.0,"turns":2.0},{"damage":6.0,"enemies":"Jaw Worm","floor":5.0,"turns":2.0},{"damage":2.0,"enemies":"Lagavulin","floor":6.0,"turns":4.0},{"damage":16.0,"enemies":"2 Fungi Beasts","floor":10.0,"turns":3.0},{"damage":0.0,"enemies":"Gremlin Gang","floor":12.0,"turns":1.0},{"damage":0.0,"enemies":"3 Louse","floor":14.0,"turns":1.0},{"damage":62.0,"enemies":"Hexaghost","floor":16.0,"turns":5.0},{"damage":7,"enemies":"Spheric Guardian","floor":18,"turns":2},{"damage":23,"enemies":"Shell Parasite","floor":20,"turns":2},{"damage":26,"enemies":"Book of Stabbing","floor":24,"turns":4},{"damage":13,"enemies":"Centurion and Healer","floor":27,"turns":3},{"damage":1,"enemies":"3 Cultists","floor":28,"turns":2},{"damage":10,"enemies":"Snecko","floor":30,"turns":5},{"damage":33,"enemies":"Champ","floor":33,"turns":8},{"damage":8,"enemies":"3 Darklings","floor":35,"turns":2},{"damage":12,"enemies":"3 Shapes","floor":36,"turns":5},{"damage":35,"enemies":"Writhing Mass","floor":38,"turns":3},{"damage":9,"enemies":"Spire Growth","floor":39,"turns":4},{"damage":34,"enemies":"Reptomancer","floor":40,"turns":6},{"damage":4,"enemies":"Transient","floor":41,"turns":5},{"damage":11,"enemies":"Giant Head","floor":42,"turns":6},{"damage":0,"enemies":"Jaw Worm Horde","floor":44,"turns":2},{"damage":0,"enemies":"Maw","floor":47,"turns":6},{"damage":62,"enemies":"Awakened One","floor":50,"turns":8}],"seed_played":"2534684224998297103","potions_obtained":[{"floor":1.0,"key":"Block Potion"},{"floor":6.0,"key":"Energy Potion"},{"floor":16.0,"key":"EssenceOfSteel"},{"floor":18,"key":"EssenceOfSteel"},{"floor":27,"key":"Regen Potion"},{"floor":28,"key":"CultistPotion"},{"floor":33,"key":"Ancient Potion"},{"floor":36,"key":"AttackPotion"},{"floor":38,"key":"Ancient Potion"},{"floor":41,"key":"LiquidMemories"},{"floor":44,"key":"Energy Potion"},{"floor":47,"key":"EssenceOfSteel"}],"is_trial":true,"path_per_floor":["M","?","?","M","M","E","R","?","T","M","$","M","$","M","R","B",null,"M","?","M","?","$","R","E","R","T","M","M","$","M","T","R","B",null,"M","M","?","M","M","E","M","E","T","M","$","R","M","$","R","B",null],"character_chosen":"IRONCLAD","items_purchased":["Pantograph","Membership Card","Flash of Steel","Nunchaku","Calipers","Anchor","DuplicationPotion","Shrug It Off","Orrery","MerchantsRug","Bottled Tornado"],"campfire_rested":0,"item_purchase_floors":[11,22,22,29,45,45,45,45,45,48,48],"current_hp_per_floor":[79,79,72,77,77,81,81,61,61,51,51,81,81,86,86,49,86,86,86,69,69,69,69,53,53,53,60,69,69,86,86,86,75,93,93,93,93,75,89,79,83,99,99,99,107,107,109,109,109,64],"gold":79,"neow_bonus":"","is_daily":false,"chose_seed":false,"campfire_upgraded":7,"win_rate":0.0,"timestamp":1612571477,"path_taken":["M","?","?","M","M","E","R","?","T","M","?","M","$","M","R","BOSS","M","?","?","?","$","R","E","R","T","M","M","?","M","?","R","BOSS","M","M","?","M","?","E","?","E","T","M","$","R","M","?","R","BOSS"],"items_purchased_type":["Relic","Relic","Card","Relic","Relic","Relic","Potion","Card","Relic","Relic","Relic"],"build_version":"2020-12-22","purchased_purges":1,"victory":true,"max_hp_per_floor":[83,83,83,83,83,83,83,83,83,83,83,86,86,86,86,86,86,86,86,86,86,86,86,90,90,90,93,93,93,93,93,93,93,93,93,93,93,93,93,95,97,99,99,99,107,107,109,109,109,109],"card_choices":[{"not_picked":["Uppercut","Cleave","Heavy Blade"],"picked":"SKIP","floor":1.0},{"not_picked":["Forethought","Wild Strike","Havoc"],"picked":"SKIP","floor":4.0},{"not_picked":["Discovery","Anger","Heavy Blade"],"picked":"SKIP","floor":5.0},{"not_picked":["Swift Strike","Anger"],"picked":"Ghostly Armor","floor":6.0},{"not_picked":["Hemokinesis","Clothesline"],"picked":"Metallicize","floor":10.0},{"not_picked":["Inflame","Body Slam"],"picked":"Iron Wave","floor":12.0},{"not_picked":["Fire Breathing","Clash","Pommel Strike"],"picked":"SKIP","floor":14.0},{"not_picked":["Limit Break","Barricade"],"picked":"Panache","floor":16.0},{"not_picked":["Fire Breathing+1","Warcry+1","Bandage Up"],"picked":"SKIP","floor":18},{"not_picked":["Reckless Charge","Wild Strike"],"picked":"Intimidate+1","floor":20},{"not_picked":["Twin Strike+1","Cleave"],"picked":"Exhume","floor":24},{"not_picked":["Body Slam","Combust","Clothesline"],"picked":"SKIP","floor":27},{"not_picked":["Evolve","Clash","Iron Wave"],"picked":"SKIP","floor":28},{"not_picked":["Havoc","Heavy Blade"],"picked":"True Grit","floor":30},{"not_picked":["Double Tap","Brutality"],"picked":"Secret Technique","floor":33},{"not_picked":["Enlightenment+1","Warcry+1"],"picked":"Iron Wave+1","floor":35},{"not_picked":["Sword Boomerang+1","Wild Strike","Pommel Strike+1"],"picked":"SKIP","floor":36},{"not_picked":["Jack Of All Trades","Twin Strike+1"],"picked":"Forethought+1","floor":38},{"not_picked":["Iron Wave","Spot Weakness"],"picked":"Jack Of All Trades+1","floor":39},{"not_picked":["Sword Boomerang+1","Metallicize","Twin Strike+1"],"picked":"Singing Bowl","floor":40},{"not_picked":["Twin Strike+1","Sentinel","Disarm"],"picked":"Singing Bowl","floor":41},{"not_picked":["Feel No Pain+1","Clothesline","Blind"],"picked":"Singing Bowl","floor":42},{"not_picked":["Sword Boomerang","Twin Strike"],"picked":"Enlightenment+1","floor":44},{"not_picked":["Feed","PanicButton+1","Body Slam+1"],"picked":"Singing Bowl","floor":45},{"not_picked":["Heavy Blade","Shrug It Off+1","Wild Strike"],"picked":"Singing Bowl","floor":45},{"not_picked":["Wild Strike","Heavy Blade+1","Bandage Up+1"],"picked":"Singing Bowl","floor":45},{"not_picked":["Disarm+1","Twin Strike"],"picked":"Dramatic Entrance+1","floor":45},{"not_picked":["Iron Wave+1","Rage","Armaments"],"picked":"Singing Bowl","floor":45},{"not_picked":["Warcry","Power Through","Spot Weakness"],"picked":"Singing Bowl","floor":47}],"player_experience":478138,"relics_obtained":[{"floor":6.0,"key":"Lantern"},{"floor":9.0,"key":"Regal Pillow"},{"floor":24,"key":"Torii"},{"floor":26,"key":"Bottled Flame"},{"floor":31,"key":"Happy Flower"},{"floor":40,"key":"Singing Bowl"},{"floor":40,"key":"Ornamental Fan"},{"floor":42,"key":"Ginger"},{"floor":42,"key":"TungstenRod"},{"floor":43,"key":"White Beast Statue"}],"event_choices":[{"damage_healed":0.0,"max_hp_gain":0.0,"max_hp_loss":0.0,"gold_gain":0.0,"cards_transformed":["Corruption"],"event_name":"Living Wall","player_choice":"Change","floor":2.0,"gold_loss":0.0,"damage_taken":0.0,"cards_obtained":["Finesse"]},{"cards_removed":["Transmutation"],"damage_healed":0.0,"max_hp_gain":0.0,"max_hp_loss":0.0,"gold_gain":0.0,"event_name":"Golden Wing","player_choice":"Card Removal","floor":3.0,"gold_loss":0.0,"damage_taken":7.0},{"damage_healed":0.0,"max_hp_gain":0.0,"max_hp_loss":0.0,"gold_gain":0.0,"event_name":"Golden Idol","player_choice":"Take Damage","floor":8.0,"gold_loss":0.0,"damage_taken":20.0,"relics_obtained":["Golden Idol"]},{"damage_healed":0,"gold_gain":0,"player_choice":"Gave Potion","damage_taken":0,"relics_obtained":["Bag of Marbles"],"max_hp_gain":0,"max_hp_loss":0,"event_name":"WeMeetAgain","floor":19,"gold_loss":0},{"damage_healed":0,"gold_gain":0,"player_choice":"0 cards matched","damage_taken":0,"max_hp_gain":0,"max_hp_loss":0,"event_name":"Match and Keep!","floor":21,"gold_loss":0,"cards_obtained":[]},{"damage_healed":0,"gold_gain":0,"player_choice":"Upgraded Two","damage_taken":0,"max_hp_gain":0,"max_hp_loss":0,"event_name":"Designer","floor":37,"gold_loss":40,"cards_upgraded":["Chrysalis","Exhume"]}],"is_beta":false,"boss_relics":[{"not_picked":["Astrolabe","Sozu"],"picked":"Runic Pyramid"},{"not_picked":["Velvet Choker","Calling Bell"],"picked":"Black Star"}],"items_purged_floors":[22],"is_endless":false,"potions_floor_spawned":[1,6,16,18,27,28,33,36,38,41,44,47],"ascension_level":0}}