{"host":"utqe55yv0jihe4d6","time":1612589781,"event":{"mods":["2.2 Compatiblity","AchievementEnabler","BaseMod","Block Reminder","Colored Map","Colored Powertips","Minty Spire (QoL Compilation)","Quick Restart","Rare Cards Sparkle","Relic Stats","SuperFastMode"],"gold_per_floor":[10,28,48,61,61,61,7,32,32,43,68,80,80,95,95,172,172,185,200,200,219,234,234,261,261,286,317,332,357,385,395,395,471,471,487,158,177,177,24,51,51,51,130,145,145,174,174,209,209,209,209,209,209,14,41,41,41],"floor_reached":56,"language":"ENG","playtime":2327,"items_purged":["Strike_G"],"score":2189,"play_id":"4b887a30-acf6-45c6-a809-ecbab4642ce7","local_time":"20210206003621","is_ascension_mode":true,"campfire_choices":[{"data":"Neutralize","floor":6.0,"key":"SMITH"},{"floor":13.0,"key":"REST"},{"data":"Accuracy","floor":15.0,"key":"SMITH"},{"floor":23.0,"key":"REST"},{"floor":25.0,"key":"REST"},{"data":"Wraith Form v2","floor":32.0,"key":"SMITH"},{"floor":41.0,"key":"REST"},{"data":"Finisher","floor":42.0,"key":"SMITH"},{"floor":47.0,"key":"RECALL"},{"floor":49.0,"key":"REST"},{"data":"Apotheosis","floor":53.0,"key":"SMITH"}],"circlet_count":0,"master_deck":["AscendersBane","Strike_G","Strike_G","Defend_G","Defend_G","Defend_G","Defend_G","Survivor","Neutralize+1","Poisoned Stab","Dash","Blade Dance","Leg Sweep","Accuracy+1","Blade Dance","Infinite Blades","PiercingWail","Noxious Fumes","Finisher+1","Blade Dance","Wraith Form v2+1","PiercingWail+1","Adrenaline","Choke+1","Cloak And Dagger","Well Laid Plans+1","Adrenaline","Prepared+1","Acrobatics","Apotheosis+1","Wraith Form v2+1","Calculated Gamble"],"relics":["Ring of the Snake","Omamori","Bottled Flame","Letter Opener","Pocketwatch","Black Star","Lizard Tail","Meat on the Bone","Ancient Tea Set","Ginger","WingedGreaves","Oddly Smooth Stone","The Courier","Strawberry","Sozu","TwistedFunnel","Lantern","Vajra","Singing Bowl","Orichalcum","Frozen Egg 2","Ninja Scroll","Art of War","Bottled Tornado","DollysMirror","Bag of Marbles","Anchor"],"acts_visited":["Exordium","TheCity","TheBeyond","TheEnding"],"potions_floor_usage":[56],"damage_taken":[{"damage":1.0,"enemies":"Cultist","floor":1.0,"turns":4.0},{"damage":0.0,"enemies":"Jaw Worm","floor":2.0,"turns":2.0},{"damage":1.0,"enemies":"Small Slimes","floor":3.0,"turns":4.0},{"damage":9.0,"enemies":"2 Fungi Beasts","floor":4.0,"turns":3.0},{"damage":22.0,"enemies":"3 Sentries","floor":8.0,"turns":5.0},{"damage":0.0,"enemies":"Blue Slaver","floor":10.0,"turns":2.0},{"damage":0.0,"enemies":"Lagavulin","floor":11.0,"turns":2.0},{"damage":2.0,"enemies":"3 Louse","floor":12.0,"turns":3.0},{"damage":1.0,"enemies":"Exordium Thugs","floor":14.0,"turns":4.0},{"damage":11.0,"enemies":"Hexaghost","floor":16.0,"turns":5.0},{"damage":17.0,"enemies":"Shell Parasite","floor":18.0,"turns":3.0},{"damage":2.0,"enemies":"Chosen","floor":19.0,"turns":5.0},{"damage":29.0,"enemies":"Shelled Parasite and Fungi","floor":21.0,"turns":5.0},{"damage":32.0,"enemies":"Cultist and Chosen","floor":22.0,"turns":6.0},{"damage":13.0,"enemies":"Slavers","floor":24.0,"turns":5.0},{"damage":21.0,"enemies":"Book of Stabbing","floor":27.0,"turns":5.0},{"damage":17.0,"enemies":"3 Cultists","floor":28.0,"turns":5.0},{"damage":11.0,"enemies":"Slavers","floor":30.0,"turns":4.0},{"damage":3.0,"enemies":"Snake Plant","floor":31.0,"turns":5.0},{"damage":20.0,"enemies":"Automaton","floor":33.0,"turns":10.0},{"damage":5.0,"enemies":"3 Darklings","floor":35.0,"turns":7.0},{"damage":0.0,"enemies":"3 Shapes","floor":37.0,"turns":3.0},{"damage":66.0,"enemies":"Reptomancer","floor":40.0,"turns":6.0},{"damage":19.0,"enemies":"Writhing Mass","floor":44.0,"turns":5.0},{"damage":0.0,"enemies":"Nemesis","floor":46.0,"turns":5.0},{"damage":0.0,"enemies":"Giant Head","floor":48.0,"turns":5.0},{"damage":61.0,"enemies":"Time Eater","floor":50.0,"turns":10.0},{"damage":35.0,"enemies":"Donu and Deca","floor":51.0,"turns":8.0},{"damage":5,"enemies":"Shield and Spear","floor":55,"turns":2},{"damage":94,"enemies":"The Heart","floor":56,"turns":8}],"seed_played":"-1746192073227405523","potions_obtained":[{"floor":4.0,"key":"AttackPotion"},{"floor":8.0,"key":"Weak Potion"},{"floor":10.0,"key":"FearPotion"},{"floor":12.0,"key":"BlessingOfTheForge"},{"floor":16.0,"key":"Explosive Potion"},{"floor":19.0,"key":"DistilledChaos"},{"floor":21.0,"key":"FearPotion"},{"floor":24.0,"key":"LiquidMemories"},{"floor":30.0,"key":"Energy Potion"},{"floor":31.0,"key":"Dexterity Potion"}],"is_trial":false,"path_per_floor":["M","M","M","M","T","R","$","E","T","M","E","M","R","M","R","B",null,"M","M","?","M","M","R","E","R","T","E","M","T","E","M","R","B",null,"M","$","M","?","$","E","R","R","T","M","?","E","R","E","R","B","B",null,"R","$","E","B"],"character_chosen":"THE_SILENT","items_purchased":["Blade Dance","TwistedFunnel","Lantern","Vajra","Acrobatics","DollysMirror","Calculated Gamble"],"campfire_rested":5,"item_purchase_floors":[7,36,36,39,39,54,54],"current_hp_per_floor":[58,58,57,48,48,48,48,26,26,26,26,24,43,42,42,31,57,40,38,76,47,15,37,24,46,46,37,32,32,40,49,49,41,73,68,68,68,68,68,16,41,41,41,36,36,50,50,52,79,30,57,83,83,83,80,0,0],"gold":41,"neow_bonus":"TRANSFORM_TWO_CARDS","is_daily":false,"chose_seed":false,"campfire_upgraded":5,"win_rate":0.0,"timestamp":1612589781,"path_taken":["M","?","M","M","?","R","?","E","T","M","E","M","R","M","R","BOSS","M","M","?","M","?","R","E","R","T","E","M","?","E","M","R","BOSS","M","$","M","?","$","E","R","R","T","M","?","E","R","E","R","BOSS","BOSS","R","$","E","BOSS"],"items_purchased_type":["Card","Relic","Relic","Relic","Card","Relic","Card"],"build_version":"2020-12-22","purchased_purges":1,"victory":false,"max_hp_per_floor":[66,66,66,66,66,66,66,66,66,66,66,66,66,66,66,66,66,66,66,76,76,76,76,76,76,76,76,76,76,83,83,83,83,83,83,83,83,83,83,85,85,85,85,87,87,89,89,91,91,91,91,91,91,91,93,93,93],"relic_stats":{"Singing Bowl":10,"counters":[30,146],"Letter Opener":[244],"Ginger":[14],"Orichalcum":[90],"Sozu":3,"Lizard Tail":45,"Black Star":7,"Art of War":[1],"obtain_stats":[{"TwistedFunnel":36,"Lantern":36,"Singing Bowl":40,"Vajra":39,"Ginger":27,"Bottled Tornado":48,"Ancient Tea Set":26,"Sozu":34,"Lizard Tail":24,"Ninja Scroll":46,"DollysMirror":54,"Strawberry":30,"WingedGreaves":27,"Ring of the Snake":0,"Oddly Smooth Stone":29,"The Courier":30,"Omamori":5,"Letter Opener":9,"Orichalcum":40,"Frozen Egg 2":46,"Bottled Flame":8,"Anchor":55,"Black Star":17,"Art of War":48,"Bag of Marbles":55,"Pocketwatch":11,"Meat on the Bone":24},{"TwistedFunnel":21,"Lantern":21,"Singing Bowl":23,"Vajra":22,"Ginger":16,"Bottled Tornado":26,"Ancient Tea Set":15,"Sozu":20,"Lizard Tail":15,"Ninja Scroll":25,"DollysMirror":28,"Strawberry":18,"WingedGreaves":16,"Ring of the Snake":0,"Oddly Smooth Stone":17,"The Courier":18,"Omamori":4,"Letter Opener":5,"Orichalcum":23,"Frozen Egg 2":25,"Bottled Flame":5,"Anchor":29,"Black Star":10,"Art of War":26,"Bag of Marbles":29,"Pocketwatch":7,"Meat on the Bone":15},{"TwistedFunnel":94,"Lantern":94,"Singing Bowl":103,"Vajra":97,"Ginger":63,"Bottled Tornado":118,"Ancient Tea Set":58,"Sozu":87,"Lizard Tail":58,"Ninja Scroll":113,"DollysMirror":136,"Strawberry":72,"WingedGreaves":63,"Ring of the Snake":0,"Oddly Smooth Stone":68,"The Courier":72,"Omamori":13,"Letter Opener":18,"Orichalcum":103,"Frozen Egg 2":113,"Bottled Flame":18,"Anchor":138,"Black Star":34,"Art of War":118,"Bag of Marbles":138,"Pocketwatch":22,"Meat on the Bone":58}],"Ring of the Snake":[60],"Pocketwatch":[75],"Meat on the Bone":120},"card_choices":[{"not_picked":["Poisoned Stab","Dagger Throw"],"picked":"Dash","floor":1.0},{"not_picked":["Backflip","Slice"],"picked":"Blade Dance","floor":2.0},{"not_picked":["All Out Attack","Acrobatics"],"picked":"Leg Sweep","floor":3.0},{"not_picked":["Catalyst","Flying Knee"],"picked":"Accuracy","floor":4.0},{"not_picked":["Concentrate","Blur"],"picked":"Infinite Blades","floor":8.0},{"not_picked":["Flying Knee","Outmaneuver"],"picked":"PiercingWail","floor":10.0},{"not_picked":["Expertise","Outmaneuver"],"picked":"Noxious Fumes","floor":11.0},{"not_picked":["Riddle With Holes","Slice"],"picked":"Finisher","floor":12.0},{"not_picked":["Grand Finale","Tactician"],"picked":"Blade Dance","floor":14.0},{"not_picked":["Storm of Steel","Burst"],"picked":"Wraith Form v2","floor":16.0},{"not_picked":["Quick Slash","Poisoned Stab","Blade Dance"],"picked":"SKIP","floor":18.0},{"not_picked":["Poisoned Stab","Dodge and Roll"],"picked":"PiercingWail+1","floor":19.0},{"not_picked":["Underhanded Strike","Acrobatics","Quick Slash"],"picked":"SKIP","floor":21.0},{"not_picked":["Calculated Gamble","Bane"],"picked":"Adrenaline","floor":22.0},{"not_picked":["Deadly Poison","Quick Slash","Masterful Stab"],"picked":"SKIP","floor":24.0},{"not_picked":["Noxious Fumes","Accuracy"],"picked":"Choke+1","floor":27.0},{"not_picked":["Bouncing Flask","Dagger Throw+1"],"picked":"Cloak And Dagger","floor":28.0},{"not_picked":["Dagger Spray","Masterful Stab"],"picked":"Well Laid Plans+1","floor":30.0},{"not_picked":["Dodge and Roll+1","Reflex","Blade Dance"],"picked":"SKIP","floor":31.0},{"not_picked":["Burst","Die Die Die"],"picked":"Adrenaline","floor":33.0},{"not_picked":["Catalyst","Noxious Fumes"],"picked":"Prepared+1","floor":35.0},{"not_picked":["Poisoned Stab","Endless Agony","Distraction"],"picked":"SKIP","floor":37.0},{"not_picked":["Terror","Dagger Throw","Acrobatics"],"picked":"Singing Bowl","floor":40.0},{"not_picked":["Deflect","Endless Agony","Finisher+1"],"picked":"Singing Bowl","floor":44.0},{"not_picked":["Panacea","Secret Technique"],"picked":"Apotheosis","floor":45.0},{"not_picked":["Blade Dance","Deadly Poison","Dodge and Roll"],"picked":"Singing Bowl","floor":46.0},{"not_picked":["Concentrate","Deadly Poison","Setup"],"picked":"Singing Bowl","floor":48.0},{"not_picked":["Dagger Throw","Sucker Punch+1","All Out Attack"],"picked":"Singing Bowl","floor":55}],"player_experience":3027617,"relics_obtained":[{"floor":5.0,"key":"Omamori"},{"floor":8.0,"key":"Bottled Flame"},{"floor":9.0,"key":"Letter Opener"},{"floor":11.0,"key":"Pocketwatch"},{"floor":24.0,"key":"Lizard Tail"},{"floor":24.0,"key":"Meat on the Bone"},{"floor":26.0,"key":"Ancient Tea Set"},{"floor":27.0,"key":"Ginger"},{"floor":27.0,"key":"WingedGreaves"},{"floor":29.0,"key":"Oddly Smooth Stone"},{"floor":30.0,"key":"The Courier"},{"floor":30.0,"key":"Strawberry"},{"floor":40.0,"key":"Singing Bowl"},{"floor":40.0,"key":"Orichalcum"},{"floor":46.0,"key":"Frozen Egg 2"},{"floor":46.0,"key":"Ninja Scroll"},{"floor":48.0,"key":"Art of War"},{"floor":48.0,"key":"Bottled Tornado"},{"floor":55,"key":"Bag of Marbles"},{"floor":55,"key":"Anchor"}],"event_choices":[{"cards_removed":["Storm of Steel"],"damage_healed":28.0,"max_hp_gain":10.0,"max_hp_loss":0.0,"gold_gain":0.0,"event_name":"Bonfire Elementals","player_choice":"Offered Rare","floor":20.0,"gold_loss":0.0,"damage_taken":0.0},{"cards_removed":["Strike_G"],"damage_healed":0.0,"max_hp_gain":0.0,"max_hp_loss":0.0,"gold_gain":0.0,"event_name":"Falling","player_choice":"Removed Attack","floor":38.0,"gold_loss":0.0,"damage_taken":0.0},{"damage_healed":0.0,"max_hp_gain":0.0,"max_hp_loss":0.0,"gold_gain":0.0,"event_name":"SensoryStone","player_choice":"Memory 1","floor":45.0,"gold_loss":0.0,"damage_taken":0.0}],"is_beta":false,"boss_relics":[{"not_picked":["HoveringKite","Ectoplasm"],"picked":"Black Star"},{"not_picked":["Runic Dome","Runic Pyramid"],"picked":"Sozu"}],"items_purged_floors":[36],"is_endless":false,"potions_floor_spawned":[4,8,10,12,14,16,19,21,24,30,31,44,46,48],"killed_by":"The Heart","ascension_level":20}}