{"host":"7108daw7adv7mxyd","time":1612579175,"event":{"mods":["BaseMod","Minty Spire (QoL Compilation)","StSLib"],"gold_per_floor":[115,290,290,72,72,72,85,85,139,159,11,31,31,31,31,150,150,169,169,169,182,182,182],"floor_reached":22,"language":"ENG","playtime":1079,"items_purged":["Doubt","Strike_R"],"score":206,"play_id":"d1448716-fc9c-4b24-b730-b041bc30930a","local_time":"20210205213935","is_ascension_mode":true,"campfire_choices":[{"data":"Bash","floor":6,"key":"SMITH"},{"floor":13,"key":"REST"},{"floor":15,"key":"REST"}],"circlet_count":0,"master_deck":["Strike_R+1","Strike_R+1","Defend_R","Defend_R","Defend_R+1","Bash+1","Shrug It Off","Thunderclap","Flame Barrier","Demon Form+1","Flex","Limit Break","Flex","Sword Boomerang"],"relics":["Black Blood","Bird Faced Urn","Orrery","Golden Idol","Whetstone"],"acts_visited":["Exordium","TheCity"],"potions_floor_usage":[7,12,21],"damage_taken":[{"damage":1,"enemies":"Cultist","floor":1,"turns":3},{"damage":6,"enemies":"2 Louse","floor":7,"turns":2},{"damage":4,"enemies":"Jaw Worm","floor":10,"turns":3},{"damage":4,"enemies":"Blue Slaver","floor":12,"turns":4},{"damage":26,"enemies":"Hexaghost","floor":16,"turns":7},{"damage":23,"enemies":"3 Byrds","floor":18,"turns":7},{"damage":33,"enemies":"Spheric Guardian","floor":21,"turns":5},{"damage":66,"enemies":"Chosen and Byrds","floor":22,"turns":7}],"seed_played":"-1090613018961320273","potions_obtained":[{"floor":1,"key":"PowerPotion"},{"floor":7,"key":"SkillPotion"},{"floor":18,"key":"Swift Potion"}],"is_trial":false,"path_per_floor":["M","?","?","$","?","R","M","?","T","M","$","M","R","?","R","B",null,"M","?","?","M","M"],"character_chosen":"IRONCLAD","items_purchased":["Orrery","Flex"],"campfire_rested":2,"item_purchase_floors":[4,11],"current_hp_per_floor":[80,80,73,73,73,73,73,53,53,55,55,57,80,64,80,60,80,69,69,69,50,0,0],"gold":182,"neow_bonus":"REMOVE_CARD","is_daily":false,"chose_seed":false,"campfire_upgraded":1,"win_rate":0.0,"timestamp":1612579175,"path_taken":["M","?","?","$","?","R","?","?","T","M","?","M","R","?","R","BOSS","M","?","?","M","M"],"items_purchased_type":["Relic","Card"],"build_version":"2020-12-22","purchased_purges":2,"victory":false,"max_hp_per_floor":[80,80,80,80,80,80,80,80,80,80,80,80,80,80,80,80,80,80,80,80,80,80,80],"card_choices":[{"not_picked":["Sever Soul","Pommel Strike","Sword Boomerang"],"picked":"SKIP","floor":1},{"not_picked":["Headbutt","Cleave"],"picked":"Shrug It Off","floor":4},{"not_picked":["Warcry","Burning Pact"],"picked":"Thunderclap","floor":4},{"not_picked":["Heavy Blade","Armaments"],"picked":"Flame Barrier","floor":7},{"not_picked":["Clothesline","Uppercut"],"picked":"Demon Form","floor":10},{"not_picked":["Wild Strike","Whirlwind","Rupture"],"picked":"SKIP","floor":12},{"not_picked":["Double Tap","Offering"],"picked":"Limit Break","floor":16},{"not_picked":["Warcry","Shrug It Off","Twin Strike+1"],"picked":"SKIP","floor":18},{"not_picked":["Anger","Second Wind","Shrug It Off"],"picked":"SKIP","floor":21}],"player_experience":303616,"relics_obtained":[{"floor":9,"key":"Whetstone"}],"event_choices":[{"damage_healed":0,"gold_gain":175,"player_choice":"AGREE","damage_taken":0,"max_hp_gain":0,"max_hp_loss":0,"event_name":"Liars Game","floor":2,"gold_loss":0,"cards_obtained":["Doubt"]},{"damage_healed":0,"gold_gain":0,"player_choice":"Success","damage_taken":7,"relics_obtained":["Bird Faced Urn"],"max_hp_gain":0,"max_hp_loss":0,"event_name":"Scrap Ooze","floor":3,"gold_loss":0},{"cards_removed":["Strike_R"],"damage_healed":0,"gold_gain":0,"player_choice":"Forget","damage_taken":0,"max_hp_gain":0,"max_hp_loss":0,"event_name":"Living Wall","floor":5,"gold_loss":0},{"damage_healed":0,"gold_gain":0,"player_choice":"Take Damage","damage_taken":20,"relics_obtained":["Golden Idol"],"max_hp_gain":0,"max_hp_loss":0,"event_name":"Golden Idol","floor":8,"gold_loss":0},{"damage_healed":0,"gold_gain":0,"player_choice":"Entered Light","damage_taken":16,"max_hp_gain":0,"max_hp_loss":0,"event_name":"Shining Light","floor":14,"gold_loss":0,"cards_upgraded":["Demon Form","Defend_R"]},{"damage_healed":0,"gold_gain":0,"player_choice":"Read","damage_taken":0,"max_hp_gain":0,"max_hp_loss":0,"event_name":"The Library","floor":19,"gold_loss":0,"cards_obtained":["Flex"]},{"damage_healed":0,"gold_gain":0,"cards_transformed":["Strike_R"],"player_choice":"Transformed","damage_taken":0,"max_hp_gain":0,"max_hp_loss":0,"event_name":"Transmorgrifier","floor":20,"gold_loss":0,"cards_obtained":["Sword Boomerang"]}],"is_beta":false,"boss_relics":[{"not_picked":["Sozu","SacredBark"],"picked":"Black Blood"}],"items_purged_floors":[4,11],"is_endless":false,"potions_floor_spawned":[1,7,18],"killed_by":"Chosen and Byrds","ascension_level":4}}