{"host":"ynimr9ugvc6f046i","time":1612626571,"event":{"mods":["2.2 Compatiblity","BaseMod","Colored Map","DeckTracker","Highlight Path","Keyboard Shortcuts","Minty Spire (QoL Compilation)","Permanent Neow","Quick Restart","StSLib","SuperFastMode"],"gold_per_floor":[114,114,133,145,163,163,190,247,272,292,317,242,242,142,142,221,221,234,245,245,31,49,49,49,49,126,126,144,156,156,187,187,187,187],"floor_reached":33,"language":"KOR","playtime":901,"items_purged":["Strike_B","Strike_B"],"score":550,"play_id":"dd7be67e-1486-4a25-b106-7df6ab8a1e43","local_time":"20210207004931","is_ascension_mode":true,"campfire_choices":[{"data":"Streamline","floor":6.0,"key":"SMITH"},{"data":"Blizzard","floor":13.0,"key":"SMITH"},{"data":"Coolheaded","floor":15.0,"key":"SMITH"},{"data":"Capacitor","floor":23.0,"key":"SMITH"},{"data":"Turbo","floor":25.0,"key":"SMITH"},{"floor":27.0,"key":"RECALL"},{"floor":32.0,"key":"REST"}],"circlet_count":0,"master_deck":["AscendersBane","Strike_B","Defend_B","Defend_B","Defend_B","Defend_B+1","Zap","Dualcast+1","Chill","Streamline+1","Self Repair","Coolheaded+1","Cold Snap","Undo","Glacier","Blizzard+1","Coolheaded+1","Go for the Eyes+1","Turbo+1","Capacitor+1"],"relics":["Cracked Core","Torii","Vajra","Pen Nib","Blood Vial","StrikeDummy","Runic Dome","Medical Kit","Cables","War Paint"],"acts_visited":["Exordium","TheCity"],"potions_floor_usage":[],"damage_taken":[{"damage":1.0,"enemies":"2 Louse","floor":1.0,"turns":3.0},{"damage":0.0,"enemies":"Cultist","floor":3.0,"turns":3.0},{"damage":2.0,"enemies":"Jaw Worm","floor":4.0,"turns":3.0},{"damage":2.0,"enemies":"Lots of Slimes","floor":5.0,"turns":5.0},{"damage":17.0,"enemies":"Gremlin Nob","floor":7.0,"turns":4.0},{"damage":5.0,"enemies":"3 Sentries","floor":8.0,"turns":10.0},{"damage":1.0,"enemies":"3 Louse","floor":10.0,"turns":2.0},{"damage":3.0,"enemies":"3 Sentries","floor":11.0,"turns":10.0},{"damage":9.0,"enemies":"The Guardian","floor":16.0,"turns":12.0},{"damage":0.0,"enemies":"Chosen","floor":18.0,"turns":5.0},{"damage":0.0,"enemies":"Shell Parasite","floor":19.0,"turns":6.0},{"damage":0.0,"enemies":"Centurion and Healer","floor":22.0,"turns":6.0},{"damage":2.0,"enemies":"Snake Plant","floor":28.0,"turns":6.0},{"damage":22.0,"enemies":"Cultist and Chosen","floor":29.0,"turns":7.0},{"damage":23.0,"enemies":"Slavers","floor":31.0,"turns":5.0},{"damage":62,"enemies":"Automaton","floor":33,"turns":12}],"seed_played":"-8524105447269599333","potions_obtained":[{"floor":4.0,"key":"SkillPotion"},{"floor":5.0,"key":"Weak Potion"},{"floor":10.0,"key":"LiquidBronze"},{"floor":24.0,"key":"SkillPotion"},{"floor":31.0,"key":"SneckoOil"}],"is_trial":false,"path_per_floor":["M","?","M","M","M","R","E","?","T","M","E","$","R","$","R","B",null,"M","M","?","$","M","R","?","R","T","R","M","M","?","E","R","B"],"character_chosen":"DEFECT","items_purchased":["Medical Kit","Turbo"],"campfire_rested":1,"item_purchase_floors":[21,21],"current_hp_per_floor":[63,63,63,61,64,64,54,56,56,57,63,63,63,63,63,62,64,64,64,64,64,64,64,64,64,64,64,64,49,49,35,54,0,0],"gold":187,"neow_bonus":"ONE_RARE_RELIC","is_daily":false,"chose_seed":false,"campfire_upgraded":5,"win_rate":0.0,"timestamp":1612626571,"path_taken":["M","?","M","M","?","R","E","?","T","M","E","$","R","$","R","BOSS","M","M","?","$","M","R","?","R","T","R","?","M","?","E","R","BOSS"],"items_purchased_type":["Relic","Card"],"build_version":"2020-12-22","purchased_purges":2,"victory":false,"max_hp_per_floor":[64,64,64,64,64,64,64,64,64,64,64,64,64,64,64,64,64,64,64,64,64,64,64,64,64,64,64,64,64,64,64,64,64,64],"card_choices":[{"not_picked":["Streamline","Loop"],"picked":"Chill","floor":1.0},{"not_picked":["Hologram","Storm"],"picked":"Streamline","floor":3.0},{"not_picked":["Blizzard","Reboot"],"picked":"Self Repair","floor":4.0},{"not_picked":["Lockon","Blizzard"],"picked":"Coolheaded","floor":5.0},{"not_picked":["All For One","Compile Driver"],"picked":"Cold Snap","floor":7.0},{"not_picked":["Beam Cell","Gash"],"picked":"Undo","floor":8.0},{"not_picked":["Redo","Coolheaded"],"picked":"Glacier","floor":10.0},{"not_picked":["Turbo","Go for the Eyes","Thunder Strike"],"picked":"SKIP","floor":11.0},{"not_picked":["Rebound","Gash"],"picked":"Coolheaded+1","floor":18.0},{"not_picked":["Conserve Battery","All For One"],"picked":"Go for the Eyes+1","floor":19.0},{"not_picked":["Leap+1","Stack"],"picked":"Capacitor","floor":22.0},{"not_picked":["Conserve Battery","Beam Cell","Static Discharge"],"picked":"SKIP","floor":28.0},{"not_picked":["Auto Shields","Rip and Tear","Tempest"],"picked":"SKIP","floor":29.0},{"not_picked":["Chill","Tempest","Steam Power"],"picked":"SKIP","floor":31.0}],"player_experience":563160,"relics_obtained":[{"floor":7.0,"key":"Vajra"},{"floor":8.0,"key":"Pen Nib"},{"floor":9.0,"key":"Blood Vial"},{"floor":11.0,"key":"StrikeDummy"},{"floor":26.0,"key":"Cables"},{"floor":31.0,"key":"War Paint"}],"event_choices":[{"damage_healed":0.0,"max_hp_gain":0.0,"max_hp_loss":0.0,"gold_gain":0.0,"event_name":"Match and Keep!","player_choice":"1 cards matched","floor":2.0,"gold_loss":0.0,"damage_taken":0.0,"cards_obtained":["Parasite"]},{"damage_healed":0.0,"max_hp_gain":0.0,"max_hp_loss":0.0,"gold_gain":30.0,"event_name":"Dead Adventurer","player_choice":"Searched \u00272\u0027 times","floor":8.0,"gold_loss":0.0,"damage_taken":0.0},{"cards_removed":["Strike_B"],"damage_healed":0.0,"max_hp_gain":0.0,"max_hp_loss":0.0,"gold_gain":0.0,"event_name":"Back to Basics","player_choice":"Elegance","floor":20.0,"gold_loss":0.0,"damage_taken":0.0},{"damage_healed":0.0,"max_hp_gain":0.0,"max_hp_loss":0.0,"gold_gain":0.0,"event_name":"Lab","player_choice":"Got Potions","floor":24.0,"gold_loss":0.0,"damage_taken":0.0},{"damage_healed":0.0,"max_hp_gain":0.0,"max_hp_loss":0.0,"gold_gain":0.0,"event_name":"Vampires","player_choice":"Ignored","floor":30.0,"gold_loss":0.0,"damage_taken":0.0}],"is_beta":false,"boss_relics":[{"not_picked":["Nuclear Battery","Velvet Choker"],"picked":"Runic Dome"}],"items_purged_floors":[12,14],"is_endless":false,"potions_floor_spawned":[4,5,10,29,31],"killed_by":"Automaton","ascension_level":20}}