{"host":"yuhy0i501zzmn1iz","time":1612590523,"event":{"mods":["AchievementEnabler","BaseMod","Bestiary","Better Match","Better Note","Better Sensory Stone","Better Third Choice","Block Reminder","Curses Come First","Downfall","Minty Spire (QoL Compilation)","StSLib","slay the spire mod where everything is the same but ironclad has a cowboy hat"],"gold_per_floor":[113,113,113,127,48,81,81,109,409,426,501,210,224,224,224,319,319,339,99,99,99,14,40,40,51,130,140,172,190,45,70,70,173,173,186,204,222,55,74,100,0,0,0,0,20,20,20,32,32,32,32,32,32,32,32],"floor_reached":54,"language":"ENG","playtime":2402,"items_purged":["Strike_B","Recycle"],"score":870,"play_id":"350815ad-bbb4-462e-9d01-258c9b67138e","local_time":"20210206004843","is_ascension_mode":true,"campfire_choices":[{"data":"Zap","floor":7.0,"key":"SMITH"},{"floor":15.0,"key":"REST"},{"data":"Thunder Strike","floor":24.0,"key":"SMITH"},{"data":"Reboot","floor":32.0,"key":"SMITH"},{"data":"Apotheosis","floor":47,"key":"SMITH"},{"floor":49,"key":"RECALL"},{"data":"Machine Learning","floor":52,"key":"SMITH"}],"circlet_count":0,"master_deck":["Zap+1","Dualcast+1","Loop+1","Gash","Capacitor+1","Melter","Glacier","Glacier","Melter","Conserve Battery","Reboot+1","FTL","Ball Lightning","Rebound","Seek","Electrodynamics","Thunder Strike+1","Chill","Machine Learning+1","Undo","Apotheosis+1","Echo Form","Self Repair+1"],"relics":["Cracked Core","NeowsBlessing","StoneCalendar","War Paint","Old Coin","DollysMirror","Pandora\u0027s Box","Meat on the Bone","Oddly Smooth Stone","Pantograph","Happy Flower","Lee\u0027s Waffle","Blood Vial","Sozu","MealTicket","Red Mask"],"acts_visited":["Exordium","TheCity","TheBeyond","TheEnding"],"potions_floor_usage":[50],"damage_taken":[{"damage":0.0,"enemies":"Small Slimes","floor":1.0,"turns":1.0},{"damage":0.0,"enemies":"Jaw Worm","floor":4.0,"turns":1.0},{"damage":0.0,"enemies":"3 Sentries","floor":6.0,"turns":1.0},{"damage":22.0,"enemies":"Lagavulin","floor":8.0,"turns":6.0},{"damage":0.0,"enemies":"2 Louse","floor":10.0,"turns":2.0},{"damage":2.0,"enemies":"Blue Slaver","floor":13.0,"turns":3.0},{"damage":7.0,"enemies":"Hexaghost","floor":16.0,"turns":11.0},{"damage":0.0,"enemies":"Spheric Guardian","floor":18.0,"turns":2.0},{"damage":9.0,"enemies":"Gremlin Leader","floor":23.0,"turns":7.0},{"damage":22.0,"enemies":"2 Thieves","floor":25.0,"turns":3.0},{"damage":2.0,"enemies":"Sentry and Sphere","floor":27.0,"turns":4.0},{"damage":38.0,"enemies":"Book of Stabbing","floor":28.0,"turns":7.0},{"damage":4.0,"enemies":"Snecko","floor":29.0,"turns":4.0},{"damage":42.0,"enemies":"Automaton","floor":33.0,"turns":8.0},{"damage":18.0,"enemies":"Orb Walker","floor":35.0,"turns":3.0},{"damage":33.0,"enemies":"3 Shapes","floor":36.0,"turns":5.0},{"damage":6.0,"enemies":"3 Darklings","floor":37.0,"turns":3.0},{"damage":30.0,"enemies":"4 Shapes","floor":39.0,"turns":3.0},{"damage":22,"enemies":"Giant Head","floor":40,"turns":7},{"damage":13,"enemies":"Maw","floor":45,"turns":7},{"damage":14,"enemies":"Transient","floor":48,"turns":5},{"damage":40,"enemies":"Awakened One","floor":50,"turns":9},{"damage":76,"enemies":"Shield and Spear","floor":54,"turns":3}],"seed_played":"-8971518721336671669","potions_obtained":[{"floor":1.0,"key":"Strength Potion"},{"floor":8.0,"key":"FearPotion"},{"floor":10.0,"key":"Block Potion"},{"floor":13.0,"key":"LiquidMemories"},{"floor":23.0,"key":"GamblersBrew"},{"floor":25.0,"key":"Fruit Juice"},{"floor":29.0,"key":"LiquidBronze"}],"is_trial":false,"path_per_floor":["M","?","?","M","$","E","R","E","T","M","?","$","M","?","R","B",null,"M","$","?","$","?","E","R","M","T","M","E","M","$","T","R","B",null,"M","M","M","$","M","E","?","?","T","?","M","?","R","M","R","B",null,"R","$","E"],"character_chosen":"DEFECT","items_purchased":["Capacitor","DollysMirror","Melter","Thunder Strike","Lee\u0027s Waffle","Apotheosis"],"campfire_rested":1,"item_purchase_floors":[5,12,12,19,30,38],"current_hp_per_floor":[75,60,53,53,53,53,53,31,31,31,20,20,18,18,40,33,75,75,75,75,75,75,66,66,49,49,47,21,29,87,87,87,45,87,69,50,46,46,30,22,22,76,76,76,73,73,73,71,71,48,76,76,76,0,0],"gold":32,"neow_bonus":"THREE_ENEMY_KILL","is_daily":false,"chose_seed":false,"campfire_upgraded":5,"win_rate":0.0,"timestamp":1612590523,"path_taken":["M","?","?","M","$","E","R","E","T","M","?","?","M","?","R","BOSS","M","$","?","?","?","E","R","?","T","M","E","M","?","?","R","BOSS","M","M","M","$","M","E","?","?","T","?","M","?","R","M","R","BOSS","R","$","E"],"items_purchased_type":["Card","Relic","Card","Card","Relic","Card"],"build_version":"2020-12-22","purchased_purges":2,"victory":false,"max_hp_per_floor":[75,75,75,75,75,75,75,75,75,75,75,75,75,75,75,75,75,75,75,75,75,75,75,75,80,80,80,80,80,87,87,87,87,87,87,87,87,87,87,87,87,76,76,76,76,76,76,76,76,76,76,76,76,76,76],"card_choices":[{"not_picked":["FTL","Beam Cell"],"picked":"Loop","floor":1.0},{"not_picked":["Recycle","Self Repair"],"picked":"Gash","floor":4.0},{"not_picked":["Scrape","Aggregate"],"picked":"Melter","floor":6.0},{"not_picked":["White Noise","Sweeping Beam"],"picked":"Rip and Tear","floor":8.0},{"not_picked":["Force Field","Turbo"],"picked":"Glacier","floor":10.0},{"not_picked":["Go for the Eyes","Hologram"],"picked":"Conserve Battery","floor":13.0},{"not_picked":["Core Surge","Hyperbeam"],"picked":"Reboot","floor":16.0},{"not_picked":["Rip and Tear","Compile Driver","Recycle"],"picked":"SKIP","floor":18.0},{"not_picked":["Heatsinks","Hologram+1","White Noise"],"picked":"SKIP","floor":23.0},{"not_picked":["Conserve Battery","Barrage+1"],"picked":"Chill","floor":25.0},{"not_picked":["Scrape","Coolheaded","Hologram"],"picked":"SKIP","floor":27.0},{"not_picked":["Capacitor","Genetic Algorithm","Steam"],"picked":"SKIP","floor":28.0},{"not_picked":["Hologram","Coolheaded","Tempest"],"picked":"SKIP","floor":29.0},{"not_picked":["Fission","All For One"],"picked":"Machine Learning","floor":33.0},{"not_picked":["Rebound","Steam+1","Streamline"],"picked":"SKIP","floor":35.0},{"not_picked":["Double Energy","Streamline"],"picked":"Undo","floor":36.0},{"not_picked":["Heatsinks","Steam","Go for the Eyes+1"],"picked":"SKIP","floor":37.0},{"not_picked":["Cold Snap","Leap"],"picked":"Echo Form","floor":39.0},{"not_picked":["Rainbow","Steam+1"],"picked":"Self Repair+1","floor":40},{"not_picked":["Steam+1","Coolheaded","Leap"],"picked":"SKIP","floor":45},{"not_picked":["Consume+1","Cold Snap+1","Gash"],"picked":"SKIP","floor":48}],"player_experience":352966,"relics_obtained":[{"floor":6.0,"key":"StoneCalendar"},{"floor":8.0,"key":"War Paint"},{"floor":9.0,"key":"Old Coin"},{"floor":23.0,"key":"Oddly Smooth Stone"},{"floor":26.0,"key":"Pantograph"},{"floor":28.0,"key":"Happy Flower"},{"floor":31.0,"key":"Blood Vial"},{"floor":40,"key":"MealTicket"}],"event_choices":[{"damage_healed":75.0,"max_hp_gain":0.0,"max_hp_loss":75.0,"gold_gain":0.0,"event_name":"betterThird:BetterShining","player_choice":"Upgrade","floor":2.0,"gold_loss":0.0,"damage_taken":15.0,"cards_upgraded":["Strike_B","Defend_B"]},{"cards_removed":["Strike_B"],"damage_healed":0.0,"max_hp_gain":0.0,"max_hp_loss":0.0,"gold_gain":0.0,"event_name":"Golden Wing","player_choice":"Card Removal","floor":3.0,"gold_loss":0.0,"damage_taken":7.0},{"damage_healed":0.0,"max_hp_gain":0.0,"max_hp_loss":0.0,"gold_gain":75.0,"event_name":"betterThird:BetterGoop","player_choice":"Gold","floor":11.0,"gold_loss":0.0,"damage_taken":11.0},{"damage_healed":0.0,"max_hp_gain":0.0,"max_hp_loss":0.0,"gold_gain":0.0,"event_name":"Living Wall","player_choice":"Grow","floor":14.0,"gold_loss":0.0,"damage_taken":0.0,"cards_upgraded":["Loop"]},{"damage_healed":0.0,"max_hp_gain":0.0,"max_hp_loss":0.0,"gold_gain":0.0,"event_name":"Upgrade Shrine","player_choice":"Upgraded","floor":20.0,"gold_loss":0.0,"damage_taken":0.0,"cards_upgraded":["Capacitor"]},{"damage_healed":0.0,"max_hp_gain":0.0,"max_hp_loss":0.0,"gold_gain":0.0,"event_name":"Addict","player_choice":"Obtained Relic","floor":22.0,"gold_loss":85.0,"damage_taken":0.0,"relics_obtained":["Meat on the Bone"]},{"damage_healed":0,"gold_gain":0,"player_choice":"Paid","damage_taken":0,"relics_obtained":["Red Mask"],"max_hp_gain":0,"max_hp_loss":0,"event_name":"Tomb of Lord Red Mask","floor":41,"gold_loss":100},{"damage_healed":76,"gold_gain":0,"player_choice":"Heal","damage_taken":0,"max_hp_gain":0,"max_hp_loss":11,"event_name":"The Moai Head","floor":42,"gold_loss":0},{"cards_removed":["Rip and Tear"],"damage_healed":0,"gold_gain":0,"player_choice":"Removed Attack","damage_taken":0,"max_hp_gain":0,"max_hp_loss":0,"event_name":"Falling","floor":44,"gold_loss":0},{"damage_healed":0,"gold_gain":0,"player_choice":"Got Potions","damage_taken":0,"max_hp_gain":0,"max_hp_loss":0,"event_name":"Lab","floor":46,"gold_loss":0}],"is_beta":false,"boss_relics":[{"not_picked":["Tiny House","Philosopher\u0027s Stone"],"picked":"Pandora\u0027s Box"},{"not_picked":["Velvet Choker","Coffee Dripper"],"picked":"Sozu"}],"items_purged_floors":[12,19],"is_endless":false,"potions_floor_spawned":[1,8,10,13,23,25,29,35,36,39],"killed_by":"Shield and Spear","ascension_level":3}}