{"host":"j4g6ia6asvpyu2b0","time":1612642174,"event":{"mods":["BaseMod","Colored Map","Minty Spire (QoL Compilation)","Permanent Neow","Quick Restart","Relic Stats","StSLib","Unceasing Turn Reminder"],"gold_per_floor":[118,130,148,148,163,163,196,210,236,251,251,263,294,313,313,313,313],"floor_reached":16,"language":"ENG","playtime":449,"items_purged":[],"score":133,"play_id":"23aa64b3-344f-486e-a6bf-aa2e5ea5e25b","local_time":"20210206130934","is_ascension_mode":true,"campfire_choices":[{"data":"Noxious Fumes","floor":6.0,"key":"SMITH"},{"floor":11,"key":"REST"},{"data":"Bouncing Flask","floor":15,"key":"SMITH"}],"circlet_count":0,"master_deck":["Strike_G","Strike_G","Strike_G+1","Strike_G","Strike_G+1","Defend_G","Defend_G","Defend_G","Defend_G","Defend_G","Survivor","Neutralize","Flying Knee","Flying Knee","Noxious Fumes+1","Quick Slash","Wraith Form v2","Bouncing Flask+1","Regret","Dodge and Roll","Poisoned Stab","Quick Slash","Crippling Poison"],"relics":["Cursed Key","Bag of Preparation","Happy Flower","Regal Pillow"],"acts_visited":["Exordium"],"potions_floor_usage":[13,13],"damage_taken":[{"damage":1.0,"enemies":"Cultist","floor":1.0,"turns":4.0},{"damage":0.0,"enemies":"Small Slimes","floor":2.0,"turns":3.0},{"damage":0.0,"enemies":"2 Louse","floor":3.0,"turns":2.0},{"damage":4.0,"enemies":"2 Fungi Beasts","floor":5.0,"turns":3.0},{"damage":25.0,"enemies":"Gremlin Nob","floor":7.0,"turns":4.0},{"damage":8,"enemies":"Large Slime","floor":8,"turns":4},{"damage":3,"enemies":"Gremlin Gang","floor":10,"turns":4},{"damage":0,"enemies":"3 Louse","floor":12,"turns":3},{"damage":14,"enemies":"3 Sentries","floor":13,"turns":7},{"damage":1,"enemies":"Large Slime","floor":14,"turns":4},{"damage":44,"enemies":"Slime Boss","floor":16,"turns":5}],"seed_played":"-856800048675827469","potions_obtained":[{"floor":2.0,"key":"Regen Potion"},{"floor":3.0,"key":"Dexterity Potion"},{"floor":8,"key":"SmokeBomb"},{"floor":13,"key":"Fruit Juice"}],"is_trial":false,"path_per_floor":["M","M","M","?","M","R","E","M","T","M","R","M","E","M","R","B"],"character_chosen":"THE_SILENT","items_purchased":[],"campfire_rested":1,"item_purchase_floors":[],"current_hp_per_floor":[69,69,69,55,51,51,26,18,18,15,36,36,42,41,41,0,0],"gold":313,"neow_bonus":"BOSS_RELIC","is_daily":false,"chose_seed":false,"campfire_upgraded":2,"win_rate":0.0,"timestamp":1612642174,"path_taken":["M","M","?","?","M","R","E","M","T","M","R","M","E","M","R","BOSS"],"items_purchased_type":[],"build_version":"2020-12-22","purchased_purges":0,"victory":false,"max_hp_per_floor":[70,70,70,70,70,70,70,70,70,70,70,70,75,75,75,75,75],"relic_stats":{"Regal Pillow":0,"Happy Flower":[7],"counters":[11,43],"Bag of Preparation":[12],"Cursed Key":1,"obtain_stats":[{"Regal Pillow":13,"Happy Flower":9,"Bag of Preparation":7,"Cursed Key":0,"Ring of the Snake":0},{"Regal Pillow":9,"Happy Flower":6,"Bag of Preparation":5,"Cursed Key":0,"Ring of the Snake":0},{"Regal Pillow":34,"Happy Flower":20,"Bag of Preparation":16,"Cursed Key":0,"Ring of the Snake":0}]},"card_choices":[{"not_picked":["Prepared","Catalyst"],"picked":"Flying Knee","floor":1.0},{"not_picked":["Accuracy","Cloak And Dagger"],"picked":"Flying Knee","floor":2.0},{"not_picked":["Concentrate","Bouncing Flask"],"picked":"Noxious Fumes","floor":3.0},{"not_picked":["Sucker Punch","Acrobatics"],"picked":"Quick Slash","floor":5.0},{"not_picked":["Heel Hook","Backstab"],"picked":"Wraith Form v2","floor":7},{"not_picked":["Deflect","Quick Slash"],"picked":"Bouncing Flask","floor":8},{"not_picked":["Eviscerate","Heel Hook"],"picked":"Dodge and Roll","floor":10},{"not_picked":["Sucker Punch","Escape Plan"],"picked":"Poisoned Stab","floor":12},{"not_picked":["Dodge and Roll","Flechettes"],"picked":"Quick Slash","floor":13},{"not_picked":["Bane","Slice"],"picked":"Crippling Poison","floor":14}],"player_experience":1164292,"relics_obtained":[{"floor":7,"key":"Bag of Preparation"},{"floor":9,"key":"Happy Flower"},{"floor":13,"key":"Regal Pillow"}],"event_choices":[{"damage_healed":0.0,"max_hp_gain":0.0,"max_hp_loss":0.0,"gold_gain":0.0,"event_name":"Shining Light","player_choice":"Entered Light","floor":4.0,"gold_loss":0.0,"damage_taken":14.0,"cards_upgraded":["Strike_G","Strike_G"]}],"is_beta":false,"boss_relics":[],"items_purged_floors":[],"is_endless":false,"potions_floor_spawned":[2,3,8,13],"killed_by":"Slime Boss","ascension_level":3}}