{"host":"ty7uytdfitsmf36k","time":1612579251,"event":{"mods":["AchievementEnabler","BaseMod","Colored Map","Colored Powertips","DeckTracker","Downfall","Infinite Spire","Minty Spire (QoL Compilation)","Relic Stats","Replay The Spire","Spire Arcade","StSLib","SuperFastMode","The Jungle","Wandering Minibosses"],"gold_per_floor":[99,111,125,125,125,139,212,222,235,264,274,284,184,195,207,207,207,207],"floor_reached":16,"language":"ENG","playtime":468,"items_purged":[],"score":140,"play_id":"8f9197c9-cf2e-4bda-80c4-0f2f5c642aa0","local_time":"20210205214051","is_ascension_mode":true,"campfire_choices":[{"floor":1,"key":"DIG"},{"data":"Slimebound:Split","floor":13,"key":"SMITH"}],"circlet_count":0,"master_deck":["Slimebound:Strike_Slimebound","Slimebound:Strike_Slimebound","Slimebound:Strike_Slimebound","Slimebound:Tackle","Slimebound:Defend_Slimebound","Slimebound:Defend_Slimebound","Slimebound:Defend_Slimebound","Slimebound:Defend_Slimebound","Slimebound:Split+1","Slimebound:CorrosiveSpit","Slimebound:HungryTackle","Slimebound:SlimeSpikes+1","Slimebound:SlimeBarrage","Slimebound:Repurpose","Slimebound:Repurpose","Slimebound:SlimeSpikes","Slimebound:LeadByExample","Slimebound:FormOfPuddle"],"relics":["Slimebound:AbsorbEndCombat","Slimebound:AggressiveSlimeRelic","Mango","Sundial","sneckomod:BlankCard","downfall:HeartBlessingGreen"],"acts_visited":["Exordium"],"potions_floor_usage":[9,10,16,16],"damage_taken":[{"damage":0,"enemies":"Small Slimes","floor":2,"turns":3},{"damage":0,"enemies":"Cultist","floor":3,"turns":3},{"damage":0,"enemies":"Jaw Worm","floor":6,"turns":3},{"damage":6,"enemies":"Blue Slaver","floor":8,"turns":3},{"damage":15,"enemies":"Lots of Slimes","floor":9,"turns":4},{"damage":10,"enemies":"3 Sentries","floor":10,"turns":5},{"damage":0,"enemies":"Exordium Wildlife","floor":11,"turns":3},{"damage":13,"enemies":"Blue Slaver","floor":12,"turns":3},{"damage":12,"enemies":"3 Louse","floor":14,"turns":6},{"damage":2,"enemies":"Gremlin Gang","floor":15,"turns":4},{"damage":44,"enemies":"DF_ARCHETYPE_STREAMLINE","floor":16,"turns":6}],"seed_played":"7638568494136750761","potions_obtained":[{"floor":2,"key":"Block Potion"},{"floor":6,"key":"Slimebound:ThreeZeroPotion"},{"floor":8,"key":"SmokeBomb"},{"floor":11,"key":"Energy Potion"},{"floor":14,"key":"ColorlessPotion"},{"floor":15,"key":"champ:CounterPotion"}],"is_trial":false,"path_per_floor":["R_BF","M","M","?","?","M","T","M","M","E","M","M","R","M","M","B"],"character_chosen":"SLIMEBOUND","items_purchased":[],"campfire_rested":0,"item_purchase_floors":[],"current_hp_per_floor":[73,75,77,77,77,79,79,75,60,58,60,49,49,41,39,0,0,0],"gold":207,"neow_bonus":"RANDOM_COMMON_RELIC","is_daily":false,"chose_seed":false,"campfire_upgraded":1,"win_rate":0.0,"timestamp":1612579251,"path_taken":["R_BF","M","M","?","?","?","T","?","M","E","M","M","R","M","M","BOSS"],"items_purchased_type":[],"build_version":"2020-12-22","purchased_purges":0,"victory":false,"max_hp_per_floor":[79,79,79,79,79,79,79,79,79,79,79,79,79,79,79,79,79,79],"relic_stats":{"counters":[11,41],"Sundial":[4],"obtain_stats":[{"Slimebound:AggressiveSlimeRelic":0,"Sundial":7,"sneckomod:BlankCard":10,"Mango":1,"downfall:HeartBlessingGreen":13,"Slimebound:AbsorbEndCombat":0},{"Slimebound:AggressiveSlimeRelic":0,"Sundial":3,"sneckomod:BlankCard":6,"Mango":0,"downfall:HeartBlessingGreen":8,"Slimebound:AbsorbEndCombat":0},{"Slimebound:AggressiveSlimeRelic":0,"Sundial":9,"sneckomod:BlankCard":20,"Mango":0,"downfall:HeartBlessingGreen":25,"Slimebound:AbsorbEndCombat":0}]},"card_choices":[{"not_picked":["Slimebound:SplitBruiser","Slimebound:SplitAcid"],"picked":"Slimebound:HungryTackle","floor":2},{"not_picked":["Slimebound:LeechingTouch","Slimebound:ComboTackle"],"picked":"Slimebound:SlimeSpikes","floor":3},{"not_picked":["Slimebound:SlimeTap","Slimebound:Equalize"],"picked":"Slimebound:SlimeBarrage","floor":6},{"not_picked":["Slimebound:FinishingTackle","Slimebound:SlimeBarrage"],"picked":"Slimebound:Repurpose","floor":8},{"not_picked":["Slimebound:RejuvenatingLick","Slimebound:Chomp"],"picked":"Slimebound:Repurpose","floor":9},{"not_picked":["Slimebound:SlimeBarrage","Slimebound:GoopTackle","Slimebound:Nibble"],"picked":"SKIP","floor":10},{"not_picked":["Slimebound:ComboTackle","Slimebound:SlimeBrawl"],"picked":"Slimebound:SlimeSpikes","floor":11},{"not_picked":["Slimebound:Replication","Slimebound:HungryTackle"],"picked":"Slimebound:LeadByExample","floor":12},{"not_picked":["Slimebound:SlimeBrawl","Slimebound:RollThrough","Slimebound:Replication"],"picked":"SKIP","floor":14},{"not_picked":["Slimebound:Prepare","Slimebound:RollThrough"],"picked":"Slimebound:FormOfPuddle","floor":15}],"player_experience":212368,"relics_obtained":[{"floor":1,"key":"Mango"},{"floor":7,"key":"Sundial"},{"floor":10,"key":"sneckomod:BlankCard"}],"event_choices":[],"is_beta":false,"boss_relics":[],"items_purged_floors":[],"is_endless":false,"potions_floor_spawned":[2,6,8,11,14,15],"killed_by":"DF_ARCHETYPE_STREAMLINE","ascension_level":6}}