{"host":"zxkjcgzis4pm3za5","time":1612633844,"event":{"mods":["AchievementEnabler","Act Like it!","BaseMod","Colored Map","Colored Powertips","Friendly Minions","GifTheSpireLib","Minty Spire (QoL Compilation)","Quick Restart","RNG Fix","Random Character Button","Relic Sorter","Relic Stats","StSLib"],"gold_per_floor":[218,293,312,237,253,253,278,292,318,218,236,236,236,246,246,246,246],"floor_reached":16,"language":"ENG","playtime":637,"items_purged":["Strike_R","Defend_R"],"score":199,"play_id":"23707156-2c43-45ae-ae8d-0a367c3396c0","local_time":"20210206232044","is_ascension_mode":true,"campfire_choices":[{"data":"Anger","floor":6,"key":"SMITH"},{"floor":13,"key":"REST"},{"data":"Combust","floor":15,"key":"SMITH"}],"circlet_count":0,"master_deck":["AscendersBane","Strike_R","Strike_R","Strike_R","Strike_R","Defend_R","Defend_R","Defend_R","Bash","Anger+1","Clothesline","Brutality","Clash","Combust+1","Intimidate","Bloodletting"],"relics":["Burning Blood","Incense Burner","Orichalcum","Vajra"],"acts_visited":["Exordium"],"potions_floor_usage":[7,8],"damage_taken":[{"damage":4,"enemies":"2 Louse","floor":1,"turns":3},{"damage":7,"enemies":"Jaw Worm","floor":3,"turns":2},{"damage":3,"enemies":"Cultist","floor":5,"turns":4},{"damage":56,"enemies":"3 Sentries","floor":7,"turns":11},{"damage":12,"enemies":"Blue Slaver","floor":8,"turns":4},{"damage":5,"enemies":"2 Fungi Beasts","floor":11,"turns":3},{"damage":11,"enemies":"Large Slime","floor":14,"turns":4},{"damage":39,"enemies":"The Guardian","floor":16,"turns":5}],"seed_played":"1125657867894406660","potions_obtained":[{"floor":3,"key":"DuplicationPotion"},{"floor":7,"key":"BloodPotion"},{"floor":11,"key":"AttackPotion"}],"is_trial":false,"path_per_floor":["M","?","M","$","M","R","E","M","T","$","M","?","R","M","R","B"],"character_chosen":"IRONCLAD","items_purchased":[],"campfire_rested":1,"item_purchase_floors":[],"current_hp_per_floor":[70,59,58,58,61,61,11,20,20,20,21,21,43,38,38,0,0],"gold":246,"neow_bonus":"HUNDRED_GOLD","is_daily":false,"chose_seed":false,"campfire_upgraded":2,"win_rate":0.0,"timestamp":1612633844,"path_taken":["M","?","M","$","M","R","E","?","T","$","M","?","R","M","R","BOSS"],"items_purchased_type":[],"build_version":"2020-12-22","purchased_purges":2,"victory":false,"max_hp_per_floor":[75,75,75,75,75,75,75,75,75,75,75,75,75,75,75,75,75],"relic_stats":{"counters":[8,36],"Orichalcum":[30],"obtain_stats":[{"Vajra":12,"Incense Burner":7,"Orichalcum":9,"Burning Blood":0},{"Vajra":6,"Incense Burner":4,"Orichalcum":5,"Burning Blood":0},{"Vajra":27,"Incense Burner":20,"Orichalcum":24,"Burning Blood":0}],"Burning Blood":42},"card_choices":[{"not_picked":["Iron Wave","Flex"],"picked":"Anger","floor":1},{"not_picked":["Shrug It Off","True Grit"],"picked":"Clothesline","floor":3},{"not_picked":["Warcry","Headbutt"],"picked":"Brutality","floor":5},{"not_picked":["Second Wind","Warcry"],"picked":"Clash","floor":7},{"not_picked":["Hemokinesis","Shrug It Off"],"picked":"Combust","floor":8},{"not_picked":["Sword Boomerang","Havoc"],"picked":"Intimidate","floor":11},{"not_picked":["Armaments","Thunderclap"],"picked":"Bloodletting","floor":14}],"player_experience":322729,"relics_obtained":[{"floor":7,"key":"Incense Burner"},{"floor":9,"key":"Orichalcum"}],"event_choices":[{"damage_healed":0,"gold_gain":75,"player_choice":"Gather Gold","damage_taken":11,"max_hp_gain":0,"max_hp_loss":0,"event_name":"World of Goop","floor":2,"gold_loss":0},{"damage_healed":0,"gold_gain":0,"player_choice":"Searched \u00272\u0027 times","damage_taken":0,"relics_obtained":["Vajra"],"max_hp_gain":0,"max_hp_loss":0,"event_name":"Dead Adventurer","floor":12,"gold_loss":0}],"is_beta":false,"boss_relics":[],"items_purged_floors":[4,10],"is_endless":false,"potions_floor_spawned":[3,7,11],"killed_by":"The Guardian","ascension_level":19}}