{"host":"kdt6w7ix8lwe69i9","time":1612634337,"event":{"mods":["100% Spire Juice","BaseMod","ChefMod","Evolution","Minty Spire (QoL Compilation)","Poor People Problems","Reimu（博丽灵梦）","Robot Space Explorer","Shade Mod","StSLib","The Druid","The Gatherer","TheSurvivalist"],"gold_per_floor":[119,119,116,116,116,116,131,131,131,177,196,237,251,271,271,399,399,423,439,448,448,480,523,523,552,552,594,794,824,824,857,857,992,992,1014,1033,1033,1105,1105,1105,1138,580,580,607,636,663,74,108,108,105,105,105,34,79,76],"floor_reached":56,"language":"ENG","playtime":55550,"items_purged":[],"score":1166,"play_id":"0e98a055-6a2a-4289-98d7-c45a3826d064","local_time":"20210206125857","is_ascension_mode":false,"campfire_choices":[{"data":"theDruid:IronbarkArmor","floor":6,"key":"SMITH"},{"data":"theDruid:BlessedStrike","floor":8,"key":"SMITH"},{"data":"theDruid:WildArmor","floor":15,"key":"SMITH"},{"floor":24,"key":"REST"},{"floor":30,"key":"REST"},{"floor":32,"key":"REST"},{"floor":40,"key":"REST"},{"floor":49,"key":"RECALL"},{"floor":52,"key":"REST"}],"circlet_count":0,"master_deck":["theDruid:Strike_O","theDruid:Strike_O","theDruid:Strike_O","theDruid:Strike_O","theDruid:Defend_O","theDruid:Defend_O","theDruid:Defend_O","theDruid:Defend_O","theDruid:BriarArmor","theDruid:WildSlash","theDruid:IronbarkArmor+1","theDruid:AstralShield","theDruid:CelestialSurge","Injury","theDruid:BlessedStrike+1","theDruid:TwilightsCall","theDruid:Stampede","theDruid:WildArmor+1","theDruid:ThornStrike","theDruid:Recoil","theDruid:WallofRoots+1","Shame","theDruid:Eclipse+1","theDruid:Slingshot","theDruid:NaturalAgility+1","theDruid:BloodiedFur+1","theDruid:TwilightsCall+1","theDruid:FaerieFire+1","theDruid:HerbalismKit","theDruid:IronClaw+1","theDruid:Infestation+1","theDruid:Impale+1","theDruid:BlessedStrike+1","Apotheosis","Sadistic Nature+1","Mind Blast","theDruid:LunarScythe","theDruid:BristlingDefense+1","theDruid:IronClaw","theDruid:PrimalStrength+1","theDruid:IronbarkArmor+1"],"relics":["theDruid:CrownOfTheWilds","EVO:Axolotl","YidongShenshe:ReiMu","Golden Idol","Incense Burner","Art of War","Frozen Egg 2","RedLine:ReiMu","CeramicFish","Nilry\u0027s Codex","MealTicket","Letter Opener","CrazyTorch:ReiMu","Fusion Hammer","theDruid:HikingStick","StrikeDummy","Juzu Bracelet","Lee\u0027s Waffle","theDruid:PlagueMask","Pen Nib","HandDrill","CaptainsWheel","theDruid:RedRose"],"acts_visited":["Exordium","TheCity","TheBeyond","TheEnding"],"potions_floor_usage":[12,16,22,23,27,29,33,35,36,36,36,38,38,38,38,38,38,41,41,41,41,46,48,48,50,50,50,50,50,55,55,55],"damage_taken":[{"damage":0,"enemies":"Small Slimes","floor":1,"turns":4},{"damage":0,"enemies":"2 Louse","floor":3,"turns":3},{"damage":0,"enemies":"Jaw Worm","floor":7,"turns":5},{"damage":6,"enemies":"Large Slime","floor":11,"turns":9},{"damage":11,"enemies":"Gremlin Nob","floor":12,"turns":5},{"damage":3,"enemies":"3 Louse","floor":13,"turns":4},{"damage":5,"enemies":"Red Slaver","floor":14,"turns":4},{"damage":8,"enemies":"Hexaghost","floor":16,"turns":12},{"damage":0,"enemies":"Shell Parasite","floor":18,"turns":4},{"damage":0,"enemies":"Chosen","floor":19,"turns":4},{"damage":10,"enemies":"Snake Plant","floor":22,"turns":4},{"damage":32,"enemies":"Book of Stabbing","floor":23,"turns":6},{"damage":1,"enemies":"Centurion and Healer","floor":25,"turns":8},{"damage":12,"enemies":"Slavers","floor":27,"turns":5},{"damage":2,"enemies":"Snecko","floor":29,"turns":7},{"damage":15,"enemies":"Cultist and Chosen","floor":31,"turns":6},{"damage":57,"enemies":"Collector","floor":33,"turns":16},{"damage":10,"enemies":"3 Shapes","floor":35,"turns":5},{"damage":15,"enemies":"3 Darklings","floor":36,"turns":6},{"damage":6,"enemies":"Mind Bloom Boss Battle","floor":38,"turns":9},{"damage":7,"enemies":"Writhing Mass","floor":41,"turns":6},{"damage":1,"enemies":"4 Shapes","floor":45,"turns":4},{"damage":0,"enemies":"Jaw Worm Horde","floor":46,"turns":5},{"damage":10,"enemies":"Sphere and 2 Shapes","floor":48,"turns":4},{"damage":65,"enemies":"Awakened One","floor":50,"turns":9},{"damage":29,"enemies":"Shield and Spear","floor":54,"turns":6},{"damage":35,"enemies":"The Heart","floor":55,"turns":8}],"seed_played":"-8358571487073315876","potions_obtained":[{"floor":11,"key":"GrandPatriotsElixir:ReiMu"},{"floor":13,"key":"Ancient Potion"},{"floor":14,"key":"BlessingOfTheForge"},{"floor":16,"key":"EssenceOfSteel"},{"floor":22,"key":"SkillPotion"},{"floor":23,"key":"DistilledChaos"},{"floor":31,"key":"Weak Potion"},{"floor":33,"key":"DuplicationPotion"},{"floor":35,"key":"AttackPotion"},{"floor":36,"key":"SkillPotion"},{"floor":41,"key":"Explosive Potion"},{"floor":54,"key":"DistilledChaos"}],"is_trial":false,"path_per_floor":["M","?","M","?","?","R","M","R","T","T","M","E","M","M","R","B",null,"M","M","?","?","M","E","R","M","T","E","?","M","R","M","R","B",null,"M","M","T","?","?","R","M","$","T","?","M","M","$","M","R","B",null,"R","$","E","B",null],"character_chosen":"DRUID","items_purchased":["StrikeDummy","Juzu Bracelet","Lee\u0027s Waffle","Pen Nib","HandDrill","CaptainsWheel","theDruid:PrimalStrength+1"],"campfire_rested":5,"item_purchase_floors":[42,42,42,47,47,47,53],"current_hp_per_floor":[79,79,79,79,79,79,79,79,79,79,73,62,59,54,54,46,79,79,79,79,63,56,24,47,49,49,37,37,35,58,43,66,9,79,72,57,57,51,51,74,70,86,86,76,75,75,86,76,76,20,86,86,86,57,22],"gold":76,"neow_bonus":"ONE_RANDOM_RARE_CARD","is_daily":false,"chose_seed":false,"campfire_upgraded":3,"win_rate":0.0,"timestamp":1612634337,"path_taken":["M","?","M","?","?","R","M","R","T","?","M","E","M","M","R","BOSS","M","M","?","?","M","E","R","M","T","E","?","M","R","M","R","BOSS","M","M","?","?","?","R","M","$","T","?","M","M","$","M","R","BOSS","R","$","E","BOSS"],"items_purchased_type":["Relic","Relic","Relic","Relic","Relic","Relic","Card"],"build_version":"2020-12-22","purchased_purges":0,"victory":true,"max_hp_per_floor":[79,79,79,79,79,79,79,79,79,79,79,79,79,79,79,79,79,79,79,79,79,79,79,79,79,79,79,79,79,79,79,79,79,79,79,79,79,79,79,79,79,86,86,86,86,86,86,86,86,86,86,86,86,86,86],"card_choices":[{"not_picked":["theDruid:ThornStrike","theDruid:ExposingSlash"],"picked":"theDruid:AstralShield","floor":1},{"not_picked":["theDruid:Guidance","theDruid:BrambleLash"],"picked":"theDruid:CelestialSurge","floor":3},{"not_picked":["theDruid:TakeShelter","theDruid:IronClaw"],"picked":"theDruid:BlessedStrike","floor":7},{"not_picked":["theDruid:Guidance","theDruid:FaerieFire"],"picked":"theDruid:TwilightsCall","floor":11},{"not_picked":["theDruid:FelineGrace","theDruid:BloodiedFur"],"picked":"theDruid:Stampede","floor":12},{"not_picked":["theDruid:PlagueClaw","theDruid:FuriousSlash"],"picked":"theDruid:WildArmor","floor":13},{"not_picked":["theDruid:Guidance","theDruid:Earthquake"],"picked":"theDruid:ThornStrike","floor":14},{"not_picked":["theDruid:SurvivalCache","theDruid:Mutilate"],"picked":"theDruid:HailofThorns","floor":16},{"not_picked":["theDruid:FaerieFire","theDruid:BloodiedFur"],"picked":"theDruid:Recoil","floor":18},{"not_picked":["theDruid:ExposingSlash","theDruid:BlessedStrike+1"],"picked":"theDruid:WallofRoots+1","floor":19},{"not_picked":["theDruid:BackupSupplies","theDruid:ExposingSlash"],"picked":"theDruid:Eclipse+1","floor":22},{"not_picked":["theDruid:SerratedFlesh","theDruid:PlagueClaw"],"picked":"theDruid:Slingshot","floor":23},{"not_picked":["theDruid:IronClaw+1","theDruid:TakeShelter+1"],"picked":"theDruid:NaturalAgility+1","floor":25},{"not_picked":["theDruid:Resupply+1","theDruid:Starfall"],"picked":"theDruid:BloodiedFur+1","floor":27},{"not_picked":["theDruid:BagofTricks+1","theDruid:IronClaw"],"picked":"theDruid:TwilightsCall+1","floor":29},{"not_picked":["theDruid:BrambleLash","theDruid:ThornStrike+1"],"picked":"theDruid:FaerieFire+1","floor":31},{"not_picked":["theDruid:Restoration","theDruid:SpiritCall"],"picked":"theDruid:HerbalismKit","floor":33},{"not_picked":["theDruid:ThickHide+1","theDruid:Recoil+1"],"picked":"theDruid:IronClaw+1","floor":35},{"not_picked":["theDruid:Eclipse+1","theDruid:Pathfinder+1"],"picked":"theDruid:Infestation+1","floor":36},{"not_picked":["theDruid:Starfall+1","theDruid:Forage"],"picked":"theDruid:Impale+1","floor":38},{"not_picked":["theDruid:IronClaw","theDruid:Slingshot"],"picked":"theDruid:BlessedStrike+1","floor":41},{"not_picked":["The Bomb","HandOfGreed"],"picked":"Apotheosis","floor":44},{"not_picked":["Jack Of All Trades","Discovery"],"picked":"Sadistic Nature+1","floor":44},{"not_picked":["Forethought","The Bomb"],"picked":"Mind Blast","floor":44},{"not_picked":["theDruid:Resupply","theDruid:Slingshot+1"],"picked":"theDruid:LunarScythe","floor":45},{"not_picked":["theDruid:Thornburst+1","theDruid:Swipe"],"picked":"theDruid:BristlingDefense+1","floor":46},{"not_picked":["theDruid:ViralBites","theDruid:Recoil"],"picked":"theDruid:IronClaw","floor":48},{"not_picked":["theDruid:Fortitude+1","theDruid:AstralShield+1"],"picked":"theDruid:IronbarkArmor+1","floor":54}],"player_experience":1290370,"relics_obtained":[{"floor":9,"key":"Incense Burner"},{"floor":10,"key":"Art of War"},{"floor":12,"key":"Frozen Egg 2"},{"floor":21,"key":"Nilry\u0027s Codex"},{"floor":23,"key":"MealTicket"},{"floor":26,"key":"Letter Opener"},{"floor":27,"key":"CrazyTorch:ReiMu"},{"floor":38,"key":"theDruid:HikingStick"},{"floor":43,"key":"theDruid:PlagueMask"},{"floor":54,"key":"theDruid:RedRose"}],"event_choices":[{"damage_healed":0,"gold_gain":0,"player_choice":"Take Tiny Shrine away","damage_taken":0,"relics_obtained":["YidongShenshe:ReiMu"],"max_hp_gain":0,"max_hp_loss":0,"event_name":"yidonshenshe","floor":2,"gold_loss":0,"cards_obtained":["Poor:ReiMu"]},{"cards_removed":["Poor:ReiMu"],"damage_healed":0,"gold_gain":0,"player_choice":"Forget","damage_taken":0,"max_hp_gain":0,"max_hp_loss":0,"event_name":"Living Wall","floor":4,"gold_loss":0},{"damage_healed":0,"gold_gain":0,"player_choice":"Take Wound","damage_taken":0,"relics_obtained":["Golden Idol"],"max_hp_gain":0,"max_hp_loss":0,"event_name":"Golden Idol","floor":5,"gold_loss":0,"cards_obtained":["Injury"]},{"damage_healed":0,"gold_gain":0,"player_choice":"Stole Relic","damage_taken":0,"relics_obtained":["CeramicFish"],"max_hp_gain":0,"max_hp_loss":0,"event_name":"Addict","floor":20,"gold_loss":0,"cards_obtained":["Shame"]},{"damage_healed":0,"gold_gain":0,"player_choice":"Obtained Book","damage_taken":16,"max_hp_gain":0,"max_hp_loss":0,"event_name":"Cursed Tome","floor":21,"gold_loss":0},{"damage_healed":0,"gold_gain":200,"player_choice":"Gold","damage_taken":0,"max_hp_gain":0,"max_hp_loss":0,"event_name":"Wheel of Change","floor":28,"gold_loss":0},{"damage_healed":0,"gold_gain":0,"player_choice":"Fight","damage_taken":0,"max_hp_gain":0,"max_hp_loss":0,"event_name":"MindBloom","floor":38,"gold_loss":0},{"cards_removed":["theDruid:HailofThorns"],"damage_healed":0,"gold_gain":0,"player_choice":"Removed Attack","damage_taken":0,"max_hp_gain":0,"max_hp_loss":0,"event_name":"Falling","floor":39,"gold_loss":0},{"damage_healed":0,"gold_gain":0,"player_choice":"Memory 3","damage_taken":10,"max_hp_gain":0,"max_hp_loss":0,"event_name":"SensoryStone","floor":44,"gold_loss":0}],"is_beta":false,"boss_relics":[{"not_picked":["Snecko Eye","Busted Crown"],"picked":"RedLine:ReiMu"},{"not_picked":["Empty Cage","Sozu"],"picked":"Fusion Hammer"}],"items_purged_floors":[],"is_endless":false,"potions_floor_spawned":[11,13,14,16,22,23,31,33,35,36,41,54],"ascension_level":0}}