{"host":"yrtk68ixj64vhhh3","time":1612610949,"event":{"mods":["AchievementEnabler","Aspiration","BaseMod","Better Altar","Better Match","Better Silent Start","Colored Map","Colored Powertips","Conspire","Dio Mod","Downfall","Energized Spire","Hubris","Infinite Spire","Minty Spire (QoL Compilation)","Prisma Mod","RNG Fix","StSLib","Steal the Spire","Td1madao Mod","The Animator","The Poker Player","The Wild Card","TheBandit","TheHero"],"gold_per_floor":[110,110,110,123,13,13,45,45,71,99,99,114,289,314,314,412,412,412,412,412],"floor_reached":18,"language":"ENG","playtime":1357,"items_purged":[],"score":249,"play_id":"6a0e9cd9-57ba-47bf-8046-c8be4e2a6bd6","local_time":"20210207002909","is_ascension_mode":true,"metric_token":1618,"campfire_choices":[{"floor":6,"key":"REST"},{"floor":11,"key":"RECALL"},{"floor":15,"key":"REST"}],"circlet_count":0,"master_deck":["PokerPlayerMod:Diamond1","PokerPlayerMod:Diamond2","PokerPlayerMod:Diamond3","PokerPlayerMod:Diamond4","PokerPlayerMod:Diamond5","PokerPlayerMod:Spade1","PokerPlayerMod:Spade2","PokerPlayerMod:Spade3","PokerPlayerMod:Spade4","PokerPlayerMod:Club1","PokerPlayerMod:Club2","PokerPlayerMod:Heart2","PokerPlayerMod:TrumpStrike","PokerPlayerMod:BadJoker+1","PokerPlayerMod:Mulligan","PokerPlayerMod:CardPrinter","PokerPlayerMod:DamnStraight","PokerPlayerMod:DiamondStrike","PokerPlayerMod:SecretDealer","PokerPlayerMod:Diamond3","PokerPlayerMod:ClubsClub","PokerPlayerMod:RoyalStrike","PokerPlayerMod:Overdeal","Doubt","PokerPlayerMod:JackOfSpades","PokerPlayerMod:Duplicate"],"relics":["PokerPlayerMod:DeckCase","aspiration:DSix","conspire:BottledYoYo","Orichalcum","Smiling Mask","conspire:Dentures","PokerPlayerMod:AceCard"],"acts_visited":["Exordium","TheCity"],"potions_floor_usage":[16,16,16],"damage_taken":[{"damage":3,"enemies":"conspire:RoseBush","floor":1,"turns":2},{"damage":12,"enemies":"Jaw Worm","floor":4,"turns":4},{"damage":16,"enemies":"Lagavulin","floor":7,"turns":5},{"damage":13,"enemies":"Gremlin Nob","floor":10,"turns":4},{"damage":0,"enemies":"Small Slimes","floor":12,"turns":2},{"damage":6,"enemies":"Lagavulin","floor":14,"turns":5},{"damage":0,"enemies":"Hexaghost","floor":16,"turns":9},{"damage":61,"enemies":"conspire:FuzzyDice","floor":18,"turns":3}],"seed_played":"5886406386142424252","potions_obtained":[{"floor":4,"key":"Dexterity Potion"},{"floor":7,"key":"Block Potion"},{"floor":12,"key":"Weak Potion"}],"is_trial":false,"path_per_floor":["M","?","?","M","$","R","E","T","T","E","R","M","?","E","R","B",null,"M"],"character_chosen":"THE_POKER_PLAYER","items_purchased":["PokerPlayerMod:SecretDealer","PokerPlayerMod:Diamond3"],"campfire_rested":2,"item_purchase_floors":[5,5],"current_hp_per_floor":[49,49,49,39,39,52,40,40,40,33,33,43,43,37,52,52,52,0,0,0],"gold":412,"neow_bonus":"DSIX","is_daily":false,"chose_seed":false,"campfire_upgraded":0,"win_rate":0.0,"timestamp":1612610949,"path_taken":["M","?","?","M","$","R","E","?","T","E","R","?","?","E","R","BOSS","M"],"items_purchased_type":["Card","Card"],"build_version":"2020-12-22","purchased_purges":0,"victory":false,"max_hp_per_floor":[52,52,52,52,52,52,52,52,52,52,52,52,52,52,52,52,52,52,52,52],"card_choices":[{"not_picked":["PokerPlayerMod:SpadeStrike","PokerPlayerMod:Fold"],"picked":"PokerPlayerMod:CardPrinter","floor":1},{"not_picked":["PokerPlayerMod:Club3","PokerPlayerMod:Club2"],"picked":"PokerPlayerMod:DiamondStrike","floor":4},{"not_picked":["PokerPlayerMod:DiamondStrike","PokerPlayerMod:Trickery"],"picked":"PokerPlayerMod:ClubsClub","floor":7},{"not_picked":["PokerPlayerMod:Club5","PokerPlayerMod:CardBurn"],"picked":"PokerPlayerMod:RoyalStrike","floor":10},{"not_picked":["PokerPlayerMod:Spade2","PokerPlayerMod:CardBurn"],"picked":"PokerPlayerMod:Overdeal","floor":12},{"not_picked":["PokerPlayerMod:Club4","PokerPlayerMod:HotShotCut"],"picked":"PokerPlayerMod:JackOfSpades","floor":14},{"not_picked":["PokerPlayerMod:Spade10+","PokerPlayerMod:Diamond7"],"picked":"PokerPlayerMod:Duplicate","floor":16}],"player_experience":716909,"relics_obtained":[{"floor":7,"key":"conspire:BottledYoYo"},{"floor":9,"key":"Orichalcum"},{"floor":10,"key":"Smiling Mask"},{"floor":14,"key":"conspire:Dentures"}],"event_choices":[{"damage_healed":0,"gold_gain":0,"player_choice":"Grow","damage_taken":0,"max_hp_gain":0,"max_hp_loss":0,"event_name":"Living Wall","floor":2,"gold_loss":0,"cards_upgraded":["PokerPlayerMod:BadJoker"]},{"damage_healed":0,"gold_gain":175,"player_choice":"AGREE","damage_taken":0,"max_hp_gain":0,"max_hp_loss":0,"event_name":"Liars Game","floor":13,"gold_loss":0,"cards_obtained":["Doubt"]}],"is_beta":false,"boss_relics":[{"not_picked":["bronze:MakeshiftBattery","aspiration:FutureDiary"],"picked":"PokerPlayerMod:AceCard"}],"items_purged_floors":[],"is_endless":false,"potions_floor_spawned":[4,7,12],"killed_by":"conspire:FuzzyDice","ascension_level":2}}