{"host":"8g198xe1n7br41jb","time":1612623023,"event":{"mods":["BaseMod","Downfall","Minty Spire (QoL Compilation)","StSLib","SuperFastMode"],"gold_per_floor":[99,117,134,134,44,61,106,256,56,75,93,193,210,240,251,251,251,251],"floor_reached":16,"language":"ENG","playtime":764,"items_purged":["Guardian:Strike_Guardian"],"score":108,"play_id":"d0f0cfae-54f0-4461-bb5d-7b7ae9afd1a0","local_time":"20210206155023","is_ascension_mode":true,"campfire_choices":[{"floor":1.0,"key":"RECALL"},{"data":"Guardian:RefractedBeam","floor":9.0,"key":"SMITH"}],"circlet_count":0,"master_deck":["Guardian:Strike_Guardian","Guardian:Strike_Guardian","Guardian:Strike_Guardian","Guardian:Defend_Guardian","Guardian:Defend_Guardian","Guardian:Defend_Guardian","Guardian:CurlUp","Guardian:TwinSlam","Guardian:FastForward","Guardian:RefractedBeam+1","Guardian:PrismaticBarrier","Guardian:PolyBeam","downfall:Icky","Guardian:Gem_Purple","Guardian:PolyBeam","Guardian:Gem_Blue","Guardian:Gem_Cyan"],"relics":["Guardian:ModeShifter","Ancient Tea Set","downfall:HeartBlessingRed","downfall:HeartBlessingBlue"],"acts_visited":["Exordium"],"potions_floor_usage":[16],"damage_taken":[{"damage":4.0,"enemies":"Jaw Worm","floor":2.0,"turns":5.0},{"damage":4.0,"enemies":"2 Louse","floor":3.0,"turns":4.0},{"damage":0.0,"enemies":"downfall:FleeingMerchant","floor":5.0,"turns":4.0},{"damage":11.0,"enemies":"Small Slimes","floor":6.0,"turns":3.0},{"damage":15.0,"enemies":"3 Louse","floor":10.0,"turns":3.0},{"damage":11.0,"enemies":"Gremlin Gang","floor":11.0,"turns":4.0},{"damage":0.0,"enemies":"Large Slime","floor":13.0,"turns":4.0},{"damage":13.0,"enemies":"Blue Slaver","floor":15.0,"turns":3.0},{"damage":25,"enemies":"IC_STATUS_ARCHETYPE","floor":16,"turns":4}],"seed_played":"-8872652530506933858","potions_obtained":[{"floor":3.0,"key":"PowerPotion"},{"floor":6.0,"key":"Ancient Potion"},{"floor":10.0,"key":"Energy Potion"}],"is_trial":false,"path_per_floor":["R","M","M","?","$","M","T","?","R","M","M","?","M","?","M","B"],"character_chosen":"GUARDIAN","items_purchased":[],"campfire_rested":0,"item_purchase_floors":[],"current_hp_per_floor":[80,76,72,54,54,43,43,43,53,38,27,27,27,27,14,0,0,0],"gold":251,"neow_bonus":"TRANSFORM_CARD","is_daily":false,"chose_seed":false,"campfire_upgraded":1,"win_rate":0.0,"timestamp":1612623023,"path_taken":["R","M","M","?","$","M","T","?","R","M","M","?","M","?","M","BOSS"],"items_purchased_type":[],"build_version":"2020-12-22","purchased_purges":1,"victory":false,"max_hp_per_floor":[80,80,80,80,80,80,80,80,90,90,90,90,90,90,90,90,90,90],"card_choices":[{"not_picked":["Guardian:ShieldCharger","Guardian:Harden"],"picked":"Guardian:Gem_White","floor":2.0},{"not_picked":["Guardian:Gem_White","Guardian:Reroute"],"picked":"Guardian:RefractedBeam","floor":3.0},{"not_picked":["Guardian:ShieldSpikes","Guardian:BronzeOrb"],"picked":"Guardian:PrismaticBarrier","floor":5.0},{"not_picked":["Guardian:CrystalBeam","Guardian:Gem_Lightblue"],"picked":"Guardian:PolyBeam","floor":6.0},{"not_picked":["Guardian:Gem_Red","Guardian:ShieldCharger"],"picked":"Guardian:Gem_Purple","floor":10.0},{"not_picked":["Guardian:Emergency","Guardian:Preprogram"],"picked":"Guardian:PolyBeam","floor":11.0},{"not_picked":["Guardian:ShieldCharger","Guardian:BronzeOrb"],"picked":"Guardian:Gem_Blue","floor":13.0},{"not_picked":["Guardian:RefractedBeam","Guardian:Clone"],"picked":"Guardian:Gem_Cyan","floor":15.0}],"player_experience":1250536,"relics_obtained":[],"event_choices":[{"damage_healed":0.0,"max_hp_gain":0.0,"max_hp_loss":0.0,"gold_gain":0.0,"event_name":"Scrap Ooze","player_choice":"Success","floor":4.0,"gold_loss":0.0,"damage_taken":18.0,"relics_obtained":["Ancient Tea Set"]}],"is_beta":false,"boss_relics":[],"items_purged_floors":[5],"is_endless":false,"potions_floor_spawned":[3,6,10,13,15],"killed_by":"IC_STATUS_ARCHETYPE","ascension_level":3}}