{"host":"h51tltv0izczgxti","time":1612648924,"event":{"mods":["2.2 Compatiblity","AchievementEnabler","Act Like it!","Aspiration","BaseMod","Beaked The Cultist","Better Altar","Better Match","Better Note","Better Sensory Stone","Better Skull","Better Third Choice","Better Vampires","BetterRewards","Clockwork Mod","Gensokyo","Halation","Hallownest","Hermit","HololiveMod","Hubris","Infinite Spire","Koishi","Mad Scientist","Magitek Elite","Marisa????????","Melee Mod","Minty Spire (QoL Compilation)","Pale of the Ancients","Poor People Problems","Prisma Mod","Random Character Button","Relic Filter Mod","Reliquary","Remilia??????","Replay The Spire","Retaliation","Robot Space Explorer","Shade Mod","Spicy Shops","Spire Arcade","StS++","StSLib","Strawberry Spire","The Animator","The Bug Knight","The Gatherer","The Kombatant","The Poker Player","The Servant 0.9.4","The Wild Card","TheBandit","WarShipGirlsR/????R mod","Yuyuko"],"gold_per_floor":[118,108,121,121,121,121,152,152,230,257,277,277,29,29,29,154,154,169,169,194,194,194,194,233,233,233,233,251,251,264,278,278,401,401,414,429,454,6,6,6,20,61,61,61,82,122,12,45,45,45,45,45,6,44,44],"floor_reached":56,"language":"ENG","playtime":2976,"items_purged":["Strike_B","Strike_B","Doom and Gloom"],"score":1567,"play_id":"c6fb0f5d-b468-42f5-8221-e0dc5c83f269","local_time":"20210206160204","is_ascension_mode":true,"campfire_choices":[{"data":"Zap","floor":6,"key":"SMITH"},{"data":"Coolheaded","floor":8,"key":"SMITH"},{"floor":12,"key":"REST"},{"floor":15,"key":"REST"},{"floor":23,"key":"REST"},{"data":"Chill","floor":25,"key":"SMITH"},{"floor":27,"key":"REST"},{"data":"Fusion","floor":32,"key":"SMITH"},{"floor":40,"key":"REST"},{"floor":44,"key":"RECALL"},{"data":"aspiration:Polymerization","floor":49,"key":"SMITH"},{"floor":52,"key":"REST"}],"circlet_count":0,"master_deck":["Defend_B","Defend_B","Zap+1","Dualcast","Tempest+1","Electrodynamics","Coolheaded+1","Replay:Fractal Strike","Gash","StSpp:Igniter","Gash","Coolheaded","Streamline","Core Surge","Conserve Battery+1","infinitespire:Starlight","Chill+1","Static Discharge+1","StSpp:TargetLocked+1","Conserve Battery+1","Fusion+1","Multi-Cast","aspiration:Polymerization+1","Gash","Thunder Strike","Barrage","Ball Lightning","Redo","Meteor Strike","Gash","Static Discharge+1","Consume+1","Gash","Reinforced Body+1","Stack","Force Field","Coolheaded+1"],"relics":["Cracked Core","aspiration:SeaSaltIceCream","halation:EternalFortune","StSpp:WoodenPendulum","Dream Catcher","Golden Idol","Painkiller Herb","Inserter","Pet Ghost","aspiration:RitualStick","Gambling Chip","hubris:Reverence","Empty Cage","halation:Thesaurus","Replay:Bottled Eggs","Omamori","infinitespire:CursedDice","reliquary:PartyBalloon","Lee\u0027s Waffle","Replay:Wax Seal","hubris:TinFlute"],"acts_visited":["Exordium","TheCity","TheBeyond","TheEnding"],"potions_floor_usage":[36,42,55,55],"damage_taken":[{"damage":6,"enemies":"Cultist","floor":1,"turns":3},{"damage":0,"enemies":"Small Slimes","floor":3,"turns":2},{"damage":5,"enemies":"3 Sentries","floor":7,"turns":2},{"damage":16,"enemies":"Gremlin Nob","floor":10,"turns":3},{"damage":6,"enemies":"2 Louse","floor":11,"turns":2},{"damage":6,"enemies":"Slime Boss","floor":16,"turns":6},{"damage":22,"enemies":"2 Thieves","floor":18,"turns":2},{"damage":7,"enemies":"Chosen","floor":20,"turns":3},{"damage":6,"enemies":"Gremlin Leader","floor":24,"turns":4},{"damage":15,"enemies":"Snake Plant","floor":28,"turns":3},{"damage":14,"enemies":"Cultist and Chosen","floor":30,"turns":4},{"damage":13,"enemies":"Sentry and Sphere","floor":31,"turns":4},{"damage":13,"enemies":"Champ","floor":33,"turns":8},{"damage":4,"enemies":"3 Shapes","floor":35,"turns":3},{"damage":6,"enemies":"3 Darklings","floor":36,"turns":3},{"damage":7,"enemies":"Spire Growth","floor":37,"turns":4},{"damage":19,"enemies":"Transient","floor":41,"turns":5},{"damage":52,"enemies":"Nemesis","floor":42,"turns":7},{"damage":8,"enemies":"Sphere and 2 Shapes","floor":45,"turns":3},{"damage":38,"enemies":"Giant Head","floor":46,"turns":6},{"damage":11,"enemies":"Reptomancer","floor":48,"turns":4},{"damage":85,"enemies":"Donu and Deca","floor":50,"turns":5},{"damage":46,"enemies":"Shield and Spear","floor":54,"turns":2},{"damage":109,"enemies":"The Heart","floor":55,"turns":5}],"seed_played":"-418183769768289673","potions_obtained":[{"floor":7,"key":"Cursed Concoction"},{"floor":11,"key":"GamblersBrew"},{"floor":16,"key":"Doom Potion"},{"floor":18,"key":"SpeedPotion"},{"floor":30,"key":"Explosive Potion"},{"floor":36,"key":"SpeedPotion"},{"floor":42,"key":"Elixir"},{"floor":46,"key":"Flashbang"}],"is_trial":false,"path_per_floor":["M","?","M","?","?","R","E","R","T","E","M","R","$","?","R","B",null,"?","AVR","?","?","?","T","E","T","T","T","?","?","?","?","T","B",null,"?","?","?","T","?","T","?","E","T","T","?","E","T","E","T","B",null,"T","T","E","B",null],"character_chosen":"DEFECT","items_purchased":["Dream Catcher","Coolheaded","halation:Thesaurus","Omamori","Redo","Lee\u0027s Waffle","Gash","Force Field"],"campfire_rested":6,"item_purchase_floors":[13,13,38,38,38,47,47,53],"current_hp_per_floor":[69,69,69,48,48,48,46,46,46,30,24,49,49,28,53,47,76,54,54,47,47,30,55,59,59,59,84,69,69,65,62,62,59,79,75,69,72,72,81,85,79,37,37,37,29,4,98,87,87,2,74,98,98,52,35],"gold":44,"neow_bonus":"TEN_PERCENT_HP_BONUS","is_daily":false,"chose_seed":false,"campfire_upgraded":5,"win_rate":0.0,"timestamp":1612648924,"path_taken":["M","?","M","?","?","R","E","R","T","E","M","R","$","?","R","BOSS","?","AVR","?","?","?","T","E","T","T","T","?","?","?","?","T","BOSS","?","?","?","T","?","T","?","E","T","T","?","E","T","E","T","BOSS","T","T","E","BOSS"],"items_purchased_type":["Relic","Card","Relic","Relic","Card","Relic","Card","Card"],"build_version":"2020-12-22","purchased_purges":3,"victory":true,"max_hp_per_floor":[82,82,82,82,82,82,85,85,85,85,85,85,85,85,85,85,85,85,85,85,85,85,85,85,85,85,85,85,85,85,85,85,85,85,85,85,85,85,85,85,88,88,88,88,88,91,98,98,98,98,98,98,98,98,98],"card_choices":[{"not_picked":["Beam Cell","Compile Driver"],"picked":"Doom and Gloom","floor":1},{"not_picked":[],"picked":"Tempest","floor":2},{"not_picked":[],"picked":"Electrodynamics","floor":2},{"not_picked":["Go for the Eyes","Rebound"],"picked":"Coolheaded","floor":3},{"not_picked":["infinitespire:SealOfDarkness+","infinitespire:FinalStrike"],"picked":"Replay:Fractal Strike","floor":4},{"not_picked":["Chaos","Go for the Eyes"],"picked":"Gash","floor":7},{"not_picked":["Multi-Cast","Rebound","Melter","Heatsinks"],"picked":"StSpp:Igniter","floor":10},{"not_picked":["aspiration:Polymerization","Hologram","Sweeping Beam","Streamline"],"picked":"Gash","floor":11},{"not_picked":["Go for the Eyes","Hello World","Genetic Algorithm","Barrage"],"picked":"Streamline","floor":15},{"not_picked":["StSpp:MemoryLeak","StSpp:Converter","Hyperbeam","Multi-Cast"],"picked":"Core Surge","floor":16},{"not_picked":["Stack+1","Rebound","Cold Snap","Redo"],"picked":"Conserve Battery","floor":18},{"not_picked":["Steam+1","Crystallizer","Rebound+1","Cold Snap"],"picked":"Chill","floor":20},{"not_picked":["Streamline+1","Cold Snap","Compile Driver","Double Energy"],"picked":"Static Discharge+1","floor":23},{"not_picked":["Fusion","Doom and Gloom","All For One","Steam Power"],"picked":"StSpp:TargetLocked+1","floor":24},{"not_picked":["Doom and Gloom","Leap+1","StSpp:Fierceness","StSpp:Channeliser"],"picked":"Conserve Battery","floor":27},{"not_picked":["Go for the Eyes+1","Static Discharge","Doom and Gloom","Genetic Algorithm"],"picked":"Fusion","floor":28},{"not_picked":["Conserve Battery","Hologram","Rebound","Skim+1"],"picked":"Gash","floor":30},{"not_picked":["StSpp:Pointer","Sweeping Beam","Storm","Conserve Battery","Turbo"],"picked":"SKIP","floor":31},{"not_picked":["Core Surge","Seek","Machine Learning","ReplayRNGCard"],"picked":"Thunder Strike","floor":33},{"not_picked":["Lockon+1","Rip and Tear","Turbo","Coolheaded","Sweeping Beam+1"],"picked":"SKIP","floor":35},{"not_picked":["Compile Driver+1","Force Field+1","Doom and Gloom","Steam"],"picked":"Barrage","floor":36},{"not_picked":["Streamline+1","Self Repair","Double Energy","Rebound"],"picked":"Ball Lightning","floor":37},{"not_picked":["Steam+1","Stack+1","Gash","Beam Cell+1"],"picked":"Meteor Strike","floor":40},{"not_picked":["Glacier+1","Hologram","Beam Cell","Undo"],"picked":"Gash","floor":41},{"not_picked":["Beam Cell","Coolheaded+1","Turbo","Leap+1"],"picked":"Static Discharge+1","floor":42},{"not_picked":["Compile Driver","Melter","Gash+1","Genetic Algorithm+1"],"picked":"Consume+1","floor":45},{"not_picked":["Doom and Gloom+1","Cold Snap+1","Rebound+1","Recycle","Capacitor"],"picked":"SKIP","floor":46},{"not_picked":["Hello World","Barrage+1","Beam Cell+1","Go for the Eyes"],"picked":"Reinforced Body+1","floor":48},{"not_picked":["Ball Lightning+1","Sunder+1","Steam+1","Hologram"],"picked":"Stack","floor":52},{"not_picked":["Go for the Eyes+1","Scrape+1","Sweeping Beam","Rebound+1"],"picked":"Coolheaded+1","floor":54}],"player_experience":937377,"relics_obtained":[{"floor":7,"key":"aspiration:SeaSaltIceCream"},{"floor":9,"key":"StSpp:WoodenPendulum"},{"floor":10,"key":"Mirror"},{"floor":24,"key":"Gambling Chip"},{"floor":26,"key":"hubris:Reverence"},{"floor":41,"key":"halation:EternalFortune"},{"floor":42,"key":"infinitespire:CursedDice"},{"floor":46,"key":"halation:EternalFortune"},{"floor":46,"key":"reliquary:PartyBalloon"},{"floor":48,"key":"Replay:Wax Seal"},{"floor":54,"key":"hubris:TinFlute"}],"event_choices":[{"damage_healed":0,"gold_gain":0,"player_choice":"Take Damage","damage_taken":21,"relics_obtained":["Golden Idol"],"max_hp_gain":0,"max_hp_loss":0,"event_name":"Golden Idol","floor":14,"gold_loss":0},{"damage_healed":0,"gold_gain":0,"player_choice":"Ignored","damage_taken":0,"max_hp_gain":0,"max_hp_loss":0,"event_name":"betterNote:BetterNote","floor":21,"gold_loss":0,"cards_obtained":["RobotSpaceExplorer:SurgingShield"]},{"damage_healed":0,"gold_gain":0,"cards_transformed":["Strike_B","Strike_B"],"player_choice":"Became Test Subject","damage_taken":0,"max_hp_gain":0,"max_hp_loss":0,"event_name":"Drug Dealer","floor":29,"gold_loss":0,"cards_obtained":["Multi-Cast","aspiration:Polymerization"]}],"is_beta":false,"boss_relics":[{"not_picked":["halation:ForbiddenBikini","aspiration:PoetsPen"],"picked":"Painkiller Herb"},{"not_picked":["aspiration:WatcherSkillbook","strawberrySpire:RottenAvocado"],"picked":"Empty Cage"}],"items_purged_floors":[13,19,38],"is_endless":false,"potions_floor_spawned":[7,11,16,18,30,36,37,42,46],"ascension_level":6}}