{"host":"94qggqh0xz0sp6ai","time":1612648587,"event":{"mods":["100% Spire Juice","Abigail Mod","Act Like it!","BaseMod","CapriCore","Downfall","Friendly Minions","Gensokyo","Hermit","Jorbs\u0027s Wanderer Trilogy","Koishi","Marisa（霧雨　魔理沙）","Minty Spire (QoL Compilation)","Permanent Neow","Reimu（博??梦）","StSLib","The Alterego","The Construct","The Cursed","The Hierophant","The Immortal","The Marked","The Mystic","The Senshi","The Servant 0.9.4","TheBandit","Waifu the Spire"],"gold_per_floor":[118,46,6,74,74,74,89,89,113,129,146,146,158,181,181,283,43,55,55,69,99,99,124,124,84,111,5,5,35,35,35,35,132,12,27,77,37,259,278,307,307,339,389,382,382,262,262,273,273,253],"floor_reached":51,"language":"ENG","playtime":1464,"items_purged":[],"score":925,"play_id":"bd9257cc-fe8a-4291-85e0-b91625d130b0","local_time":"20210206155627","is_ascension_mode":true,"campfire_choices":[{"data":"Moonworks:Ambush","floor":6,"key":"SMITH"},{"data":"Moonworks:FinalSurgery","floor":8,"key":"SMITH"},{"data":"Moonworks:MiracleRedBeanIceCream","floor":12,"key":"SMITH"},{"data":"Moonworks:UnpaidWork","floor":15,"key":"SMITH"},{"data":"Moonworks:MeltingMemories","floor":24,"key":"SMITH"},{"data":"Moonworks:CookingTime","floor":28,"key":"SMITH"},{"data":"Moonworks:DeployBits","floor":30,"key":"SMITH"},{"data":"Moonworks:MiracleWalker","floor":32,"key":"SMITH"},{"data":"Moonworks:EvilSpyWorkPreparation","floor":41,"key":"SMITH"},{"data":"Moonworks:RocketCannon","floor":45,"key":"SMITH"},{"data":"Moonworks:WindyEnchantment","floor":47,"key":"SMITH"},{"floor":49,"key":"REST"}],"circlet_count":0,"master_deck":["Moonworks:Strike","Moonworks:Strike","Moonworks:Strike+1","Moonworks:Defend","Moonworks:Defend","Moonworks:Defend","Moonworks:Defend","Moonworks:Ambush+1","Moonworks:LongDistanceShot","Moonworks:FinalSurgery+1","Moonworks:SakisCookie","Moonworks:RagingMadness","Moonworks:EvilSpyWorkPreparation+1","Moonworks:MiracleRedBeanIceCream+1","Moonworks:UnpaidWork+1","Moonworks:MeltingMemories+1","Moonworks:EvilSpyWorkPreparation+1","Moonworks:LulusLuckyEgg+1","Moonworks:SakisCookie","Moonworks:MiracleWalker+1","Moonworks:CookingTime+1","Moonworks:DeployBits+1","Moonworks:RocketCannon+1","Moonworks:NicePresent+1","Moonworks:LuckyCharm","Moonworks:WindyEnchantment+1","Moonworks:NicePresent+1","Moonworks:CookingTime+1","Moonworks:SweetBattle+1","Poor:ReiMu","Moonworks:NicePresent"],"relics":["Moonworks:SBBomb","Moonworks:Homemark","PaintedHorse:ReiMu","Omamori","Juzu Bracelet","Cursed Key","sneckomod:BabySnecko","Red Mask","CrazyTorch:ReiMu","Smiling Mask","Unceasing Top","construct:RocketBooster","Art of War","Orichalcum","Bronze Scales"],"acts_visited":["Exordium","TheCity","TheBeyond"],"potions_floor_usage":[16,23,50,50],"damage_taken":[{"damage":1,"enemies":"Cultist","floor":1,"turns":4},{"damage":6,"enemies":"Small Slimes","floor":7,"turns":2},{"damage":6,"enemies":"2 Louse","floor":10,"turns":3},{"damage":7,"enemies":"Exordium Wildlife","floor":11,"turns":3},{"damage":3,"enemies":"Large Slime","floor":13,"turns":3},{"damage":25,"enemies":"Slime Boss","floor":16,"turns":5},{"damage":0,"enemies":"Chosen","floor":18,"turns":2},{"damage":22,"enemies":"Spheric Guardian","floor":20,"turns":4},{"damage":5,"enemies":"Masked Bandits","floor":21,"turns":3},{"damage":0,"enemies":"Slavers","floor":23,"turns":3},{"damage":12,"enemies":"3 Cultists","floor":27,"turns":3},{"damage":14,"enemies":"Book of Stabbing","floor":29,"turns":3},{"damage":17,"enemies":"Automaton","floor":33,"turns":5},{"damage":7,"enemies":"3 Darklings","floor":35,"turns":3},{"damage":0,"enemies":"Mind Bloom Boss Battle","floor":36,"turns":3},{"damage":0,"enemies":"Orb Walker","floor":39,"turns":2},{"damage":21,"enemies":"Nemesis","floor":40,"turns":5},{"damage":2,"enemies":"Giant Head","floor":42,"turns":4},{"damage":0,"enemies":"Transient","floor":44,"turns":5},{"damage":22,"enemies":"Spire Growth","floor":48,"turns":3},{"damage":42,"enemies":"Donu and Deca","floor":50,"turns":4}],"seed_played":"-4584300680429081674","potions_obtained":[{"floor":7,"key":"Strength Potion"},{"floor":11,"key":"Fire Potion"},{"floor":20,"key":"Dexterity Potion"},{"floor":23,"key":"Energy Potion"},{"floor":39,"key":"DuplicationPotion"}],"is_trial":false,"path_per_floor":["M","$","?","?","?","R","M","R","T","M","M","R","M","T","R","B",null,"M","?","M","?","?","E","R","$","T","M","R","E","R","$","R","B",null,"M","?","$","?","M","E","R","E","T","M","R","?","R","M","R","B",null],"character_chosen":"THE_STARBREAKER","items_purchased":["Moonworks:RagingMadness","Moonworks:MiracleWalker","Moonworks:WindyEnchantment"],"campfire_rested":1,"item_purchase_floors":[2,25,37],"current_hp_per_floor":[59,59,59,59,64,64,58,58,58,52,50,50,49,49,49,31,65,65,65,43,38,59,65,65,65,65,53,53,54,54,54,54,65,65,60,62,62,62,62,58,58,65,65,65,65,59,59,43,62,42],"gold":253,"neow_bonus":"TRANSFORM_CARD","is_daily":false,"chose_seed":false,"campfire_upgraded":11,"win_rate":0.0,"timestamp":1612648587,"path_taken":["M","$","?","?","?","R","M","R","T","M","M","R","M","?","R","BOSS","M","?","M","?","?","E","R","$","T","M","R","E","R","$","R","BOSS","M","?","$","?","M","E","R","E","T","M","R","?","R","M","R","BOSS"],"items_purchased_type":["Card","Card","Card"],"build_version":"2020-12-22","purchased_purges":0,"victory":true,"max_hp_per_floor":[60,60,60,60,65,65,65,65,65,65,65,65,65,65,65,65,65,65,65,65,65,65,65,65,65,65,65,65,65,65,65,65,65,65,65,65,65,65,65,65,65,65,65,65,65,65,65,65,65,65],"card_choices":[{"not_picked":["Moonworks:Heat300Percent","Moonworks:DeployBits"],"picked":"Moonworks:SakisCookie","floor":1},{"not_picked":["Moonworks:JonathanRush","Moonworks:MiracleRedBeanIceCream"],"picked":"Moonworks:EvilSpyWorkPreparation","floor":7},{"not_picked":["Moonworks:IndiscriminateFireSupport","Moonworks:SakisCookie"],"picked":"Moonworks:MiracleRedBeanIceCream","floor":10},{"not_picked":["Moonworks:Assault","Moonworks:DevilHand","Moonworks:ImOnFire"],"picked":"SKIP","floor":11},{"not_picked":["Moonworks:BigMagnum","Moonworks:EvilSpyWorkPreparation"],"picked":"Moonworks:UnpaidWork","floor":13},{"not_picked":["Moonworks:WeAreWaruda","Moonworks:GoAway"],"picked":"Moonworks:MeltingMemories","floor":16},{"not_picked":["Moonworks:SakisCookie","Moonworks:SelfDestruct"],"picked":"Moonworks:EvilSpyWorkPreparation+1","floor":18},{"not_picked":["Moonworks:SakisCookie","Moonworks:JonathanRush+1"],"picked":"Moonworks:LulusLuckyEgg+1","floor":20},{"not_picked":["Moonworks:CloudOfSeagulls+1","Moonworks:EvilMastermind"],"picked":"Moonworks:SakisCookie","floor":23},{"not_picked":["Moonworks:ExtendedPhotonRifle","Moonworks:ImOnFire"],"picked":"Moonworks:CookingTime","floor":27},{"not_picked":["Moonworks:UnpaidWork","Moonworks:LulusLuckyEgg"],"picked":"Moonworks:DeployBits","floor":29},{"not_picked":["Moonworks:OutOfAmmo","Moonworks:Wanted"],"picked":"Moonworks:RocketCannon","floor":33},{"not_picked":["Moonworks:ImmovableObject+1","Moonworks:StiffCrystal"],"picked":"Moonworks:NicePresent","floor":35},{"not_picked":["Moonworks:BigMagnum","Moonworks:SakisCookie"],"picked":"Moonworks:LuckyCharm","floor":36},{"not_picked":["Moonworks:BackdoorTrade+1","Moonworks:CookingTime"],"picked":"Moonworks:NicePresent+1","floor":39},{"not_picked":["Moonworks:FinalSurgery+1","Moonworks:EvilSpyWorkPreparation"],"picked":"Moonworks:CookingTime+1","floor":40},{"not_picked":["Moonworks:BigMagnum","Moonworks:JonathanRush+1"],"picked":"Moonworks:SweetBattle+1","floor":42},{"not_picked":["Moonworks:SakisCookie","Moonworks:AccelHyper"],"picked":"Moonworks:NicePresent","floor":44},{"not_picked":["Moonworks:CloudOfSeagulls","Moonworks:Assault+1","Moonworks:BeyondHell"],"picked":"SKIP","floor":48}],"player_experience":1528604,"relics_obtained":[{"floor":9,"key":"Omamori"},{"floor":14,"key":"Juzu Bracelet"},{"floor":21,"key":"Red Mask"},{"floor":23,"key":"CrazyTorch:ReiMu"},{"floor":26,"key":"Smiling Mask"},{"floor":29,"key":"Unceasing Top"},{"floor":36,"key":"construct:RocketBooster"},{"floor":40,"key":"Art of War"},{"floor":42,"key":"Orichalcum"},{"floor":43,"key":"Bronze Scales"}],"event_choices":[{"damage_healed":0,"gold_gain":0,"player_choice":"Donate","damage_taken":0,"relics_obtained":["PaintedHorse:ReiMu"],"max_hp_gain":0,"max_hp_loss":0,"event_name":"yidonshenshe","floor":3,"gold_loss":40},{"damage_healed":0,"gold_gain":68,"player_choice":"Gained Gold","damage_taken":0,"max_hp_gain":0,"max_hp_loss":0,"event_name":"Golden Wing","floor":4,"gold_loss":0},{"damage_healed":0,"gold_gain":0,"player_choice":"Donut","damage_taken":0,"max_hp_gain":5,"max_hp_loss":0,"event_name":"Big Fish","floor":5,"gold_loss":0},{"damage_healed":0,"gold_gain":0,"player_choice":"Fought Bandits","damage_taken":0,"max_hp_gain":0,"max_hp_loss":0,"event_name":"Masked Bandits","floor":21,"gold_loss":0},{"damage_healed":21,"gold_gain":0,"player_choice":"Heal","damage_taken":0,"max_hp_gain":0,"max_hp_loss":0,"event_name":"The Library","floor":22,"gold_loss":0},{"damage_healed":0,"gold_gain":0,"player_choice":"Fight","damage_taken":0,"max_hp_gain":0,"max_hp_loss":0,"event_name":"MindBloom","floor":36,"gold_loss":0},{"damage_healed":0,"gold_gain":222,"player_choice":"Wore Mask","damage_taken":0,"max_hp_gain":0,"max_hp_loss":0,"event_name":"Tomb of Lord Red Mask","floor":38,"gold_loss":0},{"damage_healed":0,"gold_gain":0,"player_choice":"Damaged","damage_taken":6,"max_hp_gain":0,"max_hp_loss":0,"event_name":"Wheel of Change","floor":46,"gold_loss":0}],"is_beta":false,"boss_relics":[{"not_picked":["Sozu","RedLine:ReiMu"],"picked":"Cursed Key"},{"not_picked":["theSenshi:MoonKaleidoScopeRelic","Coffee Dripper"],"picked":"Moonworks:SBBomb"}],"items_purged_floors":[],"is_endless":false,"potions_floor_spawned":[7,11,20,23,39,42,44],"ascension_level":4}}