{"host":"z2o61o1qvcmvhuul","time":1612603202,"event":{"mods":["BaseMod","Downfall","Minty Spire (QoL Compilation)","Quick Restart","Replay The Spire","StSLib","Starting Relic: Pandora\u0027s Box","SuperFastMode"],"gold_per_floor":[114,55,55,55,55,55,90,90,90,109,34,60,60,60,60,134,134,147,197,215,49,49,49,79,99,123,141,141,173,5,55,55,130,130,147,197,217,217,236,236,262,274,328,354,354,367,159,171,171,171,171,171],"floor_reached":51,"language":"ZHS","playtime":1249,"items_purged":["DeceiveReality","Hallucinations"],"score":1548,"play_id":"03f1a97f-4e0d-4309-9a82-db20cff1151c","local_time":"20210206172002","is_ascension_mode":true,"campfire_choices":[{"data":"Eruption","floor":6.0,"key":"SMITH"},{"data":"Prostrate","floor":8.0,"key":"SMITH"},{"data":"BowlingBash","floor":13.0,"key":"SMITH"},{"data":"TalkToTheHand","floor":15.0,"key":"SMITH"},{"data":"Scrawl","floor":23.0,"key":"SMITH"},{"data":"Acrobatics","floor":28.0,"key":"SMITH"},{"data":"Vault","floor":32.0,"key":"SMITH"},{"data":"FlurryOfBlows","floor":40.0,"key":"SMITH"},{"data":"Adrenaline","floor":45.0,"key":"SMITH"},{"data":"Parasite","floor":49,"key":"PURGE"}],"circlet_count":0,"master_deck":["AscendersBane","Eruption+1","Vigilance+1","Prostrate+1","FlurryOfBlows+1","ClearTheMind","Prostrate","FlurryOfBlows","TalkToTheHand+1","BowlingBash+1","Predator","Omniscience+1","Scrawl+1","Acrobatics+1","DeusExMachina","Vault+1","Adrenaline+1","JustLucky","Replay:LoomingThreat"],"relics":["NeowsBlessing","Replay:M_StaffOfTheSnake","Replay:Bottled Steam","Potion Belt","Bronze Scales","Coffee Dripper","Peace Pipe","ReplayFunnel","Vajra","Bottled Lightning","Orrery","Ring of Greed","Membership Card","Replay:Wax Seal","Ring of Fury","Replay:Baseball","ReplayTheSpireMod:TigerMarble","War Paint"],"acts_visited":["Exordium","TheCity","TheBeyond"],"potions_floor_usage":[],"damage_taken":[{"damage":0.0,"enemies":"Small Slimes","floor":1.0,"turns":1.0},{"damage":0.0,"enemies":"Gremlin Nob","floor":7.0,"turns":1.0},{"damage":0.0,"enemies":"Jaw Worm","floor":10.0,"turns":1.0},{"damage":6.0,"enemies":"3 Sentries","floor":12.0,"turns":4.0},{"damage":15.0,"enemies":"Fading Forest","floor":16.0,"turns":13.0},{"damage":0.0,"enemies":"Shell Parasite","floor":18.0,"turns":1.0},{"damage":0.0,"enemies":"Chosen","floor":20.0,"turns":2.0},{"damage":0.0,"enemies":"Slavers","floor":24.0,"turns":2.0},{"damage":0.0,"enemies":"Snake Plant","floor":25.0,"turns":2.0},{"damage":0.0,"enemies":"3 Cultists","floor":27.0,"turns":3.0},{"damage":0.0,"enemies":"Gremlin Leader","floor":29.0,"turns":2.0},{"damage":0.0,"enemies":"Automaton","floor":33.0,"turns":3.0},{"damage":0.0,"enemies":"Orb Walker","floor":35.0,"turns":1.0},{"damage":0.0,"enemies":"3 Darklings","floor":37.0,"turns":1.0},{"damage":1.0,"enemies":"4 Shapes","floor":39.0,"turns":2.0},{"damage":0.0,"enemies":"R_Hoarder","floor":41.0,"turns":3.0},{"damage":0.0,"enemies":"Spire Growth","floor":42.0,"turns":2.0},{"damage":0.0,"enemies":"Giant Head","floor":44.0,"turns":2.0},{"damage":0.0,"enemies":"3 Darklings","floor":46.0,"turns":2.0},{"damage":0.0,"enemies":"Writhing Mass","floor":48.0,"turns":3.0},{"damage":38,"enemies":"Replay:Hell Engine","floor":50,"turns":5},{"damage":0,"enemies":"Awakened One","floor":51,"turns":1}],"seed_played":"-62819025086406707","potions_obtained":[{"floor":10.0,"key":"LiquidMemories"},{"floor":12.0,"key":"EntropicBrew"},{"floor":16.0,"key":"Elixir"},{"floor":18.0,"key":"champ:CounterPotion"},{"floor":24.0,"key":"Elixir"},{"floor":25.0,"key":"Dexterity Potion"},{"floor":37.0,"key":"Fire Potion"},{"floor":39.0,"key":"champ:CounterPotion"},{"floor":41.0,"key":"Slimebound:ThreeZeroPotion"},{"floor":48.0,"key":"Languid Potion"}],"is_trial":false,"path_per_floor":["M","$","?","?","$","R","E","R","T","M","$","E","R","?","R","B",null,"M","?","M","$","?","R","E","M","T","M","R","E","$","?","R","B",null,"M","?","M","?","M","R","E","M","T","E","R","M","$","M","R","B","B"],"character_chosen":"WATCHER","items_purchased":["BowlingBash","Scrawl","Orrery","Replay:LoomingThreat","War Paint"],"campfire_rested":0,"item_purchase_floors":[2,21,30,47,47],"current_hp_per_floor":[61,61,61,61,61,61,61,61,61,61,61,55,55,48,48,67,68,68,68,68,68,68,68,68,68,68,68,68,68,68,68,68,68,68,68,68,68,68,67,67,67,67,67,67,67,67,67,67,65,27,27,27],"gold":171,"neow_bonus":"THREE_ENEMY_KILL","is_daily":false,"chose_seed":false,"campfire_upgraded":9,"win_rate":0.0,"timestamp":1612603202,"path_taken":["M","$","?","?","?","R","E","R","T","M","$","E","R","?","R","BOSS","M","?","?","$","?","R","E","?","T","M","R","E","$","?","R","BOSS","M","?","M","?","M","R","E","M","T","E","R","M","$","?","R","BOSS","BOSS"],"items_purchased_type":["Card","Card","Relic","Card","Relic"],"build_version":"2020-12-22","purchased_purges":2,"victory":false,"max_hp_per_floor":[68,68,68,68,68,68,68,68,68,68,68,68,68,68,68,68,68,68,68,68,68,68,68,68,68,68,68,68,68,68,68,68,68,68,68,68,68,68,68,68,68,68,68,68,68,68,68,68,65,65,65,65],"card_choices":[{"not_picked":["PathToVictory","Pray"],"picked":"TalkToTheHand","floor":1.0},{"not_picked":["PathToVictory","MasterReality"],"picked":"Predator","floor":7.0},{"not_picked":["Flying Knee","EmptyFist","Dagger Throw"],"picked":"SKIP","floor":10.0},{"not_picked":["Prostrate","Evaluate","EmptyBody"],"picked":"SKIP","floor":12.0},{"not_picked":["Night Terror","Ragnarok"],"picked":"Omniscience","floor":16.0},{"not_picked":["WreathOfFlame","Prostrate","JustLucky"],"picked":"SKIP","floor":18.0},{"not_picked":["ThirdEye","Halt","Blasphemy"],"picked":"SKIP","floor":20.0},{"not_picked":["Indignation","LikeWater","Replay:BluntJabs"],"picked":"SKIP","floor":24.0},{"not_picked":["BowlingBash","PathToVictory+1"],"picked":"Acrobatics","floor":25.0},{"not_picked":["SandsOfTime","Sanctity","Prostrate"],"picked":"SKIP","floor":27.0},{"not_picked":["Outmaneuver","Consecrate","PathToVictory"],"picked":"SKIP","floor":29.0},{"not_picked":["EmptyBody","BowlingBash"],"picked":"DeusExMachina","floor":30.0},{"not_picked":["Sanctity","Predator"],"picked":"Vault","floor":30.0},{"not_picked":["Wish","Night Terror"],"picked":"Adrenaline","floor":33.0},{"not_picked":["Vengeance+1","CarveReality","ThirdEye"],"picked":"SKIP","floor":35.0},{"not_picked":["Consecrate+1","Replay:DivineShield","SashWhip"],"picked":"SKIP","floor":37.0},{"not_picked":["FlyingSleeves","Study","WheelKick"],"picked":"SKIP","floor":39.0},{"not_picked":["EmptyBody","Replay:DivineShield","Consecrate"],"picked":"SKIP","floor":41.0},{"not_picked":["Replay:Cycle","FlurryOfBlows+1","Replay:BluntJabs"],"picked":"SKIP","floor":42.0},{"not_picked":["Replay:ManipulateFuture","Wireheading+1","Protect"],"picked":"SKIP","floor":44.0},{"not_picked":["FlyingSleeves","Replay:BluntJabs","Consecrate"],"picked":"SKIP","floor":46.0},{"not_picked":["Prostrate","BowlingBash","Collect+1"],"picked":"SKIP","floor":48.0}],"player_experience":137039,"relics_obtained":[{"floor":7.0,"key":"Replay:Bottled Steam"},{"floor":9.0,"key":"Potion Belt"},{"floor":12.0,"key":"Bronze Scales"},{"floor":22.0,"key":"Peace Pipe"},{"floor":24.0,"key":"ReplayFunnel"},{"floor":26.0,"key":"Vajra"},{"floor":29.0,"key":"Bottled Lightning"},{"floor":36.0,"key":"Ring of Greed"},{"floor":36.0,"key":"Membership Card"},{"floor":36.0,"key":"Replay:Wax Seal"},{"floor":36.0,"key":"Ring of Fury"},{"floor":41.0,"key":"Replay:Baseball"},{"floor":44.0,"key":"ReplayTheSpireMod:TigerMarble"}],"event_choices":[{"damage_healed":0.0,"max_hp_gain":0.0,"max_hp_loss":0.0,"gold_gain":0.0,"event_name":"The Cleric","player_choice":"Leave","floor":3.0,"gold_loss":0.0,"damage_taken":0.0},{"cards_removed":["CutThroughFate"],"damage_healed":0.0,"max_hp_gain":0.0,"max_hp_loss":0.0,"gold_gain":0.0,"event_name":"Golden Wing","player_choice":"Card Removal","floor":14.0,"gold_loss":0.0,"damage_taken":7.0},{"damage_healed":0.0,"max_hp_gain":0.0,"max_hp_loss":0.0,"gold_gain":50.0,"event_name":"Golden Shrine","player_choice":"Pray","floor":19.0,"gold_loss":0.0,"damage_taken":0.0},{"damage_healed":0.0,"max_hp_gain":0.0,"max_hp_loss":0.0,"gold_gain":0.0,"event_name":"Wheel of Change","player_choice":"Relic","floor":22.0,"gold_loss":0.0,"damage_taken":0.0},{"damage_healed":0.0,"max_hp_gain":0.0,"max_hp_loss":0.0,"gold_gain":50.0,"event_name":"Nest","player_choice":"Stole From Cult","floor":31.0,"gold_loss":0.0,"damage_taken":0.0},{"damage_healed":0.0,"max_hp_gain":0.0,"max_hp_loss":0.0,"gold_gain":0.0,"cards_transformed":["Replay:BluntJabs"],"event_name":"Transmorgrifier","player_choice":"Transformed","floor":38.0,"gold_loss":0.0,"damage_taken":0.0,"cards_obtained":["JustLucky"]}],"is_beta":false,"boss_relics":[{"not_picked":["Abe\u0027s Treasure","Calling Bell"],"picked":"Coffee Dripper"},{"not_picked":["ChewingGum","Velvet Choker","Snecko Eye"]}],"items_purged_floors":[11,47],"is_endless":false,"potions_floor_spawned":[10,12,16,18,24,25,37,39,41,48],"killed_by":"Awakened One","ascension_level":20}}