{"host":"zy8sn0tmwn4g7fne","time":1612583387,"event":{"mods":["Act Like it!","BaseMod","Better-Laid Plans","CapriCore","Gensokyo","Marisa（F雨　魔理沙）","Minty Spire (QoL Compilation)","MostiFishMod","Quick Restart","Remilia（蕾米莉亚）","StSLib","The Immortal","[IsaacMod]以撒尖塔","【功能Mod】Neow奖励","【功能Mod】强力的原版药水"],"gold_per_floor":[114,114,124,24,24,24,50,50,75,75,26,26,40,59,59,130,130,142,154,169,169,94,94,113,141,141,141,175,175,197,197,197],"floor_reached":31,"language":"ZHS","playtime":1835,"items_purged":["Gensokyo:AllTheWorldsEvil"],"score":546,"play_id":"94b04246-d95b-460f-81f0-06eb36b19f37","local_time":"20210206114947","is_ascension_mode":true,"campfire_choices":[{"data":"DoctorFetus","floor":6.0,"key":"SMITH"},{"data":"Poisoned Stab","floor":8.0,"key":"SMITH"},{"data":"Neutralize","floor":10.0,"key":"SMITH"},{"data":"Blur","floor":12.0,"key":"SMITH"},{"data":"Footwork","floor":15.0,"key":"SMITH"},{"data":"Envenom","floor":23.0,"key":"SMITH"},{"data":"Concentrate","floor":27.0,"key":"SMITH"}],"circlet_count":0,"master_deck":["AscendersBane","Strike_G","Strike_G","Strike_G","Strike_G","Strike_G","Defend_G","Defend_G","Defend_G","Defend_G","Defend_G","Survivor","Neutralize+1","DoctorFetus+1","Poisoned Stab+1","Blur+1","Escape Plan","Expertise","Footwork+1","Envenom+1","Blur","Concentrate+1","Reflex+1","Acrobatics+1"],"relics":["DaveBox","HushsDoor","PillsDrop","TimeFreeze","Runic Pyramid","SynthV:TestCard","Mercury Hourglass","Happy Flower","SacredBark","BookOfRevelations","CeramicFish","GnawedLeaf","White Beast Statue","Frozen Eye"],"acts_visited":["Exordium","Gensokyo:Gensokyo"],"potions_floor_usage":[],"damage_taken":[{"damage":9.0,"enemies":"Gensokyo:Python","floor":1.0,"turns":5.0},{"damage":3.0,"enemies":"Gensokyo:Gryphon","floor":3.0,"turns":5.0},{"damage":1.0,"enemies":"Gensokyo:Aya","floor":7.0,"turns":5.0},{"damage":0.0,"enemies":"Gensokyo:2_Kodama","floor":13.0,"turns":3.0},{"damage":0.0,"enemies":"Gensokyo:5_Fairies","floor":14.0,"turns":5.0},{"damage":12.0,"enemies":"Gensokyo:Reimu","floor":16.0,"turns":8.0},{"damage":0.0,"enemies":"Gensokyo:Chomper","floor":18.0,"turns":6.0},{"damage":2.0,"enemies":"Gensokyo:2_Gloops","floor":19.0,"turns":6.0},{"damage":11.0,"enemies":"Gensokyo:Mirror_and_Dog","floor":20.0,"turns":7.0},{"damage":0.0,"enemies":"Gensokyo:Monolith_and_Dog","floor":24.0,"turns":9.0},{"damage":15.0,"enemies":"Gensokyo:Tenshi","floor":25.0,"turns":8.0},{"damage":0.0,"enemies":"Gensokyo:Reisen","floor":28.0,"turns":6.0},{"damage":4,"enemies":"Gensokyo:Slime_Group","floor":30,"turns":8},{"damage":34,"enemies":"Gensokyo:Koishi","floor":31,"turns":8}],"seed_played":"262019494501799700","potions_obtained":[{"floor":1.0,"key":"Dexterity Potion"},{"floor":3.0,"key":"Energy Potion"},{"floor":28.0,"key":"DuplicationPotion"}],"is_trial":false,"path_per_floor":["M","?","M","?","$","R","E","R","T","R","COS","R","M","M","R","B",null,"M","M","M","?","$","R","M","E","T","R","E","?","M","E"],"character_chosen":"THE_SILENT","items_purchased":[],"campfire_rested":0,"item_purchase_floors":[],"current_hp_per_floor":[50,56,53,53,53,53,52,52,52,52,52,52,54,56,56,44,65,65,63,52,52,52,52,52,37,37,37,37,37,33,0,0],"gold":197,"neow_bonus":"BOSS_RELIC","is_daily":false,"chose_seed":false,"campfire_upgraded":7,"win_rate":0.0,"timestamp":1612583387,"path_taken":["M","?","M","?","$","R","E","R","T","R","COS","R","M","M","R","BOSS","M","M","M","?","$","R","M","E","T","R","E","?","M","E"],"items_purchased_type":[],"build_version":"2020-12-22","purchased_purges":1,"victory":false,"max_hp_per_floor":[66,72,72,72,72,72,72,72,72,72,72,72,72,72,72,72,72,67,67,67,67,67,67,67,67,67,67,67,61,61,61,61],"card_choices":[{"not_picked":[],"picked":"DoctorFetus","floor":0.0},{"not_picked":["Choke","Concentrate"],"picked":"Poisoned Stab","floor":1.0},{"not_picked":["Backflip","Dash","Poisoned Stab","All Out Attack"],"picked":"Blur","floor":3.0},{"not_picked":["Choke","Dash","Caltrops","Underhanded Strike"],"picked":"Escape Plan","floor":7.0},{"not_picked":["Dodge and Roll","Storm of Steel","Flying Knee","Dagger Spray"],"picked":"Expertise","floor":13.0},{"not_picked":["Quick Slash","Unload","Deflect","Sucker Punch"],"picked":"Footwork","floor":14.0},{"not_picked":["MostiFishMod:Listen","MostiFishMod:SpreadingSpore","Phantasmal Killer","Storm of Steel"],"picked":"Envenom","floor":16.0},{"not_picked":["MostiFishMod:PoisonShield","Riddle With Holes","Underhanded Strike+1","Cloak And Dagger","Deadly Poison"],"picked":"SKIP","floor":18.0},{"not_picked":["Underhanded Strike","Deflect","Dagger Spray+1","Slice","Poisoned Stab"],"picked":"SKIP","floor":19.0},{"not_picked":["MostiFishMod:PerfectParry","Flying Knee","MostiFishMod:PoisonShield+1","Dagger Spray"],"picked":"Blur","floor":20.0},{"not_picked":["MostiFishMod:PerfectParry","MostiFishMod:InvigoratingSolution","Backstab","Slice","Dagger Spray"],"picked":"SKIP","floor":24.0},{"not_picked":["Predator","Deflect","Slice+1","Sucker Punch"],"picked":"Concentrate","floor":25.0},{"not_picked":["Storm of Steel","Flying Knee","MostiFishMod:PerfectParry","MostiFishMod:PreservedThorns"],"picked":"Reflex+1","floor":28.0},{"not_picked":["Outmaneuver","Flechettes","Skewer","Blade Dance"],"picked":"Acrobatics+1","floor":30}],"player_experience":626543,"relics_obtained":[{"floor":1.0,"key":"SynthV:TestCard"},{"floor":7.0,"key":"Happy Flower"},{"floor":25.0,"key":"BookOfRevelations"},{"floor":26.0,"key":"CeramicFish"},{"floor":28.0,"key":"GnawedLeaf"}],"event_choices":[],"is_beta":false,"boss_relics":[{"not_picked":["BloodWine","RhineFirstAidKit"],"picked":"SacredBark"},{"not_picked":[]}],"items_purged_floors":[22],"is_endless":false,"potions_floor_spawned":[1,3,18,24,28,30],"killed_by":"Gensokyo:Koishi","ascension_level":20}}