{"host":"9bcvatsnbq1a3xq4","time":1612631255,"event":{"mods":["BaseMod","Bestiary","Block Reminder","Highlight Path","Minty Spire (QoL Compilation)","Relic Stats"],"gold_per_floor":[116,127,202,12,23,23,49,49,49,74,84,84,95,95,95,95,95],"floor_reached":16,"language":"ENG","playtime":1462,"items_purged":["Decay"],"score":220,"play_id":"a7ffc5f3-d9d8-4934-ae4d-9bee18feefca","local_time":"20210206180735","is_ascension_mode":true,"campfire_choices":[{"floor":6,"key":"REST"},{"data":"Compile Driver","floor":8,"key":"SMITH"},{"floor":15,"key":"REST"}],"circlet_count":0,"master_deck":["AscendersBane","Strike_B","Strike_B","Defend_B","Defend_B","Defend_B","Zap","Dualcast","Hello World","Loop","Static Discharge","Defragment+1","Cold Snap","Self Repair","Compile Driver+1","Coolheaded","Reboot","Undo"],"relics":["Cracked Core","Frozen Egg 2","Sundial","Smiling Mask"],"acts_visited":[],"potions_floor_usage":[7,11,16],"damage_taken":[{"damage":17,"enemies":"Small Slimes","floor":1,"turns":3},{"damage":16,"enemies":"Jaw Worm","floor":2,"turns":3},{"damage":6,"enemies":"Cultist","floor":5,"turns":4},{"damage":13,"enemies":"Lagavulin","floor":7,"turns":7},{"damage":22,"enemies":"3 Sentries","floor":10,"turns":11},{"damage":5,"enemies":"2 Fungi Beasts","floor":11,"turns":5},{"damage":10,"enemies":"Exordium Thugs","floor":13,"turns":9},{"damage":42,"enemies":"Slime Boss","floor":16,"turns":12}],"seed_played":"702041698854544636","potions_obtained":[{"floor":1,"key":"FearPotion"},{"floor":5,"key":"Dexterity Potion"},{"floor":11,"key":"Dexterity Potion"}],"is_trial":false,"path_per_floor":["M","M","?","$","M","R","E","R","T","E","M","?","M","?","R","B"],"character_chosen":"DEFECT","items_purchased":["Cold Snap","Self Repair"],"campfire_rested":2,"item_purchase_floors":[4,4],"current_hp_per_floor":[47,31,20,20,21,42,36,36,36,21,23,23,20,13,34,0,0],"gold":95,"neow_bonus":"TRANSFORM_TWO_CARDS","is_daily":false,"chose_seed":false,"campfire_upgraded":1,"win_rate":0.0,"timestamp":1612631255,"path_taken":["M","M","?","$","M","R","E","R","T","E","M","?","?","?","R","BOSS"],"items_purchased_type":["Card","Card"],"build_version":"2020-12-22","purchased_purges":1,"victory":false,"max_hp_per_floor":[71,71,71,71,71,71,71,71,71,71,71,71,71,71,71,71,71],"relic_stats":{"counters":[8,54],"Sundial":[6],"Smiling Mask":0,"obtain_stats":[{"Sundial":9,"Frozen Egg 2":7,"Cracked Core":0,"Smiling Mask":10},{"Sundial":4,"Frozen Egg 2":4,"Cracked Core":0,"Smiling Mask":5},{"Sundial":17,"Frozen Egg 2":17,"Cracked Core":0,"Smiling Mask":28}]},"card_choices":[{"not_picked":["Rip and Tear","Scrape"],"picked":"Static Discharge","floor":1},{"not_picked":["Scrape","Go for the Eyes"],"picked":"Defragment","floor":2},{"not_picked":["Loop","Streamline"],"picked":"Compile Driver","floor":5},{"not_picked":["Consume","Stack"],"picked":"Coolheaded","floor":7},{"not_picked":["Undo","Cold Snap"],"picked":"Reboot","floor":10},{"not_picked":["Steam Power","Conserve Battery"],"picked":"Undo","floor":11},{"not_picked":["Rebound","Streamline","Coolheaded"],"picked":"SKIP","floor":13}],"player_experience":785928,"relics_obtained":[{"floor":7,"key":"Frozen Egg 2"},{"floor":9,"key":"Sundial"},{"floor":10,"key":"Smiling Mask"}],"event_choices":[{"damage_healed":0,"gold_gain":75,"player_choice":"Gather Gold","damage_taken":11,"max_hp_gain":0,"max_hp_loss":0,"event_name":"World of Goop","floor":3,"gold_loss":0},{"damage_healed":0,"gold_gain":0,"player_choice":"Upgraded","damage_taken":0,"max_hp_gain":0,"max_hp_loss":0,"event_name":"Upgrade Shrine","floor":12,"gold_loss":0,"cards_upgraded":["Defragment"]},{"cards_removed":["Strike_B"],"damage_healed":0,"gold_gain":0,"player_choice":"Card Removal","damage_taken":7,"max_hp_gain":0,"max_hp_loss":0,"event_name":"Golden Wing","floor":14,"gold_loss":0}],"is_beta":false,"boss_relics":[],"items_purged_floors":[4],"is_endless":false,"potions_floor_spawned":[1,5,11],"killed_by":"Slime Boss","ascension_level":20}}