{"host":"c0rqchpxu0yjpthq","time":1612623102,"event":{"mods":["Arknights","BaseMod","Challenge The Spire","HololiveMod","Minty Spire (QoL Compilation)","Relic Stats","Spicy Shops","StSLib"],"gold_per_floor":[116,391,404,404,421,421,4,4,4,4,4,37,37,71,71,172,172,182,196,196,206,43,76,76,93,93,125,125,140,160,180,180,288,288,301,314,5,59,59,90,90,108,108,0,33,49,49,11,11,11],"floor_reached":51,"language":"ZHS","playtime":2543,"items_purged":["Regret","Normality","Writhe"],"score":853,"play_id":"be191b4f-6b82-4e70-a107-166298e93ca7","local_time":"20210206225142","is_ascension_mode":false,"campfire_choices":[{"data":"Dagger Spray","floor":6.0,"key":"SMITH"},{"data":"Infinite Blades","floor":8,"key":"SMITH"},{"data":"Neutralize","floor":10,"key":"SMITH"},{"data":"Unload","floor":13,"key":"SMITH"},{"data":"Survivor","floor":15,"key":"SMITH"},{"data":"Apotheosis","floor":24,"key":"SMITH"},{"data":"After Image","floor":32,"key":"SMITH"},{"data":"Strike_G","floor":41,"key":"PURGE"},{"data":"Defend_G","floor":47,"key":"PURGE"},{"data":"Strike_G","floor":49,"key":"PURGE"}],"circlet_count":0,"master_deck":["Strike_G","Strike_G","Strike_G","Defend_G","Defend_G","Defend_G","Survivor+1","Neutralize+1","Escape Plan","Dagger Spray+1","Infinite Blades+1","Unload+1","Envenom","Apotheosis+1","Doppelganger","Expertise","After Image+1","Adrenaline","Masterful Stab+1","Well Laid Plans","Blade Dance+1","After Image","Reflex","Infinite Blades"],"relics":["Ring of the Snake","NeowsBlessing","Anchor","Membership Card","Eternal Feather","Lizard Tail","Lantern","Bottled Flame","Regal Pillow","Philosopher\u0027s Stone","Meat on the Bone","Hololive_LightStick","Ice Cream","Question Card","Pantograph","Fusion Hammer","Vajra","Potion Belt","Tingsha","Lee\u0027s Waffle","Peace Pipe","Oddly Smooth Stone","Pear","Red Mask","Centennial Puzzle"],"acts_visited":["Exordium","TheCity","TheBeyond"],"potions_floor_usage":[12,12,16,23,33,33,33,50,50,50],"damage_taken":[{"damage":0.0,"enemies":"Cultist","floor":1.0,"turns":1.0},{"damage":0.0,"enemies":"Jaw Worm","floor":3.0,"turns":1.0},{"damage":0.0,"enemies":"Small Slimes","floor":5.0,"turns":1.0},{"damage":11,"enemies":"Lagavulin","floor":12,"turns":5},{"damage":0,"enemies":"3 Sentries","floor":14,"turns":5},{"damage":26,"enemies":"The Guardian","floor":16,"turns":11},{"damage":27,"enemies":"Spheric Guardian","floor":18,"turns":5},{"damage":6,"enemies":"2 Thieves","floor":19,"turns":3},{"damage":23,"enemies":"Sentry and Sphere","floor":21,"turns":5},{"damage":13,"enemies":"Book of Stabbing","floor":23,"turns":5},{"damage":0,"enemies":"3 Cultists","floor":25,"turns":4},{"damage":26,"enemies":"Slavers","floor":27,"turns":6},{"damage":0,"enemies":"Snake Plant","floor":29,"turns":5},{"damage":11,"enemies":"Snecko","floor":30,"turns":4},{"damage":0,"enemies":"Cultist and Chosen","floor":31,"turns":4},{"damage":24,"enemies":"Champ","floor":33,"turns":9},{"damage":0,"enemies":"3 Darklings","floor":35,"turns":5},{"damage":0,"enemies":"Orb Walker","floor":36,"turns":4},{"damage":30,"enemies":"2 Orb Walkers","floor":38,"turns":5},{"damage":2,"enemies":"Giant Head","floor":40,"turns":6},{"damage":0,"enemies":"Maw","floor":42,"turns":5},{"damage":16,"enemies":"Nemesis","floor":45,"turns":5},{"damage":0,"enemies":"3 Darklings","floor":46,"turns":3},{"damage":74,"enemies":"Time Eater","floor":50,"turns":10}],"seed_played":"-5374860286714524498","potions_obtained":[{"floor":1.0,"key":"Fire Potion"},{"floor":3.0,"key":"Poison Potion"},{"floor":12,"key":"PowerPotion"},{"floor":19,"key":"Energy Potion"},{"floor":25,"key":"CultistPotion"},{"floor":27,"key":"SpeedPotion"},{"floor":30,"key":"EssenceOfSteel"},{"floor":35,"key":"Regen Potion"},{"floor":40,"key":"LiquidBronze"},{"floor":45,"key":"Dexterity Potion"}],"is_trial":false,"path_per_floor":["M","?","M","?","M","R","$","R","T","R","$","E","R","E","R","B",null,"M","M","?","M","$","E","R","M","T","E","?","M","M","M","R","B",null,"M","M","$","?","?","E","R","M","T","?","E","M","R","$","R","B",null],"character_chosen":"THE_SILENT","items_purchased":["Membership Card","Eternal Feather","Lizard Tail","Infinite Blades","Apotheosis","Hololive_LightStick","Vajra","Potion Belt","Tingsha","Well Laid Plans","Lee\u0027s Waffle","Infinite Blades"],"campfire_rested":0,"item_purchase_floors":[7,7,7,7,22,22,37,37,37,37,37,48],"current_hp_per_floor":[70,70,70,52,52,52,52,61,61,70,70,59,68,68,70,44,70,43,37,37,26,26,25,37,37,37,23,23,35,36,36,48,46,70,70,70,77,47,47,45,57,57,67,67,51,51,66,66,81,40],"gold":11,"neow_bonus":"THREE_ENEMY_KILL","is_daily":false,"chose_seed":false,"campfire_upgraded":7,"win_rate":0.0,"timestamp":1612623102,"path_taken":["M","?","?","?","M","R","$","R","T","R","?","E","R","E","R","BOSS","M","M","?","M","$","E","R","M","T","E","?","?","M","M","R","BOSS","M","M","$","?","?","E","R","M","T","?","E","?","R","?","R","BOSS"],"items_purchased_type":["Relic","Relic","Relic","Card","Card","Relic","Relic","Relic","Relic","Card","Relic","Card"],"build_version":"2020-12-22","purchased_purges":3,"victory":true,"max_hp_per_floor":[70,70,70,70,70,70,70,70,70,70,70,70,70,70,70,70,70,70,70,70,70,70,70,70,70,70,70,70,70,70,70,70,70,70,70,70,77,77,77,77,77,77,87,87,87,87,87,87,87,87],"relic_stats":{"Regal Pillow":0,"Lee\u0027s Waffle":7,"counters":[24,117],"Eternal Feather":95,"Tingsha":[104],"Question Card":12,"Peace Pipe":3,"Lizard Tail":0,"Centennial Puzzle":[3],"Pantograph":28,"obtain_stats":[{"Ice Cream":23,"Lantern":9,"Regal Pillow":14,"Vajra":37,"Lizard Tail":7,"Centennial Puzzle":45,"Pantograph":27,"Philosopher\u0027s Stone":17,"Fusion Hammer":34,"Red Mask":44,"Ring of the Snake":0,"Potion Belt":37,"Lee\u0027s Waffle":37,"Pear":43,"NeowsBlessing":0,"Oddly Smooth Stone":40,"Eternal Feather":7,"Tingsha":37,"Question Card":26,"Peace Pipe":38,"Anchor":4,"Bottled Flame":12,"Hololive_LightStick":22,"Membership Card":7,"Meat on the Bone":20},{"Ice Cream":10,"Lantern":3,"Regal Pillow":5,"Vajra":18,"Lizard Tail":3,"Centennial Puzzle":22,"Pantograph":12,"Philosopher\u0027s Stone":6,"Fusion Hammer":16,"Red Mask":21,"Ring of the Snake":0,"Potion Belt":18,"Lee\u0027s Waffle":18,"Pear":21,"NeowsBlessing":0,"Oddly Smooth Stone":20,"Eternal Feather":3,"Tingsha":18,"Question Card":11,"Peace Pipe":19,"Anchor":2,"Bottled Flame":4,"Hololive_LightStick":9,"Membership Card":3,"Meat on the Bone":8},{"Ice Cream":42,"Lantern":3,"Regal Pillow":13,"Vajra":83,"Lizard Tail":3,"Centennial Puzzle":104,"Pantograph":52,"Philosopher\u0027s Stone":24,"Fusion Hammer":74,"Red Mask":99,"Ring of the Snake":0,"Potion Belt":83,"Lee\u0027s Waffle":83,"Pear":99,"NeowsBlessing":0,"Oddly Smooth Stone":94,"Eternal Feather":3,"Tingsha":83,"Question Card":46,"Peace Pipe":88,"Anchor":2,"Bottled Flame":8,"Hololive_LightStick":37,"Membership Card":3,"Meat on the Bone":32}],"Ring of the Snake":[48],"Meat on the Bone":72},"card_choices":[{"not_picked":["Flying Knee","Deadly Poison"],"picked":"Escape Plan","floor":1.0},{"not_picked":["Blade Dance","Blur","Underhanded Strike"],"picked":"SKIP","floor":3.0},{"not_picked":["Prepared","PiercingWail"],"picked":"Dagger Spray","floor":5.0},{"not_picked":["PiercingWail","Underhanded Strike"],"picked":"Unload","floor":12},{"not_picked":["Outmaneuver","Dodge and Roll","Slice"],"picked":"SKIP","floor":14},{"not_picked":["Glass Knife","Tools of the Trade"],"picked":"Envenom","floor":16},{"not_picked":["Quick Slash+1","Blade Dance","Deflect"],"picked":"SKIP","floor":18},{"not_picked":["Poisoned Stab","Acrobatics","Outmaneuver"],"picked":"SKIP","floor":19},{"not_picked":["Flying Knee","Poisoned Stab","PiercingWail"],"picked":"SKIP","floor":21},{"not_picked":["Riddle With Holes","Dash+1"],"picked":"Doppelganger","floor":23},{"not_picked":["All Out Attack+1","Masterful Stab"],"picked":"Expertise","floor":25},{"not_picked":["Footwork","Poisoned Stab","Noxious Fumes","Deadly Poison+1"],"picked":"SKIP","floor":27},{"not_picked":["Choke","Acrobatics","Deadly Poison","Blade Dance"],"picked":"SKIP","floor":29},{"not_picked":["Masterful Stab","PiercingWail+1","Eviscerate","Crippling Poison"],"picked":"SKIP","floor":30},{"not_picked":["Crippling Poison","Dagger Throw","Prepared"],"picked":"After Image","floor":31},{"not_picked":["Glass Knife","Die Die Die","Phantasmal Killer"],"picked":"Adrenaline","floor":33},{"not_picked":["Acrobatics","Heel Hook","Deflect","Predator+1"],"picked":"SKIP","floor":35},{"not_picked":["PiercingWail+1","Slice+1","Poisoned Stab"],"picked":"Masterful Stab+1","floor":36},{"not_picked":["Skewer","Dagger Throw+1","Poisoned Stab"],"picked":"Blade Dance+1","floor":38},{"not_picked":["Finisher","Underhanded Strike","Escape Plan","Sucker Punch+1"],"picked":"SKIP","floor":40},{"not_picked":["Dagger Throw","Tactician+1","Well Laid Plans"],"picked":"After Image","floor":42},{"not_picked":["Dash","Expertise+1","Heel Hook+1"],"picked":"Reflex","floor":45},{"not_picked":["Deadly Poison+1","Quick Slash+1","Dagger Throw","Predator+1"],"picked":"SKIP","floor":46}],"player_experience":25583,"relics_obtained":[{"floor":9,"key":"Lantern"},{"floor":12,"key":"Bottled Flame"},{"floor":14,"key":"Regal Pillow"},{"floor":23,"key":"Ice Cream"},{"floor":26,"key":"Question Card"},{"floor":27,"key":"Pantograph"},{"floor":38,"key":"Peace Pipe"},{"floor":40,"key":"Oddly Smooth Stone"},{"floor":43,"key":"Pear"},{"floor":45,"key":"Centennial Puzzle"}],"event_choices":[{"damage_healed":0.0,"max_hp_gain":0.0,"max_hp_loss":0.0,"gold_gain":275.0,"event_name":"Golden Shrine","player_choice":"Desecrate","floor":2.0,"gold_loss":0.0,"damage_taken":0.0,"cards_obtained":["Regret"]},{"damage_healed":0.0,"max_hp_gain":0.0,"max_hp_loss":0.0,"gold_gain":0.0,"event_name":"Scrap Ooze","player_choice":"Success","floor":4.0,"gold_loss":0.0,"damage_taken":18.0,"relics_obtained":["Anchor"]},{"damage_healed":0,"gold_gain":0,"player_choice":"Opened","damage_taken":0,"relics_obtained":["Meat on the Bone"],"max_hp_gain":0,"max_hp_loss":0,"event_name":"The Mausoleum","floor":20,"gold_loss":0,"cards_obtained":["Writhe"]},{"damage_healed":0,"gold_gain":0,"player_choice":"Bought 0 Potions","damage_taken":0,"max_hp_gain":0,"max_hp_loss":0,"event_name":"The Woman in Blue","floor":28,"gold_loss":0},{"damage_healed":0,"gold_gain":0,"player_choice":"Fight","damage_taken":0,"max_hp_gain":0,"max_hp_loss":0,"event_name":"Mysterious Sphere","floor":38,"gold_loss":0},{"cards_removed":["Defend_G"],"damage_healed":0,"gold_gain":0,"player_choice":"Removed Skill","damage_taken":0,"max_hp_gain":0,"max_hp_loss":0,"event_name":"Falling","floor":39,"gold_loss":0},{"damage_healed":0,"gold_gain":0,"player_choice":"Paid","damage_taken":0,"relics_obtained":["Red Mask"],"max_hp_gain":0,"max_hp_loss":0,"event_name":"Tomb of Lord Red Mask","floor":44,"gold_loss":108}],"is_beta":false,"boss_relics":[{"not_picked":["Calling Bell","Empty Cage"],"picked":"Philosopher\u0027s Stone"},{"not_picked":["Cursed Key","Hololive_Finger"],"picked":"Fusion Hammer"}],"items_purged_floors":[7,37,37],"is_endless":false,"potions_floor_spawned":[1,3,12,19,25,27,30,35,40,45],"ascension_level":0}}