{"host":"41d2uy75sdxmy7nu","time":1612575991,"event":{"mods":["BaseMod","Block Reminder","Colored Powertips","DeckTracker","Highlight Path","Minty Spire (QoL Compilation)","Permanent Neow","Quick Restart","Rare Cards Sparkle","Relic Stats","Robot Space Explorer","StSLib","The Marked","The Servant 0.9.4"],"gold_per_floor":[112,62,62,79,6,38,55,88,114,144,144,171,184,197,197,297,297,310,328,347,364,289,289,321,321,321,321,332,349,384,384,384,484,484,503,553,260,260,260,289,289,317,341,376,387,407,51,0,0,0,0],"floor_reached":50,"language":"ENG","playtime":2671,"items_purged":["Decay"],"score":740,"play_id":"add6312a-407a-453b-9de4-e1e2288d8769","local_time":"20210205184631","is_ascension_mode":true,"campfire_choices":[{"data":"Fire Breathing","floor":15.0,"key":"SMITH"},{"data":"Power Through","floor":23.0,"key":"SMITH"},{"data":"Impervious","floor":25.0,"key":"SMITH"},{"data":"Thunderclap","floor":27.0,"key":"SMITH"},{"floor":32.0,"key":"REST"},{"floor":41.0,"key":"DIG"},{"floor":49.0,"key":"DIG"}],"circlet_count":0,"master_deck":["Strike_R","Strike_R","Defend_R","Defend_R","Defend_R","Bash","Anger","Brutality","Rage","Flex","Fire Breathing+1","Power Through+1","Cleave","Twin Strike","Wild Strike","Sentinel","Shrug It Off","Immolate","Sword Boomerang+1","Anger","Flex","Impervious+1","Thunderclap+1","Barricade","Carnage+1","Inflame","Juggernaut","Twin Strike+1","Flame Barrier","Fire Breathing","Mind Blast","Double Tap","Reaper","Armaments","Uppercut+1","Seeing Red","Evolve"],"relics":["Burning Blood","Bag of Marbles","Potion Belt","PreservedInsect","HornCleat","Spirit Poop","Calipers","Philosopher\u0027s Stone","Bottled Tornado","Juzu Bracelet","InkBottle","Fusion Hammer","Shovel","Bronze Scales","Omamori","Shuriken","Happy Flower","Pen Nib","Strawberry","Letter Opener","Red Mask","Bottled Flame"],"acts_visited":["Exordium","TheCity","TheBeyond"],"potions_floor_usage":[50,50,50,50],"damage_taken":[{"damage":14.0,"enemies":"Jaw Worm","floor":1.0,"turns":3.0},{"damage":0.0,"enemies":"Small Slimes","floor":4.0,"turns":3.0},{"damage":24.0,"enemies":"3 Sentries","floor":6.0,"turns":5.0},{"damage":1.0,"enemies":"Cultist","floor":7.0,"turns":3.0},{"damage":35.0,"enemies":"Gremlin Nob","floor":8.0,"turns":5.0},{"damage":27.0,"enemies":"Lagavulin","floor":10.0,"turns":5.0},{"damage":2.0,"enemies":"Gremlin Nob","floor":12.0,"turns":3.0},{"damage":1.0,"enemies":"Blue Slaver","floor":13.0,"turns":3.0},{"damage":0.0,"enemies":"3 Louse","floor":14.0,"turns":1.0},{"damage":16.0,"enemies":"Hexaghost","floor":16.0,"turns":9.0},{"damage":18.0,"enemies":"Spheric Guardian","floor":18.0,"turns":5.0},{"damage":6.0,"enemies":"Shell Parasite","floor":19.0,"turns":4.0},{"damage":35.0,"enemies":"Centurion and Healer","floor":20.0,"turns":4.0},{"damage":16.0,"enemies":"Snake Plant","floor":21.0,"turns":5.0},{"damage":10.0,"enemies":"Gremlin Leader","floor":24.0,"turns":4.0},{"damage":0.0,"enemies":"3 Cultists","floor":28.0,"turns":3.0},{"damage":24.0,"enemies":"Centurion and Healer","floor":29.0,"turns":5.0},{"damage":27.0,"enemies":"Book of Stabbing","floor":30.0,"turns":5.0},{"damage":80.0,"enemies":"Automaton","floor":33.0,"turns":9.0},{"damage":8.0,"enemies":"Orb Walker","floor":35.0,"turns":4.0},{"damage":0.0,"enemies":"Mind Bloom Boss Battle","floor":36.0,"turns":7.0},{"damage":31.0,"enemies":"Reptomancer","floor":40.0,"turns":6.0},{"damage":29.0,"enemies":"Nemesis","floor":42.0,"turns":5.0},{"damage":26.0,"enemies":"Reptomancer","floor":44.0,"turns":4.0},{"damage":0.0,"enemies":"3 Darklings","floor":45.0,"turns":5.0},{"damage":7.0,"enemies":"Spire Growth","floor":46.0,"turns":5.0},{"damage":83,"enemies":"Awakened One","floor":50,"turns":10}],"seed_played":"-6824200958467592732","potions_obtained":[{"floor":4.0,"key":"FairyPotion"},{"floor":6.0,"key":"Weak Potion"},{"floor":8.0,"key":"ElixirPotion"},{"floor":12.0,"key":"DistilledChaos"},{"floor":14.0,"key":"LiquidBronze"},{"floor":24.0,"key":"BloodPotion"},{"floor":28.0,"key":"FearPotion"},{"floor":30.0,"key":"GamblersBrew"},{"floor":33.0,"key":"BlessingOfTheForge"},{"floor":36.0,"key":"SkillPotion"},{"floor":42.0,"key":"SkillPotion"},{"floor":46.0,"key":"Swift Potion"}],"is_trial":false,"path_per_floor":["M","?","?","M","$","E","M","E","T","E","?","E","M","M","R","B",null,"M","M","M","M","?","R","E","R","T","R","M","M","E","?","R","B",null,"M","?","$","?","?","E","R","E","T","E","M","M","$","?","R","B"],"character_chosen":"IRONCLAD","items_purchased":["Fire Breathing","Flame Barrier","Bronze Scales","Letter Opener","Seeing Red","Evolve"],"campfire_rested":1,"item_purchase_floors":[5,37,37,47,47,47],"current_hp_per_floor":[72,72,77,83,83,65,70,41,41,20,20,24,29,35,35,25,85,73,73,44,34,34,34,30,30,30,30,36,18,14,14,39,9,85,83,85,85,85,85,60,60,37,37,24,49,60,60,60,60,0,0],"gold":0,"neow_bonus":"TRANSFORM_TWO_CARDS","is_daily":false,"chose_seed":false,"campfire_upgraded":4,"win_rate":0.0,"timestamp":1612575991,"path_taken":["M","?","?","M","$","E","M","E","T","E","?","E","M","M","R","BOSS","M","M","?","M","?","R","E","R","T","R","M","M","E","?","R","BOSS","M","?","$","?","?","E","R","E","T","E","M","M","$","?","R","BOSS"],"items_purchased_type":["Card","Card","Relic","Relic","Card","Card"],"build_version":"2020-12-22","purchased_purges":1,"victory":false,"max_hp_per_floor":[80,80,85,85,85,85,85,85,85,85,85,85,85,85,85,85,85,85,85,85,85,85,85,85,85,85,85,85,85,85,85,85,85,85,85,85,85,85,85,85,85,85,85,92,92,92,92,92,92,92,92],"relic_stats":{"Shovel":2,"Happy Flower":[8],"counters":[27,130],"Shuriken":[12],"Bronze Scales":[106],"PreservedInsect":304,"Pen Nib":[5],"Juzu Bracelet":1,"Letter Opener":[20],"obtain_stats":[{"Potion Belt":8,"Calipers":12,"Happy Flower":42,"Spirit Poop":11,"PreservedInsect":9,"Pen Nib":43,"Juzu Bracelet":26,"Omamori":40,"Letter Opener":47,"Bottled Tornado":24,"Burning Blood":0,"Bottled Flame":49,"HornCleat":10,"Shovel":36,"Shuriken":41,"Bronze Scales":37,"Strawberry":44,"Philosopher\u0027s Stone":17,"Fusion Hammer":34,"Bag of Marbles":6,"Red Mask":48,"InkBottle":30},{"Potion Belt":5,"Calipers":7,"Happy Flower":23,"Spirit Poop":6,"PreservedInsect":5,"Pen Nib":23,"Juzu Bracelet":15,"Omamori":22,"Letter Opener":26,"Bottled Tornado":15,"Burning Blood":0,"Bottled Flame":26,"HornCleat":6,"Shovel":21,"Shuriken":22,"Bronze Scales":21,"Strawberry":24,"Philosopher\u0027s Stone":10,"Fusion Hammer":19,"Bag of Marbles":3,"Red Mask":26,"InkBottle":18},{"Potion Belt":19,"Calipers":27,"Happy Flower":106,"Spirit Poop":24,"PreservedInsect":19,"Pen Nib":106,"Juzu Bracelet":62,"Omamori":101,"Letter Opener":120,"Bottled Tornado":62,"Burning Blood":0,"Bottled Flame":120,"HornCleat":24,"Shovel":95,"Shuriken":101,"Bronze Scales":95,"Strawberry":110,"Philosopher\u0027s Stone":40,"Fusion Hammer":84,"Bag of Marbles":11,"Red Mask":120,"InkBottle":75}],"Burning Blood":152,"InkBottle":[23]},"card_choices":[{"not_picked":["Feel No Pain","Pommel Strike"],"picked":"Rage","floor":1.0},{"not_picked":["Perfected Strike","Twin Strike"],"picked":"Flex","floor":4.0},{"not_picked":["Pommel Strike","Dark Embrace"],"picked":"Power Through","floor":6.0},{"not_picked":["Anger","Clothesline"],"picked":"Cleave","floor":7.0},{"not_picked":["Pommel Strike","Metallicize"],"picked":"Twin Strike","floor":8.0},{"not_picked":["Burning Pact","Shockwave"],"picked":"Wild Strike","floor":10.0},{"not_picked":["Body Slam","Fire Breathing","Pommel Strike"],"picked":"SKIP","floor":12.0},{"not_picked":["Rage","Perfected Strike"],"picked":"Sentinel","floor":13.0},{"not_picked":["Dark Embrace","Cleave"],"picked":"Shrug It Off","floor":14.0},{"not_picked":["Limit Break","Feed"],"picked":"Immolate","floor":16.0},{"not_picked":["Clothesline","Headbutt+1"],"picked":"Sword Boomerang+1","floor":18.0},{"not_picked":["Iron Wave","Sword Boomerang"],"picked":"Anger","floor":19.0},{"not_picked":["Cleave+1","Combust+1"],"picked":"Flex","floor":20.0},{"not_picked":["Rupture","Spot Weakness"],"picked":"Impervious","floor":21.0},{"not_picked":["Burning Pact+1","Twin Strike+1"],"picked":"Thunderclap","floor":24.0},{"not_picked":["Warcry","Combust"],"picked":"Barricade","floor":28.0},{"not_picked":["Body Slam","Second Wind+1"],"picked":"Carnage+1","floor":29.0},{"not_picked":["Clash","True Grit"],"picked":"Inflame","floor":30.0},{"not_picked":["Exhume","Double Tap"],"picked":"Juggernaut","floor":33.0},{"not_picked":["Thunderclap+1","Clothesline"],"picked":"Twin Strike+1","floor":35.0},{"not_picked":["Flash of Steel","Forethought"],"picked":"Mind Blast","floor":39.0},{"not_picked":["Dark Embrace","Perfected Strike+1"],"picked":"Double Tap","floor":40.0},{"not_picked":["Ghostly Armor+1","Pommel Strike+1"],"picked":"Reaper","floor":42.0},{"not_picked":["Headbutt","Hemokinesis+1"],"picked":"Armaments","floor":44.0},{"not_picked":["Pommel Strike+1","Headbutt","Bloodletting+1"],"picked":"SKIP","floor":45.0},{"not_picked":["Bloodletting","Shrug It Off"],"picked":"Uppercut+1","floor":46.0}],"player_experience":853976,"relics_obtained":[{"floor":6.0,"key":"Bag of Marbles"},{"floor":8.0,"key":"Potion Belt"},{"floor":9.0,"key":"PreservedInsect"},{"floor":10.0,"key":"HornCleat"},{"floor":12.0,"key":"Calipers"},{"floor":24.0,"key":"Bottled Tornado"},{"floor":26.0,"key":"Juzu Bracelet"},{"floor":30.0,"key":"InkBottle"},{"floor":36.0,"key":"Shovel"},{"floor":40.0,"key":"Omamori"},{"floor":41.0,"key":"Shuriken"},{"floor":42.0,"key":"Happy Flower"},{"floor":43.0,"key":"Pen Nib"},{"floor":44.0,"key":"Strawberry"},{"floor":49.0,"key":"Bottled Flame"}],"event_choices":[{"cards_removed":["Defend_R"],"damage_healed":0.0,"max_hp_gain":0.0,"max_hp_loss":0.0,"gold_gain":0.0,"event_name":"The Cleric","player_choice":"Card Removal","floor":2.0,"gold_loss":50.0,"damage_taken":0.0},{"damage_healed":0.0,"max_hp_gain":5.0,"max_hp_loss":0.0,"gold_gain":0.0,"event_name":"Big Fish","player_choice":"Donut","floor":3.0,"gold_loss":0.0,"damage_taken":0.0},{"cards_removed":["Writhe"],"damage_healed":0.0,"max_hp_gain":0.0,"max_hp_loss":0.0,"gold_gain":0.0,"event_name":"Bonfire Elementals","player_choice":"Offered Curse","floor":11.0,"gold_loss":0.0,"damage_taken":0.0,"relics_obtained":["Spirit Poop"]},{"cards_removed":["Strike_R"],"damage_healed":0.0,"max_hp_gain":0.0,"max_hp_loss":0.0,"gold_gain":0.0,"event_name":"Beggar","player_choice":"Gave Gold","floor":22.0,"gold_loss":75.0,"damage_taken":0.0},{"damage_healed":0.0,"max_hp_gain":0.0,"max_hp_loss":0.0,"gold_gain":0.0,"event_name":"Forgotten Altar","player_choice":"Smashed Altar","floor":31.0,"gold_loss":0.0,"damage_taken":0.0,"cards_obtained":["Decay"]},{"damage_healed":0.0,"max_hp_gain":0.0,"max_hp_loss":0.0,"gold_gain":0.0,"event_name":"MindBloom","player_choice":"Fight","floor":36.0,"gold_loss":0.0,"damage_taken":0.0},{"damage_healed":0.0,"max_hp_gain":0.0,"max_hp_loss":0.0,"gold_gain":0.0,"event_name":"Match and Keep!","player_choice":"1 cards matched","floor":38.0,"gold_loss":0.0,"damage_taken":0.0,"cards_obtained":["Fire Breathing"]},{"damage_healed":0.0,"max_hp_gain":0.0,"max_hp_loss":0.0,"gold_gain":0.0,"event_name":"SensoryStone","player_choice":"Memory 1","floor":39.0,"gold_loss":0.0,"damage_taken":0.0},{"damage_healed":0.0,"max_hp_gain":0.0,"max_hp_loss":0.0,"gold_gain":0.0,"event_name":"Tomb of Lord Red Mask","player_choice":"Paid","floor":48.0,"gold_loss":51.0,"damage_taken":0.0,"relics_obtained":["Red Mask"]}],"is_beta":false,"boss_relics":[{"not_picked":["Sozu","Tiny House"],"picked":"Philosopher\u0027s Stone"},{"not_picked":["Coffee Dripper","Empty Cage"],"picked":"Fusion Hammer"}],"items_purged_floors":[37],"is_endless":false,"potions_floor_spawned":[4,6,8,12,14,24,28,29,30,33,36,42,46],"killed_by":"Awakened One","ascension_level":3}}