{"host":"tq99ucv8ezzqzioe","time":1612570462,"event":{"mods":["BaseMod","Colored Map","Downfall","Highlight Path","Minty Spire (QoL Compilation)","StSLib"],"gold_per_floor":[99,11,24,9,20,20,43,62,73,73,84,184,84,113,129,233,233,233,247,261,51,61,74,74,94,94,104,134,34,49,49,108,253,253,153,203,343,395,485,17,17,75,75,40,40,95,95,95,150,190,190,260,8,8,8,8],"floor_reached":57,"language":"ENG","playtime":5100,"items_purged":["bronze:Strike","bronze:Defend"],"score":1228,"play_id":"8e91204c-d24f-45fa-8aa7-fd371f4882ea","local_time":"20210205191422","is_ascension_mode":false,"campfire_choices":[{"data":"bronze:Replicate","floor":1.0,"key":"SMITH"},{"floor":6.0,"key":"RECALL"},{"floor":13.0,"key":"REST"},{"data":"bronze:Virus","floor":18.0,"key":"SMITH"},{"data":"bronze:HardenedForm","floor":29.0,"key":"SMITH"},{"data":"bronze:Mutator","floor":35.0,"key":"SMITH"},{"data":"expansioncontent:DashGenerateEvil","floor":43.0,"key":"SMITH"},{"data":"bronze:GetLatest","floor":45.0,"key":"SMITH"},{"floor":54.0,"key":"REST"}],"circlet_count":0,"master_deck":["bronze:Strike","bronze:Defend","bronze:Defend","bronze:Replicate+1","bronze:Goto","bronze:HardenedForm+1","bronze:Iterate","bronze:GetLatest","bronze:CloningBeam","bronze:Shield","bronze:Virus+1","bronze:Iterate","bronze:Branch","bronze:DelayedGuard","bronze:WhirlingStrike","bronze:Branch","bronze:Safeguard","bronze:Return","bronze:Verify","bronze:Branch","bronze:GetLatest+1","bronze:Repair+1","bronze:WildBeam","bronze:FollowUp+1","bronze:BronzeOrb","bronze:Branch+1","bronze:Mutator+1","bronze:ChildClass+1","bronze:Backtrace+1","expansioncontent:DashGenerateEvil+1","bronze:Branch+1","bronze:Boost","bronze:Safeguard","bronze:ItsAFeature","expansioncontent:DashGenerateEvil+1"],"relics":["bronze:BronzeCore","Pen Nib","Toy Ornithopter","downfall:HeartBlessingRed","Incense Burner","SlaversCollar","FossilizedHelix","ClockworkSouvenir","Centennial Puzzle","downfall:HeartBlessingBlue","downfall:KnowingSkull","Sozu","downfall:HeartBlessingGreen","downfall:GremlinWheel","WingedGreaves","Dead Branch","Art of War","MealTicket","Letter Opener","DollysMirror"],"acts_visited":["Exordium","TheCity","TheBeyond","TheEnding"],"potions_floor_usage":[56,56],"damage_taken":[{"damage":0.0,"enemies":"downfall:FleeingMerchant","floor":2.0,"turns":4.0},{"damage":1.0,"enemies":"Cultist","floor":3.0,"turns":3.0},{"damage":7.0,"enemies":"downfall:FleeingMerchant","floor":4.0,"turns":4.0},{"damage":14.0,"enemies":"Jaw Worm","floor":5.0,"turns":4.0},{"damage":0.0,"enemies":"Small Slimes","floor":8.0,"turns":3.0},{"damage":12.0,"enemies":"Gremlin Gang","floor":9.0,"turns":6.0},{"damage":8.0,"enemies":"Lots of Slimes","floor":11.0,"turns":4.0},{"damage":26.0,"enemies":"downfall:LadyInBlue","floor":12.0,"turns":9.0},{"damage":0.0,"enemies":"Lagavulin","floor":14.0,"turns":3.0},{"damage":4.0,"enemies":"Blue Slaver","floor":15.0,"turns":3.0},{"damage":14.0,"enemies":"WA_ARCHETYPE_RETAIN","floor":16.0,"turns":4.0},{"damage":0.0,"enemies":"Spheric Guardian","floor":19.0,"turns":3.0},{"damage":12.0,"enemies":"Shell Parasite","floor":20.0,"turns":4.0},{"damage":12.0,"enemies":"downfall:FleeingMerchant","floor":21.0,"turns":4.0},{"damage":0.0,"enemies":"Cultist and Chosen","floor":22.0,"turns":5.0},{"damage":14.0,"enemies":"Snake Plant","floor":23.0,"turns":3.0},{"damage":20.0,"enemies":"Shelled Parasite and Fungi","floor":25.0,"turns":5.0},{"damage":8.0,"enemies":"Snecko","floor":27.0,"turns":5.0},{"damage":0.0,"enemies":"Slavers","floor":28.0,"turns":5.0},{"damage":0.0,"enemies":"Cultist and Chosen","floor":30.0,"turns":5.0},{"damage":4.0,"enemies":"Chosen and Byrds","floor":32.0,"turns":5.0},{"damage":1.0,"enemies":"SI_MIRROR_ARCHETYPE","floor":33.0,"turns":8.0},{"damage":23.0,"enemies":"3 Shapes","floor":36.0,"turns":4.0},{"damage":2.0,"enemies":"3 Shapes","floor":37.0,"turns":3.0},{"damage":6.0,"enemies":"3 Darklings","floor":38.0,"turns":6.0},{"damage":0.0,"enemies":"3 Darklings","floor":39.0,"turns":5.0},{"damage":0.0,"enemies":"Writhing Mass","floor":42.0,"turns":3.0},{"damage":12.0,"enemies":"4 Shapes","floor":46.0,"turns":3.0},{"damage":0.0,"enemies":"Sphere and 2 Shapes","floor":49.0,"turns":4.0},{"damage":20.0,"enemies":"DF_ARCHETYPE_ORBS","floor":50.0,"turns":7.0},{"damage":26.0,"enemies":"downfall:CharBossMerchant","floor":52.0,"turns":8.0},{"damage":10,"enemies":"downfall:NeowBoss","floor":55,"turns":16},{"damage":47,"enemies":"downfall:NeowBossFinal","floor":56,"turns":11}],"seed_played":"-7412028993474799001","potions_obtained":[{"floor":8.0,"key":"SkillPotion"},{"floor":11.0,"key":"bronze:BuildAFunctionPotion"},{"floor":12.0,"key":"bronze:BurnAndBuffPotion"},{"floor":12.0,"key":"Dexterity Potion"},{"floor":12.0,"key":"Strength Potion"},{"floor":12.0,"key":"LiquidMemories"},{"floor":23.0,"key":"Ancient Potion"},{"floor":25.0,"key":"sneckomod:MuddlingPotion"},{"floor":28.0,"key":"ColorlessPotion"}],"is_trial":false,"path_per_floor":["R","$","M","$","M","R","T","M","M","?","M","?","R","E","M","B",null,"R","M","M","$","M","M","T","M","$","M","E","R","M","?","M","B",null,"R","M","?","M","?","$","T","M","R","$","R","M","T","?","M","B",null,"E","$","R","B","B",null],"character_chosen":"THE_AUTOMATON","items_purchased":["bronze:GetLatest","FossilizedHelix","ClockworkSouvenir","Dead Branch","expansioncontent:DashGenerateEvil","bronze:Boost","DollysMirror"],"campfire_rested":2,"item_purchase_floors":[2,21,21,40,40,44,53],"current_hp_per_floor":[70,70,69,62,48,48,48,48,36,36,28,2,23,23,19,10,70,70,70,58,46,46,32,32,22,22,24,39,49,59,52,58,67,80,80,67,65,69,79,79,79,80,80,80,80,68,68,68,78,58,80,54,69,80,70,43],"gold":8,"neow_bonus":"ONE_RANDOM_RARE_CARD","is_daily":false,"chose_seed":false,"campfire_upgraded":6,"win_rate":0.0,"timestamp":1612570462,"path_taken":["R","$","M","$","M","R","T","?","M","?","M","?","R","E","M","BOSS","R","M","?","?","M","M","T","M","$","M","E","R","M","?","M","BOSS","R","M","?","?","?","$","T","M","R","?","R","M","?","?","M","BOSS","E","$","R","BOSS","BOSS"],"items_purchased_type":["Card","Relic","Relic","Relic","Card","Card","Relic"],"build_version":"2020-12-22","purchased_purges":2,"victory":true,"max_hp_per_floor":[70,70,70,70,70,70,70,70,70,70,70,70,70,70,70,70,70,70,70,70,70,70,70,70,70,70,70,70,80,80,80,80,80,80,80,80,80,80,80,80,80,80,80,80,80,80,80,80,80,80,80,80,80,80,80,80],"card_choices":[{"not_picked":["bronze:Frontload","bronze:Separator"],"picked":"bronze:Iterate","floor":2.0},{"not_picked":["bronze:OilSpill","bronze:ChildClass"],"picked":"bronze:CloningBeam","floor":3.0},{"not_picked":["bronze:BugBarrage","bronze:Overheat"],"picked":"bronze:Shield","floor":4.0},{"not_picked":["bronze:Optimize","bronze:Repulsor"],"picked":"bronze:Virus","floor":5.0},{"not_picked":["bronze:FineTuning","bronze:ChildClass"],"picked":"bronze:Iterate","floor":8.0},{"not_picked":["bronze:BitShift","bronze:Frontload"],"picked":"bronze:Branch","floor":9.0},{"not_picked":["bronze:Frontload","bronze:Iterate"],"picked":"bronze:WhirlingStrike","floor":11.0},{"not_picked":["bronze:DelayedSlice","bronze:Overheat"],"picked":"bronze:Branch","floor":12.0},{"not_picked":["bronze:Allocate","bronze:ChildClass"],"picked":"bronze:Safeguard","floor":14.0},{"not_picked":["bronze:MaxOutput","bronze:Safeguard"],"picked":"bronze:Return","floor":15.0},{"not_picked":["bronze:FindAndReplace","bronze:HyperBeam"],"picked":"bronze:Verify","floor":16.0},{"not_picked":["bronze:OilSpill","bronze:Iterate"],"picked":"bronze:Branch","floor":19.0},{"not_picked":["bronze:CutThrough+1","bronze:Turbo","bronze:FineTuning+1"],"picked":"SKIP","floor":20.0},{"not_picked":["bronze:Overheat","bronze:BuggyMess+1","bronze:Branch"],"picked":"SKIP","floor":21.0},{"not_picked":["bronze:Separator","bronze:CutThrough"],"picked":"bronze:GetLatest","floor":22.0},{"not_picked":["bronze:Frontload","bronze:Allocate+1"],"picked":"bronze:Repair+1","floor":23.0},{"not_picked":["bronze:Overheat","bronze:CutThrough"],"picked":"bronze:WildBeam","floor":25.0},{"not_picked":["bronze:WildBeam","bronze:Repulsor+1"],"picked":"bronze:FollowUp+1","floor":27.0},{"not_picked":["bronze:RecursiveStrike","bronze:FineTuning"],"picked":"bronze:BronzeOrb","floor":28.0},{"not_picked":["bronze:Separator","bronze:ItsAFeature+1"],"picked":"bronze:Branch+1","floor":30.0},{"not_picked":["bronze:Flail","bronze:WhirlingStrike","bronze:Backtrace"],"picked":"SKIP","floor":32.0},{"not_picked":["bronze:FindAndReplace","bronze:Break"],"picked":"bronze:Mutator","floor":33.0},{"not_picked":["bronze:Frontload+1","bronze:Invalidate"],"picked":"bronze:ChildClass+1","floor":36.0},{"not_picked":["bronze:CutThrough","bronze:Turbo"],"picked":"bronze:Backtrace+1","floor":38.0},{"not_picked":["bronze:BitShift","bronze:CutThrough"],"picked":"bronze:Branch+1","floor":42.0},{"not_picked":["bronze:ForceShield","bronze:WildBeam"],"picked":"bronze:Safeguard","floor":46.0},{"not_picked":["bronze:BugBarrage+1","bronze:Repulsor+1","bronze:ClassDefault"],"picked":"SKIP","floor":49.0},{"not_picked":["bronze:Overheat","bronze:ChosenStrike+1","bronze:FineTuning"],"picked":"SKIP","floor":52.0}],"player_experience":867869,"relics_obtained":[{"floor":7.0,"key":"Pen Nib"},{"floor":12.0,"key":"Toy Ornithopter"},{"floor":14.0,"key":"Incense Burner"},{"floor":28.0,"key":"Centennial Puzzle"},{"floor":37.0,"key":"downfall:GremlinWheel"},{"floor":39.0,"key":"WingedGreaves"},{"floor":41.0,"key":"Art of War"},{"floor":47.0,"key":"MealTicket"},{"floor":52.0,"key":"Letter Opener"}],"event_choices":[{"cards_removed":["bronze:Strike"],"damage_healed":0.0,"max_hp_gain":0.0,"max_hp_loss":0.0,"gold_gain":0.0,"event_name":"Wheel of Change","player_choice":"Card Removal","floor":43.0,"gold_loss":0.0,"damage_taken":0.0}],"is_beta":false,"boss_relics":[{"not_picked":["Velvet Choker","bronze:MakeshiftBattery"],"picked":"SlaversCollar"},{"not_picked":["Pandora\u0027s Box","Empty Cage"],"picked":"Sozu"}],"items_purged_floors":[21,53],"is_endless":false,"potions_floor_spawned":[8,11,12,15,23,25,28,30,33,36,42,46,49],"ascension_level":0}}