{"host":"l2kmo5ss1fnqnmvo","time":1612619408,"event":{"mods":["Arknights","BaseMod","Colored Powertips","Decade(王小明)","Downfall","Lobotomy","Minty Spire (QoL Compilation)","Reimu（博丽灵梦）","StSLib","WarShipGirlsR/战舰少女R mod"],"gold_per_floor":[199,211,222,235,385,385,385,410,97,123,123,123,148,50,67,168,168,68,80,99,99,99,111,137,186,213,228,46,146,171,90,90,192,192,92,108,118,118,138,188,188,188,88,121,121,121,133,159,178,178,178,178,231,15,15,15,15],"floor_reached":58,"language":"ZHS","playtime":4066,"items_purged":["downfall:Icky","Decade_Attack"],"score":1877,"play_id":"a2f14f0e-a687-4a63-a4ab-185c6fb8d8f8","local_time":"20210206225008","is_ascension_mode":true,"campfire_choices":[{"floor":1.0,"key":"RECALL"},{"data":"AutoVajin","floor":6.0,"key":"SMITH"},{"data":"FormRideAxel","floor":12.0,"key":"SMITH"},{"data":"NMDAZYYGL","floor":18.0,"key":"SMITH"},{"data":"expansioncontent:Chronoboost","floor":35,"key":"SMITH"},{"data":"KamenRide","floor":43,"key":"SMITH"},{"data":"Kabuto_ClockUp","floor":55,"key":"SMITH"}],"circlet_count":0,"master_deck":["Decade_Attack","Decade_Attack","Decade_Attack","KamenRide+1","Decade_SpecialSkill","Decade_Defend","Decade_Defend","Decade_Defend","Decade_Defend","AutoVajin+1","RideBooker","AttackRide","UnarmedAttack4","Decade_Defend2+1","Decade_Dash2","UnarmedAttack6","FormRideAxel+1","Decade_Illusion","UnarmedAttack1","UnarmedAttack3","Kabuto_ClockUp+1","NMDAZYYGL+1","UnarmedAttack5","Kiva_Swallow","AutoVajin+1","UnarmedAttack7+1","Blade_Mach+1","Kiva_Swallow","expansioncontent:Chronoboost+1","Blade_Mach+1","Kiva_Swallow","Kuuga_GouramAttack+1","Blade_Metal+1","KamenRideKiva+1","AttackRide","UnarmedAttack3","FormRide+1","Kiva_Swallow","expansioncontent:PolyBeam"],"relics":["Decadriver","TOEIDeficitBill","Meat on the Bone","Lantern","Toolbox","Tiny Chest","Oddly Smooth Stone","StoneCalendar","Philosopher\u0027s Stone","downfall:HeartBlessingRed","Happy Flower","Bronze Scales","PreservedInsect","Vajra","Gremlin Horn","Pocketwatch","MawBank","bronze:MakeshiftBattery","downfall:HeartBlessingGreen","Prayer Wheel","downfall:HeartBlessingBlue","Toy Ornithopter","CeramicFish","Pear","War Paint"],"acts_visited":["Exordium","TheCity","TheBeyond","TheEnding"],"potions_floor_usage":[50,57],"damage_taken":[{"damage":12.0,"enemies":"Small Slimes","floor":2.0,"turns":2.0},{"damage":6.0,"enemies":"Jaw Worm","floor":3.0,"turns":2.0},{"damage":8.0,"enemies":"2 Louse","floor":4.0,"turns":4.0},{"damage":10.0,"enemies":"downfall:FleeingMerchant","floor":9.0,"turns":4.0},{"damage":1.0,"enemies":"3 Sentries","floor":10.0,"turns":3.0},{"damage":0.0,"enemies":"Lagavulin","floor":13.0,"turns":4.0},{"damage":0.0,"enemies":"downfall:FleeingMerchant","floor":14.0,"turns":6.0},{"damage":0.0,"enemies":"Exordium Wildlife","floor":15.0,"turns":3.0},{"damage":0.0,"enemies":"IC_STATUS_ARCHETYPE","floor":16.0,"turns":5.0},{"damage":0.0,"enemies":"Shell Parasite","floor":19.0,"turns":2.0},{"damage":0.0,"enemies":"Centurion and Healer","floor":20.0,"turns":3.0},{"damage":0.0,"enemies":"Snecko","floor":22.0,"turns":3.0},{"damage":0.0,"enemies":"Cultist and Chosen","floor":23.0,"turns":4.0},{"damage":0.0,"enemies":"Gremlin Leader","floor":26.0,"turns":3.0},{"damage":0.0,"enemies":"Sentry and Sphere","floor":27.0,"turns":3.0},{"damage":0.0,"enemies":"Colosseum Nobs","floor":29.0,"turns":2.0},{"damage":16.0,"enemies":"Book of Stabbing","floor":30.0,"turns":4.0},{"damage":0.0,"enemies":"Snecko","floor":32.0,"turns":3.0},{"damage":39.0,"enemies":"DF_ARCHETYPE_CLAW","floor":33.0,"turns":4.0},{"damage":0,"enemies":"3 Darklings","floor":36,"turns":3},{"damage":0,"enemies":"3 Shapes","floor":37,"turns":3},{"damage":0,"enemies":"Spire Growth","floor":38,"turns":3},{"damage":45,"enemies":"Sphere and 2 Shapes","floor":39,"turns":4},{"damage":0,"enemies":"Sphere and 2 Shapes","floor":40,"turns":4},{"damage":0,"enemies":"Writhing Mass","floor":42,"turns":2},{"damage":0,"enemies":"Giant Head","floor":44,"turns":2},{"damage":0,"enemies":"Transient","floor":45,"turns":2},{"damage":4,"enemies":"Sphere and 2 Shapes","floor":47,"turns":2},{"damage":0,"enemies":"Reptomancer","floor":48,"turns":1},{"damage":8,"enemies":"Jaw Worm Horde","floor":49,"turns":2},{"damage":16,"enemies":"WA_ARCHETYPE_DIVINITY","floor":50,"turns":8},{"damage":11,"enemies":"downfall:CharBossMerchant","floor":53,"turns":2},{"damage":38,"enemies":"downfall:NeowBoss","floor":56,"turns":12},{"damage":12,"enemies":"downfall:NeowBossFinal","floor":57,"turns":7}],"seed_played":"-2747993040582223343","potions_obtained":[{"floor":2.0,"key":"EssenceOfSteel"},{"floor":3.0,"key":"LiquidMemories"},{"floor":15.0,"key":"Fire Potion"},{"floor":33.0,"key":"Fire Potion"}],"is_trial":false,"path_per_floor":["R","M","M","M","?","R","T","T","$","E","?","R","E","$","M","B",null,"R","M","M","?","M","M","T","T","E","M","$","?","E","$","M","B",null,"R","M","M","M","M","?","T","M","R","E","M","?","M","E","M","B",null,null,"E","$","R","B","B",null],"character_chosen":"Decade","items_purchased":["UnarmedAttack6","Toolbox","StoneCalendar","UnarmedAttack3","Vajra","Blade_Mach","expansioncontent:Chronoboost","War Paint","expansioncontent:PolyBeam"],"campfire_rested":0,"item_purchase_floors":[9,9,14,14,28,28,31,54,54],"current_hp_per_floor":[63,51,45,43,43,43,43,43,45,44,44,44,44,44,44,44,64,64,64,64,64,64,64,64,64,64,64,64,64,48,48,48,21,58,58,58,58,58,25,37,37,37,47,57,63,63,59,60,72,61,61,75,74,74,74,90,90],"gold":15,"neow_bonus":"HUNDRED_GOLD","is_daily":false,"chose_seed":false,"campfire_upgraded":6,"win_rate":0.0,"timestamp":1612619408,"path_taken":["R","M","M","M","?","R","T","?","$","E","?","R","E","$","M","BOSS","R","M","M","?","?","M","T","?","E","M","$","?","E","$","M","BOSS","R","M","M","M","M","?","T","M","R","E","M","?","M","E","M","BOSS","E","$","R","BOSS","BOSS"],"items_purchased_type":["Card","Relic","Relic","Card","Relic","Card","Card","Relic","Card"],"build_version":"2020-12-22","purchased_purges":2,"victory":true,"max_hp_per_floor":[70,70,70,70,70,70,70,70,70,70,70,70,70,70,70,70,70,70,70,70,70,70,70,70,70,70,70,70,70,70,70,70,70,70,70,70,70,70,70,70,70,70,80,80,80,80,80,80,80,80,80,80,90,90,90,90,90],"card_choices":[{"not_picked":["Decade_Invisible","FormRideFlame"],"picked":"AutoVajin","floor":2.0},{"not_picked":["DenO_Gun","Hibiki_Attack1"],"picked":"RideBooker","floor":2.0},{"not_picked":["MirrorWorld","UnarmedAttack7"],"picked":"AttackRide","floor":3.0},{"not_picked":["Blade_Slash","FormRideJack"],"picked":"UnarmedAttack4","floor":4.0},{"not_picked":["UnarmedAttack5","KamenRideHibiki"],"picked":"Decade_Defend2","floor":4.0},{"not_picked":["UnarmedAttack9","KamenRideKuuga"],"picked":"Decade_Dash2","floor":9.0},{"not_picked":["Blade_Beat","RideBooker","DenO_Sword"],"picked":"SKIP","floor":10.0},{"not_picked":[],"picked":"FormRideAxel","floor":11.0},{"not_picked":["Kuuga_GouramAttack","Blade_Slash"],"picked":"Decade_Illusion","floor":13.0},{"not_picked":["Blade_Slash","KamenRideKiva","UnarmedAttack9"],"picked":"SKIP","floor":13.0},{"not_picked":["Decade_Defend3","Blade_Slash"],"picked":"UnarmedAttack1","floor":14.0},{"not_picked":["KamenRideKabuto","FormRideBasshaa","Hibiki_Attack2"],"picked":"SKIP","floor":15.0},{"not_picked":["Blade_Slash","KamenRideAgito","FormRideBasshaa"],"picked":"SKIP","floor":15.0},{"not_picked":["Hibiki_FEVER","DecadeViolentEmotion"],"picked":"Kabuto_ClockUp","floor":16.0},{"not_picked":["Kuuga_Rising","DecadeViolentEmotion"],"picked":"NMDAZYYGL","floor":16.0},{"not_picked":["FormRideDragon","FormRideBasshaa"],"picked":"UnarmedAttack5","floor":19.0},{"not_picked":["DenO_Sword","RideBooker_Skill_2","Hibiki_Attack1"],"picked":"SKIP","floor":19.0},{"not_picked":["Decade_Dash2+1","Hibiki_Attack1"],"picked":"Kiva_Swallow","floor":20.0},{"not_picked":["RideBooker+1","DenO_Rod+1","Blade_Slash"],"picked":"SKIP","floor":20.0},{"not_picked":["RideBooker+1","DenO_Rod+1","Blade_Slash"],"picked":"SKIP","floor":20.0},{"not_picked":["Decade_Defend2","Decade_Defend3+1"],"picked":"UnarmedAttack7+1","floor":22.0},{"not_picked":["FormRideFlame+1","RideBooker_Skill_2","Kuuga_GouramAttack+1"],"picked":"SKIP","floor":22.0},{"not_picked":["RideBooker","UnarmedAttack1+1","Kiva_Bats"],"picked":"SKIP","floor":23.0},{"not_picked":["Blade_Slash","DenO_Rod","DragClaw"],"picked":"SKIP","floor":26.0},{"not_picked":["Hibiki_Attack1","Decade_Defend3","KamenRideDecade+1"],"picked":"SKIP","floor":27.0},{"not_picked":["KamenRideHibiki+1","Hibiki_Attack2","Dragreder"],"picked":"SKIP","floor":27.0},{"not_picked":["Hibiki_Attack1","Kiva_Frozen"],"picked":"Kiva_Swallow","floor":30.0},{"not_picked":["FormRideFlame","DenO_Sword","DenO_Rod"],"picked":"SKIP","floor":30.0},{"not_picked":["UnarmedAttack1","PhotonAcceleration"],"picked":"Blade_Mach+1","floor":32.0},{"not_picked":["Decade_Dash2","FormRideDragon","UnarmedAttack4"],"picked":"SKIP","floor":32.0},{"not_picked":["DecadeViolentEmotion","NMDAZYYGL"],"picked":"Kiva_Swallow","floor":33.0},{"not_picked":["FormRideGaruru","FormRideBasshaa+1"],"picked":"Kuuga_GouramAttack+1","floor":36},{"not_picked":["UnarmedAttack3","FormRideTitan+1","Hibiki_Attack1"],"picked":"SKIP","floor":37},{"not_picked":["AutoVajin","FormRideFlame","DenO_Rod+1"],"picked":"SKIP","floor":38},{"not_picked":["DenO_Ax+1","UnarmedAttack3","DenO_Rod+1"],"picked":"SKIP","floor":38},{"not_picked":["UnarmedAttack4+1","Dragreder+1"],"picked":"Blade_Metal+1","floor":39},{"not_picked":["Decade_Dash2","AutoVajin+1","PrometheusPower"],"picked":"SKIP","floor":39},{"not_picked":["Hibiki_Attack1+1","KamenRideRyuki"],"picked":"KamenRideKiva+1","floor":42},{"not_picked":["DragClaw","UnarmedAttack7+1","FormRideDragon"],"picked":"SKIP","floor":42},{"not_picked":["KamenRideAgito+1","Decade_Dash1+1","Decade_Dash2+1"],"picked":"SKIP","floor":44},{"not_picked":["DenO_Gun+1","Decade_Dash2+1","Kiva_Frozen+1"],"picked":"SKIP","floor":44},{"not_picked":["Decade_Dash1","FormRidePegasus"],"picked":"AttackRide","floor":45},{"not_picked":["FormRideGaruru+1","Dragreder","UnarmedAttack8"],"picked":"SKIP","floor":45},{"not_picked":["FormRidePegasus","AutoVajin+1","NMDAZYYGL"],"picked":"SKIP","floor":45},{"not_picked":["UnarmedAttack7","UnarmedAttack5+1","Blade_Beat+1"],"picked":"SKIP","floor":47},{"not_picked":["Decade_Dash1","Hibiki_Attack1+1","Dragreder+1"],"picked":"SKIP","floor":47},{"not_picked":["UnarmedAttack7","KamenRideAgito","Decade_Dash2+1"],"picked":"SKIP","floor":48},{"not_picked":["UnarmedAttack7","UnarmedAttack5","DenO_Rod"],"picked":"SKIP","floor":48},{"not_picked":["FormRideTitan+1","KamenRideRyuki+1"],"picked":"UnarmedAttack3","floor":49},{"not_picked":["DenO_Gun","DenO_Ax+1","Kuuga_GouramAttack"],"picked":"SKIP","floor":49},{"not_picked":["Decade_Illusion+1","UnarmedAttack7+1"],"picked":"FormRide+1","floor":53},{"not_picked":["KamenRideRyuki+1","UnarmedAttack1"],"picked":"Kiva_Swallow","floor":53}],"player_experience":668816,"relics_obtained":[{"floor":7.0,"key":"Meat on the Bone"},{"floor":8.0,"key":"Lantern"},{"floor":10.0,"key":"Tiny Chest"},{"floor":13.0,"key":"Oddly Smooth Stone"},{"floor":24.0,"key":"Happy Flower"},{"floor":25.0,"key":"Bronze Scales"},{"floor":26.0,"key":"PreservedInsect"},{"floor":29.0,"key":"Gremlin Horn"},{"floor":29.0,"key":"Pocketwatch"},{"floor":30.0,"key":"MawBank"},{"floor":40,"key":"Prayer Wheel"},{"floor":44,"key":"Toy Ornithopter"},{"floor":48,"key":"CeramicFish"},{"floor":53,"key":"Pear"}],"event_choices":[],"is_beta":false,"boss_relics":[{"not_picked":["SlaversCollar","Fusion Hammer"],"picked":"Philosopher\u0027s Stone"},{"not_picked":["Busted Crown","Empty Cage"],"picked":"bronze:MakeshiftBattery"}],"items_purged_floors":[9,14],"is_endless":false,"potions_floor_spawned":[2,3,15,23,26,27,33,36,44,47,48,49],"ascension_level":6}}