{"host":"f9ntswufr8mq3t4y","time":1612647835,"event":{"mods":["AchievementEnabler","BaseMod","Best Route Mod","Block Reminder","Colored Map","Colored Powertips","Curses Come First","DeckTracker","Displayed Cursed Tome","Highlight Path","Minty Spire (QoL Compilation)","Permanent Neow","Quick Restart","Slay-I","StSLib"],"gold_per_floor":[115,115,129,143,157,157,173,173,221,221,241,290,290,307,307,403,403,418,434,453,453,109,109,109],"floor_reached":23,"language":"ENG","playtime":909,"items_purged":[],"score":241,"play_id":"cc1a9e2f-e3a6-485d-99b6-664d82852b88","local_time":"20210207004355","is_ascension_mode":true,"campfire_choices":[{"data":"Armaments","floor":6,"key":"SMITH"},{"data":"Bash","floor":8,"key":"SMITH"},{"data":"Cleave","floor":10,"key":"SMITH"},{"data":"Fiend Fire","floor":15,"key":"SMITH"}],"circlet_count":0,"master_deck":["Strike_R","Strike_R+1","Strike_R","Strike_R","Strike_R+1","Defend_R","Defend_R","Defend_R","Defend_R","Bash+1","Decay","Cleave+1","Armaments+1","Inflame","Sever Soul","Fiend Fire+1","Exhume","Disarm","Apotheosis"],"relics":["Black Blood","Dead Branch","Nunchaku","MealTicket","Enchiridion","Blood Vial"],"acts_visited":["Exordium","TheCity"],"potions_floor_usage":[16,18,23],"damage_taken":[{"damage":0,"enemies":"2 Louse","floor":1,"turns":3},{"damage":4,"enemies":"Jaw Worm","floor":3,"turns":3},{"damage":3,"enemies":"Cultist","floor":4,"turns":3},{"damage":4,"enemies":"Large Slime","floor":5,"turns":5},{"damage":2,"enemies":"2 Fungi Beasts","floor":7,"turns":4},{"damage":3,"enemies":"Exordium Thugs","floor":11,"turns":4},{"damage":16,"enemies":"Blue Slaver","floor":14,"turns":4},{"damage":38,"enemies":"Hexaghost","floor":16,"turns":7},{"damage":25,"enemies":"3 Byrds","floor":18,"turns":4},{"damage":35,"enemies":"2 Thieves","floor":19,"turns":3},{"damage":25,"enemies":"Centurion and Healer","floor":20,"turns":5},{"damage":28,"enemies":"Slavers","floor":23,"turns":1}],"seed_played":"4852494300591803408","potions_obtained":[{"floor":5,"key":"Swift Potion"},{"floor":7,"key":"Block Potion"},{"floor":11,"key":"BlessingOfTheForge"}],"is_trial":false,"path_per_floor":["M","?","M","M","M","R","M","R","T","R","M","T","?","M","R","B",null,"M","M","M","?","$","E"],"character_chosen":"IRONCLAD","items_purchased":["Apotheosis","Blood Vial"],"campfire_rested":0,"item_purchase_floors":[22,22],"current_hp_per_floor":[78,62,64,67,69,69,73,73,73,73,76,76,76,66,66,34,69,56,33,20,4,19,0,0],"gold":109,"neow_bonus":"ONE_RARE_RELIC","is_daily":false,"chose_seed":false,"campfire_upgraded":4,"win_rate":0.0,"timestamp":1612647835,"path_taken":["M","?","M","M","M","R","M","R","T","R","M","?","?","?","R","BOSS","M","M","M","?","$","E"],"items_purchased_type":["Card","Relic"],"build_version":"2020-12-22","purchased_purges":0,"victory":false,"max_hp_per_floor":[80,80,80,80,80,80,80,80,80,80,80,80,80,80,80,80,80,80,80,80,80,80,80,80],"card_choices":[{"not_picked":["Perfected Strike","Battle Trance","Twin Strike"],"picked":"SKIP","floor":1},{"not_picked":["Reckless Charge","Flex"],"picked":"Cleave","floor":3},{"not_picked":["Bloodletting","Pommel Strike"],"picked":"Armaments","floor":4},{"not_picked":["Searing Blow","Rupture","Dual Wield"],"picked":"SKIP","floor":5},{"not_picked":["Cleave","Armaments","Thunderclap"],"picked":"SKIP","floor":7},{"not_picked":["Cleave","Armaments","Thunderclap"],"picked":"SKIP","floor":7},{"not_picked":["Headbutt","Clash"],"picked":"Inflame","floor":11},{"not_picked":["Sword Boomerang","Battle Trance"],"picked":"Exhume","floor":14},{"not_picked":["Battle Trance","Shrug It Off","Clothesline"],"picked":"SKIP","floor":18},{"not_picked":["Thunderclap","Sword Boomerang"],"picked":"Disarm","floor":19},{"not_picked":["Clothesline+1","Pommel Strike","Warcry"],"picked":"SKIP","floor":20}],"player_experience":409735,"relics_obtained":[{"floor":9,"key":"Nunchaku"},{"floor":12,"key":"MealTicket"}],"event_choices":[{"damage_healed":0,"gold_gain":0,"player_choice":"Entered Light","damage_taken":16,"max_hp_gain":0,"max_hp_loss":0,"event_name":"Shining Light","floor":2,"gold_loss":0,"cards_upgraded":["Strike_R","Strike_R"]},{"damage_healed":0,"gold_gain":0,"player_choice":"2 cards matched","damage_taken":0,"max_hp_gain":0,"max_hp_loss":0,"event_name":"Match and Keep!","floor":13,"gold_loss":0,"cards_obtained":["Sever Soul","Fiend Fire"]},{"damage_healed":0,"gold_gain":0,"player_choice":"Obtained Book","damage_taken":16,"max_hp_gain":0,"max_hp_loss":0,"event_name":"Cursed Tome","floor":21,"gold_loss":0}],"is_beta":false,"boss_relics":[{"not_picked":["Tiny House","Cursed Key"],"picked":"Black Blood"}],"items_purged_floors":[],"is_endless":false,"potions_floor_spawned":[5,7,11],"killed_by":"Slavers","ascension_level":6}}