{"host":"15f3wpiimhe5yrng","time":1612585818,"event":{"mods":["BaseMod","Better Altar","Better Match","Better Note","Better Sensory Stone","Better Skull","Better Third Choice","BetterRewards","Bossed Relics","Colored Map","Downfall","GifTheSpireLib","Good Game Mod","Minty Spire (QoL Compilation)","Permanent Neow","StSLib","The Disciple","The Mystic"],"gold_per_floor":[109,109,109,284,80,112,126,159,159,172,172,227,227,242,242,346,346,361,372,372,392,412,412,412,412],"floor_reached":24,"language":"ENG","playtime":1749,"items_purged":["Doubt"],"score":231,"play_id":"baff0660-2761-4014-bfe6-d5bcd67475a2","local_time":"20210206053018","is_ascension_mode":false,"campfire_choices":[{"data":"ExoVibe","floor":11,"key":"SMITH"},{"data":"MasterKey","floor":13,"key":"SMITH"},{"data":"Allegro","floor":15,"key":"SMITH"},{"data":"Facsimile","floor":23,"key":"SMITH"}],"circlet_count":0,"master_deck":["Strike_Br","Strike_Br","Strike_Br","Strike_Br","Defend_Br","Defend_Br","Defend_Br","Defend_Br","SecondHand","PatternShift","Adrenaline","LockedThread+1","Chronoelasticity","WindUp","MasterKey+1","Allegro+1","ExoVibe+12","LockedScales","Keepsakes","LockedMercury","CrunchTime","LockedWhetstone","LockedFlame","LockedBlood","LockedMedicine","LockedScales","CrunchTime","ExoVibe+12","LockedBlood+1","FormalWear+1","LockedMedicine","Facsimile+1"],"relics":["Chronometer","REME:ComplimentaryCards","NeowsBlessing","IceCream?","Sundial","Prayer Wheel","Letter Opener","SlipperyGoo","Tiny House"],"acts_visited":["Exordium","TheCity"],"potions_floor_usage":[8,21,22,24],"damage_taken":[{"damage":0,"enemies":"2 Louse","floor":1,"turns":1},{"damage":0,"enemies":"3 Sentries","floor":6,"turns":2},{"damage":0,"enemies":"Jaw Worm","floor":7,"turns":1},{"damage":18,"enemies":"Gremlin Nob","floor":8,"turns":4},{"damage":1,"enemies":"Cultist","floor":10,"turns":4},{"damage":12,"enemies":"Lagavulin Event","floor":12,"turns":6},{"damage":1,"enemies":"2 Fungi Beasts","floor":14,"turns":3},{"damage":21,"enemies":"The Guardian","floor":16,"turns":11},{"damage":0,"enemies":"Spheric Guardian","floor":18,"turns":4},{"damage":13,"enemies":"Chosen","floor":19,"turns":5},{"damage":18,"enemies":"Shelled Parasite and Fungi","floor":21,"turns":7},{"damage":31,"enemies":"Cultist and Chosen","floor":22,"turns":9},{"damage":50,"enemies":"Gremlin Leader","floor":24,"turns":2}],"seed_played":"5581560286109099999","potions_obtained":[{"floor":7,"key":"AttackPotion"},{"floor":10,"key":"Explosive Potion"},{"floor":19,"key":"Regen Potion"},{"floor":21,"key":"Guardian:BlockOnCardUsePotion"}],"is_trial":false,"path_per_floor":["M","?","?","?","$","E","M","E","T","M","R","?","R","M","R","B",null,"M","M","?","M","M","R","E"],"character_chosen":"CHRONO_CLASS","items_purchased":["Chronoelasticity","WindUp"],"campfire_rested":0,"item_purchase_floors":[5,5],"current_hp_per_floor":[65,65,65,65,65,65,65,47,47,46,46,34,34,33,33,12,65,65,54,54,57,37,37,0,0],"gold":412,"neow_bonus":"THREE_ENEMY_KILL","is_daily":false,"chose_seed":false,"campfire_upgraded":4,"win_rate":0.0,"timestamp":1612585818,"path_taken":["M","?","?","?","$","E","M","E","T","M","R","?","R","M","R","BOSS","M","M","?","M","M","R","E"],"items_purchased_type":["Card","Card"],"build_version":"2020-12-22","purchased_purges":1,"victory":false,"max_hp_per_floor":[65,65,65,65,65,65,65,65,65,65,65,65,65,65,65,65,65,65,65,65,65,65,65,65,65],"card_choices":[{"not_picked":["LockedMedicine","WindUp"],"picked":"LockedThread","floor":1},{"not_picked":["HandsUpC","ReapSow"],"picked":"MasterKey","floor":6},{"not_picked":["TiringSlam","PrimeTime"],"picked":"Tempo","floor":7},{"not_picked":["PrimeTime","TickedOff"],"picked":"ExoVibe","floor":8},{"not_picked":["Stagnate","Recurrance"],"picked":"LockedScales","floor":10},{"not_picked":["HandsUpC","TiringSlam"],"picked":"Keepsakes","floor":10},{"not_picked":["AlternateTimeline","Break"],"picked":"LockedMercury","floor":12},{"not_picked":["AlternateTimeline","OracleForm"],"picked":"CrunchTime","floor":14},{"not_picked":["ExoVibe","WatchCommand"],"picked":"LockedWhetstone","floor":14},{"not_picked":["RageCommand","OverTime"],"picked":"LockedFlame","floor":16},{"not_picked":["Engulf","Stagnate"],"picked":"LockedBlood","floor":18},{"not_picked":["PrimeTime","Tempo"],"picked":"LockedMedicine","floor":18},{"not_picked":["BiteCommand","HandsUpB+1"],"picked":"LockedScales","floor":19},{"not_picked":["Accruing","LockedBlood","CrunchTime"],"picked":"SKIP","floor":19},{"not_picked":["Accruing","LockedBlood"],"picked":"CrunchTime","floor":19},{"not_picked":["FormalWear+1","BiteCommand+1"],"picked":"LockedBlood+1","floor":21},{"not_picked":["OverTime","BiteCommand"],"picked":"FormalWear+1","floor":21},{"not_picked":["Parity","TickedOff"],"picked":"LockedMedicine","floor":22},{"not_picked":["HandsUpC","HandsUpB+1"],"picked":"Facsimile","floor":22}],"player_experience":125577,"relics_obtained":[{"floor":6,"key":"Sundial"},{"floor":8,"key":"Prayer Wheel"},{"floor":9,"key":"Letter Opener"},{"floor":12,"key":"SlipperyGoo"}],"event_choices":[{"damage_healed":0,"gold_gain":0,"player_choice":"Grow","damage_taken":0,"max_hp_gain":0,"max_hp_loss":0,"event_name":"Living Wall","floor":2,"gold_loss":0,"cards_upgraded":["LockedThread"]},{"damage_healed":0,"gold_gain":175,"player_choice":"AGREE","damage_taken":109,"max_hp_gain":0,"max_hp_loss":0,"event_name":"betterThird:BetterSerpent","floor":4,"gold_loss":0},{"damage_healed":0,"gold_gain":30,"player_choice":"Searched \u00273\u0027 times","damage_taken":0,"max_hp_gain":0,"max_hp_loss":0,"event_name":"Dead Adventurer","floor":12,"gold_loss":0},{"damage_healed":0,"gold_gain":0,"player_choice":"Copied","damage_taken":0,"max_hp_gain":0,"max_hp_loss":0,"event_name":"Duplicator","floor":20,"gold_loss":0,"cards_obtained":["ExoVibe"]}],"is_beta":false,"boss_relics":[{"not_picked":["SlaversCollar","Philosopher\u0027s Stone"],"picked":"Tiny House"}],"items_purged_floors":[5],"is_endless":false,"potions_floor_spawned":[7,10,19,21],"killed_by":"Gremlin Leader","ascension_level":0}}