{"host":"oigynbtg272c19pw","time":1612614154,"event":{"mods":["BaseMod","Colored Map","Minty Spire (QoL Compilation)","Relic Stats","Slay the Relics Exporter","StSLib"],"gold_per_floor":[124,151,163,175,187,199,211,211],"floor_reached":7,"playtime":186,"items_purged":[],"score":78,"play_id":"b2c2295d-bf33-4aba-97d4-02443ba8e3ce","local_time":"20210206132234","is_ascension_mode":true,"campfire_choices":[{"data":"CutThroughFate","floor":6,"key":"SMITH"}],"circlet_count":0,"master_deck":["AscendersBane","Strike_P","Strike_P","Strike_P","Strike_P","Defend_P","Defend_P","Defend_P","Defend_P","Eruption","Vigilance","CutThroughFate+1","LikeWater"],"relics":["PureWater","MawBank","Kunai","Golden Idol"],"acts_visited":["Exordium"],"potions_floor_usage":[],"damage_taken":[{"damage":0,"enemies":"Small Slimes","floor":1,"turns":3},{"damage":4,"enemies":"2 Louse","floor":2,"turns":3},{"damage":7,"enemies":"Lagavulin","floor":7,"turns":7}],"seed_played":"-5267576301924031720","potions_obtained":[],"is_trial":false,"path_per_floor":["M","M","?","?","$","R","E"],"character_chosen":"WATCHER","items_purchased":[],"campfire_rested":0,"item_purchase_floors":[],"current_hp_per_floor":[61,57,39,39,39,39,32,32],"gold":211,"neow_bonus":"RANDOM_COMMON_RELIC","is_daily":false,"chose_seed":false,"campfire_upgraded":1,"win_rate":0.0,"timestamp":1612614154,"path_taken":["M","M","?","?","?","R","E"],"items_purchased_type":[],"build_version":"2020-12-13","purchased_purges":0,"victory":false,"max_hp_per_floor":[68,68,68,62,62,62,62,62],"relic_stats":{"counters":[3,13],"Golden Idol":0,"Kunai":[1],"MawBank":84,"obtain_stats":[{"Golden Idol":4,"Kunai":3,"PureWater":0,"MawBank":0},{"Golden Idol":2,"Kunai":2,"PureWater":0,"MawBank":0},{"Golden Idol":6,"Kunai":6,"PureWater":0,"MawBank":0}]},"card_choices":[{"not_picked":["Evaluate","FollowUp"],"picked":"CutThroughFate","floor":1},{"not_picked":["SashWhip","Collect"],"picked":"LikeWater","floor":2}],"player_experience":1549438,"relics_obtained":[],"event_choices":[{"damage_healed":0,"gold_gain":0,"player_choice":"Success","damage_taken":18,"relics_obtained":["Kunai"],"max_hp_gain":0,"max_hp_loss":0,"event_name":"Scrap Ooze","floor":3,"gold_loss":0},{"damage_healed":0,"gold_gain":0,"player_choice":"Lose Max HP","damage_taken":0,"relics_obtained":["Golden Idol"],"max_hp_gain":0,"max_hp_loss":6,"event_name":"Golden Idol","floor":4,"gold_loss":0}],"is_beta":false,"boss_relics":[],"items_purged_floors":[],"is_endless":false,"potions_floor_spawned":[],"killed_by":"Lagavulin","ascension_level":20}}