{"host":"1ooxfz79hmpvpehx","time":1612619394,"event":{"mods":["BaseMod","Minty Spire (QoL Compilation)","Quick Restart","Replay The Spire","StSLib","SuperFastMode"],"gold_per_floor":[110,60,60,70,70,70,99,99,99,54,72,100,100,25,25,127,127,144,504,258,273,273,273,288,308,308,93,110,110,110],"floor_reached":29,"language":"ENG","playtime":666,"items_purged":["Strike_B","Defend_B","Defend_B"],"score":281,"play_id":"f45feb08-5bd9-47f8-bdd8-683f6bf36294","local_time":"20210206104954","is_ascension_mode":false,"campfire_choices":[{"data":"Gash","floor":6,"key":"SMITH"},{"data":"Gash","floor":8,"key":"SMITH"},{"data":"Gash","floor":15,"key":"SMITH"},{"data":"Gash","floor":23,"key":"SMITH"}],"circlet_count":0,"master_deck":["Strike_B","Defend_B","Defend_B","Zap","Dualcast","Gash+1","Gash+1","Gash+1","Gash+1","BootSequence","Flash of Steel"],"relics":["Cracked Core","NeowsBlessing","Toy Ornithopter","ReplayTheSpireMod:TigerMarble","Oddly Smooth Stone","Black Star","Orichalcum","Ornamental Fan"],"acts_visited":["Exordium","TheCity"],"potions_floor_usage":[12,12,24,29],"damage_taken":[{"damage":0,"enemies":"Jaw Worm","floor":1,"turns":1},{"damage":0,"enemies":"2 Louse","floor":4,"turns":1},{"damage":0,"enemies":"Gremlin Nob","floor":7,"turns":1},{"damage":0,"enemies":"Cultist","floor":11,"turns":3},{"damage":19,"enemies":"3 Sentries","floor":12,"turns":8},{"damage":11,"enemies":"Fading Forest","floor":16,"turns":11},{"damage":0,"enemies":"3 Byrds","floor":18,"turns":5},{"damage":0,"enemies":"Chosen","floor":21,"turns":3},{"damage":13,"enemies":"3 Cultists","floor":24,"turns":4},{"damage":9,"enemies":"Snake Plant","floor":25,"turns":5},{"damage":13,"enemies":"Centurion and Healer","floor":28,"turns":5},{"damage":25,"enemies":"Snecko","floor":29,"turns":4}],"seed_played":"2598072359255284350","potions_obtained":[{"floor":1,"key":"Dexterity Potion"},{"floor":11,"key":"Regen Potion"},{"floor":16,"key":"PowerPotion"},{"floor":24,"key":"FearPotion"}],"is_trial":false,"path_per_floor":["M","$","?","M","?","R","E","R","T","$","M","E","?","$","R","B",null,"M","?","$","M","?","R","M","M","T","$","M","M"],"character_chosen":"DEFECT","items_purchased":["Gash","Gash","Orichalcum","Flash of Steel"],"campfire_rested":0,"item_purchase_floors":[2,10,20,27],"current_hp_per_floor":[75,75,75,75,75,75,75,75,75,75,75,68,61,61,61,64,75,75,39,39,39,39,39,31,22,22,22,9,0,0],"gold":110,"neow_bonus":"THREE_ENEMY_KILL","is_daily":false,"chose_seed":false,"campfire_upgraded":4,"win_rate":0.0,"timestamp":1612619394,"path_taken":["M","$","?","M","?","R","E","R","T","$","?","E","?","?","R","BOSS","M","?","$","?","?","R","M","M","T","?","?","M"],"items_purchased_type":["Card","Card","Relic","Card"],"build_version":"2020-12-22","purchased_purges":3,"victory":false,"max_hp_per_floor":[75,75,75,75,75,75,75,75,75,75,75,75,75,75,75,75,75,75,75,75,75,75,75,75,75,75,75,75,75,75],"card_choices":[{"not_picked":["Double Energy","Loop","Turbo"],"picked":"SKIP","floor":1},{"not_picked":["Compile Driver","Streamline"],"picked":"Gash","floor":4},{"not_picked":["ReplayTheSpireMod:System Scan","Sweeping Beam"],"picked":"Gash","floor":7},{"not_picked":["Streamline","Coolheaded","Turbo"],"picked":"SKIP","floor":11},{"not_picked":["ReplayTheSpireMod:GoodbyeWorld","Rainbow","Panic Button"],"picked":"SKIP","floor":12},{"not_picked":["Hologram","Cold Snap","Undo+1"],"picked":"SKIP","floor":18},{"not_picked":["Cold Snap+1","Panic Button"],"picked":"BootSequence","floor":21},{"not_picked":["Conserve Battery","Turbo","Lockon+1"],"picked":"SKIP","floor":24},{"not_picked":["Go for the Eyes","Aggregate","Thunder Strike"],"picked":"SKIP","floor":25},{"not_picked":["Ball Lightning+1","Leap","Steam"],"picked":"SKIP","floor":28}],"player_experience":17620,"relics_obtained":[{"floor":7,"key":"Toy Ornithopter"},{"floor":9,"key":"ReplayTheSpireMod:TigerMarble"},{"floor":12,"key":"Oddly Smooth Stone"},{"floor":26,"key":"Ornamental Fan"}],"event_choices":[{"damage_healed":0,"gold_gain":0,"player_choice":"Bought 0 Potions","damage_taken":0,"max_hp_gain":0,"max_hp_loss":0,"event_name":"The Woman in Blue","floor":5,"gold_loss":0},{"cards_removed":["Strike_B"],"damage_healed":0,"gold_gain":0,"player_choice":"Card Removal","damage_taken":7,"max_hp_gain":0,"max_hp_loss":0,"event_name":"Golden Wing","floor":13,"gold_loss":0},{"damage_healed":0,"gold_gain":360,"player_choice":"GOLD GOLD GOLD GOLD ","damage_taken":36,"max_hp_gain":0,"max_hp_loss":0,"event_name":"Knowing Skull","floor":19,"potions_obtained":[],"gold_loss":0,"cards_obtained":[]},{"damage_healed":0,"gold_gain":0,"player_choice":"0 cards matched","damage_taken":0,"max_hp_gain":0,"max_hp_loss":0,"event_name":"Match and Keep!","floor":22,"gold_loss":0,"cards_obtained":[]}],"is_beta":false,"boss_relics":[{"not_picked":["Philosopher\u0027s Stone","Abe\u0027s Treasure"],"picked":"Black Star"}],"items_purged_floors":[14,20,27],"is_endless":false,"potions_floor_spawned":[1,11,16,24],"killed_by":"Snecko","ascension_level":0}}