{"host":"0cm5wy4nhuju7tij","time":1612643537,"event":{"mods":["100% Spire Juice","2.2 Compatiblity","AchievementEnabler","Aspiration","BaseMod","Better Third Choice","BetterRewards","CCEM2","CapriCore","Colored Powertips","Curses Come First","Displayed Cursed Tome","Downfall","Energized Spire","Evolution","Filter the Spire","Highlight Path","Jess\u0027s Bottle","Minty Spire (QoL Compilation)","Permanent Neow","Poor People Problems","Relic Filter Mod","Relic Stats","Shop Mod","Spicy Shops","StSLib","The Cursed","TheSurvivalist","Weighted Paths"],"gold_per_floor":[114,132,53,69,89,122,132,132,132,132,132,165,165,165,165,302,302,335,358,390,408,440,484,484,532,578,607,27,27,49,58,58,193,193,216,249,249,279,307,352,374,423,449,491,824,843,863,47,47,47,47,47,20,55,55],"floor_reached":56,"language":"ENG","playtime":5011,"items_purged":["Pride"],"score":2049,"play_id":"149f4390-8279-491f-a4cc-fe2b675000dc","local_time":"20210206153217","is_ascension_mode":true,"campfire_choices":[{"floor":8,"key":"REST"},{"data":"TheCursedMod:ParallelWorld","floor":11,"key":"SMITH"},{"data":"TheCursedMod:NeowsMight","floor":13,"key":"SMITH"},{"floor":15,"key":"REST"},{"data":"TheCursedMod:ManaCirculation","floor":24,"key":"SMITH"},{"data":"TheCursedMod:HellfireBreathing","floor":29,"key":"SMITH"},{"floor":32,"key":"REST"},{"floor":49,"key":"RECALL"},{"data":"TheCursedMod:VoidForm","floor":52,"key":"SMITH"}],"circlet_count":0,"master_deck":["TheCursedMod:CleanUpWorkshop","TheCursedMod:CursedAmulet","TheCursedMod:HellfireBreathing","TheCursedMod:HellfireBreathing+1","TheCursedMod:SpitefulPlan","TheCursedMod:LuckyCharm","TheCursedMod:CursedSpellbook","TheCursedMod:NeowsMight+1","TheCursedMod:ParallelWorld+1","TheCursedMod:CircleOfAmplification","TheCursedMod:DemonicPact","TheCursedMod:CursedSpellbook","TheCursedMod:Obscuration","TheCursedMod:LuckyCharm","TheCursedMod:CursedBoomerang","TheCursedMod:CursedBoomerang","TheCursedMod:CursedAmulet","TheCursedMod:CursedShiv","Injury","TheCursedMod:WearCloak","TheCursedMod:DemonSword","TheCursedMod:SpitefulPray","TheCursedMod:CircleOfFlame+1","TheCursedMod:LuckyCharm","TheCursedMod:Evocation","TheCursedMod:CircleOfFlame","TheCursedMod:SpitefulPray+1","TheCursedMod:ManaCirculation+1","TheCursedMod:SpitefulStrike+1","TheCursedMod:CursedAmulet","TheCursedMod:HellsGateOpen","TheCursedMod:SurpriseAttack","Writhe","TheCursedMod:VoidForm+1","TheCursedMod:ManaBullet","TheCursedMod:CursedSpellbook","TheCursedMod:BloodBarrier","TheCursedMod:CursedAmulet+1","TheCursedMod:CursedBoomerang","TheCursedMod:CursedShiv+1","TheCursedMod:TroublousMinions","TheCursedMod:FleshFromBone+1","TheCursedMod:SpitefulPray","TheCursedMod:SurpriseAttack+1","TheCursedMod:LuckyCharm","TheCursedMod:CursedBoomerang","TheCursedMod:SurpriseAttack","TheCursedMod:HellfireBreathing","TheCursedMod:Grudge+1"],"relics":["TheCursedMod:BlackMagicAdvanced","EVO:Axolotl","CCEMRelics:Pendulum","CCEMRelics:FiftyFTOfRope","CCEMRelics:FakeTeeth","CeramicFish","Black Star","CCEMRelics:PowerPill","Ancient Tea Set","CCEMRelics:OldTooth","Darkstone Periapt","Bronze Scales","PreservedInsect","Turnip","Regal Pillow","TheAbacus","Potion Belt","CCEMRelics:DarkMatter","Bottled Tornado","Lizard Tail","CCEMRelics:D6","TheCursedMod:Tack","CCEMRelics:ImbuedSpirit","Smiling Mask","Strange Spoon","ClockworkSouvenir","CCEMRelics:PocketTank","CCEMRelics:HeirloomTomato","CCEMRelics:CanOfSoda","aspiration:Lifesprig"],"acts_visited":["Exordium","TheCity","TheBeyond","TheEnding"],"potions_floor_usage":[50],"damage_taken":[{"damage":0,"enemies":"Cultist","floor":1,"turns":2},{"damage":7,"enemies":"Jaw Worm","floor":2,"turns":3},{"damage":20,"enemies":"2 Louse","floor":4,"turns":3},{"damage":5,"enemies":"Gremlin Gang","floor":5,"turns":2},{"damage":16,"enemies":"Gremlin Nob","floor":6,"turns":6},{"damage":6,"enemies":"Exordium Wildlife","floor":7,"turns":3},{"damage":5,"enemies":"Lagavulin","floor":12,"turns":6},{"damage":0,"enemies":"The Guardian","floor":16,"turns":4},{"damage":4,"enemies":"Chosen","floor":18,"turns":4},{"damage":0,"enemies":"Spheric Guardian","floor":19,"turns":2},{"damage":0,"enemies":"Centurion and Healer","floor":20,"turns":4},{"damage":0,"enemies":"Shelled Parasite and Fungi","floor":22,"turns":4},{"damage":0,"enemies":"Gremlin Leader","floor":23,"turns":5},{"damage":24,"enemies":"Book of Stabbing","floor":25,"turns":4},{"damage":0,"enemies":"Snake Plant","floor":27,"turns":3},{"damage":0,"enemies":"Sentry and Sphere","floor":30,"turns":4},{"damage":16,"enemies":"Collector","floor":33,"turns":5},{"damage":16,"enemies":"3 Darklings","floor":35,"turns":3},{"damage":0,"enemies":"3 Shapes","floor":36,"turns":4},{"damage":0,"enemies":"Maw","floor":38,"turns":5},{"damage":0,"enemies":"3 Darklings","floor":39,"turns":4},{"damage":0,"enemies":"Giant Head","floor":40,"turns":5},{"damage":0,"enemies":"4 Shapes","floor":41,"turns":2},{"damage":14,"enemies":"Nemesis","floor":42,"turns":5},{"damage":0,"enemies":"Giant Head","floor":44,"turns":3},{"damage":20,"enemies":"Writhing Mass","floor":46,"turns":4},{"damage":5,"enemies":"Spire Growth","floor":47,"turns":4},{"damage":67,"enemies":"Time Eater","floor":50,"turns":8},{"damage":0,"enemies":"Shield and Spear","floor":54,"turns":3},{"damage":5,"enemies":"The Heart","floor":55,"turns":7}],"seed_played":"3448472857109049686","potions_obtained":[{"floor":2,"key":"bronze:BurnAndBuffPotion"},{"floor":6,"key":"AttackPotion"},{"floor":7,"key":"Guardian:BlockOnCardUsePotion"},{"floor":22,"key":"SneckoOil"},{"floor":36,"key":"ColorlessPotion"},{"floor":37,"key":"Energy Potion"},{"floor":44,"key":"Dexterity Potion"}],"is_trial":false,"path_per_floor":["M","M","$","M","M","E","M","R","T","?","R","E","R","?","R","B",null,"M","M","M","?","M","E","R","E","T","M","$","R","M","?","R","B",null,"M","M","?","M","M","E","M","E","T","E","?","M","M","$","R","B",null,"R","$","E","B",null],"character_chosen":"THE_CURSED","items_purchased":["TheCursedMod:LuckyCharm","PreservedInsect","TheCursedMod:HellsGateOpen","Turnip","Regal Pillow","TheAbacus","Strange Spoon","TheCursedMod:LuckyCharm","TheCursedMod:CursedBoomerang","ClockworkSouvenir","TheCursedMod:SurpriseAttack","CCEMRelics:PocketTank","CCEMRelics:HeirloomTomato","TheCursedMod:HellfireBreathing"],"campfire_rested":3,"item_purchase_floors":[3,28,28,28,28,28,48,48,48,48,48,48,48,53],"current_hp_per_floor":[68,61,61,41,36,20,14,36,36,36,36,31,31,6,28,28,63,59,59,59,59,59,59,59,35,35,35,41,41,41,47,87,71,83,67,67,67,67,67,67,67,53,53,53,53,33,28,33,33,22,75,75,75,93,90],"gold":55,"neow_bonus":"ONE_RANDOM_RARE_CARD","is_daily":false,"chose_seed":false,"campfire_upgraded":5,"win_rate":0.0,"timestamp":1612643537,"path_taken":["M","M","?","M","?","E","M","R","T","?","R","E","R","?","R","BOSS","M","M","M","?","M","E","R","E","T","M","$","R","?","?","R","BOSS","M","M","?","?","M","E","M","E","T","E","?","M","M","$","R","BOSS","R","$","E","BOSS"],"items_purchased_type":["Card","Relic","Card","Relic","Relic","Relic","Relic","Card","Card","Relic","Card","Relic","Relic","Card"],"build_version":"2020-12-22","purchased_purges":1,"victory":true,"max_hp_per_floor":[75,75,75,75,75,75,75,75,75,75,75,75,75,75,75,75,75,75,75,75,75,75,75,75,75,75,75,81,81,81,87,87,87,87,87,87,87,87,87,87,87,87,87,87,87,87,87,92,92,92,92,92,92,108,108],"relic_stats":{"Darkstone Periapt":12,"Regal Pillow":14,"counters":[30,116],"CeramicFish":270,"PreservedInsect":365,"Smiling Mask":25,"Strange Spoon":[21],"Lizard Tail":46,"TheAbacus":[54],"Bronze Scales":[251],"Turnip":[15],"Black Star":6,"obtain_stats":[{"Darkstone Periapt":25,"Regal Pillow":28,"aspiration:Lifesprig":54,"CeramicFish":14,"TheCursedMod:Tack":42,"CCEMRelics:Pendulum":6,"EVO:Axolotl":0,"Bottled Tornado":40,"Ancient Tea Set":23,"Smiling Mask":44,"ClockworkSouvenir":48,"CCEMRelics:FakeTeeth":12,"Lizard Tail":40,"CCEMRelics:OldTooth":25,"TheAbacus":28,"CCEMRelics:PowerPill":23,"CCEMRelics:D6":42,"CCEMRelics:HeirloomTomato":48,"CCEMRelics:FiftyFTOfRope":9,"Potion Belt":31,"TheCursedMod:BlackMagicAdvanced":0,"CCEMRelics:ImbuedSpirit":44,"Golden Idol":10,"PreservedInsect":28,"CCEMRelics:CanOfSoda":54,"Strange Spoon":48,"CCEMRelics:DarkMatter":34,"Bronze Scales":26,"CCEMRelics:PocketTank":48,"Turnip":28,"Black Star":17},{"Darkstone Periapt":14,"Regal Pillow":15,"aspiration:Lifesprig":29,"CeramicFish":7,"TheCursedMod:Tack":24,"CCEMRelics:Pendulum":5,"EVO:Axolotl":0,"Bottled Tornado":22,"Ancient Tea Set":13,"Smiling Mask":25,"ClockworkSouvenir":27,"CCEMRelics:FakeTeeth":7,"Lizard Tail":22,"CCEMRelics:OldTooth":14,"TheAbacus":15,"CCEMRelics:PowerPill":13,"CCEMRelics:D6":24,"CCEMRelics:HeirloomTomato":27,"CCEMRelics:FiftyFTOfRope":6,"Potion Belt":16,"TheCursedMod:BlackMagicAdvanced":0,"CCEMRelics:ImbuedSpirit":25,"Golden Idol":6,"PreservedInsect":15,"CCEMRelics:CanOfSoda":29,"Strange Spoon":27,"CCEMRelics:DarkMatter":17,"Bronze Scales":14,"CCEMRelics:PocketTank":27,"Turnip":15,"Black Star":8},{"Darkstone Periapt":49,"Regal Pillow":52,"aspiration:Lifesprig":110,"CeramicFish":23,"TheCursedMod:Tack":88,"CCEMRelics:Pendulum":15,"EVO:Axolotl":0,"Bottled Tornado":81,"Ancient Tea Set":45,"Smiling Mask":91,"ClockworkSouvenir":99,"CCEMRelics:FakeTeeth":23,"Lizard Tail":81,"CCEMRelics:OldTooth":49,"TheAbacus":52,"CCEMRelics:PowerPill":45,"CCEMRelics:D6":88,"CCEMRelics:HeirloomTomato":99,"CCEMRelics:FiftyFTOfRope":17,"Potion Belt":56,"TheCursedMod:BlackMagicAdvanced":0,"CCEMRelics:ImbuedSpirit":91,"Golden Idol":17,"PreservedInsect":52,"CCEMRelics:CanOfSoda":110,"Strange Spoon":99,"CCEMRelics:DarkMatter":61,"Bronze Scales":49,"CCEMRelics:PocketTank":99,"Turnip":52,"Black Star":27}]},"card_choices":[{"not_picked":["TheCursedMod:VitalStrike","TheCursedMod:SpreadPlague"],"picked":"TheCursedMod:CursedSpellbook","floor":1},{"not_picked":["TheCursedMod:SmokeScreen","TheCursedMod:Stretching"],"picked":"TheCursedMod:Obscuration","floor":2},{"not_picked":["TheCursedMod:SpitefulPlan","TheCursedMod:FleshFromBone"],"picked":"TheCursedMod:CursedBoomerang","floor":4},{"not_picked":["TheCursedMod:SoulCrush","TheCursedMod:Stretching"],"picked":"TheCursedMod:CursedBoomerang","floor":5},{"not_picked":["TheCursedMod:EmpowerCircles","TheCursedMod:CursedMace"],"picked":"TheCursedMod:CursedAmulet","floor":6},{"not_picked":["TheCursedMod:Mangle","TheCursedMod:ManaBullet"],"picked":"TheCursedMod:CursedShiv","floor":7},{"not_picked":["TheCursedMod:CircleOfFlame","TheCursedMod:CircleOfAmplification"],"picked":"TheCursedMod:WearCloak","floor":12},{"not_picked":["TheCursedMod:UltimatePain","TheCursedMod:NeowsMight"],"picked":"TheCursedMod:DemonSword","floor":16},{"not_picked":["TheCursedMod:SmokeScreen+1","TheCursedMod:Hemoplague"],"picked":"TheCursedMod:SpitefulPray","floor":18},{"not_picked":["TheCursedMod:SpreadPlague","TheCursedMod:Wield"],"picked":"TheCursedMod:CircleOfFlame+1","floor":19},{"not_picked":["TheCursedMod:SurpriseAttack","TheCursedMod:CursedBlade"],"picked":"TheCursedMod:LuckyCharm","floor":20},{"not_picked":["TheCursedMod:CircleOfFocus","TheCursedMod:CircleOfWindfury"],"picked":"TheCursedMod:SpitefulPray+1","floor":22},{"not_picked":["TheCursedMod:CircleOfAmplification","TheCursedMod:RapidMovement"],"picked":"TheCursedMod:ManaCirculation","floor":23},{"not_picked":["TheCursedMod:StunningStrike","TheCursedMod:Obscuration"],"picked":"TheCursedMod:SpitefulStrike+1","floor":25},{"not_picked":["TheCursedMod:SpreadPlague+1","TheCursedMod:RavingStaff"],"picked":"TheCursedMod:CursedAmulet","floor":27},{"not_picked":["TheCursedMod:Wield","TheCursedMod:CursedMace"],"picked":"TheCursedMod:SurpriseAttack","floor":30},{"not_picked":["TheCursedMod:DarkBarrier","TheCursedMod:CursedRelics"],"picked":"TheCursedMod:VoidForm","floor":33},{"not_picked":["TheCursedMod:Stretching","TheCursedMod:RapidMovement"],"picked":"TheCursedMod:ManaBullet","floor":35},{"not_picked":["TheCursedMod:VitalStrike","TheCursedMod:CircleOfCorruption"],"picked":"TheCursedMod:CursedSpellbook","floor":36},{"not_picked":["TheCursedMod:CircleOfCorruption","TheCursedMod:DoubleShield"],"picked":"TheCursedMod:BloodBarrier","floor":38},{"not_picked":["TheCursedMod:BlessingInDisguise","TheCursedMod:Evocation"],"picked":"TheCursedMod:CursedAmulet+1","floor":39},{"not_picked":["TheCursedMod:AbyssShockwave+1","TheCursedMod:WearCloak+1"],"picked":"TheCursedMod:CursedBoomerang","floor":40},{"not_picked":["TheCursedMod:CircleOfBlood","TheCursedMod:Obscuration+1"],"picked":"TheCursedMod:CursedShiv+1","floor":41},{"not_picked":["TheCursedMod:RavingStaff","TheCursedMod:AbyssShockwave+1"],"picked":"TheCursedMod:TroublousMinions","floor":42},{"not_picked":["TheCursedMod:SurpriseAttack","TheCursedMod:Stigma"],"picked":"TheCursedMod:FleshFromBone+1","floor":44},{"not_picked":["TheCursedMod:CircleOfFlame+1","TheCursedMod:SmokeScreen+1"],"picked":"TheCursedMod:SpitefulPray","floor":46},{"not_picked":["TheCursedMod:SmokeScreen","TheCursedMod:CircleOfCorruption+1"],"picked":"TheCursedMod:SurpriseAttack+1","floor":47},{"not_picked":["TheCursedMod:CircleOfAmplification","TheCursedMod:Evocation+1"],"picked":"TheCursedMod:Grudge+1","floor":54}],"player_experience":273531,"relics_obtained":[{"floor":6,"key":"CCEMRelics:Pendulum"},{"floor":9,"key":"CCEMRelics:FiftyFTOfRope"},{"floor":12,"key":"CCEMRelics:FakeTeeth"},{"floor":23,"key":"CCEMRelics:PowerPill"},{"floor":23,"key":"Ancient Tea Set"},{"floor":25,"key":"CCEMRelics:OldTooth"},{"floor":25,"key":"Darkstone Periapt"},{"floor":26,"key":"Bronze Scales"},{"floor":40,"key":"Bottled Tornado"},{"floor":40,"key":"Lizard Tail"},{"floor":42,"key":"CCEMRelics:D6"},{"floor":42,"key":"TheCursedMod:Tack"},{"floor":44,"key":"CCEMRelics:ImbuedSpirit"},{"floor":44,"key":"Smiling Mask"},{"floor":54,"key":"CCEMRelics:CanOfSoda"},{"floor":54,"key":"aspiration:Lifesprig"}],"event_choices":[{"damage_healed":0,"gold_gain":0,"player_choice":"Take Wound","damage_taken":0,"relics_obtained":["Golden Idol"],"max_hp_gain":0,"max_hp_loss":0,"event_name":"Golden Idol","floor":10,"gold_loss":0,"cards_obtained":["Injury"]},{"damage_healed":0,"gold_gain":1,"player_choice":"Relic ","damage_taken":25,"max_hp_gain":0,"max_hp_loss":0,"event_name":"betterThird:BetterScrap","floor":14,"gold_loss":0,"cards_obtained":["Feel No Pain"]},{"damage_healed":0,"gold_gain":0,"player_choice":"2 cards matched","damage_taken":0,"max_hp_gain":0,"max_hp_loss":0,"event_name":"Match and Keep!","floor":21,"gold_loss":0,"cards_obtained":["TheCursedMod:Evocation","TheCursedMod:CircleOfFlame"]},{"damage_healed":0,"gold_gain":0,"player_choice":"Opened","damage_taken":0,"relics_obtained":["Potion Belt"],"max_hp_gain":0,"max_hp_loss":0,"event_name":"The Mausoleum","floor":31,"gold_loss":0,"cards_obtained":["Writhe"]},{"damage_healed":0,"gold_gain":0,"player_choice":"Got Potions","damage_taken":0,"max_hp_gain":0,"max_hp_loss":0,"event_name":"Lab","floor":37,"gold_loss":0},{"damage_healed":0,"gold_gain":333,"player_choice":"Gave Idol","damage_taken":0,"max_hp_gain":0,"max_hp_loss":0,"event_name":"The Moai Head","floor":45,"relics_lost":["Golden Idol"],"gold_loss":0}],"is_beta":false,"boss_relics":[{"not_picked":["Fusion Hammer","energizedSpire:EnergizedDie"],"picked":"Black Star"},{"not_picked":["aspiration:WatcherSkillbook","energizedSpire:DeadBattery"],"picked":"CCEMRelics:DarkMatter"}],"items_purged_floors":[48],"is_endless":false,"potions_floor_spawned":[2,6,7,18,22,23,25,33,36,40,44,46,47],"ascension_level":7}}