{"host":"08t08ld674si40tv","time":1612589474,"event":{"mods":["AchievementEnabler","BaseMod","Colored Map","Minty Spire (QoL Compilation)","StSLib","SuperFastMode"],"gold_per_floor":[611,611,629,10,10,10,10,10,60,0,41,65,65,89,89,188,188,203,118,118,139,89,129,129,163,163,163,163,183,183,202,202,297,297,316,330,349,363,363,394,25,63,63,104,117,117,133,172,172,172,172,172,172,66,97,97],"floor_reached":57,"language":"KOR","playtime":1288,"items_purged":["Strike_R","Strike_R","Bash+1","Carnage+1"],"score":3391,"play_id":"b5f51c08-5652-43c8-aba6-0c6ee0411db6","local_time":"20210206143114","is_ascension_mode":true,"campfire_choices":[{"data":"Pommel Strike","floor":6,"key":"SMITH"},{"data":"1","floor":8,"key":"LIFT"},{"data":"2","floor":13,"key":"LIFT"},{"data":"3","floor":15,"key":"LIFT"},{"data":"Limit Break","floor":24,"key":"SMITH"},{"data":"Bloodletting","floor":30,"key":"SMITH"},{"data":"Shockwave","floor":32,"key":"SMITH"},{"floor":49,"key":"RECALL"},{"data":"Defend_R","floor":53,"key":"SMITH"}],"circlet_count":0,"master_deck":["AscendersBane","Defend_R+1","Defend_R+1","Defend_R+1","Defend_R+1","Pommel Strike+1","Heavy Blade+1","Bloodletting+1","Body Slam+1","Limit Break+1","Shockwave+1","Exhume+1","Pommel Strike+1","Offering+1","Shrug It Off+1","Reaper+1","Pommel Strike+1"],"relics":["Burning Blood","The Courier","Membership Card","MealTicket","Molten Egg 2","Omamori","Calipers","Oddly Smooth Stone","Tiny Chest","Girya","Centennial Puzzle","Golden Idol","Bag of Marbles","Toy Ornithopter","Calling Bell","Lantern","The Courier","Magic Flower","Black Star","MealTicket","White Beast Statue","Frozen Egg 2","Self Forming Clay","Toxic Egg 2","Mercury Hourglass","Meat on the Bone","SacredBark","Akabeko","TungstenRod","Gremlin Horn","TheAbacus","Blood Vial","Whetstone","HornCleat","Vajra","Smiling Mask","Singing Bowl","Regal Pillow","StoneCalendar","Mummified Hand","Bag of Preparation"],"acts_visited":["Exordium","TheCity","TheBeyond","TheEnding"],"potions_floor_usage":[11,33,33,33,37,40,40,44,50,51,56],"damage_taken":[{"damage":9,"enemies":"2 Louse","floor":1,"turns":3},{"damage":6,"enemies":"Cultist","floor":3,"turns":3},{"damage":0,"enemies":"3 Sentries","floor":11,"turns":7},{"damage":3,"enemies":"Jaw Worm","floor":12,"turns":2},{"damage":0,"enemies":"2 Fungi Beasts","floor":14,"turns":3},{"damage":3,"enemies":"Slime Boss","floor":16,"turns":3},{"damage":0,"enemies":"Chosen","floor":18,"turns":2},{"damage":15,"enemies":"Shell Parasite","floor":21,"turns":2},{"damage":11,"enemies":"Slavers","floor":23,"turns":4},{"damage":26,"enemies":"Book of Stabbing","floor":25,"turns":3},{"damage":3,"enemies":"Centurion and Healer","floor":29,"turns":2},{"damage":13,"enemies":"Shelled Parasite and Fungi","floor":31,"turns":2},{"damage":20,"enemies":"Collector","floor":33,"turns":3},{"damage":6,"enemies":"3 Shapes","floor":35,"turns":3},{"damage":9,"enemies":"3 Darklings","floor":36,"turns":3},{"damage":26,"enemies":"Sphere and 2 Shapes","floor":37,"turns":2},{"damage":9,"enemies":"Jaw Worm Horde","floor":38,"turns":2},{"damage":6,"enemies":"Reptomancer","floor":40,"turns":3},{"damage":12,"enemies":"Nemesis","floor":42,"turns":1},{"damage":12,"enemies":"Giant Head","floor":44,"turns":2},{"damage":16,"enemies":"Maw","floor":45,"turns":2},{"damage":16,"enemies":"Transient","floor":47,"turns":4},{"damage":14,"enemies":"Reptomancer","floor":48,"turns":2},{"damage":16,"enemies":"Donu and Deca","floor":50,"turns":4},{"damage":22,"enemies":"Awakened One","floor":51,"turns":3},{"damage":29,"enemies":"Shield and Spear","floor":55,"turns":3},{"damage":27,"enemies":"The Heart","floor":56,"turns":4}],"seed_played":"4263789017904673592","potions_obtained":[{"floor":3,"key":"EssenceOfSteel"},{"floor":16,"key":"LiquidBronze"},{"floor":18,"key":"FearPotion"},{"floor":21,"key":"Strength Potion"},{"floor":31,"key":"EntropicBrew"},{"floor":33,"key":"CultistPotion"},{"floor":35,"key":"SkillPotion"},{"floor":37,"key":"AttackPotion"},{"floor":40,"key":"ElixirPotion"},{"floor":42,"key":"SteroidPotion"},{"floor":44,"key":"Regen Potion"},{"floor":48,"key":"Strength Potion"},{"floor":55,"key":"ElixirPotion"}],"is_trial":false,"path_per_floor":["M","?","M","$","?","R","?","R","T","$","E","M","R","M","R","B",null,"M","?","T","M","$","E","R","E","T","?","?","M","R","M","R","B",null,"M","M","M","M","?","E","$","E","T","E","M","T","M","E","R","B","B",null,"R","$","E","B",null],"character_chosen":"IRONCLAD","items_purchased":["Molten Egg 2","Omamori","Calipers","Oddly Smooth Stone","Tiny Chest","Girya","Carnage+1","Centennial Puzzle","Heavy Blade+1","Gremlin Horn","TheAbacus","Blood Vial","Reaper+1","GamblersBrew","SteroidPotion"],"campfire_rested":0,"item_purchase_floors":[4,4,4,4,4,4,4,4,10,41,41,41,41,54,54],"current_hp_per_floor":[65,65,65,75,49,49,26,26,26,41,47,50,50,56,56,59,71,75,75,75,69,75,73,73,56,56,56,56,62,62,58,58,64,72,75,75,58,58,58,75,75,72,72,75,75,75,70,79,79,79,79,79,79,79,81,67],"gold":97,"neow_bonus":"UPGRADE_CARD","is_daily":false,"chose_seed":false,"campfire_upgraded":5,"win_rate":0.0,"timestamp":1612589474,"path_taken":["M","?","?","$","?","R","?","R","T","$","E","M","R","M","R","BOSS","M","?","?","M","$","E","R","E","T","?","?","M","R","M","R","BOSS","M","M","M","M","?","E","$","E","T","E","M","?","M","E","R","BOSS","BOSS","R","$","E","BOSS"],"items_purchased_type":["Relic","Relic","Relic","Relic","Relic","Relic","Card","Relic","Card","Relic","Relic","Relic","Card","Potion","Potion"],"build_version":"2020-12-22","purchased_purges":4,"victory":true,"max_hp_per_floor":[75,75,75,75,75,75,75,75,75,75,75,75,75,75,75,75,75,75,75,75,75,75,75,75,75,75,75,75,75,75,75,75,75,75,75,75,75,75,75,75,75,75,75,75,75,75,77,79,79,79,79,79,79,79,81,81],"card_choices":[{"not_picked":["Warcry","Heavy Blade","Iron Wave"],"picked":"SKIP","floor":1},{"not_picked":["Sword Boomerang","Disarm"],"picked":"Pommel Strike","floor":3},{"not_picked":["Armaments","Second Wind"],"picked":"Bloodletting","floor":11},{"not_picked":["Iron Wave+1","Warcry"],"picked":"Body Slam+1","floor":12},{"not_picked":["Fiend Fire+1","Armaments","Wild Strike+1"],"picked":"SKIP","floor":14},{"not_picked":["Impervious","Demon Form"],"picked":"Limit Break","floor":16},{"not_picked":["Thunderclap+1","Cleave+1","Havoc+1"],"picked":"SKIP","floor":18},{"not_picked":["Iron Wave+1","Sever Soul+1"],"picked":"Shockwave","floor":21},{"not_picked":["Heavy Blade+1","Shockwave","Dropkick+1"],"picked":"SKIP","floor":23},{"not_picked":["Pummel+1","Dual Wield+1","Power Through+1"],"picked":"SKIP","floor":25},{"not_picked":["Clothesline+1","Twin Strike+1","Perfected Strike+1"],"picked":"SKIP","floor":29},{"not_picked":["Dark Embrace+1","Sentinel+1","Flex+1"],"picked":"SKIP","floor":31},{"not_picked":["Reaper+1","Barricade+1"],"picked":"Offering+1","floor":33},{"not_picked":["Headbutt+1","Perfected Strike+1","Cleave+1"],"picked":"SKIP","floor":35},{"not_picked":["Pommel Strike+1","Armaments+1","Pummel+1"],"picked":"SKIP","floor":36},{"not_picked":["Cleave+1","Headbutt+1"],"picked":"Shrug It Off+1","floor":37},{"not_picked":["Warcry+1","Bludgeon+1","Twin Strike+1"],"picked":"SKIP","floor":38},{"not_picked":["Clothesline+1","Clash+1","Warcry+1"],"picked":"SKIP","floor":40},{"not_picked":["Twin Strike+1","Combust+1","Clash+1"],"picked":"SKIP","floor":42},{"not_picked":["Dark Embrace+1","Battle Trance+1"],"picked":"Pommel Strike+1","floor":44},{"not_picked":["Thunderclap+1","Juggernaut+1","Clash+1"],"picked":"SKIP","floor":45},{"not_picked":["Headbutt+1","Twin Strike+1","Whirlwind+1"],"picked":"Singing Bowl","floor":47},{"not_picked":["Whirlwind+1","Wild Strike+1","Twin Strike+1"],"picked":"Singing Bowl","floor":48},{"not_picked":["Warcry+1","Clash+1","Wild Strike+1"],"picked":"Singing Bowl","floor":55}],"player_experience":292452,"relics_obtained":[{"floor":9,"key":"Bag of Marbles"},{"floor":11,"key":"Toy Ornithopter"},{"floor":17,"key":"Lantern"},{"floor":17,"key":"The Courier"},{"floor":17,"key":"Magic Flower"},{"floor":20,"key":"White Beast Statue"},{"floor":23,"key":"Frozen Egg 2"},{"floor":23,"key":"Self Forming Clay"},{"floor":25,"key":"Toxic Egg 2"},{"floor":25,"key":"Mercury Hourglass"},{"floor":26,"key":"Meat on the Bone"},{"floor":40,"key":"Akabeko"},{"floor":40,"key":"TungstenRod"},{"floor":42,"key":"Whetstone"},{"floor":42,"key":"HornCleat"},{"floor":44,"key":"Vajra"},{"floor":44,"key":"Smiling Mask"},{"floor":46,"key":"Singing Bowl"},{"floor":48,"key":"Regal Pillow"},{"floor":48,"key":"StoneCalendar"},{"floor":55,"key":"Mummified Hand"},{"floor":55,"key":"Bag of Preparation"}],"event_choices":[{"damage_healed":0,"gold_gain":0,"player_choice":"Forge","damage_taken":0,"max_hp_gain":0,"max_hp_loss":0,"event_name":"Accursed Blacksmith","floor":2,"gold_loss":0,"cards_upgraded":["Defend_R"]},{"damage_healed":0,"gold_gain":0,"player_choice":"Take Damage","damage_taken":26,"relics_obtained":["Golden Idol"],"max_hp_gain":0,"max_hp_loss":0,"event_name":"Golden Idol","floor":5,"gold_loss":0},{"damage_healed":0,"gold_gain":0,"player_choice":"Entered Light","damage_taken":23,"max_hp_gain":0,"max_hp_loss":0,"event_name":"Shining Light","floor":7,"gold_loss":0,"cards_upgraded":["Defend_R","Defend_R"]},{"damage_healed":0,"gold_gain":0,"player_choice":"Obtained Relic","damage_taken":0,"relics_obtained":["MealTicket"],"max_hp_gain":0,"max_hp_loss":0,"event_name":"Addict","floor":19,"gold_loss":85},{"damage_healed":0,"gold_gain":0,"cards_transformed":["Strike_R","Strike_R"],"player_choice":"Became Test Subject","damage_taken":0,"max_hp_gain":0,"max_hp_loss":0,"event_name":"Drug Dealer","floor":27,"gold_loss":0,"cards_obtained":["Exhume","Pommel Strike"]},{"cards_removed":["Strike_R"],"damage_healed":0,"gold_gain":0,"player_choice":"Elegance","damage_taken":0,"max_hp_gain":0,"max_hp_loss":0,"event_name":"Back to Basics","floor":28,"gold_loss":0},{"damage_healed":0,"gold_gain":0,"player_choice":"Ignored","damage_taken":0,"max_hp_gain":0,"max_hp_loss":0,"event_name":"Tomb of Lord Red Mask","floor":39,"gold_loss":0}],"is_beta":false,"boss_relics":[{"not_picked":["Runic Pyramid","Cursed Key"],"picked":"Calling Bell"},{"not_picked":["Mark of Pain","Runic Dome"],"picked":"SacredBark"}],"items_purged_floors":[10,22,41,54],"is_endless":false,"potions_floor_spawned":[3,16,18,21,23,25,29,31,33,35,36,37,38,40,42,44,45,47,48,55],"ascension_level":20}}