{"host":"spoxbmo2txwgdxt2","time":1612625551,"event":{"mods":["AchievementEnabler","Act Like it!","BaseMod","Colored Powertips","Hallownest","Highlight Path","Minty Spire (QoL Compilation)","Quick Restart","Shop Mod","StSLib","The Bug Knight"],"gold_per_floor":[119,129,141,141,141,141,141,141,194,222,237,237,237],"floor_reached":12,"language":"ZHS","playtime":1236,"items_purged":[],"score":81,"play_id":"63a924f5-eac0-4da0-8125-7926e7f074fd","local_time":"20210206233231","is_ascension_mode":true,"campfire_choices":[{"data":"HollowMod:LifebloodCore","floor":6,"key":"SMITH"},{"data":"HollowMod:ShapeofUnn","floor":8,"key":"SMITH"}],"circlet_count":0,"master_deck":["HollowMod:NailStrikeStart","HollowMod:NailStrikeStart","HollowMod:NailStrikeStart","HollowMod:NailStrikeStart","HollowMod:QuickDashStart","HollowMod:QuickDashStart","HollowMod:QuickDashStart","HollowMod:QuickDashStart","HollowMod:FocusHealStart","HollowMod:PogoStrike","Clumsy","HollowMod:LifebloodCore+1","HollowMod:DreamGate","HollowMod:DashSlash","HollowMod:ShapeofUnn+1","HollowMod:FastStrike","HollowMod:HuntersJournal+1"],"relics":["HollowMod:VesselMask","Hallownest:DreamNailRelic","Bronze Scales","Toxic Egg 2"],"acts_visited":["Hallownest:Greenpath"],"potions_floor_usage":[10,12],"damage_taken":[{"damage":0.0,"enemies":"Hallownest:monsterHuskWarrior","floor":1.0,"turns":4.0},{"damage":1.0,"enemies":"Hallownest:2_MossCreeps","floor":2.0,"turns":6.0},{"damage":0.0,"enemies":"Hallownest:2_Tiktiks_and_1_Crawlid","floor":3.0,"turns":4.0},{"damage":25,"enemies":"Hallownest:eliteVengeflyKing","floor":10,"turns":13},{"damage":11,"enemies":"Hallownest:2_Tiktiks_1_Baldur_1_Crawlid","floor":11,"turns":5},{"damage":0,"enemies":"Hallownest:eliteMossKnight","floor":12,"turns":2}],"seed_played":"-1202738055709294565","potions_obtained":[{"floor":2.0,"key":"SpeedPotion"},{"floor":3.0,"key":"EssenceOfSteel"}],"is_trial":false,"path_per_floor":["M","M","M","?","?","R","?","R","T","E","M","E"],"character_chosen":"THE_BUGKNIGHT","items_purchased":[],"campfire_rested":0,"item_purchase_floors":[],"current_hp_per_floor":[75,75,75,75,66,66,75,75,75,56,45,45,45],"gold":237,"neow_bonus":"THREE_RARE_CARDS","is_daily":false,"chose_seed":false,"campfire_upgraded":2,"win_rate":0.0,"timestamp":1612625551,"path_taken":["M","M","?","?","?","R","?","R","T","E","M","E"],"items_purchased_type":[],"build_version":"2020-12-22","purchased_purges":0,"victory":false,"max_hp_per_floor":[75,75,75,75,75,75,84,84,84,84,84,84,84],"card_choices":[{"not_picked":["HollowMod:SlysStrikes","HollowMod:MidwifesHunger"],"picked":"HollowMod:LifebloodCore","floor":0.0},{"not_picked":["HollowMod:ShadowDash","HollowMod:TaintedHusks"],"picked":"HollowMod:DreamGate","floor":1.0},{"not_picked":["HollowMod:ChannelNail","HollowMod:SiblingsSouls"],"picked":"HollowMod:DashSlash","floor":2.0},{"not_picked":["HollowMod:GoodIntentions","HollowMod:InfectedCysts"],"picked":"HollowMod:ShapeofUnn","floor":3.0},{"not_picked":["HollowMod:CycloneSlash","HollowMod:ShadowDash+1"],"picked":"HollowMod:FastStrike","floor":10},{"not_picked":["HollowMod:VengefulVoid","HollowMod:SoulEater"],"picked":"HollowMod:HuntersJournal+1","floor":11}],"player_experience":320311,"relics_obtained":[{"floor":9,"key":"Bronze Scales"},{"floor":10,"key":"Toxic Egg 2"}],"event_choices":[],"is_beta":false,"boss_relics":[],"items_purged_floors":[],"is_endless":false,"potions_floor_spawned":[2,3],"killed_by":"Hallownest:eliteMossKnight","ascension_level":1}}