{"host":"xm9adsgm4dq1zj57","time":1612634678,"event":{"mods":["AchievementEnabler","BaseMod","Colored Map","DeckTracker","Highlight Path","Keyboard Shortcuts","Minty Spire (QoL Compilation)","Permanent Neow","Quick Restart","Rare Cards Sparkle","Slay-I","StSLib","SuperFastMode"],"gold_per_floor":[13,13,26,26,1,1,19,19,92,108,120,132,151,163,163,163,163],"floor_reached":16,"language":"KOR","playtime":604,"items_purged":[],"score":192,"play_id":"6a205542-4617-4380-8aa3-7f5979f2113b","local_time":"20210207030438","is_ascension_mode":true,"campfire_choices":[{"data":"Catalyst","floor":6.0,"key":"SMITH"},{"data":"Setup","floor":15.0,"key":"SMITH"}],"circlet_count":0,"master_deck":["AscendersBane","Strike_G","Strike_G","Strike_G","Strike_G","Defend_G","Defend_G","Defend_G","Defend_G","Defend_G+1","Survivor","Neutralize","Die Die Die","Bouncing Flask+1","Catalyst+1","Deadly Poison","Backflip","Dodge and Roll","Poisoned Stab","Setup+1"],"relics":["Ring of the Snake","Kunai"],"acts_visited":["Exordium"],"potions_floor_usage":[],"damage_taken":[{"damage":1.0,"enemies":"Cultist","floor":1.0,"turns":3.0},{"damage":0.0,"enemies":"2 Louse","floor":3.0,"turns":3.0},{"damage":3.0,"enemies":"Jaw Worm","floor":7.0,"turns":3.0},{"damage":4.0,"enemies":"Red Slaver","floor":10.0,"turns":3.0},{"damage":4.0,"enemies":"Blue Slaver","floor":11.0,"turns":3.0},{"damage":1.0,"enemies":"2 Fungi Beasts","floor":12.0,"turns":4.0},{"damage":4.0,"enemies":"Lots of Slimes","floor":13.0,"turns":2.0},{"damage":7.0,"enemies":"Large Slime","floor":14.0,"turns":7.0},{"damage":68,"enemies":"Slime Boss","floor":16,"turns":6}],"seed_played":"-6773474061603544837","potions_obtained":[{"floor":1.0,"key":"SkillPotion"},{"floor":10.0,"key":"FairyPotion"}],"is_trial":false,"path_per_floor":["M","?","M","?","$","R","M","?","T","M","M","M","M","M","R","B"],"character_chosen":"THE_SILENT","items_purchased":["Deadly Poison"],"campfire_rested":0,"item_purchase_floors":[5],"current_hp_per_floor":[58,58,58,38,38,38,35,35,35,31,27,26,22,15,15,0,0],"gold":163,"neow_bonus":"THREE_RARE_CARDS","is_daily":false,"chose_seed":false,"campfire_upgraded":2,"win_rate":0.0,"timestamp":1612634678,"path_taken":["M","?","M","?","$","R","M","?","T","M","?","M","M","M","R","BOSS"],"items_purchased_type":["Card"],"build_version":"2020-12-22","purchased_purges":0,"victory":false,"max_hp_per_floor":[66,66,66,66,66,66,66,66,66,66,66,66,66,66,66,66,66],"card_choices":[{"not_picked":["After Image","Phantasmal Killer"],"picked":"Die Die Die","floor":0.0},{"not_picked":["Tactician","Concentrate"],"picked":"Bouncing Flask","floor":1.0},{"not_picked":["Sucker Punch","Infinite Blades"],"picked":"Catalyst","floor":3.0},{"not_picked":["Flying Knee","Deflect","Dagger Spray"],"picked":"SKIP","floor":7.0},{"not_picked":["Endless Agony","Quick Slash"],"picked":"Backflip","floor":10.0},{"not_picked":["Dagger Throw","Deflect"],"picked":"Dodge and Roll","floor":11.0},{"not_picked":["Riddle With Holes","Prepared","Expertise"],"picked":"SKIP","floor":12.0},{"not_picked":["Bane","Underhanded Strike"],"picked":"Poisoned Stab","floor":13.0},{"not_picked":["Deadly Poison","Expertise"],"picked":"Setup","floor":14.0}],"player_experience":959724,"relics_obtained":[{"floor":9.0,"key":"Kunai"}],"event_choices":[{"cards_removed":["Strike_G"],"damage_healed":0.0,"max_hp_gain":0.0,"max_hp_loss":0.0,"gold_gain":0.0,"event_name":"Living Wall","player_choice":"Forget","floor":2.0,"gold_loss":0.0,"damage_taken":0.0},{"damage_healed":0.0,"max_hp_gain":0.0,"max_hp_loss":0.0,"gold_gain":0.0,"event_name":"Shining Light","player_choice":"Entered Light","floor":4.0,"gold_loss":0.0,"damage_taken":20.0,"cards_upgraded":["Defend_G","Bouncing Flask"]},{"damage_healed":0.0,"max_hp_gain":0.0,"max_hp_loss":0.0,"gold_gain":0.0,"event_name":"Match and Keep!","player_choice":"0 cards matched","floor":8.0,"gold_loss":0.0,"damage_taken":0.0,"cards_obtained":[]}],"is_beta":false,"boss_relics":[],"items_purged_floors":[],"is_endless":false,"potions_floor_spawned":[1,10,12],"killed_by":"Slime Boss","ascension_level":20}}