{"host":"rtw1tnr74gozsrw1","time":1612575610,"event":{"mods":["BaseMod","Colored Map","Colored Powertips","Highlight Path","Minty Spire (QoL Compilation)","StSLib","The Jungle"],"gold_per_floor":[111,111,61,72,72,72,72,106,106,106,121,121,138,88,88,88,88],"floor_reached":16,"language":"ENG","playtime":533,"items_purged":["Defend_P"],"score":123,"play_id":"ce4651e9-f67b-46e6-a455-e73f75823fff","local_time":"20210206024010","is_ascension_mode":false,"campfire_choices":[{"data":"Prostrate","floor":6,"key":"SMITH"},{"data":"Vigilance","floor":10,"key":"SMITH"},{"data":"Eruption","floor":12,"key":"SMITH"},{"floor":15,"key":"RECALL"}],"circlet_count":0,"master_deck":["Strike_P","Strike_P","Defend_P","Defend_P","Defend_P","Eruption+1","Vigilance+1","Prostrate+1","Prostrate+1","Worship+1"],"relics":["PureWater","NeowsBlessing","Vajra","Toxic Egg 2","Smiling Mask"],"acts_visited":["Exordium"],"potions_floor_usage":[],"damage_taken":[{"damage":0,"enemies":"Jaw Worm","floor":1,"turns":1},{"damage":0,"enemies":"Small Slimes","floor":4,"turns":1},{"damage":0,"enemies":"3 Sentries","floor":8,"turns":2},{"damage":0,"enemies":"Cultist","floor":11,"turns":5},{"damage":8,"enemies":"Lots of Slimes","floor":13,"turns":7},{"damage":78,"enemies":"Slime Boss","floor":16,"turns":8}],"seed_played":"8076920280341677845","potions_obtained":[{"floor":1,"key":"Energy Potion"},{"floor":11,"key":"Regen Potion"}],"is_trial":false,"path_per_floor":["M","?","?","M","$","R","?","E","T","R","M","R","M","$","R","B"],"character_chosen":"WATCHER","items_purchased":[],"campfire_rested":0,"item_purchase_floors":[],"current_hp_per_floor":[72,72,72,72,72,72,72,72,72,72,72,72,64,64,64,0,0],"gold":88,"neow_bonus":"THREE_ENEMY_KILL","is_daily":false,"chose_seed":false,"campfire_upgraded":3,"win_rate":0.0,"timestamp":1612575610,"path_taken":["M","?","?","?","$","R","?","E","T","R","?","R","M","?","R","BOSS"],"items_purchased_type":[],"build_version":"2020-12-22","purchased_purges":1,"victory":false,"max_hp_per_floor":[72,72,72,72,72,72,72,72,72,72,72,72,72,72,72,72,72],"card_choices":[{"not_picked":["TalkToTheHand","CutThroughFate","SashWhip"],"picked":"SKIP","floor":1},{"not_picked":["PathToVictory","CrushJoints"],"picked":"Prostrate","floor":4},{"not_picked":["FollowUp","Blasphemy+1"],"picked":"Prostrate+1","floor":8},{"not_picked":["CrushJoints","JustLucky","FollowUp"],"picked":"SKIP","floor":11},{"not_picked":["ThirdEye+1","Halt+1"],"picked":"Worship+1","floor":13}],"player_experience":116554,"relics_obtained":[{"floor":7,"key":"Vajra"},{"floor":8,"key":"Toxic Egg 2"},{"floor":9,"key":"Smiling Mask"}],"event_choices":[{"cards_removed":["Strike_P"],"damage_healed":0,"gold_gain":0,"player_choice":"Forget","damage_taken":0,"max_hp_gain":0,"max_hp_loss":0,"event_name":"Living Wall","floor":2,"gold_loss":0},{"cards_removed":["Strike_P"],"damage_healed":0,"gold_gain":0,"player_choice":"Card Removal","damage_taken":0,"max_hp_gain":0,"max_hp_loss":0,"event_name":"The Cleric","floor":3,"gold_loss":50},{"damage_healed":0,"gold_gain":0,"player_choice":"Relic","damage_taken":0,"max_hp_gain":0,"max_hp_loss":0,"event_name":"Wheel of Change","floor":7,"gold_loss":0}],"is_beta":false,"boss_relics":[],"items_purged_floors":[14],"is_endless":false,"potions_floor_spawned":[1,11],"killed_by":"Slime Boss","ascension_level":0}}