{"host":"1fgbilnqahig8ycc","time":1612594325,"event":{"mods":["AchievementEnabler","BaseMod","Bestiary","Better Altar","Better Match","Better Note","Better Vampires","BetterRewards","Colored Map","Colored Powertips","Dark Map","Downfall","Energized Spire","Friendly Minions","Hermit","Hubris","Jorbs\u0027s Wanderer Trilogy","Minty Spire (QoL Compilation)","Quick Restart","Rare Cards Sparkle","Relic Stats","Replay The Spire","Spicy Shops","StSLib","The Administrix","The Bug Knight","The Cursed","The Gatherer","The Hierophant","The Marked","The Servant 0.9.4","TheBandit"],"gold_per_floor":[117,117,117,117,117,133,153,179,179,191,217,217,242,242,254,321,321,423,423,434,484,554,273,286,286,319,319,388,438,458,286,355,371,371,472,472,503,40,136,186,205,205,218,281,331,331,223,223,292,355,355,355,355,355,18,51,51,51],"floor_reached":57,"language":"ENG","playtime":3321,"items_purged":["hermit:Defend_Hermit","hermit:Determination","hermit:LoneWolf+1","hermit:Defend_Hermit","hermit:Strike_Hermit"],"score":734,"play_id":"697579ec-2096-44ce-9c91-1c2b3736b993","local_time":"20210205225205","is_ascension_mode":false,"campfire_choices":[{"data":"hermit:FlashPowder","floor":9,"key":"SMITH"},{"data":"hermit:LoneWolf","floor":17,"key":"SMITH"},{"data":"hermit:Quickdraw","floor":25,"key":"SMITH"},{"data":"hermit:Dive","floor":27,"key":"SMITH"},{"data":"hermit:DeadMansHand","floor":34,"key":"SMITH"},{"data":"hermit:WideOpen","floor":34,"key":"SMITH"},{"data":"hermit:Dive","floor":42,"key":"SMITH"},{"data":"hermit:Cheat","floor":42,"key":"SMITH"},{"floor":46,"key":"REST"},{"data":"hermit:BigShot","floor":48,"key":"SMITH"},{"data":"hermit:Brawl","floor":48,"key":"SMITH"},{"floor":51,"key":"RECALL"},{"data":"hermit:Brawl","floor":54,"key":"SMITH"},{"data":"hermit:Headshot","floor":54,"key":"SMITH"}],"circlet_count":0,"master_deck":["hermit:Strike_Hermit","hermit:Strike_Hermit+1","hermit:Defend_Hermit","hermit:Snapshot","hermit:Covet","hermit:Deadeye+1","hermit:FlashPowder+1","hermit:LowProfile+1","hermit:Quickdraw+1","hermit:Misfire","hermit:Vantage+1","hermit:Gambit","hermit:GhostlyPresence+1","hermit:Snipe","hermit:Dive+1","hermit:Dive+1","hermit:WideOpen+1","Panache+1","hermit:DeadMansHand+1","hermit:Roulette","hermit:Brawl+1","hermit:DeadOrAlive+1","stsjorbsmod:Procrastination","CommonCold","CommonCold","hermit:Manifest+1","hermit:BigShot+1","hermit:SprayPray+1","hermit:Deadeye","hermit:Cheat+1","hermit:Headshot+1","Parasite","hermit:ItchyTrigger","hermit:Brawl+1","hermit:Magnum"],"relics":["hermit:Momento","Bag of Marbles","Durian","Happy Flower","SsserpentHead","hubris:Backtick","Membership Card","Lee\u0027s Waffle","Incense Burner","Whetstone","Meat on the Bone","Lizard Tail","Replay:Arrowhead","Replay:Ancient Bell","MealTicket","Matryoshka","Counterbalance","Replay:Wax Seal","War Paint","Iron Hammer","Art of War","HandDrill","Du-Vu Doll","Smiling Mask","Potion Belt","Boot","ReplayTheSpireMod:CursedCoin","Oddly Smooth Stone","Pantograph","Guide Book","Lantern"],"acts_visited":["Exordium","TheCity","TheBeyond","TheEnding"],"potions_floor_usage":[8,8,8,13,13,18,26,37,43,44,49,49,49,56,56,57,57,57],"damage_taken":[{"damage":3,"enemies":"Jaw Worm","floor":1,"turns":3},{"damage":0,"enemies":"Small Slimes","floor":6,"turns":2},{"damage":0,"enemies":"Cultist","floor":7,"turns":3},{"damage":8,"enemies":"Gremlin Nob","floor":8,"turns":4},{"damage":0,"enemies":"3 Louse","floor":10,"turns":4},{"damage":15,"enemies":"Lagavulin","floor":13,"turns":4},{"damage":4,"enemies":"Gremlin Gang","floor":15,"turns":4},{"damage":10,"enemies":"Looter","floor":16,"turns":3},{"damage":42,"enemies":"Fading Forest","floor":18,"turns":11},{"damage":8,"enemies":"3 Byrds","floor":20,"turns":8},{"damage":6,"enemies":"Chosen","floor":22,"turns":2},{"damage":0,"enemies":"Centurion and Healer","floor":24,"turns":7},{"damage":38,"enemies":"Slavers","floor":26,"turns":12},{"damage":2,"enemies":"Snecko","floor":32,"turns":4},{"damage":0,"enemies":"Shelled Parasite and Fungi","floor":33,"turns":7},{"damage":0,"enemies":"Automaton","floor":35,"turns":14},{"damage":39,"enemies":"3 Darklings","floor":37,"turns":7},{"damage":27,"enemies":"2 Orb Walkers","floor":39,"turns":5},{"damage":0,"enemies":"Orb Walker","floor":41,"turns":3},{"damage":0,"enemies":"Jaw Worm Horde","floor":43,"turns":2},{"damage":38,"enemies":"4 Shapes","floor":44,"turns":5},{"damage":13,"enemies":"Writhing Mass","floor":49,"turns":3},{"damage":17,"enemies":"3 Darklings","floor":50,"turns":5},{"damage":43,"enemies":"Replay:Hell Engine","floor":52,"turns":9},{"damage":46,"enemies":"Shield and Spear","floor":56,"turns":7},{"damage":158,"enemies":"The Heart","floor":57,"turns":9}],"seed_played":"-6789339327580829540","potions_obtained":[{"floor":1,"key":"GamblersBrew"},{"floor":3,"key":"DistilledChaos"},{"floor":3,"key":"hexamod:SoulburnPotion"},{"floor":6,"key":"EntropicBrew"},{"floor":7,"key":"Flashbang"},{"floor":18,"key":"bronze:BurnAndBuffPotion"},{"floor":20,"key":"champ:CounterPotion"},{"floor":30,"key":"Block Potion"},{"floor":30,"key":"Death Potion"},{"floor":32,"key":"FearPotion"},{"floor":33,"key":"Flashbang"},{"floor":41,"key":"Slimebound:ThreeZeroPotion"},{"floor":43,"key":"Energy Potion"},{"floor":49,"key":"Strength Potion"}],"is_trial":false,"path_per_floor":["M","?","?","PTL","PTL","M","M","E","R","M","T","?","E","?","M","M","R","B",null,"M","?","M","$","M","R","E","R","T","T","?","$","M","M","R","B",null,"M","$","?","?","M","R","M","M","T","R","$","R","M","M","R","B",null,"R","$","E","B"],"character_chosen":"HERMIT","items_purchased":["hermit:Dive","Lee\u0027s Waffle","Incense Burner","Replay:Arrowhead","hermit:WideOpen","Panache","hermit:DeadMansHand","hermit:Roulette","Replay:Wax Seal","War Paint","Iron Hammer","hermit:BigShot","Art of War","Energy Potion","HandDrill","Boot","ReplayTheSpireMod:CursedCoin","Oddly Smooth Stone","hermit:ItchyTrigger","SkillPotion","Fire Potion","hermit:Brawl","Pantograph","Guide Book","Regen Potion","Explosive Potion"],"campfire_rested":1,"item_purchase_floors":[23,23,23,31,31,31,31,31,38,38,38,38,38,38,38,47,47,47,47,47,47,47,55,55,55,55],"current_hp_per_floor":[79,67,67,67,67,67,67,64,64,64,64,64,49,49,45,35,35,3,87,79,79,73,94,94,94,56,56,56,56,56,56,54,54,54,54,94,55,70,55,55,55,55,55,29,29,57,72,72,59,54,54,23,94,94,94,48,0,0],"gold":51,"neow_bonus":"TEN_PERCENT_HP_BONUS","is_daily":false,"chose_seed":false,"campfire_upgraded":12,"win_rate":0.0,"timestamp":1612594325,"path_taken":["M","?","?","PTL","PTL","?","M","E","R","M","T","?","E","?","M","?","R","BOSS","M","?","?","$","M","R","E","R","T","?","?","?","?","M","R","BOSS","M","$","?","?","M","R","M","?","T","R","?","R","?","?","R","BOSS","R","$","E","BOSS"],"items_purchased_type":["Card","Relic","Relic","Relic","Card","Card","Card","Card","Relic","Relic","Relic","Card","Relic","Potion","Relic","Relic","Relic","Relic","Card","Potion","Potion","Card","Relic","Relic","Potion","Potion"],"build_version":"2020-12-22","purchased_purges":5,"victory":false,"max_hp_per_floor":[82,82,82,82,82,82,82,87,87,87,87,87,87,87,87,87,87,87,87,87,87,87,94,94,94,94,94,94,94,94,94,94,94,94,94,94,94,94,94,94,94,94,94,94,94,94,94,94,94,94,94,94,94,94,94,94,94,94],"relic_stats":{"Lee\u0027s Waffle":21,"Happy Flower":[42],"counters":[26,147],"Whetstone":["hermit:Deadeye","hermit:Strike_Hermit"],"War Paint":["hermit:LowProfile","hermit:Vantage"],"Smiling Mask":63,"Boot":[1],"SsserpentHead":650,"Lizard Tail":47,"Pantograph":25,"MealTicket":30,"Art of War":[5],"HandDrill":[30],"obtain_stats":[{"Lantern":56,"Incense Burner":23,"Whetstone":26,"Smiling Mask":45,"Boot":47,"SsserpentHead":14,"Lizard Tail":29,"hubris:Backtick":19,"Matryoshka":36,"Pantograph":55,"MealTicket":36,"Iron Hammer":38,"HandDrill":38,"Replay:Wax Seal":38,"Potion Belt":45,"Lee\u0027s Waffle":23,"Happy Flower":13,"ReplayTheSpireMod:CursedCoin":47,"Counterbalance":36,"Guide Book":55,"Oddly Smooth Stone":47,"Replay:Ancient Bell":36,"War Paint":38,"Replay:Arrowhead":31,"Du-Vu Doll":39,"Bag of Marbles":2,"Durian":8,"Art of War":38,"Membership Card":19,"hermit:Momento":0,"Meat on the Bone":28},{"Lantern":25,"Incense Burner":11,"Whetstone":13,"Smiling Mask":21,"Boot":21,"SsserpentHead":6,"Lizard Tail":13,"hubris:Backtick":9,"Matryoshka":16,"Pantograph":24,"MealTicket":16,"Iron Hammer":17,"HandDrill":17,"Replay:Wax Seal":17,"Potion Belt":21,"Lee\u0027s Waffle":11,"Happy Flower":6,"ReplayTheSpireMod:CursedCoin":21,"Counterbalance":16,"Guide Book":24,"Oddly Smooth Stone":21,"Replay:Ancient Bell":16,"War Paint":17,"Replay:Arrowhead":13,"Du-Vu Doll":18,"Bag of Marbles":1,"Durian":4,"Art of War":17,"Membership Card":9,"hermit:Momento":0,"Meat on the Bone":13},{"Lantern":138,"Incense Burner":48,"Whetstone":67,"Smiling Mask":114,"Boot":114,"SsserpentHead":20,"Lizard Tail":67,"hubris:Backtick":38,"Matryoshka":92,"Pantograph":131,"MealTicket":92,"Iron Hammer":99,"HandDrill":99,"Replay:Wax Seal":99,"Potion Belt":114,"Lee\u0027s Waffle":48,"Happy Flower":20,"ReplayTheSpireMod:CursedCoin":114,"Counterbalance":92,"Guide Book":131,"Oddly Smooth Stone":114,"Replay:Ancient Bell":92,"War Paint":99,"Replay:Arrowhead":67,"Du-Vu Doll":104,"Bag of Marbles":3,"Durian":12,"Art of War":99,"Membership Card":38,"hermit:Momento":0,"Meat on the Bone":67}],"Meat on the Bone":48},"card_choices":[{"not_picked":["hermit:SprayPray","hermit:Quickdraw"],"picked":"hermit:Deadeye","floor":1},{"not_picked":["hermit:HighCaliber","hermit:Gestalt"],"picked":"hermit:FlashPowder","floor":6},{"not_picked":["hermit:SprayPray","hermit:BodyArmor"],"picked":"hermit:LowProfile","floor":7},{"not_picked":["hermit:ShadowCloak","hermit:TrackingShot"],"picked":"hermit:Quickdraw","floor":8},{"not_picked":["hermit:ItchyTrigger","hermit:DeadMansHand"],"picked":"hermit:Misfire","floor":10},{"not_picked":["hermit:Feint","hermit:LowProfile"],"picked":"hermit:Determination","floor":13},{"not_picked":["hermit:TakeCover","hermit:Headshot"],"picked":"hermit:Vantage","floor":15},{"not_picked":["hermit:Vantage","hermit:Gestalt"],"picked":"hermit:LoneWolf","floor":16},{"not_picked":["hermit:RoundhouseKick","hermit:Purgatory"],"picked":"hermit:Gambit","floor":18},{"not_picked":["hermit:Spite","hermit:CursedWeapon"],"picked":"hermit:GhostlyPresence+1","floor":20},{"not_picked":["hermit:Feint","hermit:HoleUp+1"],"picked":"hermit:Snipe","floor":22},{"not_picked":["hermit:Feint","hermit:Roulette"],"picked":"hermit:Dive","floor":24},{"not_picked":["hermit:Horror","hermit:LowProfile","hermit:HoleUp+1"],"picked":"SKIP","floor":26},{"not_picked":["hermit:TrackingShot","hermit:Malice"],"picked":"hermit:Brawl","floor":32},{"not_picked":["hermit:Snipe+1","hermit:Vantage+1"],"picked":"hermit:GoldenBullet","floor":33},{"not_picked":["hermit:RoundhouseKick","hermit:FatalDesire"],"picked":"hermit:DeadOrAlive","floor":35},{"not_picked":["downfall:Icky","ReplayTheSpireMod:Faulty Equipment"],"picked":"stsjorbsmod:Procrastination","floor":36},{"not_picked":["Languid","hubris:Compulsion"],"picked":"CommonCold","floor":36},{"not_picked":["stsjorbsmod:Amnesia","hubris:Wrath"],"picked":"CommonCold","floor":36},{"not_picked":["hermit:Determination","hermit:GhostlyPresence"],"picked":"hermit:Manifest+1","floor":37},{"not_picked":["hermit:Vantage","hermit:Quickdraw"],"picked":"hermit:SprayPray+1","floor":39},{"not_picked":["hermit:TrackingShot+1","hermit:WideOpen+1"],"picked":"hermit:Cheat","floor":41},{"not_picked":["hermit:Dissolve","hermit:Desperado"],"picked":"hermit:Headshot","floor":43},{"not_picked":["hermit:HoleUp+1","hermit:Desperado+1","hermit:TrackingShot"],"picked":"SKIP","floor":44},{"not_picked":["hermit:Headshot+1","hermit:TrackingShot"],"picked":"hermit:Magnum","floor":49},{"not_picked":["hermit:Headshot","hermit:Roulette+1","hermit:Ricochet+1"],"picked":"SKIP","floor":50},{"not_picked":["hermit:Dive+1","hermit:Manifest+1","hermit:TrackingShot+1"],"picked":"SKIP","floor":56}],"player_experience":413241,"relics_obtained":[{"floor":8,"key":"Durian"},{"floor":13,"key":"Happy Flower"},{"floor":26,"key":"Whetstone"},{"floor":28,"key":"Meat on the Bone"},{"floor":29,"key":"Lizard Tail"},{"floor":39,"key":"Du-Vu Doll"},{"floor":45,"key":"Smiling Mask"},{"floor":45,"key":"Potion Belt"},{"floor":56,"key":"Lantern"}],"event_choices":[{"damage_healed":0,"gold_gain":0,"player_choice":"Success","damage_taken":12,"relics_obtained":["Bag of Marbles"],"max_hp_gain":0,"max_hp_loss":0,"event_name":"Scrap Ooze","floor":2,"gold_loss":0},{"damage_healed":0,"gold_gain":0,"player_choice":"Got Potions","damage_taken":0,"max_hp_gain":0,"max_hp_loss":0,"event_name":"Lab","floor":3,"gold_loss":0},{"cards_removed":["hermit:Defend_Hermit"],"damage_healed":0,"gold_gain":0,"player_choice":"Forget","damage_taken":0,"max_hp_gain":0,"max_hp_loss":0,"event_name":"Living Wall","floor":12,"gold_loss":0},{"damage_healed":0,"gold_gain":0,"player_choice":"Trade","damage_taken":0,"relics_obtained":["SsserpentHead"],"max_hp_gain":0,"max_hp_loss":0,"event_name":"FaceTrader","floor":14,"gold_loss":0},{"cards_removed":["hermit:Strike_Hermit"],"damage_healed":0,"gold_gain":0,"player_choice":"Purged","damage_taken":0,"max_hp_gain":0,"max_hp_loss":0,"event_name":"Purifier","floor":21,"gold_loss":0},{"damage_healed":0,"gold_gain":0,"player_choice":"Bought 2 Potions","damage_taken":0,"max_hp_gain":0,"max_hp_loss":0,"event_name":"The Woman in Blue","floor":30,"gold_loss":0},{"damage_healed":0,"gold_gain":0,"player_choice":"Fight","damage_taken":0,"max_hp_gain":0,"max_hp_loss":0,"event_name":"Mysterious Sphere","floor":39,"gold_loss":0},{"damage_healed":0,"gold_gain":0,"cards_transformed":["hermit:GoldenBullet"],"player_choice":"Transformed","damage_taken":0,"max_hp_gain":0,"max_hp_loss":0,"event_name":"Transmorgrifier","floor":40,"gold_loss":0,"cards_obtained":["hermit:Deadeye"]}],"is_beta":false,"boss_relics":[{"not_picked":["Calling Bell","energizedSpire:RedRose"],"picked":"hubris:Backtick"},{"not_picked":["Replay:Drink Me","hubris:Stopwatch"],"picked":"Replay:Ancient Bell"},{"not_picked":["Blue Doll","Toy Ornithopter"],"picked":"MealTicket"},{"not_picked":["Onion Ring","hubris:SphereOfDissonance"],"picked":"Matryoshka"},{"not_picked":["CaptainsWheel","Gambling Chip"],"picked":"Counterbalance"}],"items_purged_floors":[23,31,38,47,55],"is_endless":false,"potions_floor_spawned":[1,6,7,18,20,32,33,41,43,49],"killed_by":"The Heart","ascension_level":0}}