{"host":"b68zjtx2wn01pixa","time":1612633292,"event":{"mods":["BaseMod","Colored Map","Infinite Spire","Minty Spire (QoL Compilation)","Relic Stats","StSLib","SuperFastMode"],"gold_per_floor":[112,122,132,40,40,40,79,4,4,28,28,28,66,89,89,208,208,229,254,272,272,296,339,363,184,184,184,223,237,237,251,251,374,374,399,732,832,832,844,844,844,844],"floor_reached":41,"language":"ENG","playtime":1834,"items_purged":["Strike_R","Strike_R"],"score":594,"play_id":"f17ceb4f-5857-4542-b3c7-078e241eb887","local_time":"20210206124132","is_ascension_mode":true,"campfire_choices":[{"data":"Perfected Strike","floor":6.0,"key":"SMITH"},{"data":"Perfected Strike","floor":11.0,"key":"SMITH"},{"data":"Limit Break","floor":15.0,"key":"SMITH"},{"data":"True Grit","floor":32.0,"key":"SMITH"},{"data":"infinitespire:UltimateForm","floor":40,"key":"SMITH"}],"circlet_count":0,"master_deck":["Defend_R","Defend_R","Defend_R","Defend_R","Bash","Shrug It Off","Swift Strike","Spot Weakness","Twin Strike","Limit Break+1","Clothesline","Feed","True Grit+1","Sword Boomerang","Limit Break","True Grit","Shrug It Off","Disarm","Twin Strike","Whirlwind","Impervious","Entrench+1","Heavy Blade+1","Offering+1","infinitespire:UltimateForm+1","Metallicize+1","Thunderclap+1"],"relics":["Coffee Dripper","TungstenRod","Lizard Tail","InkBottle","Runic Pyramid","infinitespire:Satchel","The Courier","Centennial Puzzle","Astrolabe","Gambling Chip"],"acts_visited":["Exordium","TheCity","TheBeyond"],"potions_floor_usage":[41,41],"damage_taken":[{"damage":2.0,"enemies":"2 Louse","floor":1.0,"turns":2.0},{"damage":0.0,"enemies":"Cultist","floor":2.0,"turns":3.0},{"damage":0.0,"enemies":"Small Slimes","floor":3.0,"turns":2.0},{"damage":6.0,"enemies":"3 Sentries","floor":7.0,"turns":5.0},{"damage":6.0,"enemies":"Exordium Wildlife","floor":10.0,"turns":4.0},{"damage":0.0,"enemies":"Gremlin Nob","floor":13.0,"turns":3.0},{"damage":0.0,"enemies":"2 Fungi Beasts","floor":14.0,"turns":2.0},{"damage":30.0,"enemies":"The Guardian","floor":16.0,"turns":7.0},{"damage":5.0,"enemies":"2 Thieves","floor":18.0,"turns":4.0},{"damage":5.0,"enemies":"3 Byrds","floor":19.0,"turns":5.0},{"damage":3.0,"enemies":"Centurion and Healer","floor":20.0,"turns":4.0},{"damage":0.0,"enemies":"Sentry and Sphere","floor":22.0,"turns":3.0},{"damage":0.0,"enemies":"Gremlin Leader","floor":23.0,"turns":5.0},{"damage":12.0,"enemies":"Snake Plant","floor":24.0,"turns":3.0},{"damage":12.0,"enemies":"Slavers","floor":28.0,"turns":4.0},{"damage":1.0,"enemies":"Cultist and Chosen","floor":29.0,"turns":6.0},{"damage":31.0,"enemies":"Sentry and Sphere","floor":31.0,"turns":6.0},{"damage":55.0,"enemies":"Collector","floor":33.0,"turns":8.0},{"damage":12.0,"enemies":"Orb Walker","floor":35.0,"turns":5.0},{"damage":23.0,"enemies":"infinitespire:Three Voidlings","floor":37.0,"turns":5.0},{"damage":52.0,"enemies":"Nightmare_Alpha","floor":37.0,"turns":13.0},{"damage":10,"enemies":"3 Shapes","floor":39,"turns":7},{"damage":37,"enemies":"2 Orb Walkers","floor":41,"turns":3}],"seed_played":"-7401755270182121598","potions_obtained":[{"floor":7.0,"key":"SkillPotion"},{"floor":10.0,"key":"Block Potion"},{"floor":18.0,"key":"ColorlessPotion"},{"floor":19.0,"key":"ColorlessPotion"},{"floor":24.0,"key":"AttackPotion"},{"floor":33.0,"key":"DistilledChaos"},{"floor":37,"key":"Ancient Potion"},{"floor":39,"key":"LiquidBronze"}],"is_trial":false,"path_per_floor":["M","M","M","$","?","R","E","$","T","M","R","?","E","M","R","B",null,"M","M","M","?","M","E","M","$","T","?","E","M","?","M","R","B",null,"M","?","?","AVR","M","R","?"],"character_chosen":"IRONCLAD","items_purchased":["Swift Strike","Disarm"],"campfire_rested":0,"item_purchase_floors":[4,25],"current_hp_per_floor":[78,78,78,78,74,74,68,68,68,62,62,74,74,74,74,44,74,72,70,70,70,73,76,67,67,67,67,58,57,57,29,29,73,98,89,89,44,44,37,37,0,0],"gold":844,"neow_bonus":"BOSS_RELIC","is_daily":false,"chose_seed":false,"campfire_upgraded":5,"win_rate":0.0,"timestamp":1612633292,"path_taken":["M","M","M","$","?","R","E","?","T","M","R","?","E","?","R","BOSS","M","M","M","?","M","E","?","?","T","?","E","?","?","M","R","BOSS","M","?","?","AVR","M","R","?"],"items_purchased_type":["Card","Card"],"build_version":"2020-12-22","purchased_purges":2,"victory":false,"max_hp_per_floor":[80,80,80,80,74,74,74,74,74,74,74,74,74,74,74,74,74,77,80,83,83,86,89,92,92,92,92,95,95,95,98,98,98,98,101,101,104,104,107,107,107,107],"relic_stats":{"Lizard Tail":49,"Centennial Puzzle":[24],"counters":[23,109],"Astrolabe":["Entrench","Heavy Blade","Offering"],"Gambling Chip":[7],"obtain_stats":[{"Lizard Tail":9,"Centennial Puzzle":28,"Golden Idol":5,"Astrolabe":34,"Gambling Chip":37,"infinitespire:Satchel":23,"The Courier":26,"Coffee Dripper":0,"Burning Blood":0,"TungstenRod":7,"InkBottle":13,"Runic Pyramid":17},{"Lizard Tail":4,"Centennial Puzzle":15,"Golden Idol":3,"Astrolabe":18,"Gambling Chip":21,"infinitespire:Satchel":13,"The Courier":14,"Coffee Dripper":0,"Burning Blood":0,"TungstenRod":4,"InkBottle":6,"Runic Pyramid":8},{"Lizard Tail":12,"Centennial Puzzle":56,"Golden Idol":7,"Astrolabe":76,"Gambling Chip":99,"infinitespire:Satchel":49,"The Courier":52,"Coffee Dripper":0,"Burning Blood":0,"TungstenRod":12,"InkBottle":19,"Runic Pyramid":28}],"TungstenRod":63,"InkBottle":[27]},"card_choices":[{"not_picked":["True Grit","Shrug It Off"],"picked":"Perfected Strike","floor":1.0},{"not_picked":["Rage","Armaments"],"picked":"Perfected Strike","floor":2.0},{"not_picked":["Rampage","Havoc"],"picked":"Shrug It Off","floor":3.0},{"not_picked":["Headbutt","Iron Wave"],"picked":"Spot Weakness","floor":7.0},{"not_picked":["Juggernaut","Dropkick"],"picked":"Twin Strike","floor":10.0},{"not_picked":["Infernal Blade","Berserk"],"picked":"Limit Break","floor":13.0},{"not_picked":["Iron Wave","Wild Strike"],"picked":"Clothesline","floor":14.0},{"not_picked":["Immolate","Berserk"],"picked":"Feed","floor":16.0},{"not_picked":["Flex+1","Warcry"],"picked":"True Grit","floor":18.0},{"not_picked":["Wild Strike","Cleave"],"picked":"Sword Boomerang","floor":19.0},{"not_picked":["Havoc+1","Body Slam","Evolve"],"picked":"SKIP","floor":20.0},{"not_picked":["Uppercut+1","Pummel"],"picked":"True Grit","floor":22.0},{"not_picked":["Bludgeon","Headbutt"],"picked":"Shrug It Off","floor":23.0},{"not_picked":["Body Slam","Sword Boomerang","Seeing Red"],"picked":"SKIP","floor":24.0},{"not_picked":["Carnage","Iron Wave","Juggernaut"],"picked":"SKIP","floor":28.0},{"not_picked":["Carnage","Iron Wave","Juggernaut"],"picked":"SKIP","floor":28.0},{"not_picked":["Reckless Charge","Battle Trance","Wild Strike"],"picked":"SKIP","floor":29.0},{"not_picked":["Sword Boomerang","Havoc+1"],"picked":"Whirlwind","floor":31.0},{"not_picked":["Berserk","Immolate"],"picked":"Impervious","floor":33.0},{"not_picked":["Heavy Blade+1","Pommel Strike","Sword Boomerang+1"],"picked":"SKIP","floor":35.0},{"not_picked":["infinitespire:Execution","infinitespire:SevenWalls"],"picked":"infinitespire:UltimateForm","floor":37},{"not_picked":["Combust+1","Burning Pact+1"],"picked":"Metallicize+1","floor":37},{"not_picked":["Perfected Strike+1","Flex+1"],"picked":"Thunderclap+1","floor":39}],"player_experience":792071,"relics_obtained":[{"floor":7.0,"key":"TungstenRod"},{"floor":9.0,"key":"Lizard Tail"},{"floor":13.0,"key":"InkBottle"},{"floor":23.0,"key":"infinitespire:Satchel"},{"floor":26.0,"key":"The Courier"},{"floor":28.0,"key":"Centennial Puzzle"},{"floor":37,"key":"Gambling Chip"}],"event_choices":[{"damage_healed":0.0,"max_hp_gain":0.0,"max_hp_loss":6.0,"gold_gain":0.0,"event_name":"Golden Idol","player_choice":"Lose Max HP","floor":5.0,"gold_loss":0.0,"damage_taken":0.0,"relics_obtained":["Golden Idol"]},{"damage_healed":24.0,"max_hp_gain":0.0,"max_hp_loss":0.0,"gold_gain":0.0,"event_name":"Big Fish","player_choice":"Banana","floor":12.0,"gold_loss":0.0,"damage_taken":0.0},{"damage_healed":0.0,"max_hp_gain":0.0,"max_hp_loss":0.0,"gold_gain":0.0,"cards_transformed":["Strike_R"],"event_name":"Transmorgrifier","player_choice":"Transformed","floor":21.0,"gold_loss":0.0,"damage_taken":0.0,"cards_obtained":["Limit Break"]},{"damage_healed":0.0,"max_hp_gain":0.0,"max_hp_loss":0.0,"gold_gain":0.0,"event_name":"NoteForYourself","player_choice":"Ignored","floor":27.0,"gold_loss":0.0,"damage_taken":0.0},{"damage_healed":0.0,"max_hp_gain":0.0,"max_hp_loss":0.0,"gold_gain":0.0,"cards_transformed":["Perfected Strike","Perfected Strike"],"event_name":"Drug Dealer","player_choice":"Became Test Subject","floor":30.0,"gold_loss":0.0,"damage_taken":0.0,"cards_obtained":["Twin Strike","Second Wind"]},{"damage_healed":0.0,"max_hp_gain":0.0,"max_hp_loss":0.0,"gold_gain":333.0,"event_name":"The Moai Head","player_choice":"Gave Idol","floor":36.0,"relics_lost":["Golden Idol"],"gold_loss":0.0,"damage_taken":0.0},{"damage_healed":0,"gold_gain":0,"player_choice":"Ignored","damage_taken":0,"max_hp_gain":0,"max_hp_loss":0,"event_name":"The Moai Head","floor":37,"gold_loss":0},{"damage_healed":0,"gold_gain":0,"player_choice":"Fight","damage_taken":0,"max_hp_gain":0,"max_hp_loss":0,"event_name":"Mysterious Sphere","floor":41,"gold_loss":0}],"is_beta":false,"boss_relics":[{"not_picked":["SacredBark","Sozu"],"picked":"Runic Pyramid"},{"not_picked":["Runic Cube","Empty Cage"],"picked":"Astrolabe"}],"items_purged_floors":[8,25],"is_endless":false,"potions_floor_spawned":[7,10,18,19,24,33,37,39],"killed_by":"2 Orb Walkers","ascension_level":1}}