{"host":"rolltorest","time":1612652625,"event":{"mods":["BaseMod","Minty Spire (QoL Compilation)","Relic Stats","Slay the Relics Exporter","StSLib"],"gold_per_floor":[117,136,153,170,42,77,77,102,171,171,202,202,202,215,215,215,215],"floor_reached":16,"language":"ENG","playtime":688,"items_purged":["Strike_R"],"score":240,"play_id":"f016440d-bac8-471c-a5a4-850e9964a0a3","local_time":"20210206150345","is_ascension_mode":true,"campfire_choices":[{"floor":7,"key":"REST"},{"floor":10,"key":"REST"},{"data":"Armaments","floor":12,"key":"SMITH"},{"data":"Hemokinesis","floor":15,"key":"SMITH"}],"circlet_count":0,"master_deck":["AscendersBane","Strike_R","Strike_R","Strike_R","Strike_R","Defend_R","Defend_R","Defend_R","Defend_R","Bash","Clothesline","Hemokinesis+1","Power Through","Armaments+1","Iron Wave","Perfected Strike+1","Headbutt"],"relics":["SacredBark","Regal Pillow","Unceasing Top","Paper Frog","Lantern"],"acts_visited":["Exordium"],"potions_floor_usage":[6,8,11,16],"damage_taken":[{"damage":1,"enemies":"Cultist","floor":1,"turns":3},{"damage":7,"enemies":"Small Slimes","floor":2,"turns":4},{"damage":2,"enemies":"Jaw Worm","floor":3,"turns":4},{"damage":2,"enemies":"3 Louse","floor":4,"turns":3},{"damage":42,"enemies":"3 Sentries","floor":6,"turns":8},{"damage":29,"enemies":"Gremlin Nob","floor":8,"turns":4},{"damage":24,"enemies":"3 Sentries","floor":11,"turns":10},{"damage":8,"enemies":"Exordium Wildlife","floor":14,"turns":4},{"damage":26,"enemies":"Slime Boss","floor":16,"turns":11}],"seed_played":"575134301736491949","potions_obtained":[{"floor":4,"key":"GamblersBrew"},{"floor":6,"key":"BlessingOfTheForge"},{"floor":8,"key":"AttackPotion"},{"floor":11,"key":"Fire Potion"}],"is_trial":false,"path_per_floor":["M","M","M","M","$","E","R","E","T","R","E","R","?","M","R","B"],"character_chosen":"IRONCLAD","items_purchased":["Fire Potion"],"campfire_rested":2,"item_purchase_floors":[5],"current_hp_per_floor":[67,60,58,56,56,14,51,22,22,59,35,35,35,27,27,1,1],"gold":215,"neow_bonus":"BOSS_RELIC","is_daily":false,"chose_seed":false,"campfire_upgraded":2,"win_rate":0.0,"timestamp":1612652625,"path_taken":["M","?","M","M","$","E","R","E","T","R","E","R","?","M","R","BOSS"],"items_purchased_type":["Potion"],"build_version":"2020-12-18","purchased_purges":1,"victory":false,"max_hp_per_floor":[75,75,75,75,75,75,75,75,75,75,75,75,75,75,75,75,75],"relic_stats":{"Regal Pillow":30,"counters":[9,51],"obtain_stats":[{"Regal Pillow":6,"Lantern":11,"SacredBark":0,"Burning Blood":0,"Unceasing Top":8,"Paper Frog":9},{"Regal Pillow":5,"Lantern":7,"SacredBark":0,"Burning Blood":0,"Unceasing Top":6,"Paper Frog":6},{"Regal Pillow":22,"Lantern":36,"SacredBark":0,"Burning Blood":0,"Unceasing Top":26,"Paper Frog":26}],"Unceasing Top":[0]},"card_choices":[{"not_picked":["Twin Strike","Armaments"],"picked":"Clothesline","floor":1},{"not_picked":["Bloodletting","Flex"],"picked":"Hemokinesis","floor":2},{"not_picked":["Entrench","Shrug It Off"],"picked":"Power Through","floor":3},{"not_picked":["Clash","Flex"],"picked":"Armaments","floor":4},{"not_picked":["Dropkick","Warcry"],"picked":"Iron Wave","floor":6},{"not_picked":["Rupture","Juggernaut"],"picked":"Perfected Strike","floor":8},{"not_picked":["Wild Strike","Pummel","Iron Wave"],"picked":"SKIP","floor":11},{"not_picked":["Thunderclap","Wild Strike"],"picked":"Headbutt","floor":14}],"player_experience":1896877,"relics_obtained":[{"floor":6,"key":"Regal Pillow"},{"floor":8,"key":"Unceasing Top"},{"floor":9,"key":"Paper Frog"},{"floor":11,"key":"Lantern"}],"event_choices":[{"damage_healed":0,"gold_gain":0,"player_choice":"Grow","damage_taken":0,"max_hp_gain":0,"max_hp_loss":0,"event_name":"Living Wall","floor":13,"gold_loss":0,"cards_upgraded":["Perfected Strike"]}],"is_beta":true,"boss_relics":[],"items_purged_floors":[5],"is_endless":false,"potions_floor_spawned":[4,6,8,11],"killed_by":"Slime Boss","ascension_level":20}}