{"host":"ml2ro5l6hu6y0pll","time":1612570934,"event":{"mods":["AchievementEnabler","BaseMod","Colored Map","Colored Powertips","Custom Start","Downfall","Googly Eyes","Minty Spire (QoL Compilation)","Quick Restart","Rare Cards Sparkle","Relic Stats","StSLib","everything is the same but u backflip on backflip"],"gold_per_floor":[113,124,124,137,137,167,167,192,270,287,299,319,337,352,352,423,423,443,281,301,301,301,301,301],"floor_reached":23,"language":"ENG","playtime":1063,"items_purged":[],"score":410,"play_id":"3853ae6c-e0fd-4bf6-bd50-6394d95336fa","local_time":"20210206002214","is_ascension_mode":true,"campfire_choices":[{"data":"Noxious Fumes","floor":7,"key":"SMITH"},{"data":"Blade Dance","floor":15,"key":"SMITH"}],"circlet_count":0,"master_deck":["Noxious Fumes+1","Leg Sweep","PiercingWail","Backflip","Deflect","Outmaneuver","Backflip","Survivor","Dash+1","Endless Agony","Quick Slash","Neutralize","Poisoned Stab+1","Poisoned Stab+1","Deadly Poison","Deadly Poison","Blade Dance+1","Footwork","Corpse Explosion","Cloak And Dagger+1","Adrenaline","Dodge and Roll","Catalyst"],"relics":["Ring of the Snake","Membership Card","Kunai","Chemical X","Ice Cream","Smiling Mask","Matryoshka","Black Star","Whetstone","Orrery"],"acts_visited":["Exordium","TheCity"],"potions_floor_usage":[18,18],"damage_taken":[{"damage":3,"enemies":"Small Slimes","floor":1,"turns":3},{"damage":0,"enemies":"2 Louse","floor":2,"turns":3},{"damage":1,"enemies":"Jaw Worm","floor":4,"turns":3},{"damage":13,"enemies":"Gremlin Nob","floor":6,"turns":5},{"damage":9,"enemies":"3 Sentries","floor":8,"turns":7},{"damage":0,"enemies":"Lots of Slimes","floor":10,"turns":4},{"damage":0,"enemies":"Blue Slaver","floor":11,"turns":3},{"damage":0,"enemies":"Large Slime","floor":12,"turns":5},{"damage":0,"enemies":"Gremlin Gang","floor":13,"turns":4},{"damage":0,"enemies":"Looter","floor":14,"turns":3},{"damage":1,"enemies":"Hexaghost","floor":16,"turns":8},{"damage":15,"enemies":"Chosen","floor":18,"turns":4},{"damage":0,"enemies":"Spheric Guardian","floor":20,"turns":4},{"damage":16,"enemies":"Gremlin Leader","floor":23,"turns":5}],"seed_played":"2030521613236016116","potions_obtained":[{"floor":4,"key":"EntropicBrew"},{"floor":8,"key":"AttackPotion"}],"is_trial":true,"path_per_floor":["M","M","?","M","?","E","R","E","T","M","M","M","M","M","R","B",null,"M","$","M","?","?","E"],"character_chosen":"THE_SILENT","items_purchased":["Whetstone","Orrery"],"campfire_rested":0,"item_purchase_floors":[19,19],"current_hp_per_floor":[56,56,61,60,60,47,47,38,38,38,38,38,38,38,38,37,63,48,48,48,48,48,32,32],"gold":301,"neow_bonus":"","is_daily":false,"chose_seed":false,"campfire_upgraded":2,"win_rate":0.0,"timestamp":1612570934,"path_taken":["M","M","?","M","?","E","R","E","T","M","M","M","M","M","R","BOSS","M","$","M","?","?","E"],"items_purchased_type":["Relic","Relic"],"build_version":"2020-12-22","purchased_purges":0,"victory":false,"max_hp_per_floor":[66,66,71,71,71,71,71,71,71,71,71,71,71,71,71,71,71,71,71,71,71,71,71,71],"relic_stats":{"counters":[14,61],"Black Star":0,"Kunai":[28],"Chemical X":[0],"Whetstone":["Poisoned Stab","Poisoned Stab"],"Smiling Mask":0,"obtain_stats":[{"Ice Cream":6,"Matryoshka":9,"Orrery":19,"Black Star":17,"Membership Card":0,"Kunai":0,"Chemical X":0,"Whetstone":19,"Smiling Mask":8,"Ring of the Snake":0},{"Ice Cream":4,"Matryoshka":5,"Orrery":12,"Black Star":11,"Membership Card":0,"Kunai":0,"Chemical X":0,"Whetstone":12,"Smiling Mask":5,"Ring of the Snake":0},{"Ice Cream":14,"Matryoshka":21,"Orrery":52,"Black Star":48,"Membership Card":0,"Kunai":0,"Chemical X":0,"Whetstone":52,"Smiling Mask":21,"Ring of the Snake":0}],"Ring of the Snake":[30]},"card_choices":[{"not_picked":["Bane","Setup","Dodge and Roll"],"picked":"SKIP","floor":1},{"not_picked":["Concentrate","Dagger Spray","Blur"],"picked":"SKIP","floor":2},{"not_picked":["Flying Knee","Escape Plan","Riddle With Holes"],"picked":"SKIP","floor":4},{"not_picked":["Deadly Poison","Deflect","Caltrops"],"picked":"SKIP","floor":6},{"not_picked":["Deflect","Caltrops"],"picked":"Deadly Poison","floor":6},{"not_picked":["Deadly Poison","Tactician","Riddle With Holes"],"picked":"SKIP","floor":8},{"not_picked":["Riddle With Holes","Prepared"],"picked":"Blade Dance","floor":10},{"not_picked":["Eviscerate","Backflip","Poisoned Stab"],"picked":"SKIP","floor":11},{"not_picked":["Doppelganger","Prepared"],"picked":"Footwork","floor":12},{"not_picked":["Acrobatics","PiercingWail","Choke"],"picked":"SKIP","floor":13},{"not_picked":["Riddle With Holes","Bane","Prepared"],"picked":"SKIP","floor":14},{"not_picked":["Adrenaline","Tools of the Trade"],"picked":"Corpse Explosion","floor":16},{"not_picked":["Deflect+1","Prepared","Masterful Stab"],"picked":"SKIP","floor":18},{"not_picked":["Unload","Poisoned Stab"],"picked":"Cloak And Dagger+1","floor":19},{"not_picked":["Terror","Skewer"],"picked":"Adrenaline","floor":19},{"not_picked":["Sucker Punch","Dagger Throw"],"picked":"Dodge and Roll","floor":19},{"not_picked":["Cloak And Dagger","Sucker Punch"],"picked":"Catalyst","floor":20}],"player_experience":980548,"relics_obtained":[{"floor":6,"key":"Ice Cream"},{"floor":8,"key":"Smiling Mask"},{"floor":9,"key":"Matryoshka"}],"event_choices":[{"damage_healed":0,"gold_gain":0,"player_choice":"Donut","damage_taken":0,"max_hp_gain":5,"max_hp_loss":0,"event_name":"Big Fish","floor":3,"gold_loss":0},{"damage_healed":0,"gold_gain":0,"player_choice":"Grow","damage_taken":0,"max_hp_gain":0,"max_hp_loss":0,"event_name":"Living Wall","floor":5,"gold_loss":0,"cards_upgraded":["Dash"]},{"damage_healed":0,"gold_gain":0,"player_choice":"Ignored","damage_taken":0,"max_hp_gain":0,"max_hp_loss":0,"event_name":"Beggar","floor":21,"gold_loss":0},{"damage_healed":0,"gold_gain":0,"player_choice":"Ignored","damage_taken":0,"max_hp_gain":0,"max_hp_loss":0,"event_name":"Purifier","floor":22,"gold_loss":0}],"is_beta":false,"boss_relics":[{"not_picked":["Empty Cage","Sozu"],"picked":"Black Star"}],"items_purged_floors":[],"is_endless":false,"potions_floor_spawned":[4,8,11,13,16],"killed_by":"Gremlin Leader","ascension_level":20}}