{"host":"v54ek091sdz7ha6h","time":1612575154,"event":{"mods":["BaseMod","Better Vampires","Colored Map","Colored Powertips","DeckTracker","Highlight Path","KOR Keyword Fix","Minty Spire (QoL Compilation)","Rare Cards Sparkle","Relic Stats","StSLib","SuperFastMode","everything is the same but u backflip on backflip"],"gold_per_floor":[114,132,142,142,142,142,170,170,215,228,150,162,162,176,176,250,250,265,180,180,196,12,12,12],"floor_reached":23,"language":"KOR","playtime":523,"items_purged":["Strike_G","Strike_G"],"score":482,"play_id":"09b140a7-2eb1-40e5-b2f3-22c281df2622","local_time":"20210206103234","is_ascension_mode":true,"campfire_choices":[{"data":"A Thousand Cuts","floor":6.0,"key":"SMITH"},{"data":"Blade Dance","floor":13.0,"key":"SMITH"},{"floor":15.0,"key":"RECALL"}],"circlet_count":0,"master_deck":["AscendersBane","Strike_G","Strike_G","Strike_G","Defend_G","Defend_G","Defend_G","Defend_G","Survivor","Neutralize","A Thousand Cuts+1","Blade Dance+1","Escape Plan","Finisher","Prepared","PiercingWail","Footwork","Burst","Calculated Gamble","Unload","Accuracy"],"relics":["Ring of the Snake","Vajra","Smiling Mask","Black Star","Mummified Hand"],"acts_visited":["Exordium","TheCity"],"potions_floor_usage":[23],"damage_taken":[{"damage":0.0,"enemies":"Cultist","floor":1.0,"turns":5.0},{"damage":2.0,"enemies":"Jaw Worm","floor":2.0,"turns":5.0},{"damage":3.0,"enemies":"2 Louse","floor":3.0,"turns":4.0},{"damage":10.0,"enemies":"3 Sentries","floor":7.0,"turns":5.0},{"damage":1.0,"enemies":"Blue Slaver","floor":10.0,"turns":3.0},{"damage":1.0,"enemies":"Large Slime","floor":12.0,"turns":4.0},{"damage":3.0,"enemies":"Gremlin Gang","floor":14.0,"turns":3.0},{"damage":0.0,"enemies":"The Guardian","floor":16.0,"turns":14.0},{"damage":0.0,"enemies":"3 Byrds","floor":18.0,"turns":4.0},{"damage":35.0,"enemies":"Chosen","floor":21.0,"turns":6.0},{"damage":12,"enemies":"Book of Stabbing","floor":23,"turns":3}],"seed_played":"8207700268346482076","potions_obtained":[{"floor":2.0,"key":"Block Potion"},{"floor":7.0,"key":"Block Potion"},{"floor":14.0,"key":"SkillPotion"},{"floor":16.0,"key":"AttackPotion"},{"floor":21.0,"key":"LiquidMemories"}],"is_trial":false,"path_per_floor":["M","M","M","?","?","R","E","?","T","M","$","M","R","M","R","B",null,"M","?","?","M","$","E"],"character_chosen":"THE_SILENT","items_purchased":["PiercingWail","Accuracy","Block Potion"],"campfire_rested":0,"item_purchase_floors":[11,22,22],"current_hp_per_floor":[59,57,54,59,52,52,42,24,24,23,23,22,22,19,19,19,58,58,58,58,23,23,11,11],"gold":12,"neow_bonus":"ONE_RANDOM_RARE_CARD","is_daily":false,"chose_seed":false,"campfire_upgraded":2,"win_rate":0.0,"timestamp":1612575154,"path_taken":["M","?","M","?","?","R","E","?","T","M","$","M","R","M","R","BOSS","M","?","?","?","$","E"],"items_purchased_type":["Card","Card","Potion"],"build_version":"2020-12-22","purchased_purges":2,"victory":false,"max_hp_per_floor":[66,66,66,71,71,71,71,71,71,71,71,71,71,71,71,71,71,71,71,71,71,71,71,71],"relic_stats":{"counters":[11,56],"Mummified Hand":[4],"Black Star":0,"Smiling Mask":75,"obtain_stats":[{"Mummified Hand":19,"Vajra":7,"Black Star":17,"Smiling Mask":8,"Ring of the Snake":0},{"Mummified Hand":9,"Vajra":4,"Black Star":8,"Smiling Mask":4,"Ring of the Snake":0},{"Mummified Hand":47,"Vajra":19,"Black Star":43,"Smiling Mask":19,"Ring of the Snake":0}],"Ring of the Snake":[22]},"card_choices":[{"not_picked":["Deadly Poison","Underhanded Strike"],"picked":"Blade Dance","floor":1.0},{"not_picked":["Choke","Caltrops","Outmaneuver"],"picked":"SKIP","floor":2.0},{"not_picked":["Cloak And Dagger","Flechettes"],"picked":"Escape Plan","floor":3.0},{"not_picked":["Deflect","Backflip"],"picked":"Finisher","floor":7.0},{"not_picked":["Reflex","Dagger Spray"],"picked":"Prepared","floor":10.0},{"not_picked":["Bane","Sucker Punch"],"picked":"Footwork","floor":12.0},{"not_picked":["Poisoned Stab","Dagger Throw","Choke"],"picked":"SKIP","floor":14.0},{"not_picked":["Grand Finale","Die Die Die"],"picked":"Burst","floor":16.0},{"not_picked":["Acrobatics+1","Dash"],"picked":"Calculated Gamble","floor":18.0},{"not_picked":["Acrobatics","Dodge and Roll","Distraction"],"picked":"SKIP","floor":21.0}],"player_experience":1473433,"relics_obtained":[{"floor":7.0,"key":"Vajra"}],"event_choices":[{"damage_healed":0.0,"max_hp_gain":5.0,"max_hp_loss":0.0,"gold_gain":0.0,"event_name":"Big Fish","player_choice":"Donut","floor":4.0,"gold_loss":0.0,"damage_taken":0.0},{"cards_removed":["Defend_G"],"damage_healed":0.0,"max_hp_gain":0.0,"max_hp_loss":0.0,"gold_gain":0.0,"event_name":"Golden Wing","player_choice":"Card Removal","floor":5.0,"gold_loss":0.0,"damage_taken":7.0},{"damage_healed":0.0,"max_hp_gain":0.0,"max_hp_loss":0.0,"gold_gain":0.0,"event_name":"Scrap Ooze","player_choice":"Success","floor":8.0,"gold_loss":0.0,"damage_taken":18.0,"relics_obtained":["Smiling Mask"]},{"damage_healed":0.0,"max_hp_gain":0.0,"max_hp_loss":0.0,"gold_gain":0.0,"event_name":"Addict","player_choice":"Obtained Relic","floor":19.0,"gold_loss":85.0,"damage_taken":0.0,"relics_obtained":["Mummified Hand"]},{"damage_healed":0.0,"max_hp_gain":0.0,"max_hp_loss":0.0,"gold_gain":0.0,"event_name":"Match and Keep!","player_choice":"1 cards matched","floor":20.0,"gold_loss":0.0,"damage_taken":0.0,"cards_obtained":["Unload"]}],"is_beta":false,"boss_relics":[{"not_picked":["SlaversCollar","Snecko Eye"],"picked":"Black Star"}],"items_purged_floors":[11,22],"is_endless":false,"potions_floor_spawned":[2,7,14,16,21],"killed_by":"Book of Stabbing","ascension_level":20}}