{"host":"ifz8qk6i1wysca9i","time":1612581008,"event":{"mods":["Act Like it!","BaseMod","Colored Powertips","Duelist Mod","GifTheSpireLib","Hallownest","Hermit","Minty Spire (QoL Compilation)","Quick Restart","StSLib","The Bug Knight","The Senshi","The Wild Card"],"gold_per_floor":[119,119,183,196,196,224,235,235,314,327,339,353,2,2,2,105,105,120,33,33,33],"floor_reached":20,"language":"ENG","playtime":1647,"items_purged":[],"score":199,"play_id":"3aa4efb4-24f3-4afd-a04b-fec09d4af40d","local_time":"20210205211008","is_ascension_mode":false,"campfire_choices":[{"floor":8.0,"key":"RECALL"},{"floor":15.0,"key":"REST"}],"circlet_count":0,"master_deck":["hermit:Strike_Hermit","hermit:Strike_Hermit","hermit:Strike_Hermit","hermit:Strike_Hermit","hermit:Defend_Hermit","hermit:Defend_Hermit","hermit:Defend_Hermit","hermit:Defend_Hermit","hermit:Snapshot+1","hermit:Vantage","theWildCard:PaleRider","hermit:Feint","hermit:Midnight","hermit:Magnum","hermit:Grudge+1","hermit:GhostlyPresence","hermit:GoldenBullet","Transmutation","hermit:Snipe","hermit:TakeAim","hermit:Headshot","hermit:Determination","hermit:Reprieve","hermit:Shortfuse+1","Deep Breath"],"relics":["hermit:Momento","NeowsBlessing","Dream Catcher","SacredBark"],"acts_visited":["Exordium","TheCity"],"potions_floor_usage":[],"damage_taken":[{"damage":0.0,"enemies":"Jaw Worm","floor":1.0,"turns":1.0},{"damage":0.0,"enemies":"Small Slimes","floor":4.0,"turns":1.0},{"damage":0.0,"enemies":"3 Sentries","floor":6.0,"turns":2.0},{"damage":1.0,"enemies":"Cultist","floor":7.0,"turns":3.0},{"damage":0.0,"enemies":"2 Fungi Beasts","floor":10.0,"turns":4.0},{"damage":0.0,"enemies":"Exordium Wildlife","floor":11.0,"turns":2.0},{"damage":1.0,"enemies":"3 Louse","floor":12.0,"turns":3.0},{"damage":33.0,"enemies":"Slime Boss","floor":16.0,"turns":9.0},{"damage":18.0,"enemies":"Spheric Guardian","floor":18.0,"turns":5.0},{"damage":0,"enemies":"Chosen","floor":20,"turns":1}],"seed_played":"2962580777285852400","potions_obtained":[{"floor":4.0,"key":"ColorlessPotion"},{"floor":7.0,"key":"SpeedPotion"},{"floor":12.0,"key":"LiquidMemories"}],"is_trial":false,"path_per_floor":["M","?","?","M","?","E","M","R","T","M","M","M","$","?","R","B",null,"M","$","M"],"character_chosen":"HERMIT","items_purchased":["Transmutation","hermit:Snipe","hermit:TakeAim","hermit:Headshot","Deep Breath"],"campfire_rested":1,"item_purchase_floors":[13,13,13,13,19],"current_hp_per_floor":[75,75,75,75,75,75,74,74,74,74,74,73,73,58,75,42,75,57,57,57,57],"gold":33,"neow_bonus":"THREE_ENEMY_KILL","is_daily":false,"chose_seed":false,"campfire_upgraded":0,"win_rate":0.0,"timestamp":1612581008,"path_taken":["M","?","?","M","?","E","M","R","T","M","?","M","$","?","R","BOSS","M","$","M"],"items_purchased_type":["Card","Card","Card","Card","Card"],"build_version":"2020-12-22","purchased_purges":0,"victory":false,"max_hp_per_floor":[75,75,75,75,75,75,75,75,75,75,75,75,75,75,75,75,75,75,75,75,75],"card_choices":[{"not_picked":["hermit:SprayPray","hermit:Snipe"],"picked":"hermit:Vantage","floor":1.0},{"not_picked":["hermit:HoleUp","hermit:Manifest"],"picked":"hermit:Feint","floor":4.0},{"not_picked":["hermit:TrackingShot","hermit:Quickdraw"],"picked":"hermit:Midnight","floor":6.0},{"not_picked":["hermit:Cheat","hermit:BodyArmor"],"picked":"hermit:Magnum","floor":7.0},{"not_picked":["hermit:Gestalt","hermit:HighCaliber"],"picked":"hermit:Grudge","floor":10.0},{"not_picked":["hermit:Dive","hermit:Manifest"],"picked":"hermit:GhostlyPresence","floor":11.0},{"not_picked":["hermit:Glare","hermit:Deadeye"],"picked":"hermit:GoldenBullet","floor":12.0},{"not_picked":["hermit:Dive","hermit:Quickdraw"],"picked":"hermit:Determination","floor":15.0},{"not_picked":["hermit:Magnum","hermit:FinalCanter"],"picked":"hermit:Reprieve","floor":16.0},{"not_picked":["hermit:Vantage","hermit:Maintenance"],"picked":"hermit:Shortfuse+1","floor":18.0}],"player_experience":151900,"relics_obtained":[{"floor":6.0,"key":"Dream Catcher"}],"event_choices":[{"damage_healed":0.0,"max_hp_gain":0.0,"max_hp_loss":0.0,"gold_gain":64.0,"event_name":"Golden Wing","player_choice":"Gained Gold","floor":3.0,"gold_loss":0.0,"damage_taken":0.0},{"cards_removed":["hermit:Covet"],"damage_healed":0.0,"max_hp_gain":0.0,"max_hp_loss":0.0,"gold_gain":0.0,"event_name":"Purifier","player_choice":"Purged","floor":5.0,"gold_loss":0.0,"damage_taken":0.0},{"damage_healed":0.0,"max_hp_gain":0.0,"max_hp_loss":0.0,"gold_gain":0.0,"event_name":"Shining Light","player_choice":"Entered Light","floor":14.0,"gold_loss":0.0,"damage_taken":15.0,"cards_upgraded":["hermit:Grudge","hermit:Snapshot"]}],"is_beta":false,"boss_relics":[{"not_picked":["hermit:BartenderGlass","Runic Dome"],"picked":"SacredBark"}],"items_purged_floors":[],"is_endless":false,"potions_floor_spawned":[4,7,12,16,18],"killed_by":"Chosen","ascension_level":0}}