{"host":"92ge7uk92o4z80va","time":1612579305,"event":{"mods":["AchievementEnabler","Act Like it!","BaseMod","Better Third Choice","BetterRewards","Curses Come First","Evolution","Hermit","Hubris","Infinite Spire","Lobotomy","LobotomyExtend","Marisa????????","Minty Spire (QoL Compilation)","Prisma Mod","Quick Restart","Replay The Spire","Robot Space Explorer","Spire Arcade","StSLib","The Blue Laboratory","The Bug Knight","The Runesmith","Yakumo Yukari mod","????"],"gold_per_floor":[114,114,114,124,90,90,116,116,161,175,192,222,222,235,335,434,484,495,495,169,169,187,187,217,217,217,217,217,332,343,612,612,612,612],"floor_reached":33,"language":"ENG","playtime":1166,"items_purged":[],"score":300,"play_id":"f9fa3cc2-096c-4bda-81b3-948ef7f9aabe","local_time":"20210205214145","is_ascension_mode":false,"campfire_choices":[{"data":"PlaceholderMod:PoisonAbsorb","floor":6,"key":"SMITH"},{"data":"PlaceholderMod:GrowthForm","floor":8,"key":"SMITH"},{"data":"PlaceholderMod:MultipleOxi","floor":13,"key":"SMITH"},{"floor":23,"key":"REST"},{"floor":25,"key":"REST"},{"floor":28,"key":"REST"},{"floor":32,"key":"REST"}],"circlet_count":0,"master_deck":["PlaceholderMod:BaseStrike","PlaceholderMod:BaseStrike","PlaceholderMod:BaseStrike","PlaceholderMod:BaseStrike","PlaceholderMod:BaseStrike","PlaceholderMod:BaseDefend","PlaceholderMod:BaseDefend","PlaceholderMod:BaseDefend","PlaceholderMod:BaseDefend","PlaceholderMod:BaseDefend","PlaceholderMod:Crystal","PlaceholderMod:PoisonWhip","PlaceholderMod:BlastSpray","PlaceholderMod:TriggerStrike","Replay:Sssssssssstrike","PlaceholderMod:PoisonAbsorb+1","PlaceholderMod:EvolutionSpray","PlaceholderMod:GrowthForm+1","PlaceholderMod:MultipleOxi+1","PlaceholderMod:SprayAttack","PlaceholderMod:Crystallization","PlaceholderMod:HornyBlast","PlaceholderMod:Activation","CurseOfTheBell","PlaceholderMod:Stable","PlaceholderMod:Assimilation","PlaceholderMod:OHStrongAttack","PlaceholderMod:HighConcentration","PlaceholderMod:PoisonBlast","PlaceholderMod:PoisonExcitation+1","PlaceholderMod:HardStinger","PlaceholderMod:InnerStable","PlaceholderMod:DissolvingSpikes+1","PlaceholderMod:ComplexForm+1"],"relics":["PlaceholderMod:Tancle","EVO:Axolotl","Runesmith:AutoHammer","Orichalcum","hubris:MobiusCoin","Calling Bell","Juzu Bracelet","Question Card","hubris:CuriousFeather","Torii","hubris:Towel","Replay:Baseball","infinitespire:FocusingShard","hubris:Icosahedron"],"acts_visited":["Exordium","TheCity"],"potions_floor_usage":[16,16,16,22,33],"damage_taken":[{"damage":10,"enemies":"Jaw Worm","floor":1,"turns":4},{"damage":0,"enemies":"2 Louse","floor":4,"turns":2},{"damage":48,"enemies":"Gremlin Nob","floor":7,"turns":5},{"damage":0,"enemies":"Cultist","floor":10,"turns":3},{"damage":9,"enemies":"Large Slime","floor":11,"turns":5},{"damage":2,"enemies":"HollowMod:MossKnight","floor":12,"turns":3},{"damage":0,"enemies":"Blue Slaver","floor":14,"turns":2},{"damage":28,"enemies":"Fading Forest","floor":16,"turns":9},{"damage":34,"enemies":"2 Thieves","floor":18,"turns":4},{"damage":34,"enemies":"Sentry and Sphere","floor":22,"turns":6},{"damage":25,"enemies":"Gremlin Leader","floor":24,"turns":2},{"damage":32,"enemies":"3 Cultists","floor":29,"turns":5},{"damage":12,"enemies":"Shelled Parasite and Fungi","floor":30,"turns":4},{"damage":2,"enemies":"Cultist and Chosen","floor":31,"turns":4},{"damage":55,"enemies":"Pondfish","floor":33,"turns":7}],"seed_played":"286981764169056932","potions_obtained":[{"floor":4,"key":"Explosive Potion"},{"floor":10,"key":"blueLaboratory:ForbiddenFruitJuice"},{"floor":14,"key":"Block Potion"},{"floor":16,"key":"Regen Potion"},{"floor":22,"key":"FairyPotion"},{"floor":30,"key":"blueLaboratory:Moonshine"}],"is_trial":false,"path_per_floor":["M","?","?","M","$","R","E","R","T","M","M","E","R","M","R","B",null,"M","?","$","?","M","R","E","R","T","?","R","M","M","M","R","B"],"character_chosen":"THE_PLACEHOLDER","items_purchased":["PlaceholderMod:EvolutionSpray","Torii","PlaceholderMod:PoisonBlast"],"campfire_rested":4,"item_purchase_floors":[5,20,20],"current_hp_per_floor":[68,68,68,68,68,68,20,20,20,20,11,9,9,9,9,40,68,34,34,34,34,9,29,4,24,24,24,44,16,8,6,28,0,0],"gold":612,"neow_bonus":"ONE_RANDOM_RARE_CARD","is_daily":false,"chose_seed":false,"campfire_upgraded":3,"win_rate":0.0,"timestamp":1612579305,"path_taken":["M","?","?","M","$","R","E","R","T","M","M","E","R","M","R","BOSS","M","?","$","?","M","R","E","R","T","?","R","M","M","M","R","BOSS"],"items_purchased_type":["Card","Relic","Card"],"build_version":"2020-12-22","purchased_purges":0,"victory":false,"max_hp_per_floor":[78,78,78,78,78,78,78,78,78,78,78,78,78,78,78,68,68,68,68,68,68,68,68,68,68,68,68,68,72,76,76,76,76,76],"card_choices":[{"not_picked":["PlaceholderMod:DirectingGroup","PlaceholderMod:StressReaction"],"picked":"PlaceholderMod:TriggerStrike","floor":1},{"not_picked":["PlaceholderMod:ParasiteChange","PlaceholderMod:SevereHeat"],"picked":"PlaceholderMod:PoisonAbsorb","floor":4},{"not_picked":["PlaceholderMod:Polyp","PlaceholderMod:InnerSoften"],"picked":"PlaceholderMod:GrowthForm","floor":7},{"not_picked":["PlaceholderMod:ProliferateStrike","PlaceholderMod:ConsolidateHit"],"picked":"PlaceholderMod:MultipleOxi","floor":10},{"not_picked":["PlaceholderMod:DissolvingSpikes","PlaceholderMod:SpinBlade"],"picked":"PlaceholderMod:SprayAttack","floor":11},{"not_picked":["PlaceholderMod:HornyBlast","PlaceholderMod:Stable"],"picked":"PlaceholderMod:Crystallization","floor":12},{"not_picked":["PlaceholderMod:DirectingGroup","PlaceholderMod:Hyperplasia"],"picked":"PlaceholderMod:HornyBlast","floor":14},{"not_picked":["PlaceholderMod:ReactionCatalyze","PlaceholderMod:PericyclicReaction"],"picked":"PlaceholderMod:Activation","floor":16},{"not_picked":["PlaceholderMod:ProliferateStrike","PlaceholderMod:Sweep","PlaceholderMod:SpinBlade"],"picked":"PlaceholderMod:Stable","floor":18},{"not_picked":["PlaceholderMod:NearChange","PlaceholderMod:HornyBlast","PlaceholderMod:ProliferateStrike"],"picked":"PlaceholderMod:PoisonExcitation+1","floor":22},{"not_picked":["PlaceholderMod:InnerStable","PlaceholderMod:Corrosion","PlaceholderMod:Stratification"],"picked":"PlaceholderMod:HardStinger","floor":24},{"not_picked":["PlaceholderMod:AttackAsDefend","PlaceholderMod:ProliferateStrike","PlaceholderMod:BlastSpray"],"picked":"PlaceholderMod:InnerStable","floor":29},{"not_picked":["PlaceholderMod:HardStinger","PlaceholderMod:TriggerStrike","PlaceholderMod:SprayAttack"],"picked":"PlaceholderMod:DissolvingSpikes+1","floor":30},{"not_picked":["PlaceholderMod:OHStrongAttack+1","PlaceholderMod:EnergyAbsorb+1","PlaceholderMod:PoisonExcitation"],"picked":"PlaceholderMod:ComplexForm+1","floor":31}],"player_experience":44512,"relics_obtained":[{"floor":7,"key":"Runesmith:AutoHammer"},{"floor":9,"key":"Orichalcum"},{"floor":12,"key":"hubris:MobiusCoin"},{"floor":17,"key":"Juzu Bracelet"},{"floor":17,"key":"Question Card"},{"floor":17,"key":"hubris:CuriousFeather"},{"floor":24,"key":"Replay:Baseball"},{"floor":26,"key":"infinitespire:FocusingShard"}],"event_choices":[{"damage_healed":0,"gold_gain":0,"player_choice":"1 cards matched","damage_taken":0,"max_hp_gain":0,"max_hp_loss":0,"event_name":"Match and Keep!","floor":3,"gold_loss":0,"cards_obtained":["Replay:Sssssssssstrike"]},{"damage_healed":0,"gold_gain":100,"player_choice":"Pray","damage_taken":0,"max_hp_gain":0,"max_hp_loss":0,"event_name":"Golden Shrine","floor":15,"gold_loss":0},{"damage_healed":0,"gold_gain":0,"player_choice":"3 cards matched","damage_taken":0,"max_hp_gain":0,"max_hp_loss":0,"event_name":"Match and Keep!","floor":19,"gold_loss":0,"cards_obtained":["PlaceholderMod:Assimilation","PlaceholderMod:OHStrongAttack","PlaceholderMod:HighConcentration"]}],"is_beta":false,"boss_relics":[{"not_picked":["SlaversCollar","Black Star"],"picked":"Calling Bell"}],"items_purged_floors":[],"is_endless":false,"potions_floor_spawned":[4,10,14,16,22,30],"killed_by":"Pondfish","ascension_level":0}}