{"host":"gop1q6bv59twswbp","time":1612599369,"event":{"mods":["AlwaysNeverKeys","BaseMod","Downfall","Hermit","Minty Spire (QoL Compilation)","Permanent Neow","Rare Cards Sparkle","StSLib","The Cursed"],"gold_per_floor":[111,111,111,134,158,158,176,176,203,203,223,241,255,296,296,415,415,438,406,444,12,12,12,36,36,86,100,119,119,119,119,119,239,239,252,315,315,26,50,50,69,94,168,168,188,188,231,255,255,255,255,255,23,59,59,59],"floor_reached":55,"language":"ENG","playtime":4761,"items_purged":["hermit:Shortfuse+1","hermit:Strike_Hermit"],"score":801,"play_id":"c83c7914-fe7b-4b64-b08d-af94c0efd95c","local_time":"20210206031609","is_ascension_mode":false,"campfire_choices":[{"data":"hermit:Covet","floor":6.0,"key":"SMITH"},{"data":"hermit:Showdown","floor":8.0,"key":"SMITH"},{"data":"hermit:Deadeye","floor":10.0,"key":"SMITH"},{"data":"hermit:Reprieve","floor":15.0,"key":"SMITH"},{"data":"hermit:OverwhelmingPower","floor":23.0,"key":"SMITH"},{"floor":25.0,"key":"REST"},{"data":"hermit:FlashPowder","floor":29.0,"key":"SMITH"},{"floor":32.0,"key":"REST"},{"data":"hermit:FlashPowder","floor":40.0,"key":"SMITH"},{"floor":46.0,"key":"REST"},{"floor":49.0,"key":"REST"},{"data":"Discovery","floor":52.0,"key":"SMITH"}],"circlet_count":0,"master_deck":["hermit:Strike_Hermit","hermit:Defend_Hermit","hermit:Defend_Hermit","hermit:Defend_Hermit","hermit:Snapshot","hermit:Covet+1","hermit:Dissolve","hermit:ItchyTrigger","Injury","CurseOfTheBell","CurseOfTheBell","Parasite","hermit:Dissolve","hermit:Deadeye+1","hermit:Reprieve+1","hermit:Ricochet+1","hermit:FlashPowder+1","hermit:LuckOfTheDraw","hermit:OverwhelmingPower+1","hermit:BigShot+1","hermit:Dissolve+1","hermit:Determination","hermit:Enervate+1","hermit:Deadeye+1","hermit:BigShot","hermit:Malice","J.A.X.","hermit:HoleUp+1","hermit:FlashPowder+1","hermit:Roughhouse","hermit:CalledShot+1","hermit:FullyLoaded+1","hermit:BigShot","hermit:Grudge","hermit:FromBeyond","hermit:ShadowCloak+1","Discovery+1","hermit:Dive+1","hermit:TrackingShot+1","Parasite","hermit:Dive+1","hermit:Gambit","hermit:Reprieve"],"relics":["hermit:Momento","Golden Idol","downfall:ExtraCursedBell","hexamod:BolsterEngine","Darkstone Periapt","Incense Burner","Ancient Tea Set","Toy Ornithopter","Astrolabe","Red Mask","Mummified Hand","Potion Belt","sneckomod:SneckoTalon","Unceasing Top","Dead Branch","Kunai","MealTicket","Whetstone","bronze:BronzeIdol"],"acts_visited":["Exordium","TheCity","TheBeyond","TheEnding"],"potions_floor_usage":[54,55,55],"damage_taken":[{"damage":0.0,"enemies":"Jaw Worm","floor":1.0,"turns":4.0},{"damage":0.0,"enemies":"Small Slimes","floor":4.0,"turns":3.0},{"damage":6.0,"enemies":"Cultist","floor":5.0,"turns":4.0},{"damage":0.0,"enemies":"Exordium Wildlife","floor":7.0,"turns":4.0},{"damage":4.0,"enemies":"Blue Slaver","floor":11.0,"turns":4.0},{"damage":2.0,"enemies":"Looter","floor":12.0,"turns":4.0},{"damage":9.0,"enemies":"3 Louse","floor":13.0,"turns":4.0},{"damage":15.0,"enemies":"Gremlin Nob","floor":14.0,"turns":5.0},{"damage":29.0,"enemies":"The Guardian","floor":16.0,"turns":11.0},{"damage":6.0,"enemies":"3 Byrds","floor":18.0,"turns":8.0},{"damage":47.0,"enemies":"2 Thieves","floor":19.0,"turns":5.0},{"damage":18.0,"enemies":"Masked Bandits","floor":20.0,"turns":7.0},{"damage":32.0,"enemies":"Sentry and Sphere","floor":24.0,"turns":9.0},{"damage":8.0,"enemies":"Centurion and Healer","floor":27.0,"turns":4.0},{"damage":37.0,"enemies":"Chosen and Byrds","floor":28.0,"turns":9.0},{"damage":57.0,"enemies":"Champ","floor":33.0,"turns":15.0},{"damage":22.0,"enemies":"3 Darklings","floor":35.0,"turns":9.0},{"damage":23.0,"enemies":"Mind Bloom Boss Battle","floor":36.0,"turns":10.0},{"damage":4.0,"enemies":"Orb Walker","floor":39.0,"turns":4.0},{"damage":14.0,"enemies":"Jaw Worm Horde","floor":41.0,"turns":4.0},{"damage":30.0,"enemies":"4 Shapes","floor":42.0,"turns":6.0},{"damage":11.0,"enemies":"3 Darklings","floor":45.0,"turns":5.0},{"damage":20.0,"enemies":"Reptomancer","floor":47.0,"turns":4.0},{"damage":9.0,"enemies":"Writhing Mass","floor":48.0,"turns":6.0},{"damage":66.0,"enemies":"Time Eater","floor":50.0,"turns":8.0},{"damage":67,"enemies":"Shield and Spear","floor":54,"turns":7},{"damage":53,"enemies":"The Heart","floor":55,"turns":10}],"seed_played":"3177595134894536769","potions_obtained":[{"floor":1.0,"key":"Guardian:BlockOnCardUsePotion"},{"floor":5.0,"key":"BlessingOfTheForge"},{"floor":13.0,"key":"BlessingOfTheForge"},{"floor":16.0,"key":"Energy Potion"},{"floor":20.0,"key":"Fire Potion"},{"floor":24.0,"key":"hexamod:SoulburnPotion"},{"floor":28.0,"key":"SteroidPotion"},{"floor":35.0,"key":"Explosive Potion"},{"floor":39.0,"key":"LiquidMemories"},{"floor":42.0,"key":"SpeedPotion"},{"floor":45.0,"key":"sneckomod:MuddlingPotion"},{"floor":54,"key":"Ancient Potion"}],"is_trial":false,"path_per_floor":["M","?","?","M","M","R","M","R","T","R","M","M","M","E","R","B",null,"M","M","?","$","?","R","M","R","T","M","M","R","?","?","R","B",null,"M","?","T","$","M","R","M","M","T","?","M","R","E","M","R","B",null,"R","$","E","B"],"character_chosen":"HERMIT","items_purchased":["Mummified Hand","hermit:BigShot","hermit:Malice","hermit:BigShot","hermit:Grudge","DistilledChaos","Whetstone","hermit:Gambit"],"campfire_rested":4,"item_purchase_floors":[21,21,21,38,38,38,53,53],"current_hp_per_floor":[68,68,74,74,68,68,68,68,68,68,64,62,65,74,74,62,74,70,27,30,30,30,30,18,40,40,48,45,45,31,31,54,14,79,77,66,66,66,62,62,48,27,27,27,32,55,52,49,74,33,85,85,85,23,0,0],"gold":59,"neow_bonus":"TRANSFORM_TWO_CARDS","is_daily":false,"chose_seed":false,"campfire_upgraded":8,"win_rate":0.0,"timestamp":1612599369,"path_taken":["M","?","?","?","M","R","M","R","T","R","M","M","M","E","R","BOSS","M","M","?","$","?","R","M","R","T","M","M","R","?","?","R","BOSS","M","?","?","?","M","R","M","M","T","?","M","R","E","M","R","BOSS","R","$","E","BOSS"],"items_purchased_type":["Relic","Card","Card","Card","Card","Potion","Relic","Card"],"build_version":"2020-12-22","purchased_purges":2,"victory":false,"max_hp_per_floor":[68,68,74,74,74,74,74,74,74,74,74,74,74,74,74,74,74,74,74,74,74,74,74,74,74,74,74,74,74,79,79,79,79,79,79,79,79,79,79,79,79,79,79,79,79,79,79,85,85,85,85,85,85,85,85,85],"card_choices":[{"not_picked":["hermit:FlashPowder","hermit:NoHoldsBarred"],"picked":"hermit:ItchyTrigger","floor":1.0},{"not_picked":["hermit:CalledShot","hermit:Ricochet"],"picked":"hermit:Deadeye","floor":4.0},{"not_picked":["hermit:Vantage","hermit:SprayPray"],"picked":"hermit:Showdown","floor":5.0},{"not_picked":["hermit:Quickdraw","hermit:LowProfile","hermit:Desperado"],"picked":"SKIP","floor":7.0},{"not_picked":["hermit:LoneWolf","hermit:WideOpen"],"picked":"hermit:Reprieve","floor":11.0},{"not_picked":["hermit:Feint","hermit:TakeCover"],"picked":"hermit:Ricochet","floor":12.0},{"not_picked":["hermit:Desperado","hermit:ItchyTrigger"],"picked":"hermit:FlashPowder","floor":13.0},{"not_picked":["hermit:LoneWolf","hermit:HeroicBravado"],"picked":"hermit:LuckOfTheDraw","floor":14.0},{"not_picked":["hermit:Magnum","hermit:FatalDesire"],"picked":"hermit:OverwhelmingPower","floor":16.0},{"not_picked":["hermit:TrackingShot","hermit:Dive"],"picked":"hermit:Determination","floor":18.0},{"not_picked":["hermit:CalledShot","hermit:Snipe+1"],"picked":"hermit:Enervate+1","floor":19.0},{"not_picked":["hermit:TrackingShot","hermit:EyeOfTheStorm+1"],"picked":"hermit:Deadeye+1","floor":20.0},{"not_picked":["hermit:Headshot","hermit:Glare+1"],"picked":"hermit:HoleUp+1","floor":24.0},{"not_picked":["hermit:Manifest","hermit:PistolWhip+1"],"picked":"hermit:FlashPowder","floor":27.0},{"not_picked":["hermit:HighCaliber","hermit:Dissolve","hermit:Feint"],"picked":"SKIP","floor":28.0},{"not_picked":["hermit:DeadOrAlive","hermit:Dissolve"],"picked":"hermit:Roughhouse","floor":33.0},{"not_picked":["hermit:Glare","hermit:Grudge"],"picked":"hermit:CalledShot+1","floor":35.0},{"not_picked":["hermit:Feint","hermit:HighCaliber+1"],"picked":"hermit:FullyLoaded+1","floor":36.0},{"not_picked":["hermit:Glare","hermit:FullyLoaded+1"],"picked":"hermit:FromBeyond","floor":39.0},{"not_picked":["hermit:Desperado+1","hermit:CalledShot","hermit:Glare"],"picked":"SKIP","floor":41.0},{"not_picked":["hermit:LuckOfTheDraw+1","hermit:Spite+1"],"picked":"hermit:ShadowCloak+1","floor":42.0},{"not_picked":["Finesse","Mind Blast"],"picked":"Discovery","floor":44.0},{"not_picked":["hermit:DeadMansHand","hermit:Deadeye+1"],"picked":"hermit:Dive+1","floor":45.0},{"not_picked":["hermit:Horror+1","hermit:Spite+1"],"picked":"hermit:TrackingShot","floor":47.0},{"not_picked":["hermit:Feint+1","hermit:HoleUp+1"],"picked":"hermit:Dive+1","floor":48.0},{"not_picked":["hermit:TakeAim+1","hermit:Coalescence+1"],"picked":"hermit:Reprieve","floor":54}],"player_experience":878273,"relics_obtained":[{"floor":3.0,"key":"hexamod:BolsterEngine"},{"floor":3.0,"key":"Darkstone Periapt"},{"floor":3.0,"key":"Incense Burner"},{"floor":9.0,"key":"Ancient Tea Set"},{"floor":14.0,"key":"Toy Ornithopter"},{"floor":20.0,"key":"Red Mask"},{"floor":26.0,"key":"Potion Belt"},{"floor":36.0,"key":"Unceasing Top"},{"floor":37.0,"key":"Dead Branch"},{"floor":43.0,"key":"Kunai"},{"floor":47.0,"key":"MealTicket"},{"floor":54,"key":"bronze:BronzeIdol"}],"event_choices":[{"damage_healed":0.0,"max_hp_gain":0.0,"max_hp_loss":0.0,"gold_gain":0.0,"event_name":"Golden Idol","player_choice":"Take Wound","floor":2.0,"gold_loss":0.0,"damage_taken":0.0,"relics_obtained":["Golden Idol"],"cards_obtained":["Injury"]},{"damage_healed":0.0,"max_hp_gain":0.0,"max_hp_loss":0.0,"gold_gain":0.0,"event_name":"Masked Bandits","player_choice":"Fought Bandits","floor":20.0,"gold_loss":0.0,"damage_taken":0.0},{"damage_healed":0.0,"max_hp_gain":0.0,"max_hp_loss":0.0,"gold_gain":0.0,"event_name":"Drug Dealer","player_choice":"Obtain J.A.X.","floor":22.0,"gold_loss":0.0,"damage_taken":0.0,"cards_obtained":["J.A.X."]},{"damage_healed":0.0,"max_hp_gain":5.0,"max_hp_loss":0.0,"gold_gain":0.0,"event_name":"Forgotten Altar","player_choice":"Shed Blood","floor":30.0,"gold_loss":0.0,"damage_taken":19.0},{"damage_healed":0.0,"max_hp_gain":0.0,"max_hp_loss":0.0,"gold_gain":0.0,"event_name":"Fountain of Cleansing","player_choice":"Ignored","floor":31.0,"gold_loss":0.0,"damage_taken":0.0},{"damage_healed":0.0,"max_hp_gain":0.0,"max_hp_loss":0.0,"gold_gain":0.0,"event_name":"MindBloom","player_choice":"Fight","floor":36.0,"gold_loss":0.0,"damage_taken":0.0},{"damage_healed":0.0,"max_hp_gain":0.0,"max_hp_loss":0.0,"gold_gain":0.0,"event_name":"SensoryStone","player_choice":"Memory 1","floor":44.0,"gold_loss":0.0,"damage_taken":0.0}],"is_beta":false,"boss_relics":[{"not_picked":["bronze:MakeshiftBattery","hermit:DentedPlate"],"picked":"Astrolabe"},{"not_picked":["SlaversCollar","Philosopher\u0027s Stone"],"picked":"sneckomod:SneckoTalon"}],"items_purged_floors":[21,38],"is_endless":false,"potions_floor_spawned":[1,5,13,16,20,24,28,35,39,42,45,54],"killed_by":"The Heart","ascension_level":0}}