{"host":"vlqej45p0v31lhdi","time":1612590555,"event":{"mods":["AchievementEnabler","BaseMod","Bestiary","Colored Powertips","Minty Spire (QoL Compilation)","Relic Sorter","Relic Stats"],"gold_per_floor":[112,112,128,203,203,203,239,253,253,266,287,287,287],"floor_reached":12,"language":"ENG","playtime":517,"items_purged":[],"score":96,"play_id":"f06a2ea5-1bbe-44a2-a3d5-251e594f2289","local_time":"20210205234915","is_ascension_mode":true,"campfire_choices":[{"data":"Dualcast","floor":6.0,"key":"SMITH"}],"circlet_count":0,"master_deck":["Strike_B","Strike_B","Strike_B","Strike_B","Defend_B","Defend_B","Defend_B","Defend_B","Zap+1","Dualcast+1","Gash","Gash","Multi-Cast","Loop+1","Ball Lightning","Coolheaded"],"relics":["Runic Pyramid","Golden Idol","Frozen Egg 2","MealTicket"],"acts_visited":["Exordium"],"potions_floor_usage":[12],"damage_taken":[{"damage":3.0,"enemies":"Small Slimes","floor":1.0,"turns":4.0},{"damage":3.0,"enemies":"2 Louse","floor":3.0,"turns":3.0},{"damage":15.0,"enemies":"Lagavulin","floor":7.0,"turns":7.0},{"damage":0.0,"enemies":"Cultist","floor":8.0,"turns":3.0},{"damage":24.0,"enemies":"Exordium Wildlife","floor":10.0,"turns":5.0},{"damage":7.0,"enemies":"Looter","floor":11.0,"turns":3.0},{"damage":15,"enemies":"Gremlin Nob","floor":12,"turns":3}],"seed_played":"-8981221782277578612","potions_obtained":[{"floor":7.0,"key":"BlessingOfTheForge"},{"floor":10.0,"key":"CultistPotion"}],"is_trial":false,"path_per_floor":["M","?","M","?","?","R","E","M","T","M","M","E"],"character_chosen":"DEFECT","items_purchased":[],"campfire_rested":0,"item_purchase_floors":[],"current_hp_per_floor":[72,69,66,55,55,55,40,40,40,16,9,0,0],"gold":287,"neow_bonus":"BOSS_RELIC","is_daily":false,"chose_seed":false,"campfire_upgraded":1,"win_rate":0.0,"timestamp":1612590555,"path_taken":["M","?","M","?","?","R","E","?","T","M","M","E"],"items_purchased_type":[],"build_version":"2020-12-22","purchased_purges":0,"victory":false,"max_hp_per_floor":[75,69,69,69,69,69,69,69,69,69,69,69,69],"relic_stats":{"counters":[7,28],"Golden Idol":20,"MealTicket":0,"obtain_stats":[{"Golden Idol":2,"MealTicket":9,"Frozen Egg 2":7,"Cracked Core":0,"Runic Pyramid":0},{"Golden Idol":1,"MealTicket":4,"Frozen Egg 2":3,"Cracked Core":0,"Runic Pyramid":0},{"Golden Idol":4,"MealTicket":17,"Frozen Egg 2":14,"Cracked Core":0,"Runic Pyramid":0}]},"card_choices":[{"not_picked":["Rebound","Beam Cell"],"picked":"Gash","floor":1.0},{"not_picked":["Fission","Barrage"],"picked":"Gash","floor":3.0},{"not_picked":["Scrape","Seek"],"picked":"Multi-Cast","floor":7.0},{"not_picked":["Redo","Gash"],"picked":"Loop+1","floor":8.0},{"not_picked":["Hologram","Lockon"],"picked":"Ball Lightning","floor":10.0},{"not_picked":["Hello World+1","Rebound"],"picked":"Coolheaded","floor":11.0}],"player_experience":2375364,"relics_obtained":[{"floor":7.0,"key":"Frozen Egg 2"},{"floor":9.0,"key":"MealTicket"}],"event_choices":[{"damage_healed":0.0,"max_hp_gain":0.0,"max_hp_loss":6.0,"gold_gain":0.0,"event_name":"Golden Idol","player_choice":"Lose Max HP","floor":2.0,"gold_loss":0.0,"damage_taken":0.0,"relics_obtained":["Golden Idol"]},{"damage_healed":0.0,"max_hp_gain":0.0,"max_hp_loss":0.0,"gold_gain":75.0,"event_name":"World of Goop","player_choice":"Gather Gold","floor":4.0,"gold_loss":0.0,"damage_taken":11.0},{"damage_healed":0.0,"max_hp_gain":0.0,"max_hp_loss":0.0,"gold_gain":0.0,"event_name":"Accursed Blacksmith","player_choice":"Forge","floor":5.0,"gold_loss":0.0,"damage_taken":0.0,"cards_upgraded":["Zap"]}],"is_beta":false,"boss_relics":[],"items_purged_floors":[],"is_endless":false,"potions_floor_spawned":[7,10],"killed_by":"Gremlin Nob","ascension_level":4}}