{"host":"5mo0809oo9tcrmpl","time":1612586315,"event":{"mods":["BaseMod","Highlight Path","Minty Spire (QoL Compilation)","Relic Stats","Slay the Relics Exporter"],"gold_per_floor":[366,381,395,100,100,100,134,134,161,161,161,100,100,112,112,183,183,193,193,219,65,65,65,65],"floor_reached":23,"language":"ENG","playtime":603,"items_purged":["Strike_R","Strike_R+1"],"score":370,"play_id":"18f25fc7-31bb-492a-b4c7-6a68c5ac18da","local_time":"20210205223835","is_ascension_mode":true,"campfire_choices":[{"data":"Searing Blow+1","floor":6.0,"key":"SMITH"},{"data":"Searing Blow+2","floor":8.0,"key":"SMITH"},{"data":"Searing Blow+3","floor":11.0,"key":"SMITH"},{"data":"Searing Blow+4","floor":13.0,"key":"SMITH"},{"data":"Searing Blow+5","floor":15.0,"key":"SMITH"}],"circlet_count":0,"master_deck":["AscendersBane","Strike_R+1","Strike_R+1","Defend_R+1","Defend_R+1","Defend_R+1","Defend_R+1","Bash","Searing Blow+6","Thunderclap","Dual Wield","Shrug It Off","Impervious","Warcry+1","Power Through"],"relics":["Burning Blood","Nunchaku","Toy Ornithopter","Bronze Scales","Black Star","Red Mask"],"acts_visited":["Exordium","TheCity"],"potions_floor_usage":[23],"damage_taken":[{"damage":6.0,"enemies":"Cultist","floor":1.0,"turns":3.0},{"damage":4.0,"enemies":"Small Slimes","floor":2.0,"turns":3.0},{"damage":3.0,"enemies":"2 Louse","floor":3.0,"turns":4.0},{"damage":25.0,"enemies":"3 Sentries","floor":7.0,"turns":5.0},{"damage":1.0,"enemies":"Looter","floor":14.0,"turns":2.0},{"damage":26.0,"enemies":"The Guardian","floor":16.0,"turns":10.0},{"damage":35.0,"enemies":"Shell Parasite","floor":18.0,"turns":5.0},{"damage":20.0,"enemies":"Masked Bandits","floor":20.0,"turns":4.0},{"damage":42,"enemies":"Gremlin Leader","floor":23,"turns":3}],"seed_played":"-5083741985452553463","potions_obtained":[{"floor":3.0,"key":"SteroidPotion"},{"floor":7.0,"key":"Strength Potion"},{"floor":14.0,"key":"Explosive Potion"}],"is_trial":false,"path_per_floor":["M","M","M","$","?","R","E","R","T","?","R","?","R","M","R","B",null,"M","?","?","$","?","E"],"character_chosen":"IRONCLAD","items_purchased":["Nunchaku","Explosive Potion","BloodPotion"],"campfire_rested":0,"item_purchase_floors":[4,4,21],"current_hp_per_floor":[50,52,55,55,55,55,36,36,36,29,29,29,29,34,34,14,60,31,31,22,22,22,0,0],"gold":65,"neow_bonus":"TWO_FIFTY_GOLD","is_daily":false,"chose_seed":false,"campfire_upgraded":5,"win_rate":0.0,"timestamp":1612586315,"path_taken":["M","M","M","$","?","R","E","R","T","?","R","?","R","M","R","BOSS","M","?","?","$","?","E"],"items_purchased_type":["Relic","Potion","Potion"],"build_version":"2020-12-22","purchased_purges":2,"victory":false,"max_hp_per_floor":[75,75,75,75,75,75,75,75,75,75,75,75,75,75,75,75,75,75,75,75,75,75,75,75],"relic_stats":{"Nunchaku":[2],"counters":[9,39],"Bronze Scales":[90],"Black Star":0,"obtain_stats":[{"Nunchaku":4,"Bronze Scales":9,"Black Star":17,"Red Mask":20,"Burning Blood":0,"Toy Ornithopter":7},{"Nunchaku":3,"Bronze Scales":4,"Black Star":6,"Red Mask":8,"Burning Blood":0,"Toy Ornithopter":4},{"Nunchaku":10,"Bronze Scales":15,"Black Star":27,"Red Mask":36,"Burning Blood":0,"Toy Ornithopter":15}],"Burning Blood":48,"Toy Ornithopter":10},"card_choices":[{"not_picked":["Armaments","Heavy Blade"],"picked":"Searing Blow","floor":1.0},{"not_picked":["Sword Boomerang","Intimidate"],"picked":"Thunderclap","floor":2.0},{"not_picked":["Sentinel","Perfected Strike"],"picked":"Dual Wield","floor":3.0},{"not_picked":["Havoc","Dark Embrace"],"picked":"Shrug It Off","floor":7.0},{"not_picked":["Sever Soul","Reckless Charge","Cleave"],"picked":"SKIP","floor":14.0},{"not_picked":["Corruption","Berserk"],"picked":"Impervious","floor":16.0},{"not_picked":["Twin Strike+1","Spot Weakness"],"picked":"Warcry+1","floor":18.0},{"not_picked":["True Grit","Clash"],"picked":"Power Through","floor":20.0}],"player_experience":1262403,"relics_obtained":[{"floor":7.0,"key":"Toy Ornithopter"},{"floor":9.0,"key":"Bronze Scales"},{"floor":20.0,"key":"Red Mask"}],"event_choices":[{"damage_healed":0.0,"max_hp_gain":0.0,"max_hp_loss":0.0,"gold_gain":0.0,"event_name":"Living Wall","player_choice":"Grow","floor":5.0,"gold_loss":0.0,"damage_taken":0.0,"cards_upgraded":["Searing Blow"]},{"cards_removed":["Strike_R"],"damage_healed":0.0,"max_hp_gain":0.0,"max_hp_loss":0.0,"gold_gain":0.0,"event_name":"Golden Wing","player_choice":"Card Removal","floor":10.0,"gold_loss":0.0,"damage_taken":7.0},{"damage_healed":0.0,"max_hp_gain":0.0,"max_hp_loss":0.0,"gold_gain":0.0,"event_name":"World of Goop","player_choice":"Left Gold","floor":12.0,"gold_loss":61.0,"damage_taken":0.0},{"damage_healed":0.0,"max_hp_gain":0.0,"max_hp_loss":0.0,"gold_gain":0.0,"event_name":"Back to Basics","player_choice":"Simplicity","floor":19.0,"gold_loss":0.0,"damage_taken":0.0,"cards_upgraded":["Strike_R","Strike_R","Strike_R","Defend_R","Defend_R","Defend_R","Defend_R"]},{"damage_healed":0.0,"max_hp_gain":0.0,"max_hp_loss":0.0,"gold_gain":0.0,"event_name":"Masked Bandits","player_choice":"Fought Bandits","floor":20.0,"gold_loss":0.0,"damage_taken":0.0},{"damage_healed":0.0,"max_hp_gain":0.0,"max_hp_loss":0.0,"gold_gain":0.0,"event_name":"Ghosts","player_choice":"Ignored","floor":22.0,"gold_loss":0.0,"damage_taken":0.0}],"is_beta":false,"boss_relics":[{"not_picked":["Ectoplasm","Cursed Key"],"picked":"Black Star"}],"items_purged_floors":[4,21],"is_endless":false,"potions_floor_spawned":[3,7,14],"killed_by":"Gremlin Leader","ascension_level":20}}