{"host":"vlqej45p0v31lhdi","time":1612591744,"event":{"mods":["AchievementEnabler","BaseMod","Bestiary","Colored Powertips","Minty Spire (QoL Compilation)","Relic Sorter","Relic Stats"],"gold_per_floor":[109,284,134,134,153,193,206,206,253,286,298,328,340,383,395,537,549,582,594,134,234,279,279,46,86,86,86,106,106],"floor_reached":28,"language":"ENG","playtime":1171,"items_purged":["Doubt","Strike_B"],"score":323,"play_id":"46f43cd9-d1d7-4b10-8316-1694f8c1a066","local_time":"20210206000904","is_ascension_mode":true,"campfire_choices":[{"data":"Static Discharge","floor":8,"key":"SMITH"},{"data":"Cold Snap","floor":11,"key":"SMITH"},{"data":"Blizzard","floor":15,"key":"SMITH"},{"floor":23,"key":"REST"},{"data":"Self Repair","floor":27,"key":"SMITH"}],"circlet_count":0,"master_deck":["Strike_B","Strike_B","Defend_B","Defend_B","Defend_B","Defend_B","Zap","Dualcast","Cold Snap","Static Discharge+1","Cold Snap+1","Undo","Glacier","Sweeping Beam","Blizzard+1","Buffer","Recycle+1","HandOfGreed","Coolheaded","Genetic Algorithm+1","Self Repair+1","Leap"],"relics":["Cracked Core","NeowsBlessing","Golden Idol","Akabeko","MawBank","DataDisk","Philosopher\u0027s Stone","Runic Capacitor","Medical Kit","Happy Flower","Question Card"],"acts_visited":["Exordium","TheCity"],"potions_floor_usage":[18,28],"damage_taken":[{"damage":0,"enemies":"Small Slimes","floor":1,"turns":1},{"damage":0,"enemies":"Jaw Worm","floor":5,"turns":1},{"damage":0,"enemies":"3 Sentries","floor":6,"turns":1},{"damage":6,"enemies":"2 Louse","floor":7,"turns":2},{"damage":1,"enemies":"Exordium Wildlife","floor":10,"turns":2},{"damage":15,"enemies":"Exordium Thugs","floor":12,"turns":4},{"damage":15,"enemies":"Lagavulin","floor":14,"turns":9},{"damage":29,"enemies":"The Guardian","floor":16,"turns":15},{"damage":33,"enemies":"3 Byrds","floor":18,"turns":4},{"damage":20,"enemies":"2 Thieves","floor":22,"turns":3},{"damage":26,"enemies":"Book of Stabbing","floor":25,"turns":6},{"damage":26,"enemies":"Shelled Parasite and Fungi","floor":28,"turns":2}],"seed_played":"5632155181001532993","potions_obtained":[{"floor":1,"key":"Explosive Potion"},{"floor":10,"key":"FairyPotion"},{"floor":12,"key":"Ancient Potion"},{"floor":16,"key":"Swift Potion"},{"floor":25,"key":"Energy Potion"}],"is_trial":false,"path_per_floor":["M","?","$","?","M","E","M","R","T","M","R","M","?","E","R","B",null,"M","?","$","?","M","R","$","E","T","R","M"],"character_chosen":"DEFECT","items_purchased":["Static Discharge","Runic Capacitor","HandOfGreed","Coolheaded","Medical Kit","Self Repair"],"campfire_rested":1,"item_purchase_floors":[3,20,20,20,24,24],"current_hp_per_floor":[75,75,75,69,69,69,63,63,63,62,62,47,40,25,25,19,69,36,36,36,36,16,36,36,17,17,17,0,0],"gold":106,"neow_bonus":"THREE_ENEMY_KILL","is_daily":false,"chose_seed":false,"campfire_upgraded":4,"win_rate":0.0,"timestamp":1612591744,"path_taken":["M","?","$","?","?","E","M","R","T","M","R","M","?","E","R","BOSS","M","?","$","?","M","R","$","E","T","R","?"],"items_purchased_type":["Card","Relic","Card","Card","Relic","Card"],"build_version":"2020-12-22","purchased_purges":2,"victory":false,"max_hp_per_floor":[75,75,75,69,69,69,69,69,69,69,69,69,69,69,69,69,69,69,69,69,69,69,69,69,69,69,69,69,69],"relic_stats":{"Happy Flower":[0],"counters":[12,50],"Golden Idol":72,"MawBank":132,"Medical Kit":[2],"Question Card":0,"obtain_stats":[{"DataDisk":14,"NeowsBlessing":0,"Happy Flower":25,"Golden Idol":4,"Philosopher\u0027s Stone":17,"Runic Capacitor":20,"Cracked Core":0,"MawBank":9,"Medical Kit":24,"Question Card":26,"Akabeko":6},{"DataDisk":7,"NeowsBlessing":0,"Happy Flower":11,"Golden Idol":1,"Philosopher\u0027s Stone":8,"Runic Capacitor":9,"Cracked Core":0,"MawBank":4,"Medical Kit":10,"Question Card":11,"Akabeko":3},{"DataDisk":20,"NeowsBlessing":0,"Happy Flower":48,"Golden Idol":1,"Philosopher\u0027s Stone":35,"Runic Capacitor":39,"Cracked Core":0,"MawBank":5,"Medical Kit":42,"Question Card":48,"Akabeko":3}]},"card_choices":[{"not_picked":["Conserve Battery","Redo"],"picked":"Cold Snap","floor":1},{"not_picked":["Auto Shields","Streamline","Conserve Battery"],"picked":"SKIP","floor":5},{"not_picked":["Streamline","Gash"],"picked":"Cold Snap","floor":6},{"not_picked":["Chaos","Gash"],"picked":"Undo","floor":7},{"not_picked":["Consume","Heatsinks"],"picked":"Glacier","floor":10},{"not_picked":["Conserve Battery","Amplify"],"picked":"Sweeping Beam","floor":12},{"not_picked":["Cold Snap","Streamline"],"picked":"Blizzard","floor":14},{"not_picked":["Multi-Cast","Rainbow"],"picked":"Buffer","floor":16},{"not_picked":["Streamline","Tempest"],"picked":"Recycle+1","floor":18},{"not_picked":["Darkness","Rebound"],"picked":"Genetic Algorithm+1","floor":22},{"not_picked":["Cold Snap","Stack"],"picked":"Leap","floor":25}],"player_experience":2375881,"relics_obtained":[{"floor":6,"key":"Akabeko"},{"floor":9,"key":"MawBank"},{"floor":14,"key":"DataDisk"},{"floor":25,"key":"Happy Flower"},{"floor":26,"key":"Question Card"}],"event_choices":[{"damage_healed":0,"gold_gain":175,"player_choice":"AGREE","damage_taken":0,"max_hp_gain":0,"max_hp_loss":0,"event_name":"Liars Game","floor":2,"gold_loss":0,"cards_obtained":["Doubt"]},{"damage_healed":0,"gold_gain":0,"player_choice":"Lose Max HP","damage_taken":0,"relics_obtained":["Golden Idol"],"max_hp_gain":0,"max_hp_loss":6,"event_name":"Golden Idol","floor":4,"gold_loss":0},{"cards_removed":["Strike_B"],"damage_healed":0,"gold_gain":0,"player_choice":"Card Removal","damage_taken":7,"max_hp_gain":0,"max_hp_loss":0,"event_name":"Golden Wing","floor":13,"gold_loss":0},{"damage_healed":0,"gold_gain":0,"player_choice":"Ignored","damage_taken":0,"max_hp_gain":0,"max_hp_loss":0,"event_name":"Vampires","floor":19,"gold_loss":0},{"damage_healed":0,"gold_gain":100,"player_choice":"Pray","damage_taken":0,"max_hp_gain":0,"max_hp_loss":0,"event_name":"Golden Shrine","floor":21,"gold_loss":0}],"is_beta":false,"boss_relics":[{"not_picked":["Fusion Hammer","Black Star"],"picked":"Philosopher\u0027s Stone"}],"items_purged_floors":[3,20],"is_endless":false,"potions_floor_spawned":[1,10,12,16,25],"killed_by":"Shelled Parasite and Fungi","ascension_level":4}}