{"host":"2mxajwyidsax8sss","time":1612640978,"event":{"mods":["100% Spire Juice","2.2 Compatiblity","Act Like it!","Arknights","Aspiration","Bartender","BaseMod","Better Match","Better Note","Better Sensory Stone","Better Vampires","BetterRewards","Block Reminder","CapriCore","ChefMod","Chen","Colored Powertips","Conspire","Decade(???)","Defuse TimeMaze Blight","Downfall","Energized Spire","Friendly Minions","Gensokyo","Googly Eyes","GungeonMod","Hallownest","Hermit","HololiveMod","Hubris","Humility","Jorbs\u0027s Wanderer Trilogy","Koishi","Luminous","Marked Mod","Minty Spire (QoL Compilation)","Nova Terra(??·??)","Pale of the Ancients","Permanent Neow","Prisma Mod","Quick Restart","Random Character Button","Reimu??????","Relic Filter","Relic Stats","Reliquary","Remilia??????","Replay The Spire","SIMod","SOS???????","StSLib","The Animator","The Bug Knight","The Death Knight","The Dragon Tamer","The Immortal","The Kombatant","Wandering Minibosses"],"gold_per_floor":[210,210,238,37,37,37,37,37,37],"floor_reached":8,"language":"ENG","playtime":602,"items_purged":[],"score":42,"play_id":"546e1691-45cc-4c4d-b56e-7c65146fb31b","local_time":"20210206204938","is_ascension_mode":false,"campfire_choices":[{"data":"Luminous:Switch_Luminous","floor":7,"key":"SMITH"}],"circlet_count":0,"master_deck":["Luminous:Light_Flash_Shower","Luminous:Light_Flash_Shower","Luminous:Light_Flash_Shower","Luminous:Dark_Abyssal_Drop","Luminous:Dark_Abyssal_Drop","Luminous:Dark_Abyssal_Drop","Luminous:Defend_Luminous","Luminous:Defend_Luminous","Luminous:Defend_Luminous","Luminous:Defend_Luminous","Luminous:Switch_Luminous+1","PrismaMod:IllyaUncommonDefend","Luminous:Sympathy_Luminous","Luminous:Dark_Pressure_Void","hubris:NaturalOne"],"relics":["Luminous:MirrorRelic","hubris:GlazedTorus","aspiration:Lifesprig","Golden Idol","hubris:Icosahedron"],"acts_visited":["Exordium"],"potions_floor_usage":[],"damage_taken":[{"damage":14,"enemies":"Jaw Worm","floor":1,"turns":4},{"damage":12,"enemies":"conspire:MimicChest","floor":3,"turns":7},{"damage":33,"enemies":"Lagavulin","floor":8,"turns":6}],"seed_played":"6788531943693896634","potions_obtained":[{"floor":3,"key":"Energy Potion"}],"is_trial":false,"path_per_floor":["M","?","?","$","?","?","R","E"],"character_chosen":"LuminousClass","items_purchased":["aspiration:Lifesprig","Luminous:Dark_Pressure_Void"],"campfire_rested":0,"item_purchase_floors":[4,4],"current_hp_per_floor":[61,61,49,49,31,31,31,0,0],"gold":37,"neow_bonus":"HUNDRED_GOLD","is_daily":false,"chose_seed":false,"campfire_upgraded":1,"win_rate":0.0,"timestamp":1612640978,"path_taken":["M","?","?","$","?","?","R","E"],"items_purchased_type":["Relic","Card"],"build_version":"2020-12-22","purchased_purges":0,"victory":false,"max_hp_per_floor":[75,75,75,75,75,75,75,75,75],"relic_stats":{"counters":[3,17],"Golden Idol":0,"obtain_stats":[{"aspiration:Lifesprig":4,"hubris:Icosahedron":6,"Golden Idol":5,"DemoMod:GlassGuonStoneRelic":3,"Luminous:MirrorRelic":0,"hubris:GlazedTorus":3},{"aspiration:Lifesprig":2,"hubris:Icosahedron":2,"Golden Idol":2,"DemoMod:GlassGuonStoneRelic":2,"Luminous:MirrorRelic":0,"hubris:GlazedTorus":2},{"aspiration:Lifesprig":11,"hubris:Icosahedron":11,"Golden Idol":11,"DemoMod:GlassGuonStoneRelic":11,"Luminous:MirrorRelic":0,"hubris:GlazedTorus":11}]},"card_choices":[{"not_picked":["Luminous:Dark_Dim_Erosion","Luminous:Dark_Moonlight_Spear","Luminous:Darks_Surge_Luminous"],"picked":"SKIP","floor":1},{"not_picked":["Luminous:Dark_Dim_Erosion","Luminous:Reverse_Spell_Luminous"],"picked":"Luminous:Sympathy_Luminous","floor":3}],"player_experience":1027607,"relics_obtained":[{"floor":3,"key":"hubris:GlazedTorus"}],"event_choices":[{"damage_healed":0,"gold_gain":1,"player_choice":"4","damage_taken":0,"max_hp_gain":0,"max_hp_loss":0,"event_name":"betterStone:BetterStone","floor":2,"gold_loss":0,"cards_obtained":["PrismaMod:IllyaUncommonDefend"]},{"damage_healed":0,"gold_gain":0,"player_choice":"Take Damage","damage_taken":18,"relics_obtained":["Golden Idol"],"max_hp_gain":0,"max_hp_loss":0,"event_name":"Golden Idol","floor":5,"gold_loss":0}],"is_beta":false,"boss_relics":[],"items_purged_floors":[],"is_endless":false,"potions_floor_spawned":[3],"killed_by":"Lagavulin","ascension_level":0,"is_humility":true}}