{"host":"d8hh7rr4yzitjeuj","time":1612631425,"event":{"mods":["100% Spire Juice","2.2 Compatiblity","AchievementEnabler","Act Like it!","BaseMod","Colored Map","Colored Powertips","Highlight Path","Keyboard Shortcuts","Marisa£¨Ùöéë¡¡Øª×âÞÞ£©","Minty Spire (QoL Compilation)","Permanent Neow","Quick Restart","StSLib","SuperFastMode"],"gold_per_floor":[113,130,20,38,48,48,66,79,129,129,154,47,47,65,65,170,50,64,76,76,96,96,96],"floor_reached":22,"language":"KOR","playtime":898,"items_purged":[],"score":219,"play_id":"b5bc2cbe-8843-4b44-9790-4d93ed1a6a4f","local_time":"20210207021025","is_ascension_mode":false,"campfire_choices":[{"data":"Moonworks:Flamethrower","floor":6,"key":"SMITH"},{"data":"Moonworks:Ambush","floor":10,"key":"SMITH"},{"data":"Moonworks:BigBangBell","floor":13,"key":"SMITH"},{"floor":15,"key":"REST"}],"circlet_count":0,"master_deck":["Moonworks:Strike+1","Moonworks:Strike+1","Moonworks:Strike+1","Moonworks:Strike+1","Moonworks:Defend+1","Moonworks:Defend+1","Moonworks:Defend+1","Moonworks:Defend+1","Moonworks:Ambush+1","Moonworks:LongDistanceShot","Moonworks:IntelligenceOfficer","Moonworks:EvilSpyWorkPreparation","Moonworks:SakisCookie","Moonworks:Flamethrower+1","Moonworks:DeployBits","Moonworks:NicePresent","Moonworks:ForcedRevival","Moonworks:BigBangBell+1","Moonworks:Flamethrower","Moonworks:SealedMemories","Moonworks:Gamble","Moonworks:DevilHand+1","Moonworks:LulusLuckyEgg+1"],"relics":["Moonworks:BrokenBomb","Moonworks:Homemark","NeowsBlessing","Juzu Bracelet","Tiny Chest","Philosopher\u0027s Stone"],"acts_visited":["Exordium","TheCity"],"potions_floor_usage":[12],"damage_taken":[{"damage":0.0,"enemies":"Cultist","floor":1.0,"turns":1.0},{"damage":0.0,"enemies":"Small Slimes","floor":2.0,"turns":1.0},{"damage":0.0,"enemies":"Jaw Worm","floor":3.0,"turns":1.0},{"damage":8.0,"enemies":"3 Louse","floor":4.0,"turns":5.0},{"damage":4,"enemies":"Looter","floor":5,"turns":2},{"damage":0,"enemies":"Large Slime","floor":7,"turns":3},{"damage":9,"enemies":"2 Fungi Beasts","floor":8,"turns":3},{"damage":6,"enemies":"Lagavulin","floor":11,"turns":4},{"damage":10,"enemies":"Exordium Thugs","floor":12,"turns":3},{"damage":4,"enemies":"Exordium Wildlife","floor":14,"turns":2},{"damage":42,"enemies":"The Guardian","floor":16,"turns":12},{"damage":3,"enemies":"Shell Parasite","floor":18,"turns":2},{"damage":18,"enemies":"3 Byrds","floor":19,"turns":3},{"damage":0,"enemies":"Snake Plant","floor":21,"turns":1},{"damage":999,"enemies":"Cultist and Chosen","floor":22,"turns":1}],"seed_played":"-7184182975728810125","potions_obtained":[{"floor":1.0,"key":"BlessingOfTheForge"},{"floor":3.0,"key":"Strength Potion"},{"floor":5,"key":"SpeedPotion"},{"floor":7,"key":"PowerPotion"},{"floor":14,"key":"LiquidBronze"}],"is_trial":false,"path_per_floor":["M","M","M","M","M","R","M","M","T","R","E","M","R","M","R","B",null,"M","M","?","M","M"],"character_chosen":"THE_STARBREAKER","items_purchased":[],"campfire_rested":1,"item_purchase_floors":[],"current_hp_per_floor":[60,60,60,52,48,48,50,41,41,41,35,30,30,26,44,7,60,57,44,44,44,0,0],"gold":96,"neow_bonus":"THREE_ENEMY_KILL","is_daily":false,"chose_seed":false,"campfire_upgraded":3,"win_rate":0.0,"timestamp":1612631425,"path_taken":["M","M","M","M","M","R","M","M","T","R","E","M","R","M","R","BOSS","M","M","?","M","M"],"items_purchased_type":[],"build_version":"2020-12-22","purchased_purges":0,"victory":false,"max_hp_per_floor":[60,60,60,60,60,60,60,60,60,60,60,60,60,60,60,60,60,60,60,60,60,60,60],"card_choices":[{"not_picked":["Moonworks:StiffCrystal","Moonworks:CompletionReward"],"picked":"Moonworks:IntelligenceOfficer","floor":1.0},{"not_picked":["Moonworks:SelfDestruct","Moonworks:LuckyCharm"],"picked":"Moonworks:EvilSpyWorkPreparation","floor":2.0},{"not_picked":["Moonworks:Bloodlust","Moonworks:EvilSpyWorkPreparation"],"picked":"Moonworks:SakisCookie","floor":3.0},{"not_picked":["Moonworks:BeyondHell","Moonworks:Dash"],"picked":"Moonworks:Flamethrower","floor":4.0},{"not_picked":["Moonworks:LulusLuckyEgg","Moonworks:FullSpeedAlicianrone"],"picked":"Moonworks:DeployBits","floor":5},{"not_picked":["Moonworks:Assault","Moonworks:DeployBits"],"picked":"Moonworks:NicePresent","floor":7},{"not_picked":["Moonworks:Dinner","Moonworks:ImOnFire"],"picked":"Moonworks:ForcedRevival","floor":8},{"not_picked":["Moonworks:AwakeningOfTalent","Moonworks:CastOff"],"picked":"Moonworks:BigBangBell","floor":11},{"not_picked":["Moonworks:ImOnFire","Moonworks:NicePresent"],"picked":"Moonworks:Flamethrower","floor":12},{"not_picked":["Moonworks:Dinner","Moonworks:IndiscriminateFireSupport"],"picked":"Moonworks:SealedMemories","floor":14},{"not_picked":["Moonworks:WeAreWaruda","Moonworks:EvilMastermind"],"picked":"Moonworks:Gamble","floor":16},{"not_picked":["Moonworks:ImOnFire","Moonworks:CloudOfSeagulls"],"picked":"Moonworks:DevilHand+1","floor":18},{"not_picked":["Moonworks:LuckyCharm","Moonworks:Accelerator"],"picked":"Moonworks:LulusLuckyEgg+1","floor":19},{"not_picked":["Moonworks:CloudOfSeagulls+1","Moonworks:LulusLuckyEgg","Moonworks:Assault"],"picked":"SKIP","floor":21}],"player_experience":1518661,"relics_obtained":[{"floor":9,"key":"Juzu Bracelet"},{"floor":11,"key":"Tiny Chest"}],"event_choices":[{"damage_healed":0,"gold_gain":0,"player_choice":"Simplicity","damage_taken":0,"max_hp_gain":0,"max_hp_loss":0,"event_name":"Back to Basics","floor":20,"gold_loss":0,"cards_upgraded":["Moonworks:Strike","Moonworks:Strike","Moonworks:Strike","Moonworks:Strike","Moonworks:Defend","Moonworks:Defend","Moonworks:Defend","Moonworks:Defend"]}],"is_beta":false,"boss_relics":[{"not_picked":["Empty Cage","Black Star"],"picked":"Philosopher\u0027s Stone"}],"items_purged_floors":[],"is_endless":false,"potions_floor_spawned":[1,3,5,7,14,16,18,21],"killed_by":"Cultist and Chosen","ascension_level":0}}