{"host":"prxrhpgaxnj4om9r","time":1612621642,"event":{"mods":["AchievementEnabler","BaseMod","DeckTracker","Keyboard Shortcuts","Minty Spire (QoL Compilation)"],"gold_per_floor":[114,129,204,54,69,99,114,144,194,194,194,194,209,224,224,324,324,339,354,178,178,208,238,238,38,38,53,68,83,113,128,128,228,228,243,258,258,258,8,8,8,23,23,53,8,23,53,68,68,68,68],"floor_reached":50,"language":"KOR","playtime":3901,"items_purged":[],"score":674,"play_id":"4e2f6235-2116-42b8-802b-dced3985d690","local_time":"20210206232722","daily_mods":["Draft","Diverse","DeadlyEvents"],"is_ascension_mode":false,"campfire_choices":[{"floor":10,"key":"REST"},{"data":"Infernal Blade","floor":12,"key":"SMITH"},{"data":"Body Slam","floor":15,"key":"SMITH"},{"floor":24,"key":"REST"},{"data":"Backflip","floor":32,"key":"SMITH"},{"data":"Armaments","floor":40,"key":"SMITH"},{"floor":49,"key":"REST"}],"circlet_count":0,"master_deck":["Armaments+1","Escape Plan","Body Slam+1","Prepared","Auto Shields","Clash","Cloak And Dagger","TalkToTheHand","Pommel Strike","Deadly Poison","Intimidate","Deadly Poison","Stack","Flex","Bane","Go for the Eyes","Shrug It Off","Infernal Blade+1","Evaluate","Acrobatics","Carnage","Escape Plan","Poisoned Stab","Die Die Die","ClearTheMind+1","Cloak And Dagger","Consecrate","Cold Snap","InnerPeace","Flame Barrier","Sunder","Backflip+1","Poisoned Stab","Footwork+1","Envenom+1","Madness+1","Madness+1","WreathOfFlame+1","Prepared+1","Deadly Poison+1","Slice","Pray+1","ForeignInfluence+1"],"relics":["Ring of the Snake","TwistedFunnel","Frozen Egg 2","Ancient Tea Set","Dream Catcher","Busted Crown","Snake Skull","Mercury Hourglass","Centennial Puzzle","Lee\u0027s Waffle","Vajra","Toxic Egg 2","WristBlade","Sundial","Pen Nib","PreservedInsect","Tough Bandages","MealTicket"],"acts_visited":["Exordium","TheCity","TheBeyond"],"potions_floor_usage":[8,14,23,23,30,31,33,33,33,35,46,47,50,50],"damage_taken":[{"damage":0,"enemies":"Small Slimes","floor":1,"turns":2},{"damage":0,"enemies":"2 Louse","floor":2,"turns":2},{"damage":0,"enemies":"Cultist","floor":5,"turns":3},{"damage":0,"enemies":"Gremlin Nob","floor":6,"turns":3},{"damage":7,"enemies":"Red Slaver","floor":7,"turns":4},{"damage":19,"enemies":"Lagavulin","floor":8,"turns":4},{"damage":0,"enemies":"Looter","floor":13,"turns":1},{"damage":0,"enemies":"3 Louse","floor":14,"turns":1},{"damage":20,"enemies":"The Guardian","floor":16,"turns":8},{"damage":10,"enemies":"Spheric Guardian","floor":18,"turns":4},{"damage":0,"enemies":"Chosen","floor":19,"turns":2},{"damage":15,"enemies":"Book of Stabbing","floor":22,"turns":5},{"damage":24,"enemies":"Slavers","floor":23,"turns":3},{"damage":9,"enemies":"Shelled Parasite and Fungi","floor":27,"turns":3},{"damage":0,"enemies":"Chosen and Byrds","floor":28,"turns":3},{"damage":0,"enemies":"Cultist and Chosen","floor":29,"turns":4},{"damage":0,"enemies":"Gremlin Leader","floor":30,"turns":4},{"damage":0,"enemies":"Snake Plant","floor":31,"turns":2},{"damage":34,"enemies":"Automaton","floor":33,"turns":7},{"damage":11,"enemies":"3 Darklings","floor":35,"turns":3},{"damage":0,"enemies":"Orb Walker","floor":36,"turns":3},{"damage":12,"enemies":"3 Darklings","floor":42,"turns":2},{"damage":0,"enemies":"Reptomancer","floor":44,"turns":3},{"damage":11,"enemies":"Spire Growth","floor":46,"turns":3},{"damage":11,"enemies":"Giant Head","floor":47,"turns":5},{"damage":3,"enemies":"Maw","floor":48,"turns":4},{"damage":57,"enemies":"Awakened One","floor":50,"turns":9}],"seed_played":"5285009320175426936","potions_obtained":[{"floor":2,"key":"Explosive Potion"},{"floor":5,"key":"CunningPotion"},{"floor":7,"key":"ColorlessPotion"},{"floor":14,"key":"LiquidBronze"},{"floor":22,"key":"ColorlessPotion"},{"floor":28,"key":"EntropicBrew"},{"floor":30,"key":"FearPotion"},{"floor":33,"key":"ColorlessPotion"},{"floor":35,"key":"CunningPotion"},{"floor":47,"key":"Block Potion"}],"is_trial":false,"path_per_floor":["M","M","?","$","M","E","M","E","T","R","?","R","M","M","R","B",null,"M","M","$","?","E","E","R","$","T","M","M","M","E","M","R","B",null,"M","M","?","?","$","R","T","M","T","E","$","M","E","M","R","B"],"character_chosen":"THE_SILENT","items_purchased":["TwistedFunnel","Snake Skull","Consecrate","Lee\u0027s Waffle","Swift Potion","Sundial","Deadly Poison+1"],"campfire_rested":3,"item_purchase_floors":[4,20,20,25,25,39,45],"current_hp_per_floor":[70,70,59,59,59,59,52,33,33,54,59,59,59,59,59,39,75,65,65,65,65,50,26,48,82,82,73,73,73,73,73,73,39,82,71,71,61,61,61,61,61,49,49,49,49,38,27,24,48,0,0],"gold":68,"neow_bonus":"","is_daily":true,"chose_seed":false,"campfire_upgraded":4,"win_rate":0.0,"timestamp":1612621642,"path_taken":["M","M","?","$","M","E","M","E","T","R","?","R","M","?","R","BOSS","M","M","$","?","?","E","R","?","T","M","?","M","?","M","R","BOSS","M","M","?","?","$","R","?","M","T","?","?","M","?","M","R","BOSS"],"items_purchased_type":["Relic","Relic","Card","Relic","Potion","Relic","Card"],"build_version":"2020-12-22","purchased_purges":0,"victory":false,"max_hp_per_floor":[70,70,70,70,70,70,70,70,70,70,75,75,75,75,75,75,75,75,75,75,75,75,75,75,82,82,82,82,82,82,82,82,82,82,82,82,82,82,82,82,82,82,82,82,82,82,82,82,82,82,82],"card_choices":[{"not_picked":["Havoc","Rupture"],"picked":"Lockon","floor":0},{"not_picked":["Clothesline","Iron Wave"],"picked":"Armaments","floor":0},{"not_picked":["PathToVictory","Hello World"],"picked":"Escape Plan","floor":0},{"not_picked":["Cloak And Dagger","Perseverance"],"picked":"Body Slam","floor":0},{"not_picked":["Clothesline","Force Field"],"picked":"Prepared","floor":0},{"not_picked":["Gash","Headbutt"],"picked":"Auto Shields","floor":0},{"not_picked":["Skewer","Blizzard"],"picked":"Clash","floor":0},{"not_picked":["Warcry","FollowUp"],"picked":"Cloak And Dagger","floor":0},{"not_picked":["Beam Cell","Cold Snap"],"picked":"TalkToTheHand","floor":0},{"not_picked":["Compile Driver","Entrench"],"picked":"Pommel Strike","floor":0},{"not_picked":["Sweeping Beam","Clash"],"picked":"Deadly Poison","floor":0},{"not_picked":["Quick Slash","Rip and Tear"],"picked":"Intimidate","floor":0},{"not_picked":["Rupture","EmptyBody"],"picked":"Deadly Poison","floor":0},{"not_picked":["EmptyFist","WreathOfFlame"],"picked":"Stack","floor":0},{"not_picked":["Wild Strike","Underhanded Strike"],"picked":"Flex","floor":0},{"not_picked":["Perfected Strike","SashWhip"],"picked":"Bane","floor":1},{"not_picked":["Headbutt","Havoc"],"picked":"Go for the Eyes","floor":2},{"not_picked":["Adaptation","Clash"],"picked":"Shrug It Off","floor":5},{"not_picked":["Ball Lightning","Crescendo"],"picked":"Infernal Blade","floor":6},{"not_picked":["Conserve Battery","Omniscience"],"picked":"Evaluate","floor":7},{"not_picked":["ThirdEye","Go for the Eyes"],"picked":"Acrobatics","floor":8},{"not_picked":["Conserve Battery","Heavy Blade"],"picked":"Carnage","floor":10},{"not_picked":["Underhanded Strike","Crescendo"],"picked":"Escape Plan","floor":13},{"not_picked":["MasterReality+1","Go for the Eyes"],"picked":"Poisoned Stab","floor":14},{"not_picked":["Limit Break","Blasphemy"],"picked":"Die Die Die","floor":16},{"not_picked":[],"picked":"ClearTheMind+1","floor":18},{"not_picked":[],"picked":"Cloak And Dagger","floor":19},{"not_picked":[],"picked":"InnerPeace","floor":22},{"not_picked":[],"picked":"Flame Barrier","floor":23},{"not_picked":[],"picked":"Sunder","floor":27},{"not_picked":["WreathOfFlame"],"picked":"SKIP","floor":28},{"not_picked":[],"picked":"Backflip","floor":29},{"not_picked":[],"picked":"Poisoned Stab","floor":30},{"not_picked":[],"picked":"Footwork+1","floor":31},{"not_picked":[],"picked":"Envenom+1","floor":33},{"not_picked":["Dagger Throw"],"picked":"SKIP","floor":35},{"not_picked":["Clothesline"],"picked":"SKIP","floor":36},{"not_picked":[],"picked":"WreathOfFlame+1","floor":42},{"not_picked":[],"picked":"Prepared+1","floor":44},{"not_picked":[],"picked":"Slice","floor":46},{"not_picked":["EmptyFist"],"picked":"SKIP","floor":47},{"not_picked":[],"picked":"Pray+1","floor":48},{"not_picked":[],"picked":"ForeignInfluence+1","floor":49}],"player_experience":284723,"relics_obtained":[{"floor":6,"key":"Frozen Egg 2"},{"floor":8,"key":"Ancient Tea Set"},{"floor":9,"key":"Dream Catcher"},{"floor":22,"key":"Mercury Hourglass"},{"floor":23,"key":"Centennial Puzzle"},{"floor":26,"key":"Vajra"},{"floor":30,"key":"Toxic Egg 2"},{"floor":41,"key":"Pen Nib"},{"floor":43,"key":"PreservedInsect"},{"floor":44,"key":"Tough Bandages"},{"floor":47,"key":"MealTicket"}],"event_choices":[{"damage_healed":0,"gold_gain":75,"player_choice":"Gather Gold","damage_taken":11,"max_hp_gain":0,"max_hp_loss":0,"event_name":"World of Goop","floor":3,"gold_loss":0},{"damage_healed":0,"gold_gain":0,"player_choice":"Donut","damage_taken":0,"max_hp_gain":5,"max_hp_loss":0,"event_name":"Big Fish","floor":11,"gold_loss":0},{"damage_healed":0,"gold_gain":0,"cards_transformed":["Lockon"],"player_choice":"Transformed","damage_taken":0,"max_hp_gain":0,"max_hp_loss":0,"event_name":"Transmorgrifier","floor":21,"gold_loss":0,"cards_obtained":["Cold Snap"]},{"damage_healed":0,"gold_gain":0,"player_choice":"Embrace Madness","damage_taken":10,"max_hp_gain":0,"max_hp_loss":0,"event_name":"Winding Halls","floor":37,"gold_loss":0,"cards_obtained":["Madness","Madness"]},{"damage_healed":0,"gold_gain":0,"player_choice":"Ignored","damage_taken":0,"max_hp_gain":0,"max_hp_loss":0,"event_name":"Tomb of Lord Red Mask","floor":38,"gold_loss":0}],"is_beta":false,"boss_relics":[{"not_picked":["Astrolabe","Sozu"],"picked":"Busted Crown"},{"not_picked":["Fusion Hammer","Empty Cage"],"picked":"WristBlade"}],"items_purged_floors":[],"is_endless":false,"potions_floor_spawned":[2,5,7,14,22,28,30,33,35,44,47],"killed_by":"Awakened One","ascension_level":0}}