{"host":"c44ey07ufggfw2m8","time":1612592212,"event":{"mods":["2.2 Compatiblity","BaseMod","Colored Map","DeckTracker","Highlight Path","Keyboard Shortcuts","Minty Spire (QoL Compilation)","Permanent Neow","Quick Restart","StSLib","SuperFastMode","UnlockEverythingMod"],"gold_per_floor":[111,111,142,229,251,263,310,322,357,369,369],"floor_reached":10,"language":"KOR","playtime":191,"items_purged":[],"score":102,"play_id":"ba2ac211-5a43-46d1-b9c7-66c8fa8b147c","local_time":"20210206151652","is_ascension_mode":true,"campfire_choices":[{"data":"Bouncing Flask","floor":6,"key":"SMITH"}],"circlet_count":0,"master_deck":["AscendersBane","Strike_G","Strike_G","Strike_G","Strike_G","Strike_G","Defend_G","Defend_G","Defend_G","Defend_G","Defend_G","Survivor","Neutralize","Backstab","PiercingWail","Bouncing Flask+1","Underhanded Strike"],"relics":["Ring of the Snake","Unceasing Top","MawBank","Blood Vial","Snake Skull"],"acts_visited":["Exordium"],"potions_floor_usage":[7],"damage_taken":[{"damage":17.0,"enemies":"Jaw Worm","floor":1.0,"turns":9.0},{"damage":0.0,"enemies":"Small Slimes","floor":3.0,"turns":3.0},{"damage":0,"enemies":"2 Louse","floor":5,"turns":2},{"damage":26,"enemies":"Gremlin Nob","floor":7,"turns":4},{"damage":9,"enemies":"3 Sentries","floor":10,"turns":3}],"seed_played":"-244898197717924226","potions_obtained":[{"floor":5,"key":"GamblersBrew"},{"floor":7,"key":"FearPotion"}],"is_trial":false,"path_per_floor":["M","?","M","?","M","R","E","$","T","E"],"character_chosen":"THE_SILENT","items_purchased":[],"campfire_rested":0,"item_purchase_floors":[],"current_hp_per_floor":[46,43,43,32,32,32,6,6,6,0,0],"gold":369,"neow_bonus":"ONE_RARE_RELIC","is_daily":false,"chose_seed":false,"campfire_upgraded":1,"win_rate":0.0,"timestamp":1612592212,"path_taken":["M","?","M","?","M","R","E","$","T","E"],"items_purchased_type":[],"build_version":"2020-12-22","purchased_purges":0,"victory":false,"max_hp_per_floor":[63,63,63,63,63,63,63,63,63,63,63],"card_choices":[{"not_picked":["Quick Slash","Predator"],"picked":"Backstab","floor":1.0},{"not_picked":["Tactician","Heel Hook"],"picked":"PiercingWail","floor":3},{"not_picked":["Dagger Throw","Caltrops"],"picked":"Bouncing Flask","floor":5},{"not_picked":["Accuracy","Dagger Spray"],"picked":"Underhanded Strike","floor":7}],"player_experience":109633,"relics_obtained":[{"floor":7,"key":"Blood Vial"},{"floor":9,"key":"Snake Skull"}],"event_choices":[{"damage_healed":0.0,"max_hp_gain":0.0,"max_hp_loss":0.0,"gold_gain":0.0,"event_name":"Scrap Ooze","player_choice":"Success","floor":2.0,"gold_loss":0.0,"damage_taken":3.0,"relics_obtained":["MawBank"]},{"damage_healed":0,"gold_gain":75,"player_choice":"Gather Gold","damage_taken":11,"max_hp_gain":0,"max_hp_loss":0,"event_name":"World of Goop","floor":4,"gold_loss":0}],"is_beta":false,"boss_relics":[],"items_purged_floors":[],"is_endless":false,"potions_floor_spawned":[5,7],"killed_by":"3 Sentries","ascension_level":11}}