{"host":"q2xir22r6x5m07m3","time":1612641770,"event":{"mods":["BaseMod","Minty Spire (QoL Compilation)","Quick Restart","StSLib"],"gold_per_floor":[111,111,123,141,151,178,237,265,265,297,297,297,472,485,485,582,582,599,619,619,645,645,678,9,36,111,144,154,154,165,11,11,106,106,123,133,153,153,6,32,32,59,83,98,111,130,160,32,32,32],"floor_reached":51,"language":"ENG","playtime":2756,"items_purged":[],"score":1168,"play_id":"b9557e9d-15f4-47df-b539-8476ae51fa00","local_time":"20210206150250","is_ascension_mode":true,"campfire_choices":[{"floor":12,"key":"REST"},{"floor":15,"key":"REST"},{"data":"Accuracy","floor":29,"key":"SMITH"},{"data":"A Thousand Cuts","floor":32,"key":"SMITH"},{"data":"Infinite Blades","floor":41,"key":"SMITH"},{"data":"Die Die Die","floor":49,"key":"SMITH"}],"circlet_count":0,"master_deck":["Defend_G","Defend_G","Defend_G","Defend_G","Defend_G","Survivor","Neutralize","Blade Dance","Backflip","Dash","Adrenaline","Accuracy+1","Deflect","Deflect","Blur","Well Laid Plans","A Thousand Cuts+1","Quick Slash+1","Blade Dance+1","Bite","Bite+1","Bite","Bite+1","Bite","Finisher","Footwork","Infinite Blades+1","Escape Plan","Deflect","Poisoned Stab+1","Corpse Explosion","Backflip+1","Masterful Stab+1","Escape Plan+1","Die Die Die+1","Phantasmal Killer","Writhe","Noxious Fumes","Footwork+1","Cloak And Dagger+1","Slice","Caltrops","Good Instincts"],"relics":["Runic Dome","Happy Flower","Pear","Bottled Tornado","Mummified Hand","Dead Branch","WristBlade","Red Mask","Enchiridion","Strawberry","Unceasing Top","Bird Faced Urn","The Specimen","Mercury Hourglass","Du-Vu Doll","Whetstone","Cursed Key","Anchor","Bottled Flame","Ancient Tea Set","Toy Ornithopter","TungstenRod"],"acts_visited":["Exordium","TheCity","TheBeyond"],"potions_floor_usage":[7,8,14,16,16,21,25,33,42,45,50,50],"damage_taken":[{"damage":0,"enemies":"2 Louse","floor":1,"turns":3},{"damage":0,"enemies":"Cultist","floor":3,"turns":3},{"damage":4,"enemies":"Jaw Worm","floor":4,"turns":3},{"damage":0,"enemies":"Looter","floor":5,"turns":3},{"damage":26,"enemies":"Lagavulin","floor":6,"turns":6},{"damage":0,"enemies":"3 Sentries","floor":7,"turns":6},{"damage":12,"enemies":"Gremlin Nob","floor":8,"turns":3},{"damage":10,"enemies":"Lagavulin","floor":10,"turns":8},{"damage":0,"enemies":"2 Fungi Beasts","floor":14,"turns":3},{"damage":34,"enemies":"Hexaghost","floor":16,"turns":11},{"damage":3,"enemies":"3 Byrds","floor":18,"turns":3},{"damage":26,"enemies":"Chosen","floor":19,"turns":5},{"damage":6,"enemies":"Masked Bandits","floor":21,"turns":4},{"damage":5,"enemies":"Slavers","floor":23,"turns":3},{"damage":19,"enemies":"Gremlin Leader","floor":25,"turns":5},{"damage":21,"enemies":"Book of Stabbing","floor":27,"turns":4},{"damage":0,"enemies":"Sentry and Sphere","floor":28,"turns":3},{"damage":0,"enemies":"3 Cultists","floor":30,"turns":1},{"damage":0,"enemies":"Automaton","floor":33,"turns":6},{"damage":0,"enemies":"Orb Walker","floor":35,"turns":3},{"damage":0,"enemies":"3 Darklings","floor":36,"turns":2},{"damage":7,"enemies":"4 Shapes","floor":37,"turns":2},{"damage":0,"enemies":"Reptomancer","floor":40,"turns":3},{"damage":0,"enemies":"Giant Head","floor":42,"turns":5},{"damage":0,"enemies":"Transient","floor":44,"turns":5},{"damage":0,"enemies":"3 Darklings","floor":45,"turns":3},{"damage":0,"enemies":"Jaw Worm Horde","floor":46,"turns":3},{"damage":15,"enemies":"Nemesis","floor":47,"turns":3},{"damage":14,"enemies":"Donu and Deca","floor":50,"turns":4}],"seed_played":"5266515677816439726","potions_obtained":[{"floor":3,"key":"SneckoOil"},{"floor":6,"key":"DuplicationPotion"},{"floor":7,"key":"AttackPotion"},{"floor":8,"key":"Weak Potion"},{"floor":10,"key":"SkillPotion"},{"floor":19,"key":"EssenceOfSteel"},{"floor":23,"key":"Weak Potion"},{"floor":28,"key":"Poison Potion"},{"floor":30,"key":"Dexterity Potion"},{"floor":36,"key":"FairyPotion"},{"floor":37,"key":"ColorlessPotion"},{"floor":44,"key":"Swift Potion"},{"floor":45,"key":"SteroidPotion"},{"floor":46,"key":"Explosive Potion"}],"is_trial":false,"path_per_floor":["M","?","M","M","M","E","?","E","T","E","?","R","?","M","R","B",null,"M","M","?","?","?","E","$","E","T","E","M","R","M","$","R","B",null,"M","M","M","?","$","E","R","E","T","M","M","M","E","$","R","B",null],"character_chosen":"THE_SILENT","items_purchased":["Unceasing Top","Bird Faced Urn","Footwork","Whetstone","Anchor","Caltrops","Good Instincts"],"campfire_rested":2,"item_purchase_floors":[24,24,24,31,39,48,48],"current_hp_per_floor":[70,70,70,66,66,40,50,38,38,28,12,36,36,36,60,26,80,77,51,51,50,34,40,40,43,43,44,56,56,63,63,63,63,63,63,63,56,56,56,63,63,63,63,63,63,63,52,52,52,63],"gold":32,"neow_bonus":"BOSS_RELIC","is_daily":false,"chose_seed":false,"campfire_upgraded":4,"win_rate":0.0,"timestamp":1612641770,"path_taken":["M","?","M","?","M","E","?","E","T","E","?","R","?","M","R","BOSS","M","M","?","?","?","E","?","E","T","E","M","R","?","?","R","BOSS","M","M","M","?","$","E","R","E","T","M","M","?","E","?","R","BOSS"],"items_purchased_type":["Relic","Relic","Card","Relic","Relic","Card","Card"],"build_version":"2020-12-22","purchased_purges":0,"victory":true,"max_hp_per_floor":[70,70,70,70,70,70,80,80,80,80,80,80,80,80,80,80,80,80,80,56,56,56,63,63,63,63,63,63,63,63,63,63,63,63,63,63,63,63,63,63,63,63,63,63,63,63,63,63,63,63],"card_choices":[{"not_picked":["Outmaneuver","Concentrate"],"picked":"Blade Dance","floor":1},{"not_picked":["Deadly Poison","Distraction"],"picked":"Backflip","floor":3},{"not_picked":["Calculated Gamble","Poisoned Stab"],"picked":"Dash","floor":4},{"not_picked":["Blade Dance","Cloak And Dagger"],"picked":"Adrenaline","floor":5},{"not_picked":["Flying Knee","Bouncing Flask"],"picked":"Accuracy","floor":6},{"not_picked":["Riddle With Holes","Dodge and Roll"],"picked":"Deflect","floor":7},{"not_picked":["Tactician","Setup"],"picked":"Deflect","floor":8},{"not_picked":["Prepared","Cloak And Dagger"],"picked":"Blur","floor":10},{"not_picked":["Dodge and Roll","Bane"],"picked":"Well Laid Plans","floor":14},{"not_picked":["Tools of the Trade","Doppelganger"],"picked":"A Thousand Cuts","floor":16},{"not_picked":["Bane+1","Dagger Throw"],"picked":"Quick Slash+1","floor":18},{"not_picked":["Dodge and Roll","Cloak And Dagger"],"picked":"Blade Dance+1","floor":19},{"not_picked":["PiercingWail+1","Underhanded Strike"],"picked":"Finisher","floor":21},{"not_picked":["Flying Knee","Quick Slash","Skewer"],"picked":"SKIP","floor":23},{"not_picked":["Blade Dance","Malaise"],"picked":"Infinite Blades","floor":25},{"not_picked":["Setup","Skewer+1"],"picked":"Escape Plan","floor":27},{"not_picked":["Acrobatics","Dodge and Roll"],"picked":"Deflect","floor":28},{"not_picked":["Sucker Punch","Skewer"],"picked":"Poisoned Stab+1","floor":30},{"not_picked":["Grand Finale","Venomology"],"picked":"Corpse Explosion","floor":33},{"not_picked":["Riddle With Holes+1","Acrobatics"],"picked":"Backflip+1","floor":35},{"not_picked":["Blur","Cloak And Dagger"],"picked":"Masterful Stab+1","floor":36},{"not_picked":["Blade Dance","Flying Knee"],"picked":"Escape Plan+1","floor":37},{"not_picked":["Heel Hook+1","PiercingWail"],"picked":"Die Die Die","floor":40},{"not_picked":["Tactician+1","Prepared"],"picked":"Phantasmal Killer","floor":42},{"not_picked":["Deadly Poison+1","Poisoned Stab+1"],"picked":"Noxious Fumes","floor":44},{"not_picked":["Bane","Deadly Poison+1"],"picked":"Footwork+1","floor":45},{"not_picked":["Finisher+1","Backflip"],"picked":"Cloak And Dagger+1","floor":46},{"not_picked":["Malaise","Bouncing Flask"],"picked":"Slice","floor":47}],"player_experience":365203,"relics_obtained":[{"floor":6,"key":"Happy Flower"},{"floor":7,"key":"Pear"},{"floor":8,"key":"Bottled Tornado"},{"floor":9,"key":"Mummified Hand"},{"floor":10,"key":"Dead Branch"},{"floor":21,"key":"Red Mask"},{"floor":22,"key":"Enchiridion"},{"floor":23,"key":"Strawberry"},{"floor":25,"key":"The Specimen"},{"floor":26,"key":"Mercury Hourglass"},{"floor":27,"key":"Du-Vu Doll"},{"floor":40,"key":"Bottled Flame"},{"floor":42,"key":"Ancient Tea Set"},{"floor":43,"key":"Toy Ornithopter"},{"floor":47,"key":"TungstenRod"}],"event_choices":[{"cards_removed":["Strike_G"],"damage_healed":0,"gold_gain":0,"player_choice":"Purged","damage_taken":0,"max_hp_gain":0,"max_hp_loss":0,"event_name":"Purifier","floor":2,"gold_loss":0},{"damage_healed":0,"gold_gain":0,"player_choice":"Searched \u00271\u0027 times","damage_taken":0,"max_hp_gain":0,"max_hp_loss":0,"event_name":"Dead Adventurer","floor":7,"gold_loss":0},{"damage_healed":0,"gold_gain":0,"player_choice":"Entered Light","damage_taken":16,"max_hp_gain":0,"max_hp_loss":0,"event_name":"Shining Light","floor":11,"gold_loss":0,"cards_upgraded":["Strike_G","Strike_G"]},{"damage_healed":0,"gold_gain":175,"player_choice":"AGREE","damage_taken":0,"max_hp_gain":0,"max_hp_loss":0,"event_name":"Liars Game","floor":13,"gold_loss":0,"cards_obtained":["Doubt"]},{"damage_healed":0,"gold_gain":0,"player_choice":"Became a vampire","damage_taken":0,"max_hp_gain":0,"max_hp_loss":24,"event_name":"Vampires","floor":20,"gold_loss":0,"cards_obtained":["Bite","Bite","Bite","Bite","Bite"]},{"damage_healed":0,"gold_gain":0,"player_choice":"Fought Bandits","damage_taken":0,"max_hp_gain":0,"max_hp_loss":0,"event_name":"Masked Bandits","floor":21,"gold_loss":0},{"damage_healed":0,"gold_gain":0,"player_choice":"Obtained Book","damage_taken":16,"max_hp_gain":0,"max_hp_loss":0,"event_name":"Cursed Tome","floor":22,"gold_loss":0},{"cards_removed":["Doubt"],"damage_healed":0,"gold_gain":0,"player_choice":"Removed Curses","damage_taken":0,"max_hp_gain":0,"max_hp_loss":0,"event_name":"Fountain of Cleansing","floor":38,"gold_loss":0}],"is_beta":false,"boss_relics":[{"not_picked":["Philosopher\u0027s Stone","Coffee Dripper"],"picked":"WristBlade"},{"not_picked":["Snecko Eye","Astrolabe"],"picked":"Cursed Key"}],"items_purged_floors":[],"is_endless":false,"potions_floor_spawned":[3,6,7,8,10,19,23,28,30,36,37,44,45,46],"ascension_level":4}}