{"host":"8pvw2tcf9wctlvur","time":1612628640,"event":{"mods":["BaseMod","Better Third Choice","Colored Powertips","Curses Come First","Minty Spire (QoL Compilation)","Rare Cards Sparkle","Relic Stats","StSLib","SuperFastMode"],"gold_per_floor":[117,137,150,72,84,84,119,119,143,143,163,203,221,221,221,221,221],"floor_reached":16,"language":"ENG","playtime":680,"items_purged":[],"score":112,"play_id":"90ac7137-bfaa-4d88-ada1-1b005d7a16ec","local_time":"20210206092400","is_ascension_mode":false,"campfire_choices":[{"floor":6,"key":"REST"},{"floor":8,"key":"REST"},{"floor":15,"key":"REST"}],"circlet_count":0,"master_deck":["Strike_P","Strike_P","Strike_P","Strike_P","Defend_P","Defend_P","Defend_P","Defend_P","Eruption","Vigilance","Study","Meditate","Protect","FlurryOfBlows","Evaluate","Crescendo","DeusExMachina","Injury","Prostrate","FlurryOfBlows","BowlingBash","FearNoEvil","Flash of Steel"],"relics":["PureWater","NeowsBlessing","Art of War","Blood Vial","Golden Idol","Oddly Smooth Stone"],"acts_visited":["Exordium"],"potions_floor_usage":[7,12,12],"damage_taken":[{"damage":0,"enemies":"2 Louse","floor":1,"turns":1},{"damage":0,"enemies":"Small Slimes","floor":2,"turns":1},{"damage":0,"enemies":"Cultist","floor":3,"turns":1},{"damage":19,"enemies":"Large Slime","floor":5,"turns":7},{"damage":6,"enemies":"Lagavulin","floor":7,"turns":5},{"damage":0,"enemies":"Looter","floor":11,"turns":3},{"damage":44,"enemies":"Gremlin Nob","floor":12,"turns":5},{"damage":2,"enemies":"Red Slaver","floor":13,"turns":4},{"damage":51,"enemies":"Hexaghost","floor":16,"turns":9}],"seed_played":"1227237481279022608","potions_obtained":[{"floor":1,"key":"LiquidMemories"},{"floor":3,"key":"DistilledChaos"},{"floor":11,"key":"GamblersBrew"},{"floor":13,"key":"Ancient Potion"}],"is_trial":false,"path_per_floor":["M","M","M","$","M","R","E","R","T","?","M","E","M","?","R","B"],"character_chosen":"WATCHER","items_purchased":["FlurryOfBlows","Evaluate"],"campfire_rested":3,"item_purchase_floors":[4,4],"current_hp_per_floor":[72,72,72,72,53,72,66,72,72,72,72,28,28,28,49,0,0],"gold":221,"neow_bonus":"THREE_ENEMY_KILL","is_daily":false,"chose_seed":false,"campfire_upgraded":0,"win_rate":0.0,"timestamp":1612628640,"path_taken":["M","M","M","$","M","R","E","R","T","?","M","E","M","?","R","BOSS"],"items_purchased_type":["Card","Card"],"build_version":"2020-12-22","purchased_purges":0,"victory":false,"max_hp_per_floor":[72,72,72,72,72,72,72,72,72,72,72,72,72,72,72,72,72],"relic_stats":{"Blood Vial":4,"counters":[9,36],"Golden Idol":16,"Art of War":[7],"obtain_stats":[{"Blood Vial":9,"NeowsBlessing":0,"Golden Idol":10,"Oddly Smooth Stone":12,"Art of War":7,"PureWater":0},{"Blood Vial":5,"NeowsBlessing":0,"Golden Idol":5,"Oddly Smooth Stone":7,"Art of War":5,"PureWater":0},{"Blood Vial":15,"NeowsBlessing":0,"Golden Idol":15,"Oddly Smooth Stone":23,"Art of War":15,"PureWater":0}]},"card_choices":[{"not_picked":["JustLucky","SashWhip"],"picked":"Study","floor":1},{"not_picked":["JustLucky","BowlingBash"],"picked":"Meditate","floor":2},{"not_picked":["Consecrate","Crescendo"],"picked":"Protect","floor":3},{"not_picked":["Study","ThirdEye"],"picked":"Crescendo","floor":5},{"not_picked":["Wallop","Wireheading"],"picked":"DeusExMachina","floor":7},{"not_picked":["PathToVictory","DeceiveReality"],"picked":"Prostrate","floor":11},{"not_picked":["FollowUp","Fasting2"],"picked":"FlurryOfBlows","floor":12},{"not_picked":["Wireheading","Prostrate"],"picked":"BowlingBash","floor":13}],"player_experience":270819,"relics_obtained":[{"floor":7,"key":"Art of War"},{"floor":9,"key":"Blood Vial"},{"floor":12,"key":"Oddly Smooth Stone"}],"event_choices":[{"damage_healed":0,"gold_gain":0,"player_choice":"Take Wound","damage_taken":0,"relics_obtained":["Golden Idol"],"max_hp_gain":0,"max_hp_loss":0,"event_name":"Golden Idol","floor":10,"gold_loss":0,"cards_obtained":["Injury"]},{"damage_healed":0,"gold_gain":0,"player_choice":"2 cards matched","damage_taken":0,"max_hp_gain":0,"max_hp_loss":0,"event_name":"Match and Keep!","floor":14,"gold_loss":0,"cards_obtained":["FearNoEvil","Flash of Steel"]}],"is_beta":false,"boss_relics":[],"items_purged_floors":[],"is_endless":false,"potions_floor_spawned":[1,3,11,13],"killed_by":"Hexaghost","ascension_level":0}}