{"host":"sc0o2qwpf9j16a4i","time":1612618532,"event":{"mods":["AchievementEnabler","BaseMod","BetterRewards","Block Reminder","Colored Map","Colored Powertips","Custom Start","Highlight Path","Minty Spire (QoL Compilation)","Relic Stats"],"gold_per_floor":[117,117,132,57,132,165,165,180,180,205,205,222,239,256,256,354,354,373,373,373,390,405,433,448,44,100,144,168,191,230,230,230,345,345,364,364,373,382,14,14,49,68,77,77,96,26,67,96,96,105],"floor_reached":51,"language":"ENG","playtime":1855,"items_purged":["Normality"],"score":1202,"play_id":"c4317b6b-51af-4bb6-bb3c-a2412346452a","local_time":"20210206153532","daily_mods":["Cursed Run","Colorless Cards","Lethality"],"is_ascension_mode":false,"campfire_choices":[{"data":"Heavy Blade","floor":7,"key":"SMITH"},{"floor":11,"key":"DIG"},{"data":"True Grit","floor":15,"key":"SMITH"},{"data":"Corruption","floor":32,"key":"SMITH"},{"data":"Burning Pact","floor":40,"key":"SMITH"},{"data":"Burning Pact","floor":44,"key":"SMITH"},{"floor":49,"key":"DIG"}],"circlet_count":0,"master_deck":["Strike_R+1","Strike_R+1","Strike_R+1","Defend_R+1","Defend_R+1","Defend_R+1","Defend_R+1","Bash","Heavy Blade+1","Shrug It Off","Shrug It Off","Writhe","Clothesline+1","True Grit+1","Iron Wave+1","Pommel Strike+1","Injury","Corruption+1","Sentinel","Body Slam+1","Flame Barrier","Burning Pact+1","Rage","Regret","Power Through","Dual Wield+1","Heavy Blade+1","Discovery+1","Injury","Immolate+1","Entrench+1","Sentinel","Burning Pact+1","Shrug It Off","Iron Wave+1","Shame","Dark Embrace+1","Dark Embrace","Body Slam+1","True Grit+1","Parasite"],"relics":["Cursed Key","Darkstone Periapt","Du-Vu Doll","Molten Egg 2","Dead Branch","Shovel","Ornamental Fan","SlaversCollar","Art of War","CeramicFish","Pantograph","Blood Vial","Dream Catcher","Blue Candle","Empty Cage","Matryoshka","DollysMirror","Toy Ornithopter","Calipers","Paper Frog","MealTicket","Vajra","Red Skull"],"acts_visited":["Exordium","TheCity","TheBeyond"],"potions_floor_usage":[6,18,18,23,27,30,33,42,50],"damage_taken":[{"damage":0,"enemies":"Small Slimes","floor":1,"turns":2},{"damage":0,"enemies":"Cultist","floor":3,"turns":2},{"damage":21,"enemies":"Lagavulin","floor":6,"turns":3},{"damage":0,"enemies":"2 Louse","floor":8,"turns":1},{"damage":0,"enemies":"Gremlin Nob","floor":10,"turns":2},{"damage":0,"enemies":"Large Slime","floor":12,"turns":2},{"damage":3,"enemies":"Blue Slaver","floor":13,"turns":2},{"damage":0,"enemies":"Looter","floor":14,"turns":2},{"damage":31,"enemies":"The Guardian","floor":16,"turns":9},{"damage":6,"enemies":"3 Byrds","floor":18,"turns":3},{"damage":17,"enemies":"2 Thieves","floor":21,"turns":4},{"damage":21,"enemies":"Snake Plant","floor":22,"turns":4},{"damage":0,"enemies":"Book of Stabbing","floor":23,"turns":2},{"damage":0,"enemies":"Cultist and Chosen","floor":24,"turns":3},{"damage":3,"enemies":"Gremlin Leader","floor":27,"turns":5},{"damage":22,"enemies":"Snecko","floor":28,"turns":4},{"damage":1,"enemies":"Centurion and Healer","floor":29,"turns":3},{"damage":0,"enemies":"Slavers","floor":30,"turns":1},{"damage":2,"enemies":"Collector","floor":33,"turns":3},{"damage":2,"enemies":"Orb Walker","floor":35,"turns":2},{"damage":7,"enemies":"Giant Head","floor":41,"turns":4},{"damage":6,"enemies":"3 Darklings","floor":42,"turns":3},{"damage":3,"enemies":"Sphere and 2 Shapes","floor":45,"turns":4},{"damage":0,"enemies":"Nemesis","floor":47,"turns":3},{"damage":5,"enemies":"Maw","floor":48,"turns":5},{"damage":22,"enemies":"Donu and Deca","floor":50,"turns":3}],"seed_played":"-6258002148031017966","potions_obtained":[{"floor":6,"key":"SteroidPotion"},{"floor":10,"key":"Fire Potion"},{"floor":13,"key":"Energy Potion"},{"floor":18,"key":"CultistPotion"},{"floor":20,"key":"Explosive Potion"},{"floor":24,"key":"SteroidPotion"},{"floor":28,"key":"PowerPotion"},{"floor":35,"key":"SmokeBomb"},{"floor":41,"key":"DistilledChaos"},{"floor":47,"key":"Fire Potion"}],"is_trial":true,"path_per_floor":["M","?","M","$","?","E","R","M","T","E","R","M","M","M","R","B",null,"M","?","?","M","M","E","M","$","T","E","M","M","E","?","R","B",null,"M","?","T","?","$","R","E","M","T","R","M","$","E","M","R","B",null],"character_chosen":"IRONCLAD","items_purchased":["LiquidMemories","CeramicFish","Pantograph","DollysMirror","Toy Ornithopter","Dark Embrace"],"campfire_rested":0,"item_purchase_floors":[4,25,25,39,39,46],"current_hp_per_floor":[80,80,80,80,69,48,48,48,54,54,54,54,51,51,51,26,92,86,86,86,69,48,48,48,48,54,53,33,34,36,36,36,67,104,102,102,108,108,108,108,103,104,110,110,109,116,116,111,111,102],"gold":105,"neow_bonus":"","is_daily":false,"chose_seed":false,"campfire_upgraded":5,"win_rate":0.0,"timestamp":1612618532,"path_taken":["M","?","M","$","?","E","R","M","T","E","R","M","M","?","R","BOSS","M","?","?","M","M","E","M","$","T","E","?","M","E","?","R","BOSS","M","?","?","?","$","R","E","M","T","R","?","$","E","M","R","BOSS"],"items_purchased_type":["Potion","Relic","Relic","Relic","Relic","Card"],"build_version":"2020-12-22","purchased_purges":1,"victory":true,"max_hp_per_floor":[80,80,80,80,80,80,80,80,86,86,86,86,86,86,86,92,92,92,92,92,92,92,92,92,92,98,98,98,98,98,98,98,104,104,104,104,110,110,110,110,110,110,116,116,116,116,116,116,116,122],"relic_stats":{"Darkstone Periapt":42,"counters":[26,81],"Dead Branch":[195],"CeramicFish":171,"Blue Candle":[22],"Cursed Key":4,"Blood Vial":18,"Dream Catcher":0,"Shovel":2,"Ornamental Fan":[116],"Pantograph":28,"MealTicket":7,"Art of War":[6],"obtain_stats":[{"Darkstone Periapt":0,"Calipers":41,"Dead Branch":9,"CeramicFish":25,"Blue Candle":30,"Vajra":47,"Cursed Key":0,"Empty Cage":34,"Du-Vu Doll":0,"Blood Vial":26,"SlaversCollar":17,"Dream Catcher":27,"Shovel":10,"Matryoshka":37,"Ornamental Fan":11,"DollysMirror":39,"Pantograph":25,"Molten Egg 2":6,"MealTicket":43,"Art of War":23,"Toy Ornithopter":39,"Red Skull":49,"Paper Frog":43},{"Darkstone Periapt":0,"Calipers":21,"Dead Branch":4,"CeramicFish":14,"Blue Candle":18,"Vajra":24,"Cursed Key":0,"Empty Cage":19,"Du-Vu Doll":0,"Blood Vial":14,"SlaversCollar":9,"Dream Catcher":15,"Shovel":5,"Matryoshka":20,"Ornamental Fan":5,"DollysMirror":20,"Pantograph":14,"Molten Egg 2":3,"MealTicket":22,"Art of War":13,"Toy Ornithopter":20,"Red Skull":25,"Paper Frog":22},{"Darkstone Periapt":0,"Calipers":63,"Dead Branch":8,"CeramicFish":41,"Blue Candle":54,"Vajra":73,"Cursed Key":0,"Empty Cage":57,"Du-Vu Doll":0,"Blood Vial":41,"SlaversCollar":25,"Dream Catcher":46,"Shovel":10,"Matryoshka":59,"Ornamental Fan":10,"DollysMirror":59,"Pantograph":41,"Molten Egg 2":7,"MealTicket":66,"Art of War":38,"Toy Ornithopter":59,"Red Skull":78,"Paper Frog":66}],"Toy Ornithopter":7},"card_choices":[{"not_picked":["Warcry","Pommel Strike"],"picked":"Heavy Blade","floor":1},{"not_picked":["Rampage","Fiend Fire"],"picked":"Shrug It Off","floor":3},{"not_picked":["Purity","True Grit"],"picked":"Thunderclap+1","floor":6},{"not_picked":["Anger+1","Flash of Steel+1"],"picked":"Shrug It Off","floor":8},{"not_picked":["True Grit","Twin Strike+1"],"picked":"Clothesline+1","floor":10},{"not_picked":["Clash+1","Good Instincts"],"picked":"True Grit","floor":12},{"not_picked":["Shrug It Off","Warcry"],"picked":"Iron Wave+1","floor":13},{"not_picked":["Combust","Shrug It Off"],"picked":"Pommel Strike+1","floor":14},{"not_picked":["Offering","Feed+1"],"picked":"Corruption","floor":16},{"not_picked":["Warcry","Heavy Blade+1"],"picked":"Sentinel","floor":18},{"not_picked":["Fire Breathing+1","Sword Boomerang+1"],"picked":"Body Slam+1","floor":21},{"not_picked":["Discovery","Reckless Charge+1"],"picked":"Flame Barrier","floor":22},{"not_picked":["Jack Of All Trades","Dramatic Entrance+1"],"picked":"Burning Pact","floor":23},{"not_picked":["Anger+1","Perfected Strike+1"],"picked":"Rage","floor":24},{"not_picked":["Discovery","Battle Trance+1"],"picked":"Power Through","floor":27},{"not_picked":["Second Wind","Pummel+1"],"picked":"Dual Wield+1","floor":28},{"not_picked":["Headbutt+1","Cleave+1"],"picked":"Heavy Blade+1","floor":29},{"not_picked":["Pommel Strike+1","HandOfGreed+1"],"picked":"Discovery+1","floor":30},{"not_picked":["Brutality","Thinking Ahead"],"picked":"Immolate+1","floor":33},{"not_picked":["Headbutt+1","Madness+1"],"picked":"Entrench+1","floor":35},{"not_picked":["Finesse+1","Power Through+1"],"picked":"Shrug It Off","floor":41},{"not_picked":["Flex","Hemokinesis+1"],"picked":"Iron Wave+1","floor":42},{"not_picked":["Metamorphosis","Twin Strike+1"],"picked":"Dark Embrace+1","floor":45},{"not_picked":["Hemokinesis+1","Dark Shackles+1"],"picked":"Body Slam+1","floor":47},{"not_picked":["Pummel+1","Clothesline+1"],"picked":"True Grit+1","floor":48}],"player_experience":1223529,"relics_obtained":[{"floor":6,"key":"Molten Egg 2"},{"floor":9,"key":"Dead Branch"},{"floor":10,"key":"Shovel"},{"floor":11,"key":"Ornamental Fan"},{"floor":23,"key":"Art of War"},{"floor":26,"key":"Blood Vial"},{"floor":27,"key":"Dream Catcher"},{"floor":30,"key":"Blue Candle"},{"floor":37,"key":"Matryoshka"},{"floor":41,"key":"Calipers"},{"floor":43,"key":"Paper Frog"},{"floor":43,"key":"MealTicket"},{"floor":47,"key":"Vajra"},{"floor":49,"key":"Red Skull"}],"event_choices":[{"damage_healed":0,"gold_gain":0,"player_choice":"Leave","damage_taken":0,"max_hp_gain":0,"max_hp_loss":0,"event_name":"The Cleric","floor":2,"gold_loss":0},{"damage_healed":0,"gold_gain":75,"player_choice":"Gather Gold","damage_taken":11,"max_hp_gain":0,"max_hp_loss":0,"event_name":"World of Goop","floor":5,"gold_loss":0},{"damage_healed":0,"gold_gain":0,"player_choice":"Ignored","damage_taken":0,"max_hp_gain":0,"max_hp_loss":0,"event_name":"Vampires","floor":19,"gold_loss":0},{"damage_healed":0,"gold_gain":0,"player_choice":"Got Potions","damage_taken":0,"max_hp_gain":0,"max_hp_loss":0,"event_name":"Lab","floor":20,"gold_loss":0},{"damage_healed":0,"gold_gain":0,"player_choice":"Simplicity","damage_taken":0,"max_hp_gain":0,"max_hp_loss":0,"event_name":"Back to Basics","floor":31,"gold_loss":0,"cards_upgraded":["Strike_R","Strike_R","Strike_R","Strike_R","Strike_R","Defend_R","Defend_R","Defend_R","Defend_R"]},{"cards_removed":["Thunderclap"],"damage_healed":0,"gold_gain":0,"player_choice":"Removed Attack","damage_taken":0,"max_hp_gain":0,"max_hp_loss":0,"event_name":"Falling","floor":36,"gold_loss":0},{"damage_healed":0,"gold_gain":0,"player_choice":"Copied","damage_taken":0,"max_hp_gain":0,"max_hp_loss":0,"event_name":"Duplicator","floor":38,"gold_loss":0,"cards_obtained":["Sentinel"]}],"is_beta":false,"boss_relics":[{"not_picked":["Tiny House","Velvet Choker"],"picked":"SlaversCollar"},{"not_picked":["Coffee Dripper","Philosopher\u0027s Stone"],"picked":"Empty Cage"}],"items_purged_floors":[39],"is_endless":false,"potions_floor_spawned":[6,10,13,14,18,24,28,35,41,47],"ascension_level":0}}