{"host":"oigynbtg272c19pw","time":1612627563,"event":{"mods":["BaseMod","Colored Map","Minty Spire (QoL Compilation)","Relic Stats","Slay the Relics Exporter","StSLib"],"gold_per_floor":[18,18,37,55,55,99,99,99,123,123,148,166,166,166],"floor_reached":13,"playtime":356,"items_purged":[],"score":170,"play_id":"5f3aa855-4e77-4d79-be5c-f3721acc838d","local_time":"20210206170603","is_ascension_mode":true,"campfire_choices":[{"data":"WheelKick","floor":7,"key":"SMITH"},{"data":"Conclude","floor":10,"key":"SMITH"}],"circlet_count":0,"master_deck":["AscendersBane","Strike_P","Strike_P","Defend_P","Defend_P","Defend_P","Eruption","Vigilance","Study","Conclude+1","Sanctity","WheelKick+1","Prostrate","EmptyFist","Wireheading","Crescendo"],"relics":["PureWater","Golden Idol","Dream Catcher","Bag of Marbles"],"acts_visited":["Exordium"],"potions_floor_usage":[6,13,13],"damage_taken":[{"damage":0.0,"enemies":"Small Slimes","floor":1.0,"turns":1.0},{"damage":5.0,"enemies":"2 Louse","floor":3.0,"turns":2.0},{"damage":0.0,"enemies":"Jaw Worm","floor":4.0,"turns":3.0},{"damage":6,"enemies":"Gremlin Nob","floor":6,"turns":3},{"damage":9,"enemies":"Exordium Thugs","floor":11,"turns":4},{"damage":9,"enemies":"Lots of Slimes","floor":12,"turns":2},{"damage":0,"enemies":"Lagavulin","floor":13,"turns":4}],"seed_played":"5060275186219954268","potions_obtained":[{"floor":1.0,"key":"Strength Potion"},{"floor":11,"key":"Strength Potion"},{"floor":12,"key":"Energy Potion"}],"is_trial":false,"path_per_floor":["M","$","M","M","?","E","R","?","T","R","M","M","E"],"character_chosen":"WATCHER","items_purchased":[],"campfire_rested":0,"item_purchase_floors":[],"current_hp_per_floor":[61,61,56,56,33,27,27,27,27,27,18,9,9,9],"gold":166,"neow_bonus":"TRANSFORM_TWO_CARDS","is_daily":false,"chose_seed":false,"campfire_upgraded":2,"win_rate":0.0,"timestamp":1612627563,"path_taken":["M","$","M","M","?","E","R","?","T","R","M","M","E"],"items_purchased_type":[],"build_version":"2020-12-13","purchased_purges":0,"victory":false,"max_hp_per_floor":[68,68,68,68,68,68,68,68,68,68,68,68,68,68],"relic_stats":{"Dream Catcher":0,"counters":[7,19],"Golden Idol":18,"obtain_stats":[{"Dream Catcher":6,"Golden Idol":5,"Bag of Marbles":9,"PureWater":0},{"Dream Catcher":4,"Golden Idol":3,"Bag of Marbles":4,"PureWater":0},{"Dream Catcher":9,"Golden Idol":6,"Bag of Marbles":9,"PureWater":0}]},"card_choices":[{"not_picked":["Fasting2","FollowUp"],"picked":"Sanctity","floor":1.0},{"not_picked":["WreathOfFlame","CarveReality"],"picked":"WheelKick","floor":3.0},{"not_picked":["CutThroughFate","Protect"],"picked":"Prostrate","floor":4.0},{"not_picked":["DevaForm","Prostrate"],"picked":"EmptyFist","floor":6},{"not_picked":["Study","InnerPeace"],"picked":"Crescendo","floor":11},{"not_picked":["Crescendo","SashWhip","ClearTheMind"],"picked":"SKIP","floor":12}],"player_experience":1551509,"relics_obtained":[{"floor":6,"key":"Dream Catcher"},{"floor":9,"key":"Bag of Marbles"}],"event_choices":[{"damage_healed":0.0,"max_hp_gain":0.0,"max_hp_loss":0.0,"gold_gain":0.0,"event_name":"Golden Idol","player_choice":"Take Damage","floor":5.0,"gold_loss":0.0,"damage_taken":23.0,"relics_obtained":["Golden Idol"]},{"damage_healed":0,"gold_gain":0,"cards_transformed":["Strike_P"],"player_choice":"Change","damage_taken":0,"max_hp_gain":0,"max_hp_loss":0,"event_name":"Living Wall","floor":8,"gold_loss":0,"cards_obtained":["Wireheading"]}],"is_beta":false,"boss_relics":[],"items_purged_floors":[],"is_endless":false,"potions_floor_spawned":[1,11,12],"killed_by":"Lagavulin","ascension_level":20}}