{"host":"8is2j71l4wmybkoi","time":1612593507,"event":{"mods":["AchievementEnabler","BaseMod","Colored Map","Minty Spire (QoL Compilation)","Rare Cards Sparkle","StSLib","SuperFastMode"],"gold_per_floor":[18,29,49,68,87,87,118,118,118,150,200,212,231,264,264,340,340,355,69,69,79,99,99,125,125,125,125,135,147,147,181,181,181,181],"floor_reached":33,"language":"KOR","playtime":1349,"items_purged":["Strike_R"],"score":585,"play_id":"0de0f65d-d06d-4a3d-a407-bca8701f45cc","local_time":"20210206153827","is_ascension_mode":true,"campfire_choices":[{"data":"Carnage","floor":6,"key":"SMITH"},{"data":"Flame Barrier","floor":8,"key":"SMITH"},{"data":"Barricade","floor":15,"key":"SMITH"},{"data":"Uppercut","floor":23,"key":"SMITH"},{"data":"Ghostly","floor":27,"key":"SMITH"},{"data":"Ghostly","floor":30,"key":"SMITH"},{"data":"Ghostly","floor":32,"key":"SMITH"}],"circlet_count":0,"master_deck":["AscendersBane","Strike_R","Strike_R","Defend_R","Defend_R","Defend_R","Defend_R","Bash","Flame Barrier+1","Carnage+1","Ghostly Armor","Second Wind","Cleave","Clash","Rage","Body Slam","Barricade+1","Feed","Battle Trance","Uppercut+1","Body Slam+1","Ghostly+1","Ghostly+1","Ghostly+1","Normality"],"relics":["Burning Blood","Pantograph","Meat on the Bone","Gremlin Horn","HornCleat","Cursed Key","Medical Kit","Paper Frog","CaptainsWheel","Orichalcum"],"acts_visited":["Exordium","TheCity"],"potions_floor_usage":[14,21,24,33,33],"damage_taken":[{"damage":1,"enemies":"Cultist","floor":1,"turns":3},{"damage":3,"enemies":"Small Slimes","floor":2,"turns":4},{"damage":9,"enemies":"2 Louse","floor":3,"turns":3},{"damage":2,"enemies":"Large Slime","floor":4,"turns":6},{"damage":7,"enemies":"2 Fungi Beasts","floor":5,"turns":4},{"damage":15,"enemies":"Lagavulin","floor":7,"turns":5},{"damage":43,"enemies":"Gremlin Nob","floor":10,"turns":5},{"damage":4,"enemies":"3 Louse","floor":12,"turns":3},{"damage":0,"enemies":"Lots of Slimes","floor":13,"turns":2},{"damage":14,"enemies":"3 Sentries","floor":14,"turns":4},{"damage":21,"enemies":"Slime Boss","floor":16,"turns":15},{"damage":0,"enemies":"3 Byrds","floor":18,"turns":4},{"damage":29,"enemies":"Spheric Guardian","floor":21,"turns":6},{"damage":7,"enemies":"Snecko","floor":22,"turns":5},{"damage":38,"enemies":"Book of Stabbing","floor":24,"turns":6},{"damage":10,"enemies":"Snake Plant","floor":28,"turns":3},{"damage":0,"enemies":"Cultist and Chosen","floor":29,"turns":6},{"damage":0,"enemies":"Slavers","floor":31,"turns":5},{"damage":96,"enemies":"Automaton","floor":33,"turns":12}],"seed_played":"-3456562053547711080","potions_obtained":[{"floor":1,"key":"SpeedPotion"},{"floor":5,"key":"LiquidBronze"},{"floor":21,"key":"AttackPotion"},{"floor":29,"key":"BloodPotion"},{"floor":31,"key":"Regen Potion"}],"is_trial":false,"path_per_floor":["M","M","M","M","M","R","E","R","T","E","?","M","M","E","R","B",null,"M","$","?","M","M","R","E","?","T","R","M","M","R","E","R","B"],"character_chosen":"IRONCLAD","items_purchased":["Medical Kit","Uppercut"],"campfire_rested":0,"item_purchase_floors":[19,19],"current_hp_per_floor":[73,75,72,75,74,74,65,65,65,40,40,54,60,52,52,60,71,75,75,75,52,54,54,34,34,34,34,33,39,39,45,45,0,0],"gold":181,"neow_bonus":"REMOVE_TWO","is_daily":false,"chose_seed":false,"campfire_upgraded":7,"win_rate":0.0,"timestamp":1612593507,"path_taken":["M","M","?","M","M","R","E","R","T","E","?","M","M","E","R","BOSS","M","$","?","M","M","R","E","?","T","R","M","M","R","E","R","BOSS"],"items_purchased_type":["Relic","Card"],"build_version":"2020-12-22","purchased_purges":1,"victory":false,"max_hp_per_floor":[75,75,75,75,75,75,75,75,75,75,75,75,75,75,75,75,75,75,75,75,75,78,78,78,39,39,39,42,42,42,45,45,45,45],"card_choices":[{"not_picked":["Armaments","Thunderclap"],"picked":"Flame Barrier","floor":1},{"not_picked":["Sword Boomerang","Burning Pact"],"picked":"Carnage","floor":2},{"not_picked":["Havoc","Clothesline"],"picked":"Ghostly Armor","floor":3},{"not_picked":["Armaments","Havoc"],"picked":"Second Wind","floor":4},{"not_picked":["Twin Strike","Flex"],"picked":"Cleave","floor":5},{"not_picked":["Anger","Exhume"],"picked":"Clash","floor":7},{"not_picked":["Sword Boomerang","Warcry","Second Wind"],"picked":"SKIP","floor":10},{"not_picked":["Clothesline","Heavy Blade"],"picked":"Rage","floor":12},{"not_picked":["Cleave","Entrench"],"picked":"Body Slam","floor":13},{"not_picked":["Ghostly Armor","Pommel Strike"],"picked":"Barricade","floor":14},{"not_picked":["Bludgeon","Corruption"],"picked":"Feed","floor":16},{"not_picked":["Sever Soul+1","Shrug It Off"],"picked":"Battle Trance","floor":18},{"not_picked":["Heavy Blade","Battle Trance","Rampage"],"picked":"SKIP","floor":21},{"not_picked":["Anger","Pummel","Flex"],"picked":"SKIP","floor":22},{"not_picked":["Thunderclap","Inflame"],"picked":"Body Slam+1","floor":24},{"not_picked":["Body Slam","Havoc","Heavy Blade"],"picked":"SKIP","floor":28},{"not_picked":["Blood for Blood","Warcry","Anger"],"picked":"SKIP","floor":29},{"not_picked":["Battle Trance","Clash","Demon Form"],"picked":"SKIP","floor":31}],"player_experience":1005814,"relics_obtained":[{"floor":7,"key":"Pantograph"},{"floor":9,"key":"Meat on the Bone"},{"floor":10,"key":"Gremlin Horn"},{"floor":14,"key":"HornCleat"},{"floor":24,"key":"Paper Frog"},{"floor":26,"key":"CaptainsWheel"},{"floor":31,"key":"Orichalcum"}],"event_choices":[{"damage_healed":0,"gold_gain":50,"player_choice":"Pray","damage_taken":0,"max_hp_gain":0,"max_hp_loss":0,"event_name":"Golden Shrine","floor":11,"gold_loss":0},{"damage_healed":0,"gold_gain":0,"player_choice":"Ignored","damage_taken":0,"max_hp_gain":0,"max_hp_loss":0,"event_name":"The Mausoleum","floor":20,"gold_loss":0},{"damage_healed":0,"gold_gain":0,"player_choice":"Became a Ghost","damage_taken":0,"max_hp_gain":0,"max_hp_loss":39,"event_name":"Ghosts","floor":25,"gold_loss":0,"cards_obtained":["Ghostly","Ghostly","Ghostly"]}],"is_beta":false,"boss_relics":[{"not_picked":["Ectoplasm","Black Star"],"picked":"Cursed Key"}],"items_purged_floors":[19],"is_endless":false,"potions_floor_spawned":[1,5,7,10,12,21,29,31],"killed_by":"Automaton","ascension_level":15}}