{"host":"6iv6hzocosv1haef","time":1612643359,"event":{"mods":["AchievementEnabler","AlwaysNeverKeys","BaseMod","Colored Map","Colored Powertips","Downfall","Friendly Minions","GifTheSpireLib","Highlight Path","Minty Spire (QoL Compilation)","Permanent Neow","Quick Restart","Relic Filter","Relic Sorter","StSLib"],"gold_per_floor":[0,12,22,7,18,18,68,168,78,96,124,137,137,156,172,271,271,271,291,309,328,342,342,366,378,401,298,331,331,331,360,370,466,466,466,476,489,506,726,776,802,802,247,247,274,290,90,104,122,122],"floor_reached":51,"language":"ENG","playtime":5061,"items_purged":["champ:Defend","champ:Strike","champ:Strike","champ:Execute"],"score":773,"play_id":"6474a624-4ee7-44f4-aaf6-cdb301a74452","local_time":"20210206202919","is_ascension_mode":false,"campfire_choices":[{"data":"champ:Taunt","floor":1,"key":"SMITH"},{"data":"champ:AdrenalArmor","floor":6,"key":"SMITH"},{"data":"champ:AdrenalArmor","floor":13,"key":"SMITH"},{"data":"champ:SwordThrow","floor":18,"key":"SMITH"},{"data":"champ:AdrenalArmor","floor":23,"key":"SMITH"},{"data":"champ:FaceSlap","floor":30,"key":"SMITH"},{"data":"champ:HeartStrike","floor":35,"key":"SMITH"},{"floor":44,"key":"RECALL"},{"floor":47,"key":"REST"}],"circlet_count":0,"master_deck":["champ:StanceDance","champ:FanOfKnives+1","champ:AdrenalArmor+1","champ:HeartStrike+1","champ:AdrenalArmor+1","champ:AdrenalArmor+1","champ:FaceSlap+1","champ:SwordThrow+1","champ:GladiatorForm","Parasite"],"relics":["champ:ChampionCrownUpgraded","Happy Flower","Turnip","MawBank","Dream Catcher","Toy Ornithopter","Philosopher\u0027s Stone","Mango","Strawberry","PreservedInsect","Gremlin Horn","Ice Cream","downfall:HeartBlessingRed","downfall:HeartBlessingGreen"],"acts_visited":["Exordium","TheCity","TheBeyond"],"potions_floor_usage":[],"damage_taken":[{"damage":10,"enemies":"Cultist","floor":2,"turns":4},{"damage":10,"enemies":"Jaw Worm","floor":3,"turns":3},{"damage":20,"enemies":"downfall:FleeingMerchant","floor":4,"turns":4},{"damage":10,"enemies":"Small Slimes","floor":5,"turns":3},{"damage":85,"enemies":"downfall:Heads","floor":8,"turns":6},{"damage":40,"enemies":"downfall:FleeingMerchant","floor":9,"turns":4},{"damage":30,"enemies":"Exordium Wildlife","floor":10,"turns":2},{"damage":69,"enemies":"Lagavulin","floor":11,"turns":6},{"damage":20,"enemies":"3 Louse","floor":12,"turns":2},{"damage":20,"enemies":"2 Fungi Beasts","floor":14,"turns":2},{"damage":40,"enemies":"Blue Slaver","floor":15,"turns":3},{"damage":74,"enemies":"SI_SHIV_ARCHETYPE","floor":16,"turns":6},{"damage":50,"enemies":"Chosen","floor":19,"turns":3},{"damage":30,"enemies":"Snecko","floor":20,"turns":3},{"damage":30,"enemies":"Snake Plant","floor":21,"turns":2},{"damage":30,"enemies":"Cultist and Chosen","floor":22,"turns":3},{"damage":25,"enemies":"Snecko","floor":26,"turns":2},{"damage":30,"enemies":"downfall:FleeingMerchant","floor":27,"turns":4},{"damage":24,"enemies":"Slavers","floor":28,"turns":3},{"damage":42,"enemies":"Book of Stabbing","floor":31,"turns":4},{"damage":40,"enemies":"Centurion and Healer","floor":32,"turns":3},{"damage":145,"enemies":"WA_ARCHETYPE_CALM","floor":33,"turns":8},{"damage":35,"enemies":"3 Darklings","floor":36,"turns":2},{"damage":38,"enemies":"3 Shapes","floor":37,"turns":2},{"damage":86,"enemies":"Transient","floor":38,"turns":5},{"damage":35,"enemies":"downfall:FleeingMerchant","floor":39,"turns":2},{"damage":45,"enemies":"downfall:FleeingMerchant","floor":40,"turns":4},{"damage":50,"enemies":"Nemesis","floor":45,"turns":3},{"damage":50,"enemies":"Jaw Worm Horde","floor":46,"turns":2},{"damage":70,"enemies":"Spire Growth","floor":48,"turns":3},{"damage":50,"enemies":"Writhing Mass","floor":49,"turns":3},{"damage":145,"enemies":"DF_ARCHETYPE_ORBS","floor":50,"turns":5}],"seed_played":"-2508855017241953339","potions_obtained":[{"floor":3,"key":"Weak Potion"},{"floor":8,"key":"sneckomod:MuddlingPotion"},{"floor":11,"key":"Weak Potion"},{"floor":12,"key":"Block Potion"},{"floor":20,"key":"Guardian:BlockOnCardUsePotion"},{"floor":28,"key":"FearPotion"},{"floor":32,"key":"champ:TechniquePotion"}],"is_trial":false,"path_per_floor":["R","M","M","$","M","R","T","?","$","M","E","M","R","M","M","B",null,"R","M","M","M","M","R","T","?","M","$","E","?","R","E","M","B",null,"R","M","M","M","$","?","T","?","$","R","E","M","R","M","M","B",null],"character_chosen":"THE_CHAMP","items_purchased":["PreservedInsect","Gremlin Horn"],"campfire_rested":1,"item_purchase_floors":[43,43],"current_hp_per_floor":[90,90,90,90,90,90,90,70,60,60,56,56,56,56,56,52,90,90,90,90,90,90,90,90,90,90,90,86,86,86,74,74,52,90,90,90,87,87,87,101,108,108,108,108,108,108,111,111,111,96],"gold":122,"neow_bonus":"REMOVE_TWO","is_daily":false,"chose_seed":false,"campfire_upgraded":7,"win_rate":0.0,"timestamp":1612643359,"path_taken":["R","M","M","?","M","R","T","?","?","M","E","M","R","M","M","BOSS","R","M","M","M","M","R","T","?","M","$","E","?","R","E","M","BOSS","R","M","M","M","$","?","T","?","$","R","E","M","R","M","M","BOSS"],"items_purchased_type":["Relic","Relic"],"build_version":"2020-12-22","purchased_purges":4,"victory":true,"max_hp_per_floor":[90,90,90,90,90,90,90,90,90,90,90,90,90,90,90,90,90,90,90,90,90,90,90,90,90,90,90,90,90,90,90,90,90,90,90,90,90,90,90,104,111,111,111,111,111,111,111,111,111,111],"card_choices":[{"not_picked":["champ:PreciseThrust","champ:FalseCounter"],"picked":"champ:StanceDance","floor":2},{"not_picked":["champ:EnGarde","champ:BringItOn"],"picked":"champ:FanOfKnives","floor":3},{"not_picked":["champ:Haymaker","champ:PreciseThrust","champ:FlashCut"],"picked":"SKIP","floor":4},{"not_picked":["champ:FancyFootwork","champ:SkillfulDodge"],"picked":"champ:AdrenalArmor","floor":5},{"not_picked":["champ:PreciseThrust","champ:FlashCut"],"picked":"champ:AdrenalArmor","floor":9},{"not_picked":["champ:FlashCut","champ:Circumvent","champ:EndlessRage"],"picked":"SKIP","floor":10},{"not_picked":["champ:DefensiveShout","champ:IronFortress"],"picked":"champ:AdrenalArmor","floor":11},{"not_picked":["champ:PerfectedStrike","champ:RecklessLeap"],"picked":"champ:FaceSlap","floor":12},{"not_picked":["champ:BringItOn","champ:Encircle","champ:PreciseThrust"],"picked":"SKIP","floor":14},{"not_picked":["champ:StanceDance","champ:PreciseThrust","champ:Encircle"],"picked":"SKIP","floor":15},{"not_picked":["champ:ShieldThrow","champ:HoldFirm"],"picked":"champ:SwordThrow","floor":16},{"not_picked":["champ:ShieldWall","champ:PreemptiveStrike","champ:FaceSlap"],"picked":"SKIP","floor":19},{"not_picked":["champ:CrownThrow","champ:Parry","champ:PreemptiveStrike+1"],"picked":"SKIP","floor":20},{"not_picked":["champ:DefensiveShout","champ:BringItOn","champ:FlashCut"],"picked":"SKIP","floor":21},{"not_picked":["champ:GutPunch+1","champ:BringItOn","champ:BerserkersShout+1"],"picked":"SKIP","floor":22},{"not_picked":["champ:BringItOn+1","champ:Circumvent","champ:ShieldSlam"],"picked":"SKIP","floor":26},{"not_picked":["champ:ShieldWall+1","champ:SetATrap","champ:Devastate"],"picked":"SKIP","floor":27},{"not_picked":["champ:ShieldWall","champ:Circumvent","champ:FocusedBerserking"],"picked":"SKIP","floor":28},{"not_picked":["champ:BringItOn","champ:FocusedBerserking","champ:ArenaPreparation+1"],"picked":"SKIP","floor":31},{"not_picked":["champ:DefensiveShout","champ:PerfectedStrike","champ:ShieldSlam"],"picked":"SKIP","floor":32},{"not_picked":["champ:FalseCounter","champ:HeartStrike+1","champ:CrownThrow+1"],"picked":"SKIP","floor":36},{"not_picked":["champ:PreciseThrust+1","champ:Haymaker","champ:Shatter"],"picked":"SKIP","floor":37},{"not_picked":["champ:Haymaker+1","champ:FanOfKnives+1","champ:Endure"],"picked":"SKIP","floor":38},{"not_picked":["champ:GladiatorStyle","champ:Encircle","champ:HeartStrike+1"],"picked":"SKIP","floor":39},{"not_picked":["champ:FlashCut","champ:Haymaker+1","champ:GutPunch+1"],"picked":"SKIP","floor":45},{"not_picked":["champ:BerserkersShout","champ:BladeFlurry","champ:ShieldWall+1"],"picked":"SKIP","floor":46},{"not_picked":["champ:EnGarde+1","champ:GutPunch+1"],"picked":"champ:GladiatorForm","floor":47},{"not_picked":["champ:AdrenalArmor+1","champ:BringItOn","champ:CrookedStrike+1"],"picked":"SKIP","floor":48},{"not_picked":["champ:BringItOn+1","champ:Backstep","champ:Shatter"],"picked":"SKIP","floor":49}],"player_experience":195646,"relics_obtained":[{"floor":7,"key":"Happy Flower"},{"floor":11,"key":"Turnip"},{"floor":24,"key":"MawBank"},{"floor":28,"key":"Dream Catcher"},{"floor":31,"key":"Toy Ornithopter"},{"floor":40,"key":"Mango"},{"floor":41,"key":"Strawberry"},{"floor":45,"key":"Ice Cream"}],"event_choices":[{"cards_removed":["champ:Taunt"],"damage_healed":0,"gold_gain":0,"player_choice":"Removed Skill","damage_taken":0,"max_hp_gain":0,"max_hp_loss":0,"event_name":"Falling","floor":42,"gold_loss":0}],"is_beta":false,"boss_relics":[{"not_picked":["Coffee Dripper","Empty Cage"],"picked":"champ:ChampionCrownUpgraded"},{"not_picked":["Runic Dome","Snecko Eye"],"picked":"Philosopher\u0027s Stone"}],"items_purged_floors":[9,27,39,43],"is_endless":false,"potions_floor_spawned":[3,8,11,12,14,16,20,22,28,32,36,38,45,48],"ascension_level":0}}