{"host":"1y3caoxlf2txzqg0","time":1612636567,"event":{"mods":["Alarm Clock","BaseMod","Colored Map","DeckTracker","Downfall","GifTheSpireLib","Minty Spire (QoL Compilation)","Rare Cards Sparkle","Relic Stats","Spire Birthday Party","StSLib"],"gold_per_floor":[99,119,137,147,147,177,177,25,51,13,42,56,56,69,81,180,180,80,100,100,100,110,10,37,63,63,75,100,120,120,18,31,136,136,136,146,146,17,28,61,61,46,66,303,303,303,323,358,374,374,374,374],"floor_reached":50,"language":"DEU","playtime":9514,"items_purged":["Normality"],"score":665,"play_id":"71ec0fff-be90-4425-94fd-96519588b541","local_time":"20210206193607","is_ascension_mode":true,"campfire_choices":[{"floor":1.0,"key":"RECALL"},{"floor":13.0,"key":"REST"},{"floor":18.0,"key":"REST"},{"floor":23.0,"key":"REST"},{"floor":26.0,"key":"REST"},{"data":"Slimebound:Split","floor":35.0,"key":"SMITH"},{"floor":45,"key":"REST"}],"circlet_count":0,"master_deck":["Slimebound:Tackle","Slimebound:Split+1","Slimebound:CorrosiveSpit","Slimebound:Repurpose","Slimebound:SplitBruiser","Slimebound:Equalize","Slimebound:SpikyOuterGoop","Slimebound:LeechingTouch","Slimebound:SpikyOuterGoop","Slimebound:RollThrough","Slimebound:LivingWall","Slimebound:LeechEnergy","Slimebound:Recycling","Slimebound:ServeAndProtect","Slimebound:LeadByExample","Slimebound:SplitBruiser","Slimebound:Recycling","Slimebound:RejuvenatingLick","Slimebound:MegaLick","Slimebound:PrepareCrush","Slimebound:SplitAcid","Slimebound:MassRepurpose","Slimebound:Equalize","Slimebound:Nibble","RitualDagger","Slimebound:Prepare","Slimebound:Schlurp+1","Slimebound:SplitBruiser+1","Slimebound:GrowthPunch","Slimebound:LeechingTouch+1","Bite","Bite","Bite","Bite","Bite","expansioncontent:AwakenDeath","Slimebound:SlimeBarrage","Slimebound:DisruptingSlam+1","Slimebound:HauntingLick+1","Slimebound:LevelUp","Slimebound:AcidTongue","Slimebound:Replication+1","Slimebound:LevelUp","Slimebound:SplitSpecialist+1","Slimebound:Schlurp+1","Slimebound:Equalize","Slimebound:SplitMire+1","Slimebound:SplitAcid","Slimebound:SplitSpecialist"],"relics":["Slimebound:AbsorbEndCombat","Bag of Marbles","Singing Bowl","Nunchaku","Blood Vial","Anchor","Tiny Chest","Pandora\u0027s Box","downfall:HeartBlessingGreen","downfall:HeartBlessingRed","Happy Flower","Potion Belt","Strawberry","Astrolabe","Ornamental Fan","PreservedInsect","CaptainsWheel","Mango","Art of War"],"acts_visited":["Exordium","TheCity","TheBeyond"],"potions_floor_usage":[40,40,40,40,42,48,49,50,50],"damage_taken":[{"damage":3.0,"enemies":"Small Slimes","floor":2.0,"turns":3.0},{"damage":6.0,"enemies":"2 Louse","floor":3.0,"turns":3.0},{"damage":6.0,"enemies":"Jaw Worm","floor":4.0,"turns":3.0},{"damage":43.0,"enemies":"Lagavulin","floor":6.0,"turns":7.0},{"damage":12.0,"enemies":"downfall:FleeingMerchant","floor":8.0,"turns":4.0},{"damage":38.0,"enemies":"Gremlin Nob","floor":9.0,"turns":4.0},{"damage":12.0,"enemies":"downfall:FleeingMerchant","floor":10.0,"turns":4.0},{"damage":16.0,"enemies":"3 Sentries","floor":11.0,"turns":7.0},{"damage":17.0,"enemies":"Exordium Wildlife","floor":12.0,"turns":5.0},{"damage":15.0,"enemies":"3 Louse","floor":14.0,"turns":4.0},{"damage":2.0,"enemies":"Gremlin Gang","floor":15.0,"turns":6.0},{"damage":50.0,"enemies":"DF_ARCHETYPE_STREAMLINE","floor":16.0,"turns":11.0},{"damage":7.0,"enemies":"3 Byrds","floor":19.0,"turns":5.0},{"damage":34.0,"enemies":"Snake Plant","floor":22.0,"turns":4.0},{"damage":39.0,"enemies":"Slavers","floor":25.0,"turns":5.0},{"damage":3.0,"enemies":"Sentry and Sphere","floor":27.0,"turns":5.0},{"damage":57.0,"enemies":"Book of Stabbing","floor":28.0,"turns":5.0},{"damage":8.0,"enemies":"Cultist and Chosen","floor":29.0,"turns":5.0},{"damage":12.0,"enemies":"downfall:FleeingMerchant","floor":31.0,"turns":4.0},{"damage":17.0,"enemies":"Chosen and Byrds","floor":32.0,"turns":5.0},{"damage":75.0,"enemies":"IC_MUSHROOM_ARCHETYPE","floor":33.0,"turns":9.0},{"damage":12.0,"enemies":"Orb Walker","floor":36.0,"turns":3.0},{"damage":11.0,"enemies":"downfall:FleeingMerchant","floor":38.0,"turns":4.0},{"damage":29.0,"enemies":"3 Darklings","floor":39.0,"turns":4.0},{"damage":43,"enemies":"Giant Head","floor":40,"turns":9},{"damage":0,"enemies":"downfall:FleeingMerchant","floor":42,"turns":4},{"damage":36,"enemies":"Spire Growth","floor":43,"turns":5},{"damage":0,"enemies":"downfall:FleeingMerchant","floor":44,"turns":1},{"damage":52,"enemies":"Transient","floor":47,"turns":5},{"damage":45,"enemies":"Reptomancer","floor":48,"turns":6},{"damage":20,"enemies":"Jaw Worm Horde","floor":49,"turns":5},{"damage":173,"enemies":"WA_ARCHETYPE_DIVINITY","floor":50,"turns":11}],"seed_played":"-7882558150382645688","potions_obtained":[{"floor":2.0,"key":"Weak Potion"},{"floor":3.0,"key":"LiquidBronze"},{"floor":12.0,"key":"ColorlessPotion"},{"floor":14.0,"key":"Slimebound:ThreeZeroPotion"},{"floor":15.0,"key":"Energy Potion"},{"floor":27.0,"key":"Ancient Potion"},{"floor":28.0,"key":"SpeedPotion"},{"floor":29.0,"key":"Slimebound:SlimyTonguePotion"},{"floor":33.0,"key":"SteroidPotion"},{"floor":36.0,"key":"Slimebound:ThreeZeroPotion"},{"floor":39.0,"key":"EssenceOfSteel"},{"floor":40,"key":"Slimebound:SpawnSlimePotion"},{"floor":43,"key":"Regen Potion"},{"floor":47,"key":"SkillPotion"}],"is_trial":false,"path_per_floor":["R","M","M","M","?","E","T","$","E","$","E","M","R","M","M","B",null,"R","M","?","?","M","R","T","E","R","M","E","M","?","$","M","B",null,"R","M","T","?","M","E","T","$","M","$","R","T","M","E","M","B"],"character_chosen":"SLIMEBOUND","items_purchased":["FairyPotion","Slimebound:SpikyOuterGoop","Slimebound:LeechEnergy","expansioncontent:AwakenDeath","Slimebound:AcidTongue","Slimebound:Equalize","Block Potion","Swift Potion"],"campfire_rested":5,"item_purchase_floors":[8,8,10,31,38,44,44,44],"current_hp_per_floor":[65,65,59,57,57,30,30,30,6,18,16,15,34,25,33,1,65,65,63,63,57,37,56,56,25,44,49,19,29,29,39,41,16,52,52,46,46,47,30,19,19,33,13,21,37,51,26,25,21,0,0,0],"gold":374,"neow_bonus":"RANDOM_COMMON_RELIC","is_daily":false,"chose_seed":false,"campfire_upgraded":1,"win_rate":0.0,"timestamp":1612636567,"path_taken":["R","M","M","M","?","E","T","$","E","$","E","M","R","M","M","BOSS","R","M","?","?","M","R","T","E","R","M","E","M","?","$","M","BOSS","R","M","?","?","M","E","T","?","?","$","R","?","M","E","M","BOSS"],"items_purchased_type":["Potion","Card","Card","Card","Card","Card","Potion","Potion"],"build_version":"2020-12-22","purchased_purges":1,"victory":false,"max_hp_per_floor":[65,65,65,65,65,65,65,65,65,65,65,65,65,65,65,65,65,65,65,65,65,65,65,65,65,65,65,72,72,50,50,50,52,52,52,54,54,54,54,54,54,54,54,56,56,70,70,70,70,70,70,70],"relic_stats":{"Blood Vial":52,"Nunchaku":[22],"Singing Bowl":6,"Happy Flower":[31],"counters":[32,161],"Ornamental Fan":[64],"Astrolabe":["Normality","Slimebound:DisruptingSlam","Slimebound:HauntingLick"],"Tiny Chest":2,"Pandora\u0027s Box":["Slimebound:WasteNot","Slimebound:RejuvenatingLick","Slimebound:MegaLick","Slimebound:Chomp","Slimebound:PrepareCrush","Slimebound:SplitAcid","Slimebound:MassRepurpose"],"PreservedInsect":61,"Art of War":[3],"obtain_stats":[{"Potion Belt":25,"Singing Bowl":5,"downfall:HeartBlessingRed":23,"Happy Flower":24,"Astrolabe":34,"downfall:HeartBlessingGreen":18,"Mango":46,"PreservedInsect":40,"Blood Vial":7,"Nunchaku":6,"Anchor":9,"CaptainsWheel":41,"Ornamental Fan":37,"Strawberry":28,"Tiny Chest":11,"Pandora\u0027s Box":17,"Slimebound:AbsorbEndCombat":0,"Bag of Marbles":0,"Art of War":48},{"Potion Belt":15,"Singing Bowl":3,"downfall:HeartBlessingRed":14,"Happy Flower":14,"Astrolabe":21,"downfall:HeartBlessingGreen":12,"Mango":28,"PreservedInsect":25,"Blood Vial":4,"Nunchaku":4,"Anchor":6,"CaptainsWheel":25,"Ornamental Fan":22,"Strawberry":17,"Tiny Chest":8,"Pandora\u0027s Box":12,"Slimebound:AbsorbEndCombat":0,"Bag of Marbles":0,"Art of War":30},{"Potion Belt":72,"Singing Bowl":8,"downfall:HeartBlessingRed":67,"Happy Flower":67,"Astrolabe":104,"downfall:HeartBlessingGreen":59,"Mango":134,"PreservedInsect":124,"Blood Vial":15,"Nunchaku":15,"Anchor":23,"CaptainsWheel":124,"Ornamental Fan":107,"Strawberry":82,"Tiny Chest":34,"Pandora\u0027s Box":59,"Slimebound:AbsorbEndCombat":0,"Bag of Marbles":0,"Art of War":145}]},"card_choices":[{"not_picked":["Slimebound:GrowthPunch","Slimebound:Replication"],"picked":"Slimebound:Repurpose","floor":2.0},{"not_picked":["Slimebound:ProtectTheBoss","Slimebound:Dissolve"],"picked":"Slimebound:SplitBruiser","floor":3.0},{"not_picked":["Slimebound:SplitBruiser","Slimebound:Dissolve"],"picked":"Slimebound:Equalize","floor":4.0},{"not_picked":["Slimebound:ViciousTackle","Slimebound:GoopTackle"],"picked":"Slimebound:SpikyOuterGoop","floor":6.0},{"not_picked":["Slimebound:SplitLeeching","Slimebound:HauntingLick"],"picked":"Slimebound:LeechingTouch","floor":8.0},{"not_picked":["Slimebound:HauntingLick","Slimebound:ComboTackle"],"picked":"Slimebound:RollThrough","floor":9.0},{"not_picked":["Slimebound:Equalize","Slimebound:LeechingTouch"],"picked":"Slimebound:LivingWall","floor":10.0},{"not_picked":["Slimebound:Prepare","Slimebound:HungryTackle"],"picked":"Slimebound:Recycling","floor":11.0},{"not_picked":["Slimebound:ItLooksTasty","Slimebound:SlimeBrawl"],"picked":"Slimebound:ServeAndProtect","floor":12.0},{"not_picked":["Slimebound:SlimeSpikes","Slimebound:Repurpose"],"picked":"Slimebound:LeadByExample","floor":14.0},{"not_picked":["Slimebound:HauntingLick","Slimebound:SlimeSpikes"],"picked":"Slimebound:SplitBruiser","floor":15.0},{"not_picked":["Slimebound:DuplicatedForm","Slimebound:SlimeSlap"],"picked":"Slimebound:Recycling","floor":16.0},{"not_picked":["Slimebound:Grow","Slimebound:ItLooksTasty+1"],"picked":"Slimebound:Equalize","floor":19.0},{"not_picked":["Slimebound:ItLooksTasty","Slimebound:SlimeSpikes"],"picked":"Slimebound:Prepare","floor":22.0},{"not_picked":["Slimebound:Prepare","Slimebound:PrepareCrush"],"picked":"Slimebound:Schlurp+1","floor":25.0},{"not_picked":["Slimebound:SlimeTap+1","Slimebound:SlimeBrawl"],"picked":"Slimebound:SplitBruiser+1","floor":27.0},{"not_picked":["Slimebound:SlimeSpikes","Slimebound:MassRepurpose"],"picked":"Slimebound:GrowthPunch","floor":28.0},{"not_picked":["Slimebound:GoopTackle","Slimebound:ViciousTackle"],"picked":"Slimebound:LeechingTouch+1","floor":29.0},{"not_picked":["Slimebound:ItLooksTasty","Slimebound:ServeAndProtect+1","Slimebound:Prepare+1"],"picked":"SKIP","floor":31.0},{"not_picked":["Slimebound:Schlurp","Slimebound:SlimeSpikes"],"picked":"Slimebound:SlimeBarrage","floor":32.0},{"not_picked":["Slimebound:Recycling","Slimebound:DuplicatedForm","Slimebound:SlimeSlap"],"picked":"Singing Bowl","floor":33.0},{"not_picked":["Slimebound:LeechEnergy","Slimebound:Equalize","Slimebound:GoopTackle"],"picked":"Singing Bowl","floor":36.0},{"not_picked":["Slimebound:ComboTackle","Slimebound:Gluttony"],"picked":"Slimebound:LevelUp","floor":38.0},{"not_picked":["Slimebound:SlimeBarrage","Slimebound:FinishingTackle"],"picked":"Slimebound:Replication+1","floor":39.0},{"not_picked":["Slimebound:Prepare+1","Slimebound:SamplingLick+1"],"picked":"Slimebound:LevelUp","floor":40},{"not_picked":["Slimebound:HauntingLick+1","Slimebound:LeechingTouch"],"picked":"Slimebound:SplitSpecialist+1","floor":42},{"not_picked":["Slimebound:WasteNot","Slimebound:FlameTackle+1"],"picked":"Slimebound:Schlurp+1","floor":43},{"not_picked":["Slimebound:PressTheAttack+1","Slimebound:ItLooksTasty+1","Slimebound:Repurpose+1"],"picked":"Singing Bowl","floor":44},{"not_picked":["Slimebound:RollThrough","Slimebound:ItLooksTasty+1"],"picked":"Slimebound:SplitMire+1","floor":47},{"not_picked":["Slimebound:SpikyOuterGoop","Slimebound:BestDefense"],"picked":"Slimebound:SplitAcid","floor":48},{"not_picked":["Slimebound:HungryTackle","Slimebound:ItLooksTasty"],"picked":"Slimebound:SplitSpecialist","floor":49}],"player_experience":917933,"relics_obtained":[{"floor":6.0,"key":"Nunchaku"},{"floor":7.0,"key":"Blood Vial"},{"floor":9.0,"key":"Anchor"},{"floor":11.0,"key":"Tiny Chest"},{"floor":24.0,"key":"Happy Flower"},{"floor":25.0,"key":"Potion Belt"},{"floor":28.0,"key":"Strawberry"},{"floor":37.0,"key":"Ornamental Fan"},{"floor":40,"key":"PreservedInsect"},{"floor":41,"key":"CaptainsWheel"},{"floor":46,"key":"Mango"},{"floor":48,"key":"Art of War"}],"event_choices":[{"damage_healed":0.0,"max_hp_gain":0.0,"max_hp_loss":0.0,"gold_gain":0.0,"event_name":"Big Fish","player_choice":"Box","floor":5.0,"gold_loss":0.0,"damage_taken":0.0,"relics_obtained":["Singing Bowl"],"cards_obtained":["Regret"]},{"damage_healed":0.0,"max_hp_gain":0.0,"max_hp_loss":0.0,"gold_gain":0.0,"event_name":"The Library","player_choice":"Read","floor":20.0,"gold_loss":0.0,"damage_taken":0.0,"cards_obtained":["Slimebound:Nibble"]},{"damage_healed":0.0,"max_hp_gain":0.0,"max_hp_loss":22.0,"gold_gain":0.0,"event_name":"Vampires","player_choice":"Became a vampire","floor":30.0,"gold_loss":0.0,"damage_taken":0.0,"cards_obtained":["Bite","Bite","Bite","Bite","Bite"]}],"is_beta":false,"boss_relics":[{"not_picked":["Coffee Dripper","SacredBark"],"picked":"Pandora\u0027s Box"},{"not_picked":["Runic Dome","Velvet Choker"],"picked":"Astrolabe"}],"items_purged_floors":[38],"is_endless":false,"potions_floor_spawned":[2,3,12,14,15,27,28,29,33,36,39,40,43,47],"killed_by":"WA_ARCHETYPE_DIVINITY","ascension_level":1}}