{"host":"dmtlrev5pkc1867p","time":1612630784,"event":{"mods":["BaseMod","Colored Map","Downfall","Hermit","Marisa¡]Ãú«B¡@Å]²z¨F¡^","Minty Spire (QoL Compilation)","Replay The Spire","StSLib","The Cursed","The Disciple","The Servant 0.9.4"],"gold_per_floor":[111,128,128,128,113,113,113,126,154,78,90,3,19,19,19,118,118,130,163,393,393,393,409,409,209,209,109,127,139,139,154,154,256,256,272,290,308,381,393,403,403,418,162,174,186,186,70,70,70,70,70,95,1,1,1,1],"floor_reached":57,"language":"ZHS","playtime":3531,"items_purged":[],"score":1445,"play_id":"3b22015a-5b4a-448e-a067-6b168a31c555","local_time":"20210207005944","is_ascension_mode":true,"campfire_choices":[{"floor":15.0,"key":"REST"},{"floor":25.0,"key":"RECALL"},{"floor":27.0,"key":"REST"},{"data":"FinalSpark","floor":30.0,"key":"SMITH"},{"floor":32.0,"key":"REST"},{"data":"CasketOfStar","floor":46.0,"key":"SMITH"},{"floor":49,"key":"REST"},{"floor":54,"key":"REST"}],"circlet_count":0,"master_deck":["Strike_MRS","Strike_MRS","Strike_MRS","Defend_MRS","Defend_MRS","Defend_MRS","Defend_MRS","MasterSpark","UpSweep","GravityBeat","AsteroidBelt","SprinkleStarSeal","SporeBomb","FinalSpark+1","MysteriousBeam","Occultation","BlazingStar","MagicChant","MagicChant","MysteriousBeam","GravityBeat","DarkMatter+1","EnergyFlow","BinaryStars","LuminesStrike","AlicesGift","MilkyWay+1","Singularity","RitualDagger+1","GasGiant","BlazeAway+1","EventHorizon+1","Acceleration+1","CasketOfStar+1","GrandCross+1","MilkyWay","GalacticHalo+1","SuperPerseids+1","ChargingUp+1","EnergyFlow+1","PropBag+1","SatelliteIllusion","SporeBomb+1","EarthLightRay","PowerUp+1","DarkMatter","expansioncontent:Chronoboost"],"relics":["MiniHakkero","TungstenRod","ReplayTheSpireMod:Ninjato","Ancient Tea Set","Sozu","Red Mask","Nilry\u0027s Codex","downfall:HeartBlessingBlue","downfall:HeartBlessingGreen","downfall:HeartBlessingRed","Painkiller Herb","Toy Ornithopter","AmplifyWand","Bottled Lightning","Blue Candle","Ice Cream"],"acts_visited":["Exordium","TheCity","TheBeyond","TheEnding"],"potions_floor_usage":[],"damage_taken":[{"damage":1.0,"enemies":"Jaw Worm","floor":1.0,"turns":4.0},{"damage":1.0,"enemies":"2 Louse","floor":2.0,"turns":2.0},{"damage":0.0,"enemies":"Cultist","floor":4.0,"turns":1.0},{"damage":1.0,"enemies":"downfall:FleeingMerchant","floor":5.0,"turns":4.0},{"damage":3.0,"enemies":"Blue Slaver","floor":8.0,"turns":4.0},{"damage":19.0,"enemies":"Gremlin Nob","floor":9.0,"turns":5.0},{"damage":1.0,"enemies":"downfall:FleeingMerchant","floor":10.0,"turns":4.0},{"damage":8.0,"enemies":"Large Slime","floor":11.0,"turns":3.0},{"damage":8.0,"enemies":"downfall:FleeingMerchant","floor":12.0,"turns":4.0},{"damage":3.0,"enemies":"Blue Slaver","floor":13.0,"turns":2.0},{"damage":17.0,"enemies":"IC_STATUS_ARCHETYPE","floor":16.0,"turns":5.0},{"damage":0.0,"enemies":"Shell Parasite","floor":18.0,"turns":1.0},{"damage":3.0,"enemies":"Masked Bandits","floor":19.0,"turns":3.0},{"damage":4.0,"enemies":"downfall:FleeingMerchant","floor":20.0,"turns":4.0},{"damage":0.0,"enemies":"Snecko","floor":23.0,"turns":4.0},{"damage":0.0,"enemies":"Cultist and Chosen","floor":28.0,"turns":3.0},{"damage":14.0,"enemies":"Centurion and Healer","floor":29.0,"turns":2.0},{"damage":1.0,"enemies":"Chosen and Byrds","floor":31.0,"turns":2.0},{"damage":12.0,"enemies":"WA_ARCHETYPE_CALM","floor":33.0,"turns":4.0},{"damage":12.0,"enemies":"3 Darklings","floor":35.0,"turns":3.0},{"damage":5.0,"enemies":"Orb Walker","floor":36.0,"turns":4.0},{"damage":1.0,"enemies":"Sphere and 2 Shapes","floor":37.0,"turns":2.0},{"damage":4.0,"enemies":"Spire Growth","floor":39.0,"turns":3.0},{"damage":0.0,"enemies":"Jaw Worm Horde","floor":40.0,"turns":3.0},{"damage":0.0,"enemies":"Sphere and 2 Shapes","floor":42.0,"turns":2.0},{"damage":0.0,"enemies":"4 Shapes","floor":44.0,"turns":3.0},{"damage":2.0,"enemies":"Maw","floor":45.0,"turns":4.0},{"damage":13,"enemies":"SI_POISON_ARCHETYPE","floor":50,"turns":10},{"damage":36,"enemies":"downfall:CharBossMerchant","floor":52,"turns":7},{"damage":5,"enemies":"downfall:NeowBoss","floor":55,"turns":8},{"damage":15,"enemies":"downfall:NeowBossFinal","floor":56,"turns":6}],"seed_played":"7510445969520743405","potions_obtained":[{"floor":1.0,"key":"Milkshake"},{"floor":8.0,"key":"LiquidMemories"},{"floor":9.0,"key":"Strength Potion"},{"floor":16.0,"key":"Fire Potion"}],"is_trial":false,"path_per_floor":["M","M","?","M","$","?","T","M","E","$","M","$","M","?","R","B",null,"M","?","$","?","?","M","T","R","?","R","M","M","R","M","R","B",null,"?","?","?","?","?","?","T","?","T","?","?","T","T","?","T","B",null,"E","T","T","B","B",null],"character_chosen":"MARISA","items_purchased":["MagicChant","DarkMatter","MilkyWay+1","Singularity","Bottled Lightning","EarthLightRay","PowerUp+1","expansioncontent:Chronoboost"],"campfire_rested":5,"item_purchase_floors":[10,12,20,20,43,47,47,53],"current_hp_per_floor":[67,66,66,66,65,65,65,62,43,42,34,26,23,45,65,48,63,63,60,56,56,41,41,41,51,51,74,74,60,60,59,78,66,75,63,58,57,57,53,53,53,53,53,53,51,51,51,47,70,57,73,41,41,64,63,52],"gold":1,"neow_bonus":"ONE_RARE_RELIC","is_daily":false,"chose_seed":false,"campfire_upgraded":2,"win_rate":0.0,"timestamp":1612630784,"path_taken":["M","M","?","M","$","?","T","M","E","$","?","$","M","?","R","BOSS","M","?","$","?","?","M","T","R","?","R","M","?","R","M","R","BOSS","?","?","?","?","?","?","T","?","T","?","?","T","T","?","T","BOSS","E","T","T","BOSS","BOSS"],"items_purchased_type":["Card","Card","Card","Card","Relic","Card","Card","Card"],"build_version":"2020-12-22","purchased_purges":0,"victory":true,"max_hp_per_floor":[68,68,68,68,68,68,68,68,68,68,68,68,68,68,68,68,68,68,68,68,68,68,68,68,78,78,78,78,78,78,78,78,78,78,78,78,78,78,78,78,78,78,78,78,78,78,78,78,78,78,78,78,78,78,78,78],"card_choices":[{"not_picked":["StarlightTyphoon","DC"],"picked":"GravityBeat","floor":1.0},{"not_picked":["OpenUniverse","ShootingEcho"],"picked":"AsteroidBelt","floor":2.0},{"not_picked":["MilkyWay","ManaRampage"],"picked":"SprinkleStarSeal","floor":4.0},{"not_picked":["6A","MysteriousBeam"],"picked":"SporeBomb","floor":5.0},{"not_picked":["DC","ManaConvection"],"picked":"MysteriousBeam","floor":8.0},{"not_picked":["ChargingUp","DoubleSpark"],"picked":"Occultation","floor":9.0},{"not_picked":["UnstableBomb","StarlightTyphoon"],"picked":"BlazingStar","floor":10.0},{"not_picked":["GalacticHalo","MagicChant"],"picked":"MysteriousBeam","floor":11.0},{"not_picked":["6A","ChargingUp"],"picked":"GravityBeat","floor":12.0},{"not_picked":["Acceleration","LuminesStrike"],"picked":"EnergyFlow","floor":13.0},{"not_picked":["AbsoluteMagnitude","UltimateShortwave"],"picked":"BinaryStars","floor":16.0},{"not_picked":["UnstableBomb","DoubleSpark+1"],"picked":"LuminesStrike","floor":18.0},{"not_picked":["ShootingEcho","WitchLeyline"],"picked":"AlicesGift","floor":19.0},{"not_picked":["MilkyWay","NonDirectionalLaser+1"],"picked":"GasGiant","floor":23.0},{"not_picked":["Robbery","ShootingEcho+1"],"picked":"BlazeAway+1","floor":28.0},{"not_picked":["AsteroidBelt","DC"],"picked":"EventHorizon+1","floor":29.0},{"not_picked":["BlazingStar","MysteriousBeam"],"picked":"Acceleration+1","floor":31.0},{"not_picked":["StarDustReverie","AbsoluteMagnitude"],"picked":"CasketOfStar","floor":33.0},{"not_picked":["UnstableBomb","Acceleration"],"picked":"GrandCross+1","floor":35.0},{"not_picked":["RefractionSpark","UnstableBomb+1"],"picked":"MilkyWay","floor":36.0},{"not_picked":["UnstableBomb+1","WitchLeyline"],"picked":"GalacticHalo+1","floor":37.0},{"not_picked":["ChargeUpSpray","DoubleSpark+1"],"picked":"SuperPerseids+1","floor":38.0},{"not_picked":["NonDirectionalLaser","DarkMatter"],"picked":"ChargingUp+1","floor":39.0},{"not_picked":["StarBarrage","WitchOfGreed"],"picked":"EnergyFlow+1","floor":40.0},{"not_picked":["MilkyWay+1","GravityBeat"],"picked":"PropBag+1","floor":42.0},{"not_picked":["SporeBomb","GrandCross"],"picked":"SatelliteIllusion","floor":44.0},{"not_picked":["DoubleSpark+1","AsteroidBelt"],"picked":"SporeBomb+1","floor":45.0},{"not_picked":["GravityBeat","PowerUp"],"picked":"DarkMatter","floor":52}],"player_experience":609514,"relics_obtained":[{"floor":7.0,"key":"ReplayTheSpireMod:Ninjato"},{"floor":9.0,"key":"Ancient Tea Set"},{"floor":19.0,"key":"Red Mask"},{"floor":22.0,"key":"Nilry\u0027s Codex"},{"floor":38.0,"key":"Toy Ornithopter"},{"floor":41.0,"key":"AmplifyWand"},{"floor":52,"key":"Ice Cream"}],"event_choices":[{"damage_healed":22.0,"max_hp_gain":0.0,"max_hp_loss":0.0,"gold_gain":0.0,"event_name":"Big Fish","player_choice":"Banana","floor":14.0,"gold_loss":0.0,"damage_taken":0.0},{"damage_healed":0.0,"max_hp_gain":0.0,"max_hp_loss":0.0,"gold_gain":0.0,"event_name":"Masked Bandits","player_choice":"Fought Bandits","floor":19.0,"gold_loss":0.0,"damage_taken":0.0},{"damage_healed":0.0,"max_hp_gain":0.0,"max_hp_loss":0.0,"gold_gain":0.0,"event_name":"Accursed Blacksmith","player_choice":"Forge","floor":26.0,"gold_loss":0.0,"damage_taken":0.0,"cards_upgraded":["DarkMatter"]}],"is_beta":false,"boss_relics":[{"not_picked":["ExperimentalFamiliar","Replay:Grab Bag"],"picked":"Sozu"},{"not_picked":["SacredBark","Kintsugi"],"picked":"Painkiller Herb"}],"items_purged_floors":[],"is_endless":false,"potions_floor_spawned":[1,8,9,13,16,19,31,33,39,40,42,44,45,52],"ascension_level":6}}