{"host":"a92fqxohjrzqy5rn","time":1612645570,"event":{"mods":["AchievementEnabler","BaseMod","Minty Spire (QoL Compilation)","Relic Sorter"],"gold_per_floor":[116,116,134,151,151,151,168,196,269,269,283,54,65,79,79,177,177,193,209,209,209,209,209,243,243,243,260,274,308,308,308,308,408,408,439,439,439,451,451,451,476,516,516,591,591,591,591],"floor_reached":46,"language":"ENG","playtime":1800,"items_purged":["Regret"],"score":495,"play_id":"6eea633a-f438-4ee6-bd04-39de18422158","local_time":"20210206210610","is_ascension_mode":false,"campfire_choices":[{"data":"Apotheosis","floor":6,"key":"SMITH"},{"data":"Bludgeon","floor":10,"key":"SMITH"},{"data":"Rampage","floor":15,"key":"SMITH"},{"data":"Metallicize","floor":23,"key":"SMITH"},{"floor":25,"key":"REST"},{"floor":30,"key":"REST"},{"data":"Feed","floor":32,"key":"SMITH"},{"data":"ReachHeaven","floor":40,"key":"SMITH"},{"floor":45,"key":"RECALL"}],"circlet_count":0,"master_deck":["Strike_R","Strike_R","Strike_R","Defend_R","Defend_R","Defend_R","Defend_R","Bash+1","Apotheosis+1","Clothesline","Flex","Headbutt+1","Evolve","Bludgeon+1","Rampage+1","Auto Shields","Feed+1","Metallicize+1","Whirlwind","Anger","Flex","Swivel","Protect","Leg Sweep+1","HandOfGreed","ReachHeaven+1","Pain","Infernal Blade+1","Writhe","Thunderclap+1","Calculated Gamble","Quick Slash+1"],"relics":["Burning Blood","Charon\u0027s Ashes","Bottled Flame","PrismaticShard","Snecko Eye","Bag of Marbles","Eternal Feather","Red Mask","Black Star","WarpedTongs","InkBottle","Frozen Egg 2","Mango"],"acts_visited":["Exordium","TheCity","TheBeyond"],"potions_floor_usage":[8,16,29,33,33,36,44],"damage_taken":[{"damage":5,"enemies":"Small Slimes","floor":1,"turns":3},{"damage":12,"enemies":"Cultist","floor":3,"turns":4},{"damage":0,"enemies":"2 Louse","floor":4,"turns":3},{"damage":22,"enemies":"Exordium Wildlife","floor":7,"turns":5},{"damage":20,"enemies":"Lagavulin","floor":8,"turns":5},{"damage":16,"enemies":"Large Slime","floor":11,"turns":5},{"damage":15,"enemies":"2 Fungi Beasts","floor":13,"turns":3},{"damage":18,"enemies":"Exordium Thugs","floor":14,"turns":5},{"damage":19,"enemies":"Hexaghost","floor":16,"turns":10},{"damage":27,"enemies":"3 Byrds","floor":18,"turns":6},{"damage":0,"enemies":"Chosen","floor":19,"turns":3},{"damage":62,"enemies":"Gremlin Leader","floor":24,"turns":7},{"damage":20,"enemies":"Shelled Parasite and Fungi","floor":27,"turns":4},{"damage":12,"enemies":"Sentry and Sphere","floor":28,"turns":5},{"damage":0,"enemies":"Masked Bandits","floor":29,"turns":2},{"damage":38,"enemies":"Champ","floor":33,"turns":13},{"damage":7,"enemies":"Orb Walker","floor":35,"turns":2},{"damage":14,"enemies":"3 Darklings","floor":36,"turns":3},{"damage":35,"enemies":"Transient","floor":38,"turns":5},{"damage":60,"enemies":"Nemesis","floor":41,"turns":7},{"damage":12,"enemies":"4 Shapes","floor":42,"turns":2},{"damage":4,"enemies":"Mind Bloom Boss Battle","floor":44,"turns":6},{"damage":93,"enemies":"Giant Head","floor":46,"turns":7}],"seed_played":"4341340599904573934","potions_obtained":[{"floor":2,"key":"FairyPotion"},{"floor":2,"key":"BlessingOfTheForge"},{"floor":2,"key":"BlessingOfTheForge"},{"floor":7,"key":"LiquidMemories"},{"floor":8,"key":"Weak Potion"},{"floor":16,"key":"Dexterity Potion"},{"floor":19,"key":"SmokeBomb"},{"floor":28,"key":"DistilledChaos"},{"floor":29,"key":"Dexterity Potion"},{"floor":38,"key":"FearPotion"},{"floor":42,"key":"Block Potion"}],"is_trial":false,"path_per_floor":["M","?","M","M","?","R","M","E","T","R","M","$","M","M","R","B",null,"M","M","?","?","?","R","E","R","T","M","M","?","R","?","R","B",null,"M","M","?","M","?","R","E","M","T","?","R","E"],"character_chosen":"IRONCLAD","items_purchased":["PrismaticShard"],"campfire_rested":2,"item_purchase_floors":[12],"current_hp_per_floor":[80,80,74,80,64,64,48,34,34,34,24,24,15,29,29,16,80,63,69,69,53,82,82,26,52,52,38,32,41,80,80,92,60,92,91,83,83,54,77,92,38,32,32,48,66,0,0],"gold":591,"neow_bonus":"RANDOM_COLORLESS_2","is_daily":false,"chose_seed":false,"campfire_upgraded":6,"win_rate":0.0,"timestamp":1612645570,"path_taken":["M","?","M","?","?","R","M","E","T","R","M","$","M","M","R","BOSS","M","M","?","?","?","R","E","R","T","?","M","?","R","?","R","BOSS","M","M","?","?","?","R","E","M","T","?","R","E"],"items_purchased_type":["Relic"],"build_version":"2020-12-22","purchased_purges":1,"victory":false,"max_hp_per_floor":[80,80,80,80,80,80,80,80,80,80,80,80,80,80,80,80,80,84,84,84,89,89,89,89,89,89,89,89,92,92,92,92,92,92,92,92,92,92,92,92,92,92,92,106,106,106,106],"card_choices":[{"not_picked":["Secret Technique","Magnetism"],"picked":"Apotheosis","floor":0},{"not_picked":["Heavy Blade","Warcry"],"picked":"Clothesline","floor":1},{"not_picked":["Wild Strike","Clothesline"],"picked":"Flex","floor":3},{"not_picked":["Flex","Warcry"],"picked":"Headbutt","floor":4},{"not_picked":["Body Slam","Shockwave"],"picked":"Evolve","floor":7},{"not_picked":["True Grit","Armaments"],"picked":"Bludgeon","floor":8},{"not_picked":["Clothesline","Bloodletting"],"picked":"Rampage","floor":11},{"not_picked":["SashWhip","Dropkick","Flying Knee"],"picked":"SKIP","floor":13},{"not_picked":["Evaluate","Heavy Blade"],"picked":"Auto Shields","floor":14},{"not_picked":["Burst","Amplify"],"picked":"Feed","floor":16},{"not_picked":["WaveOfTheHand+1","EmptyBody"],"picked":"Metallicize","floor":18},{"not_picked":["Underhanded Strike+1","Sever Soul"],"picked":"Whirlwind","floor":19},{"not_picked":["PiercingWail+1","Outmaneuver+1"],"picked":"Swivel","floor":24},{"not_picked":["Clash","JustLucky"],"picked":"Protect","floor":27},{"not_picked":["ThirdEye","Dagger Throw","Force Field+1"],"picked":"SKIP","floor":28},{"not_picked":["ClearTheMind","BowlingBash+1"],"picked":"Leg Sweep+1","floor":29},{"not_picked":["Grand Finale","Bludgeon"],"picked":"HandOfGreed","floor":33},{"not_picked":["WaveOfTheHand+1","Leap"],"picked":"ReachHeaven","floor":35},{"not_picked":["Stack","ClearTheMind+1"],"picked":"Infernal Blade+1","floor":38},{"not_picked":["FlurryOfBlows+1","Wild Strike"],"picked":"Thunderclap+1","floor":41},{"not_picked":["Conserve Battery","Flame Barrier"],"picked":"Calculated Gamble","floor":42},{"not_picked":["FlyingSleeves+1","Lockon"],"picked":"Quick Slash+1","floor":44}],"player_experience":211245,"relics_obtained":[{"floor":8,"key":"Charon\u0027s Ashes"},{"floor":9,"key":"Bottled Flame"},{"floor":24,"key":"Bag of Marbles"},{"floor":26,"key":"Eternal Feather"},{"floor":29,"key":"Red Mask"},{"floor":41,"key":"InkBottle"},{"floor":41,"key":"Frozen Egg 2"},{"floor":44,"key":"Mango"}],"event_choices":[{"damage_healed":0,"gold_gain":0,"player_choice":"Got Potions","damage_taken":0,"max_hp_gain":0,"max_hp_loss":0,"event_name":"Lab","floor":2,"gold_loss":0},{"damage_healed":0,"gold_gain":0,"player_choice":"Entered Light","damage_taken":16,"max_hp_gain":0,"max_hp_loss":0,"event_name":"Shining Light","floor":5,"gold_loss":0,"cards_upgraded":["Headbutt","Bash"]},{"damage_healed":0,"gold_gain":0,"cards_transformed":["Strike_R","Strike_R"],"player_choice":"Became Test Subject","damage_taken":0,"max_hp_gain":0,"max_hp_loss":0,"event_name":"Drug Dealer","floor":20,"gold_loss":0,"cards_obtained":["Anger","Flex"]},{"damage_healed":0,"gold_gain":0,"player_choice":"Shed Blood","damage_taken":21,"max_hp_gain":5,"max_hp_loss":0,"event_name":"Forgotten Altar","floor":21,"gold_loss":0},{"damage_healed":29,"gold_gain":0,"player_choice":"Heal","damage_taken":0,"max_hp_gain":0,"max_hp_loss":0,"event_name":"The Library","floor":22,"gold_loss":0},{"damage_healed":0,"gold_gain":0,"player_choice":"Fought Bandits","damage_taken":0,"max_hp_gain":0,"max_hp_loss":0,"event_name":"Masked Bandits","floor":29,"gold_loss":0},{"damage_healed":0,"gold_gain":0,"player_choice":"Ignored","damage_taken":0,"max_hp_gain":0,"max_hp_loss":0,"event_name":"Ghosts","floor":31,"gold_loss":0},{"damage_healed":0,"gold_gain":0,"player_choice":"Rummage","damage_taken":0,"relics_obtained":["WarpedTongs"],"max_hp_gain":0,"max_hp_loss":0,"event_name":"Accursed Blacksmith","floor":37,"gold_loss":0,"cards_obtained":["Pain"]},{"damage_healed":23,"gold_gain":0,"player_choice":"Writhe","damage_taken":0,"max_hp_gain":0,"max_hp_loss":0,"event_name":"Winding Halls","floor":39,"gold_loss":0,"cards_obtained":["Writhe"]},{"damage_healed":0,"gold_gain":0,"player_choice":"Fight","damage_taken":0,"max_hp_gain":0,"max_hp_loss":0,"event_name":"MindBloom","floor":44,"gold_loss":0}],"is_beta":false,"boss_relics":[{"not_picked":["Philosopher\u0027s Stone","Sozu"],"picked":"Snecko Eye"},{"not_picked":["Runic Dome","Fusion Hammer"],"picked":"Black Star"}],"items_purged_floors":[12],"is_endless":false,"potions_floor_spawned":[7,8,16,19,24,28,29,38,42],"killed_by":"Giant Head","ascension_level":0}}