{"host":"1bvadgc0hovl67h4","time":1612585719,"event":{"mods":["BaseMod","Colored Map","Downfall","Hermit","Minty Spire (QoL Compilation)","StSLib","The Cursed"],"gold_per_floor":[99,116,130,115,115,215,239,236,261,348,260,286,298,310,336,453,465,477,504,516,528,566,578,590,622,647,686,598,625,241,261,280,382,382,382,395,421,436,436,448,448,448,448,448],"floor_reached":42,"language":"ENG","playtime":2919,"items_purged":[],"score":408,"play_id":"57841178-48cd-4220-be8d-c9c04b343c9d","local_time":"20210205202839","is_ascension_mode":false,"campfire_choices":[{"floor":1.0,"key":"RECALL"},{"data":"Finesse","floor":11.0,"key":"SMITH"},{"data":"Slimebound:SplitSpecialist","floor":13.0,"key":"SMITH"},{"data":"Slimebound:RallyTheTroops","floor":18,"key":"SMITH"},{"data":"Slimebound:GrowthPunch","floor":28,"key":"SMITH"},{"data":"Slimebound:OozeBath","floor":35,"key":"SMITH"}],"circlet_count":0,"master_deck":["Slimebound:Strike_Slimebound","Slimebound:Strike_Slimebound","Slimebound:Defend_Slimebound","Slimebound:Defend_Slimebound","Slimebound:Defend_Slimebound","Slimebound:Split+1","Slimebound:CorrosiveSpit","Finesse+1","Slimebound:GrowthPunch+1","Slimebound:SplitSpecialist+1","Slimebound:GoopSpray+1","Slimebound:RallyTheTroops+1","Slimebound:Schlurp+1","Slimebound:AcidTongue+1","Slimebound:TongueLash","Slimebound:Gluttony","Slimebound:Dissolve","Slimebound:LeechEnergy+1","Slimebound:Prepare","Slimebound:LeadByExample","Slimebound:SlimeBarrage+1","Slimebound:OozeBath+1","Slimebound:Equalize+1","Slimebound:SplitSpecialist"],"relics":["Slimebound:AbsorbEndCombat","MawBank","downfall:HeartBlessingRed","Astrolabe","Ice Cream","Happy Flower","downfall:HeartBlessingBlue","Calipers","Sozu","Dream Catcher","Juzu Bracelet"],"acts_visited":["Exordium","TheCity","TheBeyond"],"potions_floor_usage":[27,29,42],"damage_taken":[{"damage":9.0,"enemies":"Jaw Worm","floor":2.0,"turns":4.0},{"damage":3.0,"enemies":"Small Slimes","floor":3.0,"turns":4.0},{"damage":2.0,"enemies":"downfall:FleeingMerchant","floor":4.0,"turns":4.0},{"damage":5.0,"enemies":"downfall:FleeingMerchant","floor":8.0,"turns":4.0},{"damage":2.0,"enemies":"2 Louse","floor":9.0,"turns":3.0},{"damage":10.0,"enemies":"3 Louse","floor":12.0,"turns":4.0},{"damage":7.0,"enemies":"Blue Slaver","floor":15.0,"turns":4.0},{"damage":7.0,"enemies":"SI_SHIV_ARCHETYPE","floor":16.0,"turns":8.0},{"damage":12,"enemies":"3 Byrds","floor":19,"turns":5},{"damage":6,"enemies":"Chosen","floor":25,"turns":5},{"damage":0,"enemies":"Snecko","floor":26,"turns":4},{"damage":40,"enemies":"Slavers","floor":27,"turns":6},{"damage":13,"enemies":"Snake Plant","floor":29,"turns":3},{"damage":0,"enemies":"downfall:FleeingMerchant","floor":30,"turns":4},{"damage":11,"enemies":"Cultist and Chosen","floor":31,"turns":6},{"damage":1,"enemies":"Snecko","floor":32,"turns":4},{"damage":26,"enemies":"IC_MUSHROOM_ARCHETYPE","floor":33,"turns":8},{"damage":39,"enemies":"3 Darklings","floor":36,"turns":5},{"damage":19,"enemies":"Orb Walker","floor":38,"turns":3},{"damage":17,"enemies":"Spire Growth","floor":40,"turns":4},{"damage":64,"enemies":"Reptomancer","floor":42,"turns":3}],"seed_played":"41197160593145081","potions_obtained":[{"floor":3.0,"key":"champ:CounterPotion"},{"floor":9.0,"key":"ColorlessPotion"},{"floor":12.0,"key":"Slimebound:SlimyTonguePotion"},{"floor":26,"key":"Explosive Potion"},{"floor":27,"key":"Regen Potion"},{"floor":31,"key":"ColorlessPotion"},{"floor":32,"key":"DuplicationPotion"},{"floor":33,"key":"BlessingOfTheForge"}],"is_trial":false,"path_per_floor":["R","M","M","$","?","?","T","$","M","?","R","M","R","?","M","B",null,"R","M","?","?","T","?","T","M","M","E","R","M","$","M","M","B",null,"R","M","?","M","?","M","T","E"],"character_chosen":"SLIMEBOUND","items_purchased":["Slimebound:LeadByExample","Calipers"],"campfire_rested":0,"item_purchase_floors":[30,30],"current_hp_per_floor":[65,62,65,65,65,65,65,64,64,64,64,60,60,60,57,58,65,65,57,57,57,57,57,57,55,61,29,39,41,49,46,51,33,75,75,44,44,43,35,38,38,0,0,0],"gold":448,"neow_bonus":"RANDOM_COLORLESS","is_daily":false,"chose_seed":false,"campfire_upgraded":5,"win_rate":0.0,"timestamp":1612585719,"path_taken":["R","M","M","$","?","?","T","?","M","?","R","?","R","?","M","BOSS","R","M","?","?","?","?","T","M","M","E","R","M","$","M","M","BOSS","R","M","?","M","?","M","T","E"],"items_purchased_type":["Card","Relic"],"build_version":"2020-12-22","purchased_purges":0,"victory":false,"max_hp_per_floor":[65,65,65,65,65,65,65,65,65,65,65,65,65,65,65,65,65,65,65,65,65,65,65,65,65,65,65,75,75,75,75,75,75,75,75,75,75,75,75,75,75,75,75,75],"card_choices":[{"not_picked":["Blind","Swift Strike"],"picked":"Finesse","floor":0.0},{"not_picked":["Slimebound:DisruptingSlam","Slimebound:LevelUp"],"picked":"Slimebound:GrowthPunch","floor":2.0},{"not_picked":["Slimebound:Prepare","Slimebound:LeechEnergy","Slimebound:RainOfGoop"],"picked":"SKIP","floor":3.0},{"not_picked":["Slimebound:RollThrough","Slimebound:PressTheAttack","Slimebound:Recycling"],"picked":"SKIP","floor":4.0},{"not_picked":["Slimebound:LivingWall","Slimebound:Dissolve","Slimebound:HungryTackle"],"picked":"SKIP","floor":8.0},{"not_picked":["Slimebound:ProtectTheBoss","Slimebound:FinishingTackle"],"picked":"Slimebound:SplitSpecialist","floor":9.0},{"not_picked":["Slimebound:Prepare","Slimebound:SamplingLick"],"picked":"Slimebound:GoopSpray","floor":12.0},{"not_picked":["Slimebound:FinishingTackle","Slimebound:Dissolve","Slimebound:LeechEnergy"],"picked":"SKIP","floor":15.0},{"not_picked":["Slimebound:Teamwork","Slimebound:WasteNot"],"picked":"Slimebound:RallyTheTroops","floor":16.0},{"not_picked":["Slimebound:GoopTackle","Slimebound:LeechingTouch"],"picked":"Slimebound:TongueLash","floor":19},{"not_picked":["Slimebound:BestDefense","Slimebound:FlameTackle","Slimebound:SlimeBrawl"],"picked":"SKIP","floor":25},{"not_picked":["Slimebound:RejuvenatingLick","Slimebound:FormOfPuddle"],"picked":"Slimebound:Dissolve","floor":26},{"not_picked":["Slimebound:SplitAcid","Slimebound:PressTheAttack"],"picked":"Slimebound:LeechEnergy+1","floor":27},{"not_picked":["Slimebound:PressTheAttack","Slimebound:TongueLash"],"picked":"Slimebound:Prepare","floor":29},{"not_picked":["Slimebound:ItLooksTasty","Slimebound:SlimeSlap","Slimebound:SlimeBarrage+1"],"picked":"SKIP","floor":30},{"not_picked":["Slimebound:LivingWall","Slimebound:HauntingLick+1"],"picked":"Slimebound:SlimeBarrage+1","floor":31},{"not_picked":["Slimebound:Nibble","Slimebound:Prepare","Slimebound:SamplingLick"],"picked":"SKIP","floor":32},{"not_picked":["Slimebound:Darklings","Slimebound:SelfFormingGoo"],"picked":"Slimebound:OozeBath","floor":33},{"not_picked":["Slimebound:TongueLash","Slimebound:LevelUp"],"picked":"Slimebound:Equalize+1","floor":36},{"not_picked":["Slimebound:FormOfPuddle","Slimebound:PressTheAttack+1"],"picked":"Slimebound:SplitSpecialist","floor":38},{"not_picked":["Slimebound:HauntingLick","Slimebound:Replication+1","Slimebound:FlameTackle"],"picked":"SKIP","floor":40}],"player_experience":235712,"relics_obtained":[{"floor":7.0,"key":"MawBank"},{"floor":24,"key":"Ice Cream"},{"floor":27,"key":"Happy Flower"},{"floor":37,"key":"Dream Catcher"},{"floor":41,"key":"Juzu Bracelet"}],"event_choices":[{"damage_healed":0.0,"max_hp_gain":0.0,"max_hp_loss":0.0,"gold_gain":0.0,"event_name":"Living Wall","player_choice":"Grow","floor":5.0,"gold_loss":0.0,"damage_taken":0.0,"cards_upgraded":["Slimebound:Split"]},{"damage_healed":0,"gold_gain":0,"player_choice":"Ignored","damage_taken":0,"max_hp_gain":0,"max_hp_loss":0,"event_name":"Vampires","floor":21,"gold_loss":0},{"damage_healed":0,"gold_gain":0,"player_choice":"Read","damage_taken":0,"max_hp_gain":0,"max_hp_loss":0,"event_name":"The Library","floor":23,"gold_loss":0,"cards_obtained":["Slimebound:Gluttony"]}],"is_beta":false,"boss_relics":[{"not_picked":["Busted Crown","Runic Dome"],"picked":"Astrolabe"},{"not_picked":["Runic Pyramid","Snecko Eye"],"picked":"Sozu"}],"items_purged_floors":[],"is_endless":false,"potions_floor_spawned":[3,9,12,26,27,31,32,33,40],"killed_by":"Reptomancer","ascension_level":0}}