{"host":"f5gffvlv6a66yqkd","time":1612635576,"event":{"mods":["2.2 Compatiblity","BaseMod","Colored Map","Custom Start","DeckTracker","Keyboard Shortcuts","Minty Spire (QoL Compilation)","Permanent Neow","Quick Restart","Relic Stats","StSLib","SuperFastMode"],"gold_per_floor":[368,387,59,74,74,74,91,107,107,139,139,150,150,163,163,237,237,257,69,119,119,132,132,132,183,236,256,181,181,15,32,32,105,105,123,136,32,32,43,43,69,89,89,109,109,109],"floor_reached":45,"language":"KOR","playtime":1022,"items_purged":["Strike_B","Defend_B"],"score":898,"play_id":"6a16e26a-cf0a-4fe5-aa17-c200e27314f3","local_time":"20210207031936","is_ascension_mode":true,"campfire_choices":[{"data":"Dualcast","floor":6.0,"key":"SMITH"},{"floor":11.0,"key":"REST"},{"floor":15.0,"key":"REST"},{"floor":23.0,"key":"REST"},{"floor":29.0,"key":"REST"},{"floor":32.0,"key":"REST"},{"data":"Double Energy","floor":40.0,"key":"SMITH"}],"circlet_count":0,"master_deck":["AscendersBane","Defend_B","Zap","Dualcast+1","Cold Snap","Conserve Battery","Doom and Gloom","Ball Lightning","Compile Driver","Storm+1","Redo","Biased Cognition+1","Fusion+1","Streamline+1","All For One+1","Undo","Double Energy+1","Heatsinks+1","FTL","FTL","Creative AI+1","Defragment+1","Glacier+1","Heatsinks+1"],"relics":["Cracked Core","Bronze Scales","Kunai","Frozen Egg 2","Pantograph","Astrolabe","Omamori","Membership Card","Sozu","OrangePellets","Gremlin Horn","Ornamental Fan"],"acts_visited":["Exordium","TheCity","TheBeyond"],"potions_floor_usage":[45],"damage_taken":[{"damage":11.0,"enemies":"Small Slimes","floor":1.0,"turns":4.0},{"damage":2.0,"enemies":"2 Louse","floor":2.0,"turns":2.0},{"damage":0.0,"enemies":"Cultist","floor":4.0,"turns":4.0},{"damage":0.0,"enemies":"2 Fungi Beasts","floor":7.0,"turns":3.0},{"damage":13.0,"enemies":"Blue Slaver","floor":8.0,"turns":2.0},{"damage":13.0,"enemies":"3 Sentries","floor":10.0,"turns":3.0},{"damage":1.0,"enemies":"Looter","floor":12.0,"turns":2.0},{"damage":0.0,"enemies":"Gremlin Gang","floor":13.0,"turns":1.0},{"damage":12.0,"enemies":"Exordium Thugs","floor":14.0,"turns":3.0},{"damage":47.0,"enemies":"Slime Boss","floor":16.0,"turns":6.0},{"damage":25.0,"enemies":"3 Byrds","floor":18.0,"turns":3.0},{"damage":11.0,"enemies":"Spheric Guardian","floor":22.0,"turns":3.0},{"damage":24.0,"enemies":"Snake Plant","floor":27.0,"turns":3.0},{"damage":17.0,"enemies":"Snecko","floor":31.0,"turns":4.0},{"damage":17.0,"enemies":"Automaton","floor":33.0,"turns":7.0},{"damage":32.0,"enemies":"Orb Walker","floor":35.0,"turns":3.0},{"damage":15.0,"enemies":"3 Shapes","floor":36.0,"turns":3.0},{"damage":12.0,"enemies":"Writhing Mass","floor":39.0,"turns":5.0},{"damage":8.0,"enemies":"Giant Head","floor":41.0,"turns":9.0},{"damage":18.0,"enemies":"Maw","floor":42.0,"turns":6.0},{"damage":0.0,"enemies":"3 Darklings","floor":44.0,"turns":4.0},{"damage":37,"enemies":"Reptomancer","floor":45,"turns":4}],"seed_played":"6037493408402604000","potions_obtained":[{"floor":1.0,"key":"SteroidPotion"},{"floor":7.0,"key":"GamblersBrew"},{"floor":12.0,"key":"EntropicBrew"},{"floor":14.0,"key":"Regen Potion"},{"floor":18.0,"key":"SteroidPotion"},{"floor":21.0,"key":"AttackPotion"},{"floor":22.0,"key":"PowerPotion"},{"floor":33.0,"key":"BlessingOfTheForge"}],"is_trial":false,"path_per_floor":["M","M","$","M","?","R","M","M","T","E","R","M","M","M","R","B",null,"M","$","?","?","M","R","?","T","T","M","?","R","$","M","R","B",null,"M","M","$","?","M","R","E","M","T","M","E"],"character_chosen":"DEFECT","items_purchased":["Bronze Scales","Doom and Gloom","Double Energy","Membership Card","OrangePellets","Defragment+1"],"campfire_rested":5,"item_purchase_floors":[3,3,19,30,37,37],"current_hp_per_floor":[35,33,33,33,28,28,28,15,15,2,23,22,22,10,31,9,56,36,36,36,36,25,46,46,46,46,22,22,43,43,26,47,54,67,35,20,20,71,59,59,51,33,33,33,0,0],"gold":109,"neow_bonus":"TWO_FIFTY_GOLD","is_daily":false,"chose_seed":false,"campfire_upgraded":2,"win_rate":0.0,"timestamp":1612635576,"path_taken":["M","M","$","M","?","R","M","M","T","E","R","M","M","M","R","BOSS","M","$","?","?","?","R","?","?","T","M","?","R","?","M","R","BOSS","M","?","$","?","?","R","E","M","T","M","E"],"items_purchased_type":["Relic","Card","Card","Relic","Relic","Card"],"build_version":"2020-12-22","purchased_purges":2,"victory":false,"max_hp_per_floor":[71,71,71,71,71,71,71,71,71,71,71,71,71,71,71,71,71,71,71,71,71,71,71,71,71,71,71,71,71,71,71,71,71,71,71,71,71,71,71,71,71,71,71,71,71,71],"relic_stats":{"Sozu":2,"OrangePellets":[11],"Gremlin Horn":[8,8],"counters":[22,84],"Ornamental Fan":[24],"Bronze Scales":[193],"Pantograph":49,"Astrolabe":["Fusion","Streamline","All For One"],"Kunai":[18],"obtain_stats":[{"Sozu":34,"OrangePellets":37,"Gremlin Horn":41,"Ornamental Fan":43,"Bronze Scales":3,"Pantograph":10,"Astrolabe":17,"Omamori":25,"Kunai":5,"Membership Card":30,"Frozen Egg 2":9,"Cracked Core":0},{"Sozu":15,"OrangePellets":17,"Gremlin Horn":19,"Ornamental Fan":20,"Bronze Scales":2,"Pantograph":6,"Astrolabe":10,"Omamori":12,"Kunai":3,"Membership Card":13,"Frozen Egg 2":5,"Cracked Core":0},{"Sozu":50,"OrangePellets":56,"Gremlin Horn":70,"Ornamental Fan":76,"Bronze Scales":6,"Pantograph":18,"Astrolabe":30,"Omamori":36,"Kunai":10,"Membership Card":39,"Frozen Egg 2":15,"Cracked Core":0}]},"card_choices":[{"not_picked":["Melter","Coolheaded"],"picked":"Cold Snap","floor":1.0},{"not_picked":["Fusion","Steam"],"picked":"Conserve Battery","floor":2.0},{"not_picked":["Barrage","Redo"],"picked":"Ball Lightning","floor":4.0},{"not_picked":["Steam","Tempest","Ball Lightning"],"picked":"SKIP","floor":7.0},{"not_picked":["Cold Snap","Gash"],"picked":"Compile Driver","floor":8.0},{"not_picked":["Thunder Strike","Heatsinks+1","Beam Cell"],"picked":"SKIP","floor":10.0},{"not_picked":["Steam","Chaos"],"picked":"Storm+1","floor":12.0},{"not_picked":["Rip and Tear","Barrage"],"picked":"Redo","floor":14.0},{"not_picked":["Rainbow","Echo Form+1"],"picked":"Biased Cognition+1","floor":16.0},{"not_picked":["Sweeping Beam","Gash"],"picked":"Undo","floor":18.0},{"not_picked":["Doom and Gloom","BootSequence"],"picked":"Heatsinks+1","floor":22.0},{"not_picked":["Recycle","Cold Snap"],"picked":"FTL","floor":27.0},{"not_picked":["Genetic Algorithm","Double Energy"],"picked":"FTL","floor":31.0},{"not_picked":["Hyperbeam","Fission"],"picked":"Creative AI+1","floor":33.0},{"not_picked":["Gash","Blizzard","Redo"],"picked":"SKIP","floor":35.0},{"not_picked":["Cold Snap","Ball Lightning","Reprogram"],"picked":"SKIP","floor":36.0},{"not_picked":["Conserve Battery","Barrage"],"picked":"Glacier+1","floor":39.0},{"not_picked":["Stack","Steam+1","Coolheaded"],"picked":"SKIP","floor":41.0},{"not_picked":["Rebound","Gash+1","Leap"],"picked":"SKIP","floor":42.0},{"not_picked":["Static Discharge+1","Rebound"],"picked":"Heatsinks+1","floor":44.0}],"player_experience":1689749,"relics_obtained":[{"floor":9.0,"key":"Frozen Egg 2"},{"floor":10.0,"key":"Pantograph"},{"floor":25.0,"key":"Omamori"},{"floor":41.0,"key":"Gremlin Horn"},{"floor":43.0,"key":"Ornamental Fan"}],"event_choices":[{"damage_healed":0.0,"max_hp_gain":0.0,"max_hp_loss":0.0,"gold_gain":0.0,"event_name":"Scrap Ooze","player_choice":"Success","floor":5.0,"gold_loss":0.0,"damage_taken":5.0,"relics_obtained":["Kunai"]},{"damage_healed":0.0,"max_hp_gain":0.0,"max_hp_loss":0.0,"gold_gain":50.0,"event_name":"Nest","player_choice":"Stole From Cult","floor":20.0,"gold_loss":0.0,"damage_taken":0.0},{"damage_healed":0.0,"max_hp_gain":0.0,"max_hp_loss":0.0,"gold_gain":0.0,"event_name":"Lab","player_choice":"Got Potions","floor":21.0,"gold_loss":0.0,"damage_taken":0.0},{"cards_removed":["Defend_B"],"damage_healed":0.0,"max_hp_gain":0.0,"max_hp_loss":0.0,"gold_gain":0.0,"event_name":"Back to Basics","player_choice":"Elegance","floor":24.0,"gold_loss":0.0,"damage_taken":0.0},{"cards_removed":["Defend_B"],"damage_healed":0.0,"max_hp_gain":0.0,"max_hp_loss":0.0,"gold_gain":0.0,"event_name":"Beggar","player_choice":"Gave Gold","floor":28.0,"gold_loss":75.0,"damage_taken":0.0},{"damage_healed":51.0,"max_hp_gain":0.0,"max_hp_loss":0.0,"gold_gain":0.0,"event_name":"Wheel of Change","player_choice":"Full Heal","floor":38.0,"gold_loss":0.0,"damage_taken":0.0}],"is_beta":false,"boss_relics":[{"not_picked":["Philosopher\u0027s Stone","Calling Bell"],"picked":"Astrolabe"},{"not_picked":["SacredBark","Empty Cage"],"picked":"Sozu"}],"items_purged_floors":[3,19],"is_endless":false,"potions_floor_spawned":[1,7,8,12,13,14,18,22,33,36,42],"killed_by":"Reptomancer","ascension_level":20}}