{"host":"9qqzuwmq0ewk38qb","time":1612602154,"event":{"mods":["BaseMod","Downfall","Highlight Path","Marisa????????","Minty Spire (QoL Compilation)","StSLib","The Jungle","The Servant 0.9.4"],"gold_per_floor":[116,46,65,83,102,102,102,102,127,137,151,161,161,179,179,179,179],"floor_reached":16,"language":"ENG","playtime":1202,"items_purged":[],"score":96,"play_id":"c4621ec9-4bcc-4196-8147-5da42f25af86","local_time":"20210206010234","is_ascension_mode":false,"campfire_choices":[{"data":"Vigilance","floor":6,"key":"SMITH"},{"floor":15,"key":"REST"}],"circlet_count":0,"master_deck":["Strike_P+1","Strike_P","Strike_P","Strike_P","Defend_P","Defend_P","Eruption","Vigilance+1","Tantrum+1","Vengeance","Weave","BattleHymn","Parasite","BowlingBash","Adaptation","Perseverance"],"relics":["Empty Cage","Whetstone"],"acts_visited":["Exordium"],"potions_floor_usage":[10,12,12],"damage_taken":[{"damage":0,"enemies":"Jaw Worm","floor":1,"turns":4},{"damage":0,"enemies":"Small Slimes","floor":3,"turns":2},{"damage":7,"enemies":"Cultist","floor":4,"turns":3},{"damage":3,"enemies":"2 Fungi Beasts","floor":5,"turns":2},{"damage":0,"enemies":"Blue Slaver","floor":10,"turns":1},{"damage":20,"enemies":"Looter","floor":11,"turns":2},{"damage":25,"enemies":"Large Slime","floor":12,"turns":3},{"damage":0,"enemies":"Exordium Wildlife","floor":14,"turns":3},{"damage":74,"enemies":"Hexaghost","floor":16,"turns":9}],"seed_played":"-1238252266698203224","potions_obtained":[{"floor":1,"key":"Ambrosia"},{"floor":3,"key":"hexamod:SoulburnPotion"},{"floor":5,"key":"FairyPotion"},{"floor":11,"key":"SkillPotion"}],"is_trial":false,"path_per_floor":["M","$","M","M","M","R","?","?","T","M","M","M","?","M","R","B"],"character_chosen":"WATCHER","items_purchased":["Vengeance"],"campfire_rested":1,"item_purchase_floors":[2],"current_hp_per_floor":[72,72,72,65,62,62,72,72,72,72,52,27,27,27,48,0,0],"gold":179,"neow_bonus":"BOSS_RELIC","is_daily":false,"chose_seed":false,"campfire_upgraded":1,"win_rate":0.0,"timestamp":1612602154,"path_taken":["M","$","M","M","M","R","?","?","T","?","M","M","?","M","R","BOSS"],"items_purchased_type":["Card"],"build_version":"2020-12-22","purchased_purges":0,"victory":false,"max_hp_per_floor":[72,72,72,72,72,72,72,72,72,72,72,72,72,72,72,72,72],"card_choices":[{"not_picked":["WheelKick","LikeWater"],"picked":"Tantrum","floor":1},{"not_picked":["InnerPeace","FollowUp"],"picked":"EmptyBody","floor":3},{"not_picked":["Fasting2","BowlingBash"],"picked":"Weave","floor":4},{"not_picked":["Protect","ThirdEye"],"picked":"BattleHymn","floor":5},{"not_picked":["Consecrate","TalkToTheHand"],"picked":"BowlingBash","floor":10},{"not_picked":["Crescendo","ClearTheMind"],"picked":"Adaptation","floor":11},{"not_picked":["WreathOfFlame","InnerPeace"],"picked":"Perseverance","floor":12},{"not_picked":["Scrawl","Consecrate","FollowUp"],"picked":"SKIP","floor":14}],"player_experience":540851,"relics_obtained":[{"floor":9,"key":"Whetstone"}],"event_choices":[{"damage_healed":18,"gold_gain":0,"player_choice":"Healed and dodged fight","damage_taken":0,"max_hp_gain":0,"max_hp_loss":0,"event_name":"Mushrooms","floor":7,"gold_loss":0,"cards_obtained":["Parasite"]},{"cards_removed":["EmptyBody"],"damage_healed":5,"gold_gain":0,"player_choice":"Offered Common","damage_taken":0,"max_hp_gain":0,"max_hp_loss":0,"event_name":"Bonfire Elementals","floor":8,"gold_loss":0},{"cards_removed":["EmptyBody"],"damage_healed":5,"gold_gain":0,"player_choice":"Offered Special","damage_taken":0,"max_hp_gain":0,"max_hp_loss":0,"event_name":"Bonfire Elementals","floor":8,"gold_loss":0},{"damage_healed":0,"gold_gain":0,"player_choice":"Fled","damage_taken":0,"max_hp_gain":0,"max_hp_loss":0,"event_name":"Scrap Ooze","floor":13,"gold_loss":0}],"is_beta":false,"boss_relics":[],"items_purged_floors":[],"is_endless":false,"potions_floor_spawned":[1,3,5,11],"killed_by":"Hexaghost","ascension_level":0}}