{"host":"u7bb6mvzuirwfcqo","time":1612631047,"event":{"mods":["2.2 Compatiblity","AchievementEnabler","BaseMod","Card Forge","Downfall","Hermit","Minty Spire (QoL Compilation)","Relic Stats","Replay The Spire","StSLib"],"gold_per_floor":[99,111,128,128,148,148,148,148,248,248,9,23,23,35,48,147,147,147,163,178,197,197,147,171,171,182,182,195,28,28,48,58,153,153,153,163,163,163,175,214,214,226,226,260,274,299,199,233,247,247],"floor_reached":51,"language":"ENG","playtime":4063,"items_purged":["downfall:Bewildered"],"score":781,"play_id":"101b426b-f24d-4a65-8333-a4cc655935a7","local_time":"20210206120407","is_ascension_mode":false,"campfire_choices":[{"floor":1.0,"key":"DIG"},{"data":"champ:Taunt","floor":8.0,"key":"SMITH"},{"data":"champ:Improvising","floor":18.0,"key":"SMITH"},{"data":"champ:SkillfulDodge","floor":30,"key":"SMITH"},{"data":"champ:TripleStrike","floor":35,"key":"SMITH"},{"data":"champ:GladiatorForm","floor":43,"key":"SMITH"},{"data":"Pot Of Greed","floor":47,"key":"SMITH"}],"circlet_count":0,"master_deck":["champ:Defend","champ:Defend","champ:Defend","champ:Defend","champ:Execute","champ:Taunt+1","champ:CrownThrow","champ:Backstep","champ:Haymaker","champ:Shatter","champ:ShieldThrow","champ:IronFortress","champ:PreciseThrust","champ:SkillfulDodge+1","champ:FanOfKnives","champ:Improvising+1","champ:BerserkersShout+1","champ:CrownThrow+1","champ:ShieldSlam+1","champ:Circumvent+1","champ:HeartStrike+1","champ:FancyFootwork","champ:Haymaker","champ:IronFortress","champ:TripleStrike+1","champ:FlashCut+1","champ:TornadoPunch+1","champ:PreciseThrust+1","champ:GladiatorForm+1","champ:DefensiveShout","champ:BringItOn","Pot Of Greed+1","Pot Of Greed","Pot Of Greed","champ:BringItOn+1","champ:StanceDance+1","champ:FalseCounter"],"relics":["champ:ChampionCrown","Hammer of Thor","Seething Fire","Anvil of the Gods","HornCleat","Mercury Hourglass","Champion Belt","champ:DefensiveTrainingManual","Ring of Chaos","Replay:Mystery Machine","sneckomod:BabySnecko","Sozu","Molten Egg 2","Membership Card","Unceasing Top","Darkstone Periapt","ReplayTheSpireMod:Shallot","Grinning Jar","downfall:HeartBlessingGreen","InkBottle"],"acts_visited":["Exordium","TheCity","TheBeyond"],"potions_floor_usage":[50,50,50],"damage_taken":[{"damage":13.0,"enemies":"Small Slimes","floor":2.0,"turns":4.0},{"damage":34.0,"enemies":"Jaw Worm","floor":3.0,"turns":4.0},{"damage":10.0,"enemies":"2 Louse","floor":5.0,"turns":3.0},{"damage":10.0,"enemies":"2 Louse","floor":9.0,"turns":4.0},{"damage":10.0,"enemies":"downfall:FleeingMerchant","floor":11.0,"turns":4.0},{"damage":0.0,"enemies":"3 Louse","floor":12.0,"turns":2.0},{"damage":15.0,"enemies":"Lots of Slimes","floor":14.0,"turns":3.0},{"damage":10.0,"enemies":"Blue Slaver","floor":15.0,"turns":4.0},{"damage":57.0,"enemies":"DF_ARCHETYPE_STREAMLINE","floor":16.0,"turns":9.0},{"damage":0.0,"enemies":"Spheric Guardian","floor":19.0,"turns":3.0},{"damage":30.0,"enemies":"Centurion and Healer","floor":20.0,"turns":6.0},{"damage":17.0,"enemies":"Snake Plant","floor":21.0,"turns":4.0},{"damage":15.0,"enemies":"3 Cultists","floor":26.0,"turns":4.0},{"damage":35.0,"enemies":"Sentry and Sphere","floor":28.0,"turns":5.0},{"damage":0.0,"enemies":"downfall:FleeingMerchant","floor":29.0,"turns":4.0},{"damage":13,"enemies":"Snake Plant","floor":31,"turns":4},{"damage":23,"enemies":"Shelled Parasite and Fungi","floor":32,"turns":3},{"damage":36,"enemies":"WA_ARCHETYPE_CALM","floor":33,"turns":8},{"damage":15,"enemies":"Orb Walker","floor":36,"turns":3},{"damage":25,"enemies":"3 Shapes","floor":39,"turns":4},{"damage":15,"enemies":"downfall:FleeingMerchant","floor":40,"turns":4},{"damage":26,"enemies":"3 Darklings","floor":42,"turns":4},{"damage":66,"enemies":"R_Hoarder","floor":44,"turns":8},{"damage":20,"enemies":"Sphere and 2 Shapes","floor":45,"turns":4},{"damage":26,"enemies":"Reptomancer","floor":46,"turns":8},{"damage":11,"enemies":"R_Hoarder","floor":48,"turns":5},{"damage":15,"enemies":"Jaw Worm Horde","floor":49,"turns":3},{"damage":35,"enemies":"IC_BLOCK_ARCHETYPE","floor":50,"turns":8}],"seed_played":"-5338883371826807742","potions_obtained":[{"floor":5.0,"key":"Reflective Coating"},{"floor":12.0,"key":"sneckomod:MuddlingPotion"},{"floor":14.0,"key":"Block Potion"},{"floor":16.0,"key":"CultistPotion"}],"is_trial":false,"path_per_floor":["R","M","M","?","M","?","T","R","?","?","$","M","?","M","M","B",null,"R","M","M","M","?","?","T","?","M","?","M","$","R","M","M","B",null,"R","M","?","?","M","$","T","M","R","E","M","E","R","E","M","B",null],"character_chosen":"THE_CHAMP","items_purchased":["champ:IronFortress","champ:DefensiveTrainingManual","champ:FancyFootwork","Membership Card","Unceasing Top"],"campfire_rested":0,"item_purchase_floors":[11,11,29,40,40],"current_hp_per_floor":[99,96,82,82,82,82,82,82,82,82,82,82,87,77,77,45,104,104,104,79,67,67,103,103,103,103,103,78,78,78,65,52,41,104,104,104,104,104,94,94,94,83,83,62,47,46,46,45,45,45],"gold":247,"neow_bonus":"TEN_PERCENT_HP_BONUS","is_daily":false,"chose_seed":false,"campfire_upgraded":6,"win_rate":0.0,"timestamp":1612631047,"path_taken":["R","M","M","?","M","?","T","R","?","?","$","M","?","M","M","BOSS","R","M","M","M","?","?","T","?","?","?","M","$","R","M","M","BOSS","R","M","?","?","M","$","T","?","R","E","M","E","R","E","M","BOSS"],"items_purchased_type":["Card","Relic","Card","Relic","Relic"],"build_version":"2020-12-22","purchased_purges":1,"victory":true,"max_hp_per_floor":[99,99,99,99,99,99,99,99,99,99,99,99,104,104,104,104,104,104,104,104,104,104,104,104,104,104,104,104,104,104,104,104,104,104,104,104,104,104,104,104,104,104,104,104,104,104,104,104,104,104],"relic_stats":{"Sozu":3,"Darkstone Periapt":0,"counters":[28,126],"Champion Belt":[31],"obtain_stats":[{"Darkstone Periapt":41,"champ:ChampionCrown":0,"downfall:HeartBlessingGreen":47,"Hammer of Thor":0,"Ring of Chaos":17,"Seething Fire":0,"Replay:Mystery Machine":24,"Mercury Hourglass":7,"Sozu":34,"sneckomod:BabySnecko":27,"HornCleat":1,"downfall:BrokenWingStatue":6,"ReplayTheSpireMod:Shallot":44,"Anvil of the Gods":0,"champ:DefensiveTrainingManual":11,"Molten Egg 2":37,"Champion Belt":9,"Membership Card":40,"Grinning Jar":46,"Unceasing Top":40,"InkBottle":48},{"Darkstone Periapt":21,"champ:ChampionCrown":0,"downfall:HeartBlessingGreen":25,"Hammer of Thor":0,"Ring of Chaos":9,"Seething Fire":0,"Replay:Mystery Machine":12,"Mercury Hourglass":3,"Sozu":18,"sneckomod:BabySnecko":13,"HornCleat":0,"downfall:BrokenWingStatue":3,"ReplayTheSpireMod:Shallot":23,"Anvil of the Gods":0,"champ:DefensiveTrainingManual":5,"Molten Egg 2":19,"Champion Belt":4,"Membership Card":21,"Grinning Jar":25,"Unceasing Top":21,"InkBottle":26},{"Darkstone Periapt":87,"champ:ChampionCrown":0,"downfall:HeartBlessingGreen":110,"Hammer of Thor":0,"Ring of Chaos":36,"Seething Fire":0,"Replay:Mystery Machine":48,"Mercury Hourglass":11,"Sozu":76,"sneckomod:BabySnecko":52,"HornCleat":0,"downfall:BrokenWingStatue":11,"ReplayTheSpireMod:Shallot":99,"Anvil of the Gods":0,"champ:DefensiveTrainingManual":19,"Molten Egg 2":79,"Champion Belt":15,"Membership Card":87,"Grinning Jar":110,"Unceasing Top":87,"InkBottle":115}],"Unceasing Top":[7],"InkBottle":[7],"Mercury Hourglass":[341]},"card_choices":[{"not_picked":["champ:DefensiveShout","champ:GutPunch"],"picked":"champ:CrownThrow","floor":2.0},{"not_picked":["champ:Haymaker","champ:SkillfulDodge"],"picked":"champ:Backstep","floor":3.0},{"not_picked":["champ:PerfectedStrike","champ:EnGarde"],"picked":"champ:Haymaker","floor":5.0},{"not_picked":["champ:HeartStrike","champ:PerfectedStrike"],"picked":"champ:Shatter","floor":9.0},{"not_picked":["champ:PerfectedStrike","champ:Duel"],"picked":"champ:ShieldThrow","floor":11.0},{"not_picked":["champ:FancyFootwork","champ:Haymaker"],"picked":"champ:PreciseThrust","floor":12.0},{"not_picked":["champ:Haymaker","champ:Parry"],"picked":"champ:SkillfulDodge","floor":14.0},{"not_picked":["champ:PreciseThrust","champ:Haymaker"],"picked":"champ:FanOfKnives","floor":15.0},{"not_picked":["champ:MurderStrike","champ:HeavySlash"],"picked":"champ:Improvising","floor":16.0},{"not_picked":["champ:Shatter","champ:EnGarde+1"],"picked":"champ:BerserkersShout+1","floor":19.0},{"not_picked":["champ:SkillfulDodge","champ:Circumvent"],"picked":"champ:CrownThrow+1","floor":20.0},{"not_picked":["champ:BerserkersShout","champ:RapidStrikes","champ:Haymaker"],"picked":"SKIP","floor":21.0},{"not_picked":["champ:Circumvent","champ:AdrenalArmor"],"picked":"champ:ShieldSlam+1","floor":26.0},{"not_picked":["champ:GutPunch","champ:FocusedBerserking"],"picked":"champ:Circumvent+1","floor":28.0},{"not_picked":["champ:BladeFlurry","champ:FanOfKnives+1"],"picked":"champ:HeartStrike+1","floor":29},{"not_picked":["champ:ShieldSlam","champ:FalseCounter"],"picked":"champ:Haymaker","floor":31},{"not_picked":["champ:PreciseThrust","champ:EnragedBash"],"picked":"champ:IronFortress","floor":32},{"not_picked":["champ:CheapShot","champ:IgnorePain"],"picked":"champ:TripleStrike","floor":33},{"not_picked":["champ:HeartStrike+1","champ:FanOfKnives+1"],"picked":"champ:FlashCut+1","floor":36},{"not_picked":["champ:FancyFootwork+1","champ:BladeFlurry+1"],"picked":"champ:TornadoPunch+1","floor":39},{"not_picked":["champ:AdrenalArmor","champ:RecklessLeap+1"],"picked":"champ:PreciseThrust+1","floor":40},{"not_picked":["champ:Duel+1","champ:BringItOn+1"],"picked":"champ:GladiatorForm","floor":42},{"not_picked":["champ:TornadoPunch+1","champ:BerserkersShout+1"],"picked":"champ:DefensiveShout","floor":44},{"not_picked":["champ:CrownThrow+1","champ:FlashCut+1"],"picked":"champ:BringItOn","floor":45},{"not_picked":["champ:FocusedBerserking","champ:PreciseThrust+1"],"picked":"champ:BringItOn+1","floor":46},{"not_picked":["champ:EnGarde","champ:CrownThrow+1"],"picked":"champ:StanceDance+1","floor":48},{"not_picked":["champ:IgnorePain","champ:FocusedDefense"],"picked":"champ:FalseCounter","floor":49}],"player_experience":19483,"relics_obtained":[{"floor":1.0,"key":"HornCleat"},{"floor":7.0,"key":"Mercury Hourglass"},{"floor":9.0,"key":"Champion Belt"},{"floor":24.0,"key":"Replay:Mystery Machine"},{"floor":37,"key":"Molten Egg 2"},{"floor":41,"key":"Darkstone Periapt"},{"floor":44,"key":"ReplayTheSpireMod:Shallot"},{"floor":46,"key":"Grinning Jar"},{"floor":48,"key":"InkBottle"}],"event_choices":[{"damage_healed":0.0,"max_hp_gain":5.0,"max_hp_loss":0.0,"gold_gain":0.0,"event_name":"Big Fish","player_choice":"Donut","floor":13.0,"gold_loss":0.0,"damage_taken":0.0},{"cards_removed":["champ:Strike"],"damage_healed":0.0,"max_hp_gain":0.0,"max_hp_loss":0.0,"gold_gain":0.0,"event_name":"Bonfire Elementals","player_choice":"Offered Basic","floor":25.0,"gold_loss":0.0,"damage_taken":0.0}],"is_beta":false,"boss_relics":[{"not_picked":["Honey Jar","Replay:Ancient Bell"],"picked":"Ring of Chaos"},{"not_picked":["ReplayTheSpireMod:DimensionalGlitch","Kintsugi"],"picked":"Sozu"}],"items_purged_floors":[29],"is_endless":false,"potions_floor_spawned":[5,12,14,15,16,20,26,31,33,36,39,46],"ascension_level":0}}