{"host":"mnlj73t2ynwgq04b","time":1612618818,"event":{"mods":["100% Spire Juice","Act Like it!","AlwaysNeverKeys","BaseMod","CapriCore","Colored Map","Colored Powertips","FoggyMod","Gensokyo","GifTheSpireLib","Googly Eyes","GungeonMod","HexUI Lib","Marisa£®ÏF”Í°°ƒß¿Ì…≥£©","Minty Spire (QoL Compilation)","MostiFishMod","Permanent Neow","Quick Restart","Rare Cards Sparkle","Red Circlet Mod","Reimu£®≤©¿ˆ¡È√Œ£©","Remilia£®¿Ÿ√◊¿Ú—«£©","Shop Mod","Spicy Shops","StSLib","The Immortal","The Senshi","Yakumo Yukari mod","°æπ¶ƒ‹Mod°øªÏ„Á÷Æª∑–ﬁ∏¥≤π∂°","ÛÙª÷∏ƒœ"],"gold_per_floor":[119,145,17,46,58,70,108,120,132,177,201,213,239,284,296,407,419,447,339,363,345,204,236,236,196,250,250,7,7,7,7,7],"floor_reached":31,"language":"ZHS","playtime":1671,"items_purged":["DemoMod:Strike_Huntress","Writhe"],"score":328,"play_id":"16f29200-025b-4d06-b188-ec40c575c40a","local_time":"20210206214018","is_ascension_mode":true,"campfire_choices":[{"data":"DemoMod:PotionOfGunFriendShip","floor":6.0,"key":"SMITH"},{"floor":15,"key":"REST"},{"data":"DemoMod:HungryBullets","floor":24,"key":"SMITH"},{"data":"DemoMod:DoubleVision","floor":29,"key":"SMITH"}],"circlet_count":0,"master_deck":["DemoMod:Defend_Huntress","DemoMod:Defend_Huntress","DemoMod:Defend_Huntress","DemoMod:Roll","DemoMod:ManualReload","DemoMod:CrossBow","DemoMod:ConditionalReflex+1","DemoMod:PotionOfGunFriendShip+1","DemoMod:DoubleVision+1","DemoMod:BalloonGun","DemoMod:GunslingerForm","DemoMod:AC15+1","DemoMod:BattleInHaste","DemoMod:HungryBullets+1","DemoMod:FightSabre","DemoMod:ProbeStrike","DemoMod:ThirdPartyController","DemoMod:Eureka"],"relics":["DemoMod:Dog","DaveBox","Nloth\u0027s Gift","SynthV:TestCard","MostiFishMod:Haymaker","Ice Cream","DemoMod:Bottle","ScarletDevilRocket","DemoMod:HoleyGrail","Sozu","Gensokyo:FoxMask","MerchantsRug","AntiCross","Strawberry","Juzu Bracelet","Frozen Eye"],"acts_visited":["Gensokyo:Gensokyo","Gensokyo:Gensokyoer"],"potions_floor_usage":[],"damage_taken":[{"damage":3.0,"enemies":"Gensokyo:Python","floor":1.0,"turns":4.0},{"damage":4.0,"enemies":"Gensokyo:2_Kodama","floor":4.0,"turns":3.0},{"damage":0.0,"enemies":"Gensokyo:Mamizou","floor":7.0,"turns":8.0},{"damage":16.0,"enemies":"Gensokyo:Aya","floor":10.0,"turns":5.0},{"damage":3.0,"enemies":"Gensokyo:Gryphon","floor":11.0,"turns":2.0},{"damage":3.0,"enemies":"Gensokyo:VengefulSpirit","floor":13.0,"turns":3.0},{"damage":35,"enemies":"Gensokyo:Cirno","floor":14,"turns":6},{"damage":20,"enemies":"Gensokyo:Kokoro","floor":16,"turns":7},{"damage":7,"enemies":"Gensokyo:CosmicMonolith","floor":18,"turns":3},{"damage":4,"enemies":"Gensokyo:3_Dogs","floor":20,"turns":2},{"damage":30,"enemies":"Gensokyo:Tenshi","floor":23,"turns":3},{"damage":37,"enemies":"Gensokyo:Koishi","floor":31,"turns":2}],"seed_played":"1404402756729342715","potions_obtained":[{"floor":4.0,"key":"LiquidMemories"},{"floor":10.0,"key":"Dexterity Potion"},{"floor":14,"key":"SpeedPotion"}],"is_trial":false,"path_per_floor":["M","T","?","M","$","R","E","$","T","E","M","?","M","E","R","B",null,"M","?","M","?","$","E","R","?","T","?","$","R","COS","E"],"character_chosen":"HUNTRESS","items_purchased":["MerchantsRug","Juzu Bracelet"],"campfire_rested":1,"item_purchase_floors":[22,28],"current_hp_per_floor":[60,60,60,56,56,56,56,56,56,40,37,37,39,4,22,2,63,56,56,52,52,52,22,22,22,29,29,29,29,29,0,0],"gold":7,"neow_bonus":"REMOVE_TWO","is_daily":false,"chose_seed":false,"campfire_upgraded":3,"win_rate":0.0,"timestamp":1612618818,"path_taken":["M","?","?","?","$","R","E","?","T","E","?","?","?","E","R","BOSS","M","?","?","?","$","E","R","?","T","?","?","R","COS","E"],"items_purchased_type":["Relic","Relic"],"build_version":"2020-12-22","purchased_purges":2,"victory":false,"max_hp_per_floor":[63,63,63,63,63,63,63,63,63,63,63,63,63,63,63,63,63,63,63,63,63,63,63,63,63,70,70,70,70,70,70,70],"card_choices":[{"not_picked":["DemoMod:TeaPot","DemoMod:ShadowBullets"],"picked":"DemoMod:ConditionalReflex","floor":1.0},{"not_picked":["DemoMod:MachoBrace","DemoMod:ChanceBullets","DemoMod:TeaPot","DemoMod:CombinedRifle"],"picked":"DemoMod:PotionOfGunFriendShip","floor":4.0},{"not_picked":["DemoMod:MachoBrace","DemoMod:GunstockTap","DemoMod:DoubleSwitch","DemoMod:Replace"],"picked":"DemoMod:DoubleVision","floor":7.0},{"not_picked":["DemoMod:SniperShot","DemoMod:AbyssalTentacle","DemoMod:BattleInHaste","DemoMod:Ejector"],"picked":"DemoMod:BalloonGun","floor":10.0},{"not_picked":["DemoMod:ChanceBullets","DemoMod:BoxingGlove","DemoMod:HungryBullets","DemoMod:TeaPot"],"picked":"DemoMod:GunslingerForm","floor":11.0},{"not_picked":["DemoMod:TeaPot","DemoMod:AC15","DemoMod:Camera","DemoMod:AbyssalTentacle"],"picked":"DemoMod:BattleInHaste","floor":13.0},{"not_picked":["DemoMod:Casey","DemoMod:ConditionalReflex","DemoMod:Polaris","DemoMod:SniperShot"],"picked":"DemoMod:HungryBullets","floor":14},{"not_picked":["DemoMod:FullFirepower","DemoMod:Behold!","DemoMod:BlankBullets","DemoMod:FinishedGun"],"picked":"DemoMod:FightSabre","floor":16},{"not_picked":["DemoMod:Unmoved","DemoMod:FeignSurrender","DemoMod:LifeOrb","DemoMod:TeaPot"],"picked":"DemoMod:ProbeStrike","floor":18},{"not_picked":["DemoMod:Replace","DemoMod:HardPowerCard","DemoMod:Unity","DemoMod:AC15"],"picked":"DemoMod:ThirdPartyController","floor":18},{"not_picked":["DemoMod:JK47","DemoMod:LifeOrb","DemoMod:SAA","DemoMod:BattleInHaste"],"picked":"DemoMod:Eureka","floor":20},{"not_picked":["DemoMod:AbyssalTentacle","DemoMod:StrategicReserve","DemoMod:Camera","DemoMod:HungryBullets","DemoMod:StickyCrossBow+1"],"picked":"SKIP","floor":23}],"player_experience":84166,"relics_obtained":[{"floor":1.0,"key":"SynthV:TestCard"},{"floor":2.0,"key":"MawBank"},{"floor":7.0,"key":"Ice Cream"},{"floor":9.0,"key":"DemoMod:Bottle"},{"floor":10.0,"key":"ScarletDevilRocket"},{"floor":14,"key":"DemoMod:HoleyGrail"},{"floor":23,"key":"AntiCross"},{"floor":26,"key":"Strawberry"}],"event_choices":[],"is_beta":false,"boss_relics":[{"not_picked":["FixedStarFall","DemoMod:ElasticCartridgeClip"],"picked":"Sozu"}],"items_purged_floors":[22,28],"is_endless":false,"potions_floor_spawned":[4,10,14,18],"killed_by":"Gensokyo:Koishi","ascension_level":3}}