{"host":"92wx9z21c4p52du4","time":1612640631,"event":{"mods":["100% Spire Juice","Arknights","BaseMod","Downfall","Infinite Spire","Lobotomy","Minty Spire (QoL Compilation)","Reliquary","Robot Space Explorer","StSLib","The Blue Laboratory","The Jungle","TheSurvivalist"],"gold_per_floor":[13,27,41,41,57,89,89,14,38,38,52,72,48,61,61,61,61],"floor_reached":16,"language":"ENG","playtime":551,"items_purged":["Strike_P"],"score":129,"play_id":"e6d8bb3a-468c-4c21-a0b5-578f7f99bcc4","local_time":"20210206134351","is_ascension_mode":false,"campfire_choices":[{"data":"Eruption","floor":7,"key":"SMITH"},{"floor":10,"key":"RECALL"},{"data":"Pray","floor":15,"key":"SMITH"}],"circlet_count":0,"master_deck":["Strike_P","Strike_P","Strike_P","Defend_P","Defend_P","Defend_P","Defend_P","Eruption+1","Vigilance","TalkToTheHand","Conclude","FlurryOfBlows","WreathOfFlame","TalkToTheHand","Pray+1","Adaptation","EmptyFist","Adaptation"],"relics":["PureWater","Girya","infinitespire:Lucky Rock","reliquary:ExpiredCoupon"],"acts_visited":["Exordium"],"potions_floor_usage":[6,6,12,16],"damage_taken":[{"damage":0,"enemies":"2 Louse","floor":1,"turns":2},{"damage":1,"enemies":"Cultist","floor":2,"turns":3},{"damage":0,"enemies":"Small Slimes","floor":3,"turns":2},{"damage":6,"enemies":"2 Fungi Beasts","floor":5,"turns":4},{"damage":0,"enemies":"Gremlin Nob","floor":6,"turns":1},{"damage":0,"enemies":"Gremlin Gang","floor":11,"turns":3},{"damage":4,"enemies":"Exordium Thugs","floor":12,"turns":2},{"damage":9,"enemies":"3 Louse","floor":14,"turns":2},{"damage":54,"enemies":"Hexaghost","floor":16,"turns":9}],"seed_played":"560652253434327032","potions_obtained":[{"floor":4,"key":"FearPotion"},{"floor":4,"key":"FearPotion"},{"floor":4,"key":"Ambrosia"},{"floor":5,"key":"SteroidPotion"},{"floor":6,"key":"blueLaboratory:EnragingPotion"},{"floor":12,"key":"sneckomod:MuddlingPotion"}],"is_trial":false,"path_per_floor":["M","M","M","?","M","E","R","$","T","R","M","M","$","M","R","B"],"character_chosen":"WATCHER","items_purchased":["EmptyFist"],"campfire_rested":0,"item_purchase_floors":[13],"current_hp_per_floor":[72,71,71,71,65,65,65,65,65,65,65,61,61,52,52,0,0],"gold":61,"neow_bonus":"ONE_RARE_RELIC","is_daily":false,"chose_seed":false,"campfire_upgraded":2,"win_rate":0.0,"timestamp":1612640631,"path_taken":["M","M","M","?","M","E","R","$","T","R","M","M","?","M","R","BOSS"],"items_purchased_type":["Card"],"build_version":"2020-12-22","purchased_purges":1,"victory":false,"max_hp_per_floor":[72,72,72,72,72,72,72,72,72,72,72,72,72,72,72,72,72],"card_choices":[{"not_picked":["PathToVictory","Evaluate"],"picked":"TalkToTheHand","floor":1},{"not_picked":["BowlingBash","Protect"],"picked":"Conclude","floor":2},{"not_picked":["CutThroughFate","Consecrate"],"picked":"FlurryOfBlows","floor":3},{"not_picked":["CutThroughFate","Indignation"],"picked":"WreathOfFlame","floor":5},{"not_picked":["InnerPeace","Swivel"],"picked":"TalkToTheHand","floor":6},{"not_picked":["SandsOfTime","BowlingBash"],"picked":"Pray","floor":11},{"not_picked":["InnerPeace","FlyingSleeves"],"picked":"Adaptation","floor":12},{"not_picked":["WindmillStrike","SandsOfTime"],"picked":"Adaptation","floor":14}],"player_experience":268349,"relics_obtained":[{"floor":6,"key":"infinitespire:Lucky Rock"},{"floor":9,"key":"reliquary:ExpiredCoupon"}],"event_choices":[{"damage_healed":0,"gold_gain":0,"player_choice":"Got Potions","damage_taken":0,"max_hp_gain":0,"max_hp_loss":0,"event_name":"Lab","floor":4,"gold_loss":0}],"is_beta":false,"boss_relics":[],"items_purged_floors":[8],"is_endless":false,"potions_floor_spawned":[5,6,12],"killed_by":"Hexaghost","ascension_level":0}}