{"host":"y1oqg7uy0jc6f5mb","time":1612595170,"event":{"mods":["AchievementEnabler","BaseMod","Better Altar","Better Match","Better Note","Better Sensory Stone","Better Skull","Better Third Choice","BetterRewards","Colored Map","Colored Powertips","Downfall","Highlight Path","Minty Spire (QoL Compilation)","Permanent Neow","Quick Restart","Relic Stats","Replay The Spire","Shop Mod","Smile Girya","StSLib"],"gold_per_floor":[109,109,109,109,9,42,117,144,144,144,157,171,171,182,182,278,278,291,307,318,330,5,5,5,5],"floor_reached":24,"language":"ENG","playtime":2170,"items_purged":["downfall:Haunted","Strike_P"],"score":333,"play_id":"5cb37853-6914-4a01-be05-37d7012d5712","local_time":"20210206150610","is_ascension_mode":true,"campfire_choices":[{"data":"Eruption","floor":10.0,"key":"SMITH"},{"data":"Study","floor":13.0,"key":"SMITH"},{"data":"Perseverance","floor":15.0,"key":"SMITH"},{"data":"SpiritShield","floor":23.0,"key":"SMITH"}],"circlet_count":0,"master_deck":["Strike_P","Strike_P","Strike_P","Defend_P","Defend_P","Defend_P","Defend_P","Eruption+1","Vigilance","Study+1","Consecrate","Perseverance+1","Worship","FlurryOfBlows","Replay:Vibes","SpiritShield+1","Replay:Cycle","Fasting2","ThirdEye","Vengeance","Replay:Anticipation+1","FlurryOfBlows","FollowUp","Replay:Hum"],"relics":["PureWater","NeowsBlessing","Darkstone Periapt","Replay:Kaleidoscope","Lizard Tail","Ginger","bronze:MakeshiftBattery"],"acts_visited":["Exordium","TheCity"],"potions_floor_usage":[],"damage_taken":[{"damage":0.0,"enemies":"Small Slimes","floor":1.0,"turns":1.0},{"damage":0.0,"enemies":"Lagavulin","floor":6.0,"turns":1.0},{"damage":0.0,"enemies":"Replay:BlueRogue","floor":8.0,"turns":1.0},{"damage":0.0,"enemies":"2 Louse","floor":11.0,"turns":2.0},{"damage":0.0,"enemies":"Jaw Worm","floor":12.0,"turns":4.0},{"damage":3.0,"enemies":"Blue Slaver","floor":14.0,"turns":2.0},{"damage":29.0,"enemies":"The Guardian","floor":16.0,"turns":17.0},{"damage":2.0,"enemies":"Shell Parasite","floor":18.0,"turns":8.0},{"damage":36.0,"enemies":"2 Thieves","floor":19.0,"turns":5.0},{"damage":6.0,"enemies":"Centurion and Healer","floor":20.0,"turns":9.0},{"damage":46.0,"enemies":"3 Cultists","floor":21.0,"turns":7.0},{"damage":36,"enemies":"Snake Plant","floor":24,"turns":5}],"seed_played":"7910223943773214639","potions_obtained":[{"floor":1.0,"key":"Toxic Potion"},{"floor":12.0,"key":"champ:CounterPotion"},{"floor":16.0,"key":"EssenceOfSteel"},{"floor":19.0,"key":"Adrenaline Potion"},{"floor":20.0,"key":"Strength Potion"}],"is_trial":false,"path_per_floor":["M","?","?","T","$","E","?","E","T","R","M","M","R","M","R","B",null,"M","M","M","M","$","R","M"],"character_chosen":"WATCHER","items_purchased":["Consecrate","Replay:Anticipation+1","FlurryOfBlows","FollowUp","Replay:Hum"],"campfire_rested":0,"item_purchase_floors":[5,22,22,22,22],"current_hp_per_floor":[65,77,77,77,77,77,66,66,66,66,66,66,66,63,63,34,72,70,34,28,36,36,36,0,0],"gold":5,"neow_bonus":"THREE_ENEMY_KILL","is_daily":false,"chose_seed":false,"campfire_upgraded":4,"win_rate":0.0,"timestamp":1612595170,"path_taken":["M","?","?","?","?","E","?","E","T","R","M","?","R","?","R","BOSS","M","M","M","?","$","R","M"],"items_purchased_type":["Card","Card","Card","Card","Card"],"build_version":"2020-12-22","purchased_purges":2,"victory":false,"max_hp_per_floor":[72,84,84,84,84,84,84,84,84,84,84,84,84,84,84,84,84,84,84,84,84,84,84,84,84],"relic_stats":{"Darkstone Periapt":12,"Lizard Tail":42,"counters":[12,62],"Ginger":[4],"obtain_stats":[{"Darkstone Periapt":2,"Lizard Tail":8,"NeowsBlessing":0,"Replay:Kaleidoscope":6,"Ginger":9,"PureWater":0,"bronze:MakeshiftBattery":17},{"Darkstone Periapt":1,"Lizard Tail":3,"NeowsBlessing":0,"Replay:Kaleidoscope":2,"Ginger":3,"PureWater":0,"bronze:MakeshiftBattery":7},{"Darkstone Periapt":1,"Lizard Tail":3,"NeowsBlessing":0,"Replay:Kaleidoscope":2,"Ginger":3,"PureWater":0,"bronze:MakeshiftBattery":28}]},"card_choices":[{"not_picked":["Replay:BluntJabs","CutThroughFate"],"picked":"Study","floor":1.0},{"not_picked":["Replay:AtTheReady","SashWhip","FlyingSleeves"],"picked":"SKIP","floor":6.0},{"not_picked":["Evaluate","JustLucky"],"picked":"Perseverance","floor":8.0},{"not_picked":["BowlingBash","Replay:AtTheReady"],"picked":"Worship","floor":11.0},{"not_picked":["Consecrate","ClearTheMind"],"picked":"FlurryOfBlows","floor":12.0},{"not_picked":["SashWhip","ClearTheMind"],"picked":"Replay:Vibes","floor":14.0},{"not_picked":["ConjureBlade","Scrawl"],"picked":"SpiritShield","floor":16.0},{"not_picked":["Consecrate+1","Crescendo"],"picked":"Replay:Cycle","floor":18.0},{"not_picked":["ClearTheMind+1","Consecrate"],"picked":"Fasting2","floor":19.0},{"not_picked":["PathToVictory","Replay:ManipulateFuture"],"picked":"ThirdEye","floor":20.0},{"not_picked":["Replay:Vibes+1","FlurryOfBlows+1"],"picked":"Vengeance","floor":21.0}],"player_experience":380287,"relics_obtained":[{"floor":6.0,"key":"Replay:Kaleidoscope"},{"floor":8.0,"key":"Lizard Tail"},{"floor":9.0,"key":"Ginger"}],"event_choices":[{"cards_removed":["downfall:Haunted"],"damage_healed":0.0,"max_hp_gain":0.0,"max_hp_loss":0.0,"gold_gain":0.0,"event_name":"Living Wall","player_choice":"Forget","floor":3.0,"gold_loss":0.0,"damage_taken":0.0},{"damage_healed":0.0,"max_hp_gain":0.0,"max_hp_loss":0.0,"gold_gain":75.0,"event_name":"betterThird:BetterGoop","player_choice":"Gold","floor":7.0,"gold_loss":0.0,"damage_taken":11.0}],"is_beta":false,"boss_relics":[{"not_picked":["Black Star","Replay:Wanted Poster"],"picked":"bronze:MakeshiftBattery"}],"items_purged_floors":[5,22],"is_endless":false,"potions_floor_spawned":[1,12,16,19,20],"killed_by":"Snake Plant","ascension_level":6}}