{"host":"ga4s3hj9m6nkn6gp","time":1612613063,"event":{"mods":["AchievementEnabler","BaseMod","Bestiary","Colored Powertips","Highlight Path","Minty Spire (QoL Compilation)","Relic Stats","everything is the same but u backflip on backflip"],"gold_per_floor":[117,127,147,160,171,171,206,206,206,206,206,241,241,275,275,368,368,382,211,211,136,411,411,449,449,449,462,462,20,70,103,103,192,192,208,208,208,41,41,82,415,415,439,439,469,524,538,2,2,2,2],"floor_reached":50,"language":"ENG","playtime":2365,"items_purged":["Regret","Strike_G+1"],"score":1151,"play_id":"36f3e38b-0d72-4b57-a56b-b57875ba40b8","local_time":"20210206130423","is_ascension_mode":true,"campfire_choices":[{"data":"Eviscerate","floor":6.0,"key":"SMITH"},{"data":"Bouncing Flask","floor":11.0,"key":"SMITH"},{"data":"Neutralize","floor":13.0,"key":"SMITH"},{"data":"Blade Dance","floor":15.0,"key":"SMITH"},{"data":"Wraith Form v2","floor":23.0,"key":"SMITH"},{"data":"1","floor":25.0,"key":"LIFT"},{"data":"2","floor":32.0,"key":"LIFT"},{"data":"Burst","floor":42.0,"key":"SMITH"},{"floor":44.0,"key":"RECALL"},{"floor":49.0,"key":"REST"}],"circlet_count":0,"master_deck":["AscendersBane","Strike_G+1","Defend_G+1","Defend_G+1","Defend_G+1","Defend_G+1","Defend_G+1","Survivor","Neutralize+1","Eviscerate+1","Backstab","Blade Dance+1","Slice","Bouncing Flask+1","PiercingWail","Wraith Form v2+1","Caltrops+1","Ghostly","Ghostly","Ghostly","Accuracy+1","Well Laid Plans+1","Burst+1","Blade Dance","Terror","Blade Dance+1","Accuracy+1","Magnetism+1"],"relics":["Ring of the Serpent","Juzu Bracelet","Meat on the Bone","Lantern","Odd Mushroom","SlaversCollar","ClockworkSouvenir","Girya","Bag of Marbles","Frozen Egg 2","Ancient Tea Set","Vajra","Bird Faced Urn","Strawberry","Tingsha","Blood Vial"],"acts_visited":["Exordium","TheCity","TheBeyond"],"potions_floor_usage":[],"damage_taken":[{"damage":6.0,"enemies":"Cultist","floor":1.0,"turns":6.0},{"damage":0.0,"enemies":"2 Louse","floor":2.0,"turns":3.0},{"damage":0.0,"enemies":"Jaw Worm","floor":3.0,"turns":4.0},{"damage":18.0,"enemies":"Large Slime","floor":4.0,"turns":8.0},{"damage":4.0,"enemies":"Gremlin Gang","floor":5.0,"turns":5.0},{"damage":15.0,"enemies":"Lagavulin","floor":7.0,"turns":4.0},{"damage":9.0,"enemies":"Gremlin Nob","floor":12.0,"turns":3.0},{"damage":12.0,"enemies":"The Mushroom Lair","floor":14.0,"turns":4.0},{"damage":16.0,"enemies":"The Guardian","floor":16.0,"turns":8.0},{"damage":13.0,"enemies":"Chosen","floor":18.0,"turns":5.0},{"damage":7.0,"enemies":"Book of Stabbing","floor":24.0,"turns":6.0},{"damage":11.0,"enemies":"3 Byrds","floor":27.0,"turns":6.0},{"damage":1.0,"enemies":"Gremlin Leader","floor":31.0,"turns":6.0},{"damage":21.0,"enemies":"Champ","floor":33.0,"turns":10.0},{"damage":3.0,"enemies":"3 Shapes","floor":35.0,"turns":5.0},{"damage":0.0,"enemies":"Nemesis","floor":40.0,"turns":7.0},{"damage":16.0,"enemies":"Giant Head","floor":45.0,"turns":7.0},{"damage":12.0,"enemies":"2 Orb Walkers","floor":46.0,"turns":6.0},{"damage":28.0,"enemies":"3 Darklings","floor":47.0,"turns":6.0},{"damage":78,"enemies":"Awakened One","floor":50,"turns":11}],"seed_played":"4434342880134108034","potions_obtained":[{"floor":3.0,"key":"ColorlessPotion"},{"floor":5.0,"key":"CunningPotion"},{"floor":12.0,"key":"Strength Potion"},{"floor":14.0,"key":"SteroidPotion"},{"floor":18.0,"key":"LiquidMemories"},{"floor":31.0,"key":"FearPotion"},{"floor":40.0,"key":"Swift Potion"},{"floor":45.0,"key":"BlessingOfTheForge"},{"floor":46.0,"key":"SpeedPotion"}],"is_trial":false,"path_per_floor":["M","M","M","M","M","R","E","?","T","?","R","E","R","?","R","B",null,"M","$","?","?","?","R","E","R","T","M","?","$","?","E","R","B",null,"M","?","?","$","?","E","?","R","T","R","E","?","M","$","R","B"],"character_chosen":"THE_SILENT","items_purchased":["ClockworkSouvenir","Frozen Egg 2","Accuracy+1","Vajra","Accuracy+1","Blood Vial","Magnetism+1"],"campfire_rested":1,"item_purchase_floors":[19,29,29,38,48,48,48],"current_hp_per_floor":[59,59,59,41,37,37,22,22,22,22,22,25,25,25,25,21,54,41,41,32,32,32,32,25,25,25,26,26,26,26,25,25,16,28,25,25,25,25,25,25,25,25,25,25,24,28,18,18,29,0,0],"gold":2,"neow_bonus":"TEN_PERCENT_HP_BONUS","is_daily":false,"chose_seed":false,"campfire_upgraded":6,"win_rate":0.0,"timestamp":1612613063,"path_taken":["M","M","?","M","M","R","E","?","T","?","R","E","R","?","R","BOSS","M","$","?","?","?","R","E","R","T","M","?","$","?","E","R","BOSS","M","?","?","$","?","E","?","R","T","R","E","?","M","$","R","BOSS"],"items_purchased_type":["Relic","Relic","Card","Relic","Card","Relic","Card"],"build_version":"2020-12-22","purchased_purges":2,"victory":false,"max_hp_per_floor":[72,72,72,72,72,72,72,65,65,65,65,65,65,65,65,65,65,65,65,32,32,32,32,32,32,32,32,32,32,32,32,32,32,32,32,30,30,30,30,30,30,30,30,30,37,37,37,37,37,37,37],"relic_stats":{"Blood Vial":2,"counters":[20,120],"Bird Faced Urn":[30],"Tingsha":[9],"Juzu Bracelet":2,"obtain_stats":[{"Girya":24,"Lantern":12,"Golden Idol":8,"Vajra":38,"Tingsha":46,"Juzu Bracelet":7,"Odd Mushroom":14,"Frozen Egg 2":29,"Ancient Tea Set":31,"ClockworkSouvenir":19,"Blood Vial":48,"SlaversCollar":17,"Bird Faced Urn":40,"Strawberry":45,"Bag of Marbles":26,"Ring of the Serpent":34,"Ring of the Snake":0,"Meat on the Bone":9},{"Girya":11,"Lantern":7,"Golden Idol":6,"Vajra":15,"Tingsha":18,"Juzu Bracelet":6,"Odd Mushroom":8,"Frozen Egg 2":12,"Ancient Tea Set":13,"ClockworkSouvenir":10,"Blood Vial":19,"SlaversCollar":9,"Bird Faced Urn":16,"Strawberry":17,"Bag of Marbles":11,"Ring of the Serpent":14,"Ring of the Snake":0,"Meat on the Bone":6},{"Girya":56,"Lantern":33,"Golden Idol":30,"Vajra":83,"Tingsha":103,"Juzu Bracelet":30,"Odd Mushroom":37,"Frozen Egg 2":62,"Ancient Tea Set":68,"ClockworkSouvenir":50,"Blood Vial":109,"SlaversCollar":45,"Bird Faced Urn":90,"Strawberry":97,"Bag of Marbles":56,"Ring of the Serpent":78,"Ring of the Snake":0,"Meat on the Bone":30}],"Meat on the Bone":84},"card_choices":[{"not_picked":["Bane","Tactician"],"picked":"Eviscerate","floor":1.0},{"not_picked":["Flying Knee","Heel Hook"],"picked":"Backstab","floor":2.0},{"not_picked":["Flechettes","Eviscerate"],"picked":"Blade Dance","floor":3.0},{"not_picked":["Calculated Gamble","Cloak And Dagger"],"picked":"Slice","floor":4.0},{"not_picked":["Deflect","Caltrops","Quick Slash"],"picked":"SKIP","floor":5.0},{"not_picked":["Bane","Distraction","Sucker Punch"],"picked":"SKIP","floor":7.0},{"not_picked":["Quick Slash","Riddle With Holes","Setup"],"picked":"SKIP","floor":12.0},{"not_picked":["Footwork","Sucker Punch"],"picked":"PiercingWail","floor":14.0},{"not_picked":["Doppelganger","Venomology"],"picked":"Wraith Form v2","floor":16.0},{"not_picked":["Expertise+1","Cloak And Dagger"],"picked":"Caltrops+1","floor":18.0},{"not_picked":["Cloak And Dagger","Dodge and Roll","Deflect"],"picked":"SKIP","floor":24.0},{"not_picked":["Concentrate","Outmaneuver","Choke+1"],"picked":"SKIP","floor":27.0},{"not_picked":["Dash","Blur"],"picked":"Well Laid Plans+1","floor":31.0},{"not_picked":["Envenom+1","Phantasmal Killer"],"picked":"Burst","floor":33.0},{"not_picked":["Flying Knee","Dagger Throw+1"],"picked":"Blade Dance","floor":35.0},{"not_picked":["Expertise","Tactician"],"picked":"Terror","floor":40.0},{"not_picked":["Predator","Dagger Throw"],"picked":"Blade Dance+1","floor":45.0},{"not_picked":["Deadly Poison","Bullet Time","Bouncing Flask"],"picked":"SKIP","floor":47.0}],"player_experience":738390,"relics_obtained":[{"floor":7.0,"key":"Juzu Bracelet"},{"floor":9.0,"key":"Meat on the Bone"},{"floor":12.0,"key":"Lantern"},{"floor":14.0,"key":"Odd Mushroom"},{"floor":24.0,"key":"Girya"},{"floor":26.0,"key":"Bag of Marbles"},{"floor":31.0,"key":"Ancient Tea Set"},{"floor":40.0,"key":"Bird Faced Urn"},{"floor":45.0,"key":"Strawberry"},{"floor":46.0,"key":"Tingsha"}],"event_choices":[{"damage_healed":0.0,"max_hp_gain":0.0,"max_hp_loss":7.0,"gold_gain":0.0,"event_name":"Golden Idol","player_choice":"Lose Max HP","floor":8.0,"gold_loss":0.0,"damage_taken":0.0,"relics_obtained":["Golden Idol"]},{"damage_healed":0.0,"max_hp_gain":0.0,"max_hp_loss":0.0,"gold_gain":0.0,"cards_transformed":["Strike_G"],"event_name":"Living Wall","player_choice":"Change","floor":10.0,"gold_loss":0.0,"damage_taken":0.0,"cards_obtained":["Bouncing Flask"]},{"damage_healed":0.0,"max_hp_gain":0.0,"max_hp_loss":0.0,"gold_gain":0.0,"event_name":"Mushrooms","player_choice":"Fought Mushrooms","floor":14.0,"gold_loss":0.0,"damage_taken":0.0},{"damage_healed":0.0,"max_hp_gain":0.0,"max_hp_loss":33.0,"gold_gain":0.0,"event_name":"Ghosts","player_choice":"Became a Ghost","floor":20.0,"gold_loss":0.0,"damage_taken":0.0,"cards_obtained":["Ghostly","Ghostly","Ghostly"]},{"cards_removed":["Strike_G"],"damage_healed":0.0,"max_hp_gain":0.0,"max_hp_loss":0.0,"gold_gain":0.0,"event_name":"Beggar","player_choice":"Gave Gold","floor":21.0,"gold_loss":75.0,"damage_taken":0.0},{"damage_healed":0.0,"max_hp_gain":0.0,"max_hp_loss":0.0,"gold_gain":275.0,"event_name":"Golden Shrine","player_choice":"Desecrate","floor":22.0,"gold_loss":0.0,"damage_taken":0.0,"cards_obtained":["Regret"]},{"damage_healed":0.0,"max_hp_gain":0.0,"max_hp_loss":0.0,"gold_gain":0.0,"event_name":"Back to Basics","player_choice":"Simplicity","floor":28.0,"gold_loss":0.0,"damage_taken":0.0,"cards_upgraded":["Strike_G","Strike_G","Strike_G","Defend_G","Defend_G","Defend_G","Defend_G","Defend_G"]},{"damage_healed":0.0,"max_hp_gain":0.0,"max_hp_loss":0.0,"gold_gain":50.0,"event_name":"Nest","player_choice":"Stole From Cult","floor":30.0,"gold_loss":0.0,"damage_taken":0.0},{"damage_healed":0.0,"max_hp_gain":0.0,"max_hp_loss":2.0,"gold_gain":0.0,"event_name":"Winding Halls","player_choice":"Max HP","floor":36.0,"gold_loss":0.0,"damage_taken":0.0},{"damage_healed":0.0,"max_hp_gain":0.0,"max_hp_loss":0.0,"gold_gain":0.0,"event_name":"Tomb of Lord Red Mask","player_choice":"Ignored","floor":37.0,"gold_loss":0.0,"damage_taken":0.0},{"cards_removed":["Strike_G"],"damage_healed":0.0,"max_hp_gain":0.0,"max_hp_loss":0.0,"gold_gain":0.0,"event_name":"Falling","player_choice":"Removed Attack","floor":39.0,"gold_loss":0.0,"damage_taken":0.0},{"damage_healed":0.0,"max_hp_gain":0.0,"max_hp_loss":0.0,"gold_gain":333.0,"event_name":"The Moai Head","player_choice":"Gave Idol","floor":41.0,"relics_lost":["Golden Idol"],"gold_loss":0.0,"damage_taken":0.0},{"damage_healed":0.0,"max_hp_gain":0.0,"max_hp_loss":0.0,"gold_gain":0.0,"event_name":"Mysterious Sphere","player_choice":"Fight","floor":46.0,"gold_loss":0.0,"damage_taken":0.0}],"is_beta":false,"boss_relics":[{"not_picked":["Empty Cage","HoveringKite"],"picked":"SlaversCollar"},{"not_picked":["Pandora\u0027s Box","SacredBark"],"picked":"Ring of the Serpent"}],"items_purged_floors":[29,48],"is_endless":false,"potions_floor_spawned":[3,5,12,14,18,31,40,45,46],"killed_by":"Awakened One","ascension_level":20}}