{"host":"ry6l6fs2ordh092u","time":1612598097,"event":{"mods":["AchievementEnabler","BaseMod","BetterRewards","Gold Saver","Minty Spire (QoL Compilation)","Quick Restart","StSLib","SuperFastMode","The Jungle"],"gold_per_floor":[23,23,37,47,65,92,103,135,135,135,165,165,200,1,1,77,77,96,96,116,266,279,304,358,358,436,436,464,475,503,514,514,586,586,601,621,637,637,637,670,670,696,721,721,739,772,797,825,825,825,825,825,825,621,653,653],"floor_reached":57,"language":"ENG","playtime":1495,"items_purged":["Strike_G","Defend_G","Strike_G","Strike_G","Defend_G","Strike_G","Strike_G","Choke"],"score":4571,"play_id":"1a5167ed-d44b-4ed2-b487-419bb62820b7","local_time":"20210206165457","is_ascension_mode":true,"campfire_choices":[{"floor":10.0,"key":"RECALL"},{"data":"Well Laid Plans","floor":12.0,"key":"SMITH"},{"data":"Accuracy","floor":15.0,"key":"SMITH"},{"data":"Neutralize","floor":25.0,"key":"SMITH"},{"data":"Survivor","floor":27.0,"key":"SMITH"},{"floor":32.0,"key":"REST"},{"data":"Dagger Spray","floor":41.0,"key":"SMITH"},{"data":"1","floor":49.0,"key":"LIFT"},{"data":"2","floor":53.0,"key":"LIFT"}],"circlet_count":0,"master_deck":["AscendersBane","Survivor+1","Neutralize+1","Well Laid Plans+1","Blade Dance+1","Accuracy+1","Bouncing Flask+1","Master of Strategy+1","Terror+1","Accuracy+1","Tactician+1","Infinite Blades+1","Cloak And Dagger+1","Backflip+1","Acrobatics+1","Cloak And Dagger+1","Reflex+1","Tools of the Trade+1","Accuracy+1","Dagger Spray+1","Cloak And Dagger+1","Prepared+1","Reflex+1"],"relics":["Ring of the Snake","White Beast Statue","InkBottle","Lee\u0027s Waffle","Toxic Egg 2","Frozen Egg 2","War Paint","TheAbacus","Omamori","Membership Card","Pen Nib","Gremlin Horn","Happy Flower","Akabeko","Tiny Chest","Kunai","Vajra","Matryoshka","ClockworkSouvenir","Pandora\u0027s Box","Anchor","Oddly Smooth Stone","Bronze Scales","Dream Catcher","Paper Crane","Lantern","Nunchaku","Busted Crown","Darkstone Periapt","Blood Vial","Boot","Mercury Hourglass","Snake Skull","Girya","Prayer Wheel","Bag of Preparation","Strawberry"],"acts_visited":["Exordium","theJungle:Jungle","TheBeyond","TheEnding"],"potions_floor_usage":[56],"damage_taken":[{"damage":0.0,"enemies":"2 Louse","floor":1.0,"turns":3.0},{"damage":0.0,"enemies":"Cultist","floor":3.0,"turns":2.0},{"damage":0.0,"enemies":"Small Slimes","floor":4.0,"turns":2.0},{"damage":0.0,"enemies":"3 Louse","floor":5.0,"turns":2.0},{"damage":0.0,"enemies":"Lagavulin","floor":6.0,"turns":3.0},{"damage":0.0,"enemies":"Large Slime","floor":7.0,"turns":1.0},{"damage":0.0,"enemies":"3 Sentries","floor":8.0,"turns":4.0},{"damage":0.0,"enemies":"Gremlin Nob","floor":13.0,"turns":2.0},{"damage":0.0,"enemies":"Slime Boss","floor":16.0,"turns":3.0},{"damage":0.0,"enemies":"theJungle:GiantWrat","floor":18.0,"turns":2.0},{"damage":0.0,"enemies":"theJungle:MUSHROOMGANG","floor":20.0,"turns":2.0},{"damage":0.0,"enemies":"theJungle:JungleHuntersEncounter","floor":22.0,"turns":2.0},{"damage":0.0,"enemies":"theJungle:MamaSnecko","floor":23.0,"turns":2.0},{"damage":0.0,"enemies":"theJungle:Cassacara","floor":28.0,"turns":3.0},{"damage":0.0,"enemies":"theJungle:Lyon","floor":29.0,"turns":1.0},{"damage":0.0,"enemies":"theJungle:2_Phrogs","floor":30.0,"turns":2.0},{"damage":0.0,"enemies":"theJungle:2_Flameangoes","floor":31.0,"turns":2.0},{"damage":0.0,"enemies":"theJungle:QueenSpyder","floor":33.0,"turns":2.0},{"damage":0.0,"enemies":"3 Darklings","floor":35.0,"turns":1.0},{"damage":1.0,"enemies":"Orb Walker","floor":36.0,"turns":2.0},{"damage":0.0,"enemies":"Jaw Worm Horde","floor":37.0,"turns":1.0},{"damage":0.0,"enemies":"Nemesis","floor":40.0,"turns":3.0},{"damage":0.0,"enemies":"Reptomancer","floor":42.0,"turns":1.0},{"damage":0.0,"enemies":"3 Darklings","floor":45.0,"turns":1.0},{"damage":0.0,"enemies":"Giant Head","floor":46.0,"turns":3.0},{"damage":0.0,"enemies":"Mind Bloom Boss Battle","floor":47.0,"turns":2.0},{"damage":0.0,"enemies":"Reptomancer","floor":48.0,"turns":2.0},{"damage":0.0,"enemies":"Awakened One","floor":50.0,"turns":4.0},{"damage":0.0,"enemies":"Donu and Deca","floor":51.0,"turns":3.0},{"damage":0.0,"enemies":"Shield and Spear","floor":55.0,"turns":2.0},{"damage":0,"enemies":"The Heart","floor":56,"turns":5}],"seed_played":"1721082599762864214","potions_obtained":[{"floor":1.0,"key":"GhostInAJar"},{"floor":4.0,"key":"Swift Potion"},{"floor":8.0,"key":"LiquidMemories"},{"floor":20.0,"key":"Poison Potion"},{"floor":22.0,"key":"FearPotion"},{"floor":28.0,"key":"EntropicBrew"},{"floor":37.0,"key":"LiquidMemories"}],"is_trial":false,"path_per_floor":["M","?","M","M","M","E","M","E","T","R","?","R","E","$","R","B",null,"M","?","M","?","M","E","T","R","T","R","E","M","E","M","R","B",null,"M","M","M","?","?","E","R","E","T","T","M","E","?","E","R","B","B",null,"R","$","E","B",null],"character_chosen":"THE_SILENT","items_purchased":["White Beast Statue","Well Laid Plans","InkBottle","Lee\u0027s Waffle","Toxic Egg 2","Blade Dance+1","Accuracy","Frozen Egg 2","Bouncing Flask+1","War Paint","TheAbacus","Omamori","Membership Card","Master of Strategy+1","Terror+1","Accuracy+1","Tactician+1","Pen Nib","Gremlin Horn","Infinite Blades+1","Happy Flower","Akabeko","AttackPotion","ClockworkSouvenir","Bag of Preparation"],"campfire_rested":1,"item_purchase_floors":[0,0,0,0,0,0,0,0,0,0,0,0,0,0,0,0,0,0,0,0,0,0,0,14,54],"current_hp_per_floor":[73,73,73,73,73,73,73,73,73,73,73,73,73,73,73,73,73,73,73,73,73,73,73,73,73,73,73,73,73,73,73,73,73,73,73,72,72,73,73,73,73,73,73,73,73,73,73,73,73,73,73,73,73,73,80,80],"gold":653,"neow_bonus":"","is_daily":false,"chose_seed":false,"campfire_upgraded":5,"win_rate":0.0,"timestamp":1612598097,"path_taken":["M","?","M","?","M","E","M","E","T","R","?","R","E","$","R","BOSS","M","?","M","?","M","E","?","R","T","R","E","M","E","M","R","BOSS","M","?","M","?","?","E","R","E","T","?","?","E","?","E","R","BOSS","BOSS","R","$","E","BOSS"],"items_purchased_type":["Relic","Card","Relic","Relic","Relic","Card","Card","Relic","Card","Relic","Relic","Relic","Relic","Card","Card","Card","Card","Relic","Relic","Card","Relic","Relic","Potion","Relic","Relic"],"build_version":"2020-12-22","purchased_purges":8,"victory":true,"max_hp_per_floor":[73,73,73,73,73,73,73,73,73,73,73,73,73,73,73,73,73,73,73,73,73,73,73,73,73,73,73,73,73,73,73,73,73,73,73,73,73,73,73,73,73,73,73,73,73,73,73,73,73,73,73,73,73,73,80,80],"card_choices":[{"not_picked":["Accuracy+1","Underhanded Strike","Terror+1"],"picked":"SKIP","floor":1.0},{"not_picked":["Noxious Fumes+1","Leg Sweep+1","Outmaneuver+1"],"picked":"SKIP","floor":3.0},{"not_picked":["Quick Slash","Dodge and Roll+1","Poisoned Stab"],"picked":"SKIP","floor":4.0},{"not_picked":["Catalyst+1","Bouncing Flask+1"],"picked":"Cloak And Dagger+1","floor":5.0},{"not_picked":["Quick Slash","PiercingWail+1"],"picked":"Backflip+1","floor":6.0},{"not_picked":["Blur+1","Envenom+1"],"picked":"Acrobatics+1","floor":7.0},{"not_picked":["Riddle With Holes","Masterful Stab"],"picked":"Cloak And Dagger+1","floor":8.0},{"not_picked":["Dagger Throw","Die Die Die"],"picked":"Reflex+1","floor":13.0},{"not_picked":["Night Terror+1","Malaise+1"],"picked":"Tools of the Trade+1","floor":16.0},{"not_picked":["Accuracy+1","Dagger Throw"],"picked":"Cloak And Dagger+1","floor":18.0},{"not_picked":["Flechettes","Poisoned Stab","Underhanded Strike"],"picked":"SKIP","floor":20.0},{"not_picked":["Outmaneuver+1","Flying Knee","Bouncing Flask+1"],"picked":"SKIP","floor":22.0},{"not_picked":["Bouncing Flask+1","Slice","Backstab"],"picked":"SKIP","floor":23.0},{"not_picked":["Tactician+1","Backflip+1"],"picked":"Prepared+1","floor":28.0},{"not_picked":["Deflect+1","Setup+1","Blade Dance+1"],"picked":"SKIP","floor":29.0},{"not_picked":["Escape Plan+1","Tools of the Trade+1","Quick Slash"],"picked":"SKIP","floor":30.0},{"not_picked":["Flying Knee","Prepared+1","Sucker Punch"],"picked":"SKIP","floor":31.0},{"not_picked":["Eviscerate","Deadly Poison+1"],"picked":"Reflex+1","floor":32.0},{"not_picked":["Acrobatics+1"],"picked":"SKIP","floor":35.0},{"not_picked":["Cloak And Dagger+1"],"picked":"SKIP","floor":36.0},{"not_picked":["Dagger Spray"],"picked":"SKIP","floor":37.0},{"not_picked":["Dagger Spray"],"picked":"SKIP","floor":37.0},{"not_picked":["Deadly Poison+1"],"picked":"SKIP","floor":40.0},{"not_picked":["Corpse Explosion+1"],"picked":"SKIP","floor":42.0},{"not_picked":["Endless Agony+1"],"picked":"SKIP","floor":45.0},{"not_picked":["Riddle With Holes"],"picked":"SKIP","floor":46.0},{"not_picked":["Poisoned Stab"],"picked":"SKIP","floor":48.0},{"not_picked":["Predator"],"picked":"SKIP","floor":55.0}],"player_experience":436130,"relics_obtained":[{"floor":6.0,"key":"Tiny Chest"},{"floor":8.0,"key":"Kunai"},{"floor":13.0,"key":"Matryoshka"},{"floor":23.0,"key":"Anchor"},{"floor":24.0,"key":"Oddly Smooth Stone"},{"floor":24.0,"key":"Bronze Scales"},{"floor":26.0,"key":"Dream Catcher"},{"floor":26.0,"key":"Paper Crane"},{"floor":28.0,"key":"Lantern"},{"floor":30.0,"key":"Nunchaku"},{"floor":40.0,"key":"Darkstone Periapt"},{"floor":42.0,"key":"Blood Vial"},{"floor":43.0,"key":"Boot"},{"floor":44.0,"key":"Mercury Hourglass"},{"floor":46.0,"key":"Snake Skull"},{"floor":47.0,"key":"Girya"},{"floor":48.0,"key":"Prayer Wheel"},{"floor":55.0,"key":"Strawberry"}],"event_choices":[{"damage_healed":0.0,"max_hp_gain":0.0,"max_hp_loss":0.0,"gold_gain":0.0,"event_name":"Match and Keep!","player_choice":"0 cards matched","floor":2.0,"gold_loss":0.0,"damage_taken":0.0,"cards_obtained":[]},{"damage_healed":0.0,"max_hp_gain":0.0,"max_hp_loss":0.0,"gold_gain":30.0,"event_name":"Dead Adventurer","player_choice":"Searched \u00273\u0027 times","floor":11.0,"gold_loss":0.0,"damage_taken":0.0,"relics_obtained":["Vajra"]},{"damage_healed":15.0,"max_hp_gain":0.0,"max_hp_loss":0.0,"gold_gain":0.0,"event_name":"Winding Halls","player_choice":"Writhe","floor":38.0,"gold_loss":0.0,"damage_taken":0.0,"cards_obtained":["Writhe"]},{"damage_healed":0.0,"max_hp_gain":0.0,"max_hp_loss":0.0,"gold_gain":0.0,"event_name":"SecretPortal","player_choice":"Ignored","floor":39.0,"gold_loss":0.0,"damage_taken":0.0},{"damage_healed":0.0,"max_hp_gain":0.0,"max_hp_loss":0.0,"gold_gain":0.0,"event_name":"MindBloom","player_choice":"Fight","floor":47.0,"gold_loss":0.0,"damage_taken":0.0}],"is_beta":false,"boss_relics":[{"not_picked":["Sozu","Snecko Eye"],"picked":"Pandora\u0027s Box"},{"not_picked":["Tiny House","Astrolabe"],"picked":"Busted Crown"}],"items_purged_floors":[0,0,0,0,0,0,14,54],"is_endless":false,"potions_floor_spawned":[1,3,4,5,6,7,8,13,16,18,20,22,23,28,29,30,31,33,35,36,37,40,42,45,46,47,48,55],"ascension_level":20}}