{"host":"bg8va46pgqgvtzim","time":1612591264,"event":{"mods":["BaseMod","Minty Spire (QoL Compilation)","Quick Restart","StSLib","SuperFastMode"],"gold_per_floor":[19,19,39,4,79,91,91,108,140,158,158,192,192,216,216,234,263,276,276,290,349,361,361,361,462,462,477,491,491,503,503,518,535,565,565,490,508,555,569,604,604,633,440,461,483,483,587,587,600,612,612,625,638,648,648,673,693,703,703,703,703,727,227,239,114,127,155,155,155,155,155,155,155,5,39,39],"floor_reached":77,"language":"ZHS","playtime":2115,"items_purged":["Strike_P","Strike_P","Strike_P","Defend_P"],"score":1612,"play_id":"912867d0-11d9-4a03-a341-c7091fd62245","local_time":"20210206140104","is_ascension_mode":true,"campfire_choices":[{"data":"Eruption","floor":11.0,"key":"SMITH"},{"data":"Prostrate","floor":15.0,"key":"SMITH"},{"data":"TalkToTheHand","floor":19.0,"key":"SMITH"},{"data":"Conclude","floor":23.0,"key":"SMITH"},{"data":"EmptyMind","floor":24.0,"key":"SMITH"},{"floor":35.0,"key":"REST"},{"floor":41.0,"key":"REST"},{"data":"Scrawl","floor":46.0,"key":"SMITH"},{"data":"Fasting2","floor":55.0,"key":"SMITH"},{"floor":69.0,"key":"RECALL"},{"data":"MentalFortress","floor":70.0,"key":"SMITH"},{"data":"Omniscience","floor":73.0,"key":"SMITH"}],"circlet_count":0,"master_deck":["Defend_P","Defend_P+1","Eruption+1","Vigilance","Brilliance","Conclude+1","Adaptation","TalkToTheHand+1","EmptyMind+1","Prostrate+1","Prostrate","DeceiveReality+1","FlurryOfBlows","DevaForm","Scrawl+1","Indignation","FearNoEvil+1","Tantrum","Fasting2+1","MentalFortress+1","Prostrate","FlurryOfBlows+1","SpiritShield","ClearTheMind","Prostrate+1","InnerPeace+1","Omniscience+1","LessonLearned","Study+1"],"relics":["PureWater","CaptainsWheel","Regal Pillow","Vajra","Art of War","Ice Cream","Du-Vu Doll","VioletLotus","Nilry\u0027s Codex","MealTicket","CeramicFish","Red Mask","Orrery","Coffee Dripper","Gremlin Horn","Lantern","Eternal Feather","Akabeko","Mummified Hand","TheAbacus","Bag of Preparation","Blood Vial"],"acts_visited":["Exordium","TheCity","TheBeyond","TheEnding"],"potions_floor_usage":[76,76,76],"damage_taken":[{"damage":1.0,"enemies":"Jaw Worm","floor":1.0,"turns":3.0},{"damage":0.0,"enemies":"2 Louse","floor":3.0,"turns":1.0},{"damage":0.0,"enemies":"Cultist","floor":6.0,"turns":2.0},{"damage":2.0,"enemies":"Exordium Thugs","floor":8.0,"turns":4.0},{"damage":9.0,"enemies":"Gremlin Nob","floor":9.0,"turns":5.0},{"damage":11.0,"enemies":"Exordium Wildlife","floor":10.0,"turns":2.0},{"damage":1.0,"enemies":"3 Sentries","floor":12.0,"turns":9.0},{"damage":4.0,"enemies":"Lots of Slimes","floor":16.0,"turns":4.0},{"damage":0.0,"enemies":"Gremlin Nob","floor":17.0,"turns":2.0},{"damage":0.0,"enemies":"Large Slime","floor":18.0,"turns":4.0},{"damage":1.0,"enemies":"3 Louse","floor":20.0,"turns":2.0},{"damage":0.0,"enemies":"3 Sentries","floor":21.0,"turns":4.0},{"damage":6.0,"enemies":"Exordium Thugs","floor":22.0,"turns":4.0},{"damage":2.0,"enemies":"The Guardian","floor":25.0,"turns":8.0},{"damage":0.0,"enemies":"Chosen","floor":27.0,"turns":4.0},{"damage":19.0,"enemies":"2 Thieves","floor":28.0,"turns":3.0},{"damage":15.0,"enemies":"Snecko","floor":30.0,"turns":4.0},{"damage":3.0,"enemies":"Cultist and Chosen","floor":32.0,"turns":5.0},{"damage":0.0,"enemies":"Centurion and Healer","floor":33.0,"turns":5.0},{"damage":10.0,"enemies":"Slavers","floor":34.0,"turns":3.0},{"damage":10.0,"enemies":"Shelled Parasite and Fungi","floor":37.0,"turns":3.0},{"damage":9.0,"enemies":"Snecko","floor":39.0,"turns":7.0},{"damage":25.0,"enemies":"Masked Bandits","floor":40.0,"turns":3.0},{"damage":1.0,"enemies":"Centurion and Healer","floor":42.0,"turns":5.0},{"damage":17.0,"enemies":"Cultist and Chosen","floor":44.0,"turns":6.0},{"damage":0.0,"enemies":"Snecko","floor":45.0,"turns":6.0},{"damage":0.0,"enemies":"Collector","floor":47.0,"turns":6.0},{"damage":9.0,"enemies":"3 Darklings","floor":49.0,"turns":5.0},{"damage":0.0,"enemies":"Orb Walker","floor":50.0,"turns":4.0},{"damage":0.0,"enemies":"Spire Growth","floor":52.0,"turns":4.0},{"damage":0.0,"enemies":"Writhing Mass","floor":53.0,"turns":4.0},{"damage":0.0,"enemies":"Sphere and 2 Shapes","floor":54.0,"turns":3.0},{"damage":9.0,"enemies":"Nemesis","floor":56.0,"turns":5.0},{"damage":2.0,"enemies":"Spire Growth","floor":57.0,"turns":4.0},{"damage":2.0,"enemies":"Maw","floor":58.0,"turns":5.0},{"damage":8.0,"enemies":"Jaw Worm Horde","floor":62.0,"turns":3.0},{"damage":0.0,"enemies":"Writhing Mass","floor":64.0,"turns":2.0},{"damage":0.0,"enemies":"Transient","floor":66.0,"turns":5.0},{"damage":36.0,"enemies":"Reptomancer","floor":67.0,"turns":4.0},{"damage":14.0,"enemies":"Awakened One","floor":71.0,"turns":8.0},{"damage":0.0,"enemies":"Shield and Spear","floor":75.0,"turns":1.0},{"damage":62,"enemies":"The Heart","floor":76,"turns":6}],"seed_played":"8205743693097137528","potions_obtained":[{"floor":1.0,"key":"DuplicationPotion"},{"floor":6.0,"key":"BlessingOfTheForge"},{"floor":9.0,"key":"StancePotion"},{"floor":10.0,"key":"DistilledChaos"},{"floor":17.0,"key":"Explosive Potion"},{"floor":28.0,"key":"StancePotion"},{"floor":30.0,"key":"EssenceOfSteel"},{"floor":37.0,"key":"Energy Potion"},{"floor":39.0,"key":"FearPotion"},{"floor":42.0,"key":"FearPotion"},{"floor":50.0,"key":"Explosive Potion"},{"floor":56.0,"key":"Weak Potion"},{"floor":57.0,"key":"BlessingOfTheForge"},{"floor":58.0,"key":"CultistPotion"}],"is_trial":false,"path_per_floor":["M","?","M","$","?","M","T","M","E","M","R","E","T","T","R","M","E","M","R","M","?","M","R","R","B",null,"M","M","?","M","?","M","M","E","R","?","M","T","M","?","R","M","$","M","M","R","B",null,"M","M","?","M","M","M","R","E","M","M","T","T","T","M","$","M","$","M","E","?","R","R","B",null,"R","$","E","B",null],"character_chosen":"WATCHER","items_purchased":["TalkToTheHand","Orrery","Mummified Hand","TheAbacus"],"campfire_rested":2,"item_purchase_floors":[4,43,63,63],"current_hp_per_floor":[71,71,71,71,60,60,60,58,49,38,38,37,37,37,37,33,33,33,33,32,32,26,26,26,24,72,72,53,37,22,22,19,19,9,45,45,35,35,26,1,37,36,51,34,34,34,34,72,63,63,63,63,63,63,63,54,52,50,50,50,50,42,57,57,72,72,36,36,51,66,52,68,68,68,68,6],"gold":39,"neow_bonus":"THREE_RARE_CARDS","is_daily":false,"chose_seed":false,"campfire_upgraded":9,"win_rate":0.0,"timestamp":1612591264,"path_taken":["M","?","M","$","?","M","?","M","E","M","R","E","T","T","R","M","E","?","R","M","?","M","R","R","BOSS","M","M","?","M","?","M","M","E","R","?","M","T","M","?","R","M","$","M","?","R","BOSS","M","M","?","M","?","M","R","E","M","M","T","T","?","M","?","?","$","M","E","?","R","R","BOSS","R","$","E","BOSS"],"items_purchased_type":["Card","Relic","Relic","Relic"],"build_version":"2020-12-22","purchased_purges":4,"victory":true,"max_hp_per_floor":[72,72,72,72,72,72,72,72,72,72,72,72,72,72,72,72,72,72,72,72,72,72,72,72,72,72,72,72,72,72,72,72,72,72,72,72,72,72,72,72,72,72,72,72,72,72,72,72,72,72,72,72,72,72,72,72,72,72,72,72,72,72,72,72,72,72,72,68,68,68,68,68,68,68,68,68],"card_choices":[{"not_picked":["ConjureBlade","Devotion"],"picked":"Brilliance","floor":0.0},{"not_picked":["Meditate","ThirdEye"],"picked":"Conclude","floor":1.0},{"not_picked":["FlyingSleeves","ThirdEye"],"picked":"Adaptation","floor":3.0},{"not_picked":["CrushJoints","ThirdEye"],"picked":"EmptyMind","floor":6.0},{"not_picked":["DevaForm","FollowUp"],"picked":"Prostrate","floor":8.0},{"not_picked":["PathToVictory","BowlingBash","WheelKick"],"picked":"SKIP","floor":9.0},{"not_picked":["ClearTheMind","Protect"],"picked":"Prostrate","floor":10.0},{"not_picked":["Swivel","EmptyFist","Conclude"],"picked":"SKIP","floor":12.0},{"not_picked":["PathToVictory","BowlingBash"],"picked":"DeceiveReality","floor":16.0},{"not_picked":["Fasting2","WreathOfFlame","Worship"],"picked":"SKIP","floor":17.0},{"not_picked":["SashWhip","Worship"],"picked":"FlurryOfBlows","floor":18.0},{"not_picked":["ThirdEye","Prostrate"],"picked":"DevaForm","floor":20.0},{"not_picked":["Weave","CrushJoints","Evaluate"],"picked":"SKIP","floor":22.0},{"not_picked":["Judgement","Ragnarok"],"picked":"Scrawl","floor":25.0},{"not_picked":["WheelKick","FollowUp"],"picked":"Indignation","floor":27.0},{"not_picked":["Wallop","Consecrate"],"picked":"FearNoEvil","floor":28.0},{"not_picked":["Consecrate","PathToVictory","Evaluate"],"picked":"SKIP","floor":30.0},{"not_picked":["CrushJoints","Vengeance+1"],"picked":"Tantrum","floor":32.0},{"not_picked":["EmptyBody","Blasphemy"],"picked":"Fasting2","floor":33.0},{"not_picked":["Swivel","Conclude","FearNoEvil"],"picked":"SKIP","floor":34.0},{"not_picked":["Evaluate","ClearTheMind"],"picked":"MentalFortress","floor":37.0},{"not_picked":["JustLucky","Prostrate","FlyingSleeves"],"picked":"SKIP","floor":39.0},{"not_picked":["Protect","SignatureMove+1"],"picked":"Prostrate","floor":42.0},{"not_picked":["EmptyMind+1","ThirdEye"],"picked":"FlurryOfBlows+1","floor":43.0},{"not_picked":["SashWhip+1","Crescendo"],"picked":"SpiritShield","floor":43.0},{"not_picked":["WindmillStrike","CutThroughFate"],"picked":"ClearTheMind","floor":43.0},{"not_picked":["Protect","FearNoEvil"],"picked":"Prostrate+1","floor":44.0},{"not_picked":["Prostrate","Perseverance"],"picked":"InnerPeace","floor":45.0},{"not_picked":["SpiritShield","Blasphemy"],"picked":"Omniscience","floor":47.0},{"not_picked":["Sanctity+1","Prostrate","Vengeance"],"picked":"SKIP","floor":49.0},{"not_picked":["ForeignInfluence","FollowUp+1","JustLucky+1"],"picked":"SKIP","floor":50.0},{"not_picked":["Perseverance+1","ThirdEye+1","FlyingSleeves"],"picked":"SKIP","floor":52.0},{"not_picked":["Evaluate","EmptyBody","Halt+1"],"picked":"SKIP","floor":53.0},{"not_picked":["Protect","CutThroughFate+1","EmptyFist"],"picked":"SKIP","floor":54.0},{"not_picked":["LikeWater+1","CutThroughFate+1","PathToVictory+1"],"picked":"SKIP","floor":56.0},{"not_picked":["Prostrate+1","EmptyBody+1","InnerPeace"],"picked":"SKIP","floor":57.0},{"not_picked":["EmptyFist+1","FlurryOfBlows","Protect+1"],"picked":"SKIP","floor":58.0},{"not_picked":["FlurryOfBlows","Prostrate+1"],"picked":"LessonLearned","floor":62.0},{"not_picked":["Prostrate+1","Evaluate","FearNoEvil+1"],"picked":"SKIP","floor":64.0},{"not_picked":["ThirdEye+1","FlyingSleeves+1","SignatureMove"],"picked":"SKIP","floor":66.0},{"not_picked":["SashWhip+1","CarveReality","FollowUp+1"],"picked":"SKIP","floor":67.0},{"not_picked":["WindmillStrike","Wallop"],"picked":"Study+1","floor":75.0}],"player_experience":2401732,"relics_obtained":[{"floor":7.0,"key":"CaptainsWheel"},{"floor":9.0,"key":"Regal Pillow"},{"floor":12.0,"key":"Vajra"},{"floor":14.0,"key":"Art of War"},{"floor":17.0,"key":"Ice Cream"},{"floor":21.0,"key":"Du-Vu Doll"},{"floor":29.0,"key":"Nilry\u0027s Codex"},{"floor":34.0,"key":"MealTicket"},{"floor":38.0,"key":"CeramicFish"},{"floor":40.0,"key":"Red Mask"},{"floor":56.0,"key":"Gremlin Horn"},{"floor":59.0,"key":"Lantern"},{"floor":60.0,"key":"Eternal Feather"},{"floor":61.0,"key":"Akabeko"},{"floor":67.0,"key":"Bag of Preparation"},{"floor":75.0,"key":"Blood Vial"}],"event_choices":[{"cards_removed":["Defend_P"],"damage_healed":0.0,"max_hp_gain":0.0,"max_hp_loss":0.0,"gold_gain":0.0,"event_name":"Living Wall","player_choice":"Forget","floor":2.0,"gold_loss":0.0,"damage_taken":0.0},{"damage_healed":0.0,"max_hp_gain":0.0,"max_hp_loss":0.0,"gold_gain":75.0,"event_name":"World of Goop","player_choice":"Gather Gold","floor":5.0,"gold_loss":0.0,"damage_taken":11.0},{"damage_healed":0.0,"max_hp_gain":0.0,"max_hp_loss":0.0,"gold_gain":0.0,"event_name":"Dead Adventurer","player_choice":"Searched \u00271\u0027 times","floor":21.0,"gold_loss":0.0,"damage_taken":0.0},{"damage_healed":0.0,"max_hp_gain":0.0,"max_hp_loss":0.0,"gold_gain":0.0,"event_name":"Cursed Tome","player_choice":"Obtained Book","floor":29.0,"gold_loss":0.0,"damage_taken":16.0},{"damage_healed":0.0,"max_hp_gain":0.0,"max_hp_loss":0.0,"gold_gain":0.0,"event_name":"The Mausoleum","player_choice":"Ignored","floor":31.0,"gold_loss":0.0,"damage_taken":0.0},{"cards_removed":["Strike_P"],"damage_healed":0.0,"max_hp_gain":0.0,"max_hp_loss":0.0,"gold_gain":0.0,"event_name":"Beggar","player_choice":"Gave Gold","floor":36.0,"gold_loss":75.0,"damage_taken":0.0},{"damage_healed":0.0,"max_hp_gain":0.0,"max_hp_loss":0.0,"gold_gain":0.0,"event_name":"Masked Bandits","player_choice":"Fought Bandits","floor":40.0,"gold_loss":0.0,"damage_taken":0.0},{"damage_healed":0.0,"max_hp_gain":0.0,"max_hp_loss":0.0,"gold_gain":0.0,"event_name":"Match and Keep!","player_choice":"0 cards matched","floor":51.0,"gold_loss":0.0,"damage_taken":0.0,"cards_obtained":[]},{"damage_healed":0.0,"max_hp_gain":0.0,"max_hp_loss":4.0,"gold_gain":0.0,"event_name":"Winding Halls","player_choice":"Max HP","floor":68.0,"gold_loss":0.0,"damage_taken":0.0}],"is_beta":false,"boss_relics":[{"not_picked":["Cursed Key","Busted Crown"],"picked":"VioletLotus"},{"not_picked":["Velvet Choker","Sozu"],"picked":"Coffee Dripper"}],"items_purged_floors":[43,63,65,74],"is_endless":false,"potions_floor_spawned":[1,6,9,10,16,17,28,30,37,39,42,50,56,57,58,66,67,75],"ascension_level":1}}