{"host":"mijx6czmnk03eucy","time":1612642080,"event":{"mods":["Aspiration","BaseMod","Better Altar","Better Skull","Better Third Choice","Better-Laid Plans","BetterRewards","Bossed Relics","Challenge The Spire","Colored Map","Colored Powertips","Conspire","Curses Come First","Debug Mod","Disable Question Mark Monsters","Displayed Cursed Tome","Energized Spire","Evolution","Force Act Four","Fox Events","GifTheSpireLib","Googly Eyes","Hermit","Highlight Path","Hubris","Infinite Spire","Jedi Mod","JesterMod","Mimic Mod","Minty Spire (QoL Compilation)","Quick Restart","Rare Cards Sparkle","Relic Filter","Relic Stats","Reliquary","Replay The Spire","SacredBarkPlus","Spicy Shops","Spire Arcade","StS++","StSLib","Stuff the Spire","The Blue Laboratory","The Jungle","Uncapped","Wandering Minibosses","Wide Potions"],"gold_per_floor":[114,127,127,155,165,165,198,215,363,25,25,44,62,90,90,90,90],"floor_reached":16,"language":"ENG","playtime":1635,"items_purged":["Strike_R"],"score":194,"play_id":"24160c29-8d58-443c-8a17-66bfc62c1e5d","local_time":"20210206200800","is_ascension_mode":true,"campfire_choices":[{"data":"Bash","floor":6,"key":"SMITH"},{"data":"Run Through","floor":11,"key":"SMITH"},{"floor":15,"key":"REST"}],"circlet_count":0,"master_deck":["Run Through+1","Cleave","Thunderclap","Defend_R","Defend_R","Defend_R","Defend_R","Bash+1","Clash","StSpp:Succumb","Pummel","Shrug It Off","Shrug It Off","Fiend Fire","hermit:Brawl","Iron Wave","Rage"],"relics":["Burning Blood","EVO:Axolotl","aspiration:Nostalgia","hubris:Towel","foxEvents:LuckyCharm","infinitespire:WardingShard","infinitespire:FocusingShard","hubris:DisguiseKit","StuffTheSpire:Mouthbags"],"acts_visited":["Exordium"],"potions_floor_usage":[4,4,8,8,13,13,16],"damage_taken":[{"damage":9,"enemies":"2 Louse","floor":1,"turns":2},{"damage":7,"enemies":"Jaw Worm","floor":2,"turns":3},{"damage":17,"enemies":"Colosseum Slavers","floor":4,"turns":2},{"damage":10,"enemies":"Small Slimes","floor":5,"turns":3},{"damage":23,"enemies":"Gremlin Nob","floor":7,"turns":4},{"damage":11,"enemies":"Exordium Thugs","floor":8,"turns":2},{"damage":8,"enemies":"Lots of Slimes","floor":12,"turns":4},{"damage":0,"enemies":"3 Louse","floor":13,"turns":3},{"damage":31,"enemies":"Lagavulin","floor":14,"turns":6},{"damage":46,"enemies":"The Guardian","floor":16,"turns":4}],"seed_played":"-8893721059355936849","potions_obtained":[{"floor":1,"key":"FearPotion"},{"floor":2,"key":"Energy Potion"},{"floor":7,"key":"StSpp:ScatteredPotion"},{"floor":8,"key":"Weak Potion"},{"floor":12,"key":"blueLaboratory:BubblePotion"}],"is_trial":false,"path_per_floor":["M","M","?","?","M","R","E","M","T","$","R","M","M","E","R","B"],"character_chosen":"IRONCLAD","items_purchased":["hubris:DisguiseKit","Shrug It Off"],"campfire_rested":1,"item_purchase_floors":[10,10],"current_hp_per_floor":[77,76,76,65,61,61,44,39,39,39,39,37,43,18,42,0,0],"gold":90,"neow_bonus":"NOSTALGIA","is_daily":false,"chose_seed":false,"campfire_upgraded":2,"win_rate":0.0,"timestamp":1612642080,"path_taken":["M","M","?","?","M","R","E","M","T","$","R","?","M","E","R","BOSS"],"items_purchased_type":["Relic","Card"],"build_version":"2020-12-22","purchased_purges":1,"victory":false,"max_hp_per_floor":[80,80,80,80,80,80,80,80,80,80,80,80,80,80,80,80,80],"relic_stats":{"counters":[10,33],"obtain_stats":[{"hubris:DisguiseKit":10,"infinitespire:WardingShard":7,"StuffTheSpire:Mouthbags":14,"aspiration:Nostalgia":0,"infinitespire:FocusingShard":9,"foxEvents:LuckyCharm":4,"EVO:Axolotl":0,"hubris:Towel":3,"Burning Blood":0},{"hubris:DisguiseKit":6,"infinitespire:WardingShard":5,"StuffTheSpire:Mouthbags":9,"aspiration:Nostalgia":0,"infinitespire:FocusingShard":6,"foxEvents:LuckyCharm":3,"EVO:Axolotl":0,"hubris:Towel":2,"Burning Blood":0},{"hubris:DisguiseKit":16,"infinitespire:WardingShard":14,"StuffTheSpire:Mouthbags":29,"aspiration:Nostalgia":0,"infinitespire:FocusingShard":16,"foxEvents:LuckyCharm":7,"EVO:Axolotl":0,"hubris:Towel":5,"Burning Blood":0}],"Burning Blood":54},"card_choices":[{"not_picked":["Wild Strike","Warcry","Body Slam"],"picked":"SKIP","floor":1},{"not_picked":["Clothesline","ReplayTheSpireMod:LeadingStrike"],"picked":"Clash","floor":2},{"not_picked":["Clash","StSpp:Sprint"],"picked":"StSpp:Succumb","floor":5},{"not_picked":["Clothesline","Replay:Undeath\u0027s Touch"],"picked":"Pummel","floor":7},{"not_picked":["StSpp:CounterStrike","jedi:harder"],"picked":"Shrug It Off","floor":8},{"not_picked":["hubris:CleavingFinish","Pommel Strike","hermit:Malice"],"picked":"Fiend Fire","floor":12},{"not_picked":["Sword Boomerang","Body Slam","StuffTheSpire:BloodClot"],"picked":"hermit:Brawl","floor":13},{"not_picked":["Headbutt","Rage","StuffTheSpire:TitanForm","hermit:TrackingShot"],"picked":"SKIP","floor":14},{"not_picked":["Headbutt","StuffTheSpire:TitanForm","hermit:TrackingShot"],"picked":"Rage","floor":14}],"player_experience":746082,"relics_obtained":[{"floor":4,"key":"foxEvents:LuckyCharm"},{"floor":7,"key":"infinitespire:WardingShard"},{"floor":9,"key":"infinitespire:FocusingShard"},{"floor":14,"key":"StuffTheSpire:Mouthbags"}],"event_choices":[],"is_beta":false,"boss_relics":[],"items_purged_floors":[10],"is_endless":false,"potions_floor_spawned":[1,2,7,8,12],"killed_by":"The Guardian","ascension_level":4}}