{"host":"m7jrdcbl89w2s34c","time":1612638753,"event":{"mods":["AchievementEnabler","BaseMod","Bestiary","Block Reminder","Colored Map","Colored Powertips","Minty Spire (QoL Compilation)","Permanent Neow","Relic Stats","StSLib"],"gold_per_floor":[112,75,156,156,167,167,194,207,233,262,275,275,308,323,323,428,428,445,478,35,46,57,88,88,88,160,176,176,176,176,193,193,294,294,305,324,324,546,561,561,575,604,604,134,134,162,89,102,102,102],"floor_reached":51,"language":"ENG","playtime":4270,"items_purged":["Strike_B","Reprogram"],"score":1282,"play_id":"6b750fc2-bf23-4105-be23-54555c773a2f","local_time":"20210206201233","is_ascension_mode":true,"campfire_choices":[{"data":"Dualcast","floor":6,"key":"SMITH"},{"data":"Buffer","floor":12,"key":"SMITH"},{"data":"Consume","floor":15,"key":"SMITH"},{"data":"Buffer","floor":25,"key":"SMITH"},{"data":"Reinforced Body","floor":28,"key":"SMITH"},{"data":"Reinforced Body","floor":30,"key":"SMITH"},{"data":"Capacitor","floor":32,"key":"SMITH"},{"data":"Turbo","floor":40,"key":"SMITH"},{"data":"Defragment","floor":45,"key":"SMITH"},{"floor":49,"key":"REST"}],"circlet_count":0,"master_deck":["AscendersBane","Zap+1","Dualcast+1","Go for the Eyes+1","Cold Snap","Buffer+1","Conserve Battery","Coolheaded","Consume+1","Ball Lightning","Compile Driver","Buffer+1","Compile Driver+1","Streamline+1","Reinforced Body+1","Reinforced Body+1","Defragment+1","Hologram","Capacitor+1","Core Surge","Turbo+1","Skim","Go for the Eyes","Rainbow","Core Surge","Tempest","Leap+1","Stack+1","Finesse","Panacea","Ball Lightning+1","Stack+1","Defragment+1","FTL","Double Energy","Biased Cognition"],"relics":["Cracked Core","Sundial","Bottled Flame","Anchor","Eternal Feather","Boot","Runic Pyramid","Red Mask","DataDisk","Sling","Orichalcum","Shuriken","Pandora\u0027s Box","Bag of Preparation","HornCleat","Omamori","Medical Kit","Happy Flower"],"acts_visited":["Exordium","TheCity","TheBeyond"],"potions_floor_usage":[10,19,23,23,42],"damage_taken":[{"damage":4,"enemies":"2 Louse","floor":1,"turns":3},{"damage":2,"enemies":"Jaw Worm","floor":5,"turns":3},{"damage":20,"enemies":"Gremlin Nob","floor":7,"turns":4},{"damage":0,"enemies":"Small Slimes","floor":8,"turns":3},{"damage":8,"enemies":"3 Sentries","floor":10,"turns":10},{"damage":0,"enemies":"Exordium Wildlife","floor":11,"turns":5},{"damage":0,"enemies":"Lagavulin","floor":13,"turns":10},{"damage":0,"enemies":"Large Slime","floor":14,"turns":4},{"damage":2,"enemies":"The Guardian","floor":16,"turns":14},{"damage":0,"enemies":"Shell Parasite","floor":18,"turns":5},{"damage":0,"enemies":"Masked Bandits","floor":19,"turns":6},{"damage":0,"enemies":"Spheric Guardian","floor":21,"turns":5},{"damage":4,"enemies":"Cultist and Chosen","floor":22,"turns":7},{"damage":0,"enemies":"Gremlin Leader","floor":23,"turns":8},{"damage":0,"enemies":"Snake Plant","floor":27,"turns":5},{"damage":0,"enemies":"Snecko","floor":31,"turns":6},{"damage":0,"enemies":"Collector","floor":33,"turns":11},{"damage":26,"enemies":"3 Darklings","floor":35,"turns":7},{"damage":0,"enemies":"Orb Walker","floor":36,"turns":4},{"damage":9,"enemies":"3 Darklings","floor":39,"turns":8},{"damage":4,"enemies":"Maw","floor":41,"turns":8},{"damage":16,"enemies":"Giant Head","floor":42,"turns":12},{"damage":27,"enemies":"Reptomancer","floor":46,"turns":8},{"damage":0,"enemies":"Writhing Mass","floor":48,"turns":5},{"damage":4,"enemies":"Donu and Deca","floor":50,"turns":10}],"seed_played":"-2742295199141144540","potions_obtained":[{"floor":7,"key":"DistilledChaos"},{"floor":8,"key":"BlessingOfTheForge"},{"floor":16,"key":"Explosive Potion"},{"floor":19,"key":"PowerPotion"},{"floor":22,"key":"DuplicationPotion"},{"floor":27,"key":"FairyPotion"},{"floor":39,"key":"SpeedPotion"},{"floor":41,"key":"EssenceOfSteel"},{"floor":42,"key":"Fire Potion"}],"is_trial":false,"path_per_floor":["M","?","T","?","M","R","E","M","T","E","M","R","E","M","R","B",null,"M","?","$","M","M","E","?","R","T","M","R","?","R","M","R","B",null,"M","M","?","?","M","R","M","E","T","$","R","E","$","M","R","B",null],"character_chosen":"DEFECT","items_purchased":["DataDisk","Sling","Reinforced Body","Defragment","Omamori","Medical Kit","Double Energy"],"campfire_rested":1,"item_purchase_floors":[20,20,20,44,44,44,47],"current_hp_per_floor":[64,64,64,64,62,62,42,42,42,34,34,43,43,43,52,50,69,69,69,69,69,65,65,49,61,61,61,75,61,76,76,80,80,80,54,54,44,44,35,53,49,33,33,33,51,24,24,24,69,65],"gold":102,"neow_bonus":"UPGRADE_CARD","is_daily":false,"chose_seed":false,"campfire_upgraded":9,"win_rate":0.0,"timestamp":1612638753,"path_taken":["M","?","?","?","M","R","E","M","T","E","M","R","E","M","R","BOSS","M","?","$","M","M","E","?","R","T","M","R","?","R","M","R","BOSS","M","M","?","?","M","R","M","E","T","$","R","E","?","M","R","BOSS"],"items_purchased_type":["Relic","Relic","Card","Card","Relic","Relic","Card"],"build_version":"2020-12-22","purchased_purges":2,"victory":true,"max_hp_per_floor":[75,75,75,75,75,75,75,75,75,75,75,75,75,75,75,75,75,75,75,75,75,75,75,75,75,75,75,75,80,80,80,80,80,80,80,80,80,80,80,80,80,80,80,80,80,80,80,80,80,80],"relic_stats":{"Happy Flower":[5],"counters":[25,171],"Sundial":[20],"Shuriken":[18],"Eternal Feather":120,"Pandora\u0027s Box":["Turbo","Skim","Go for the Eyes","Rainbow","Core Surge","Tempest","Reprogram"],"Bag of Preparation":[6],"Orichalcum":[132],"Boot":[41],"Medical Kit":[8],"obtain_stats":[{"Happy Flower":46,"Eternal Feather":10,"Bag of Preparation":42,"Omamori":44,"Orichalcum":23,"Boot":13,"Sling":20,"Medical Kit":44,"Bottled Flame":7,"Anchor":9,"DataDisk":20,"HornCleat":43,"Sundial":3,"Shuriken":26,"Pandora\u0027s Box":34,"Red Mask":19,"Cracked Core":0,"Runic Pyramid":17},{"Happy Flower":23,"Eternal Feather":5,"Bag of Preparation":22,"Omamori":22,"Orichalcum":14,"Boot":7,"Sling":11,"Medical Kit":22,"Bottled Flame":3,"Anchor":4,"DataDisk":11,"HornCleat":22,"Sundial":1,"Shuriken":14,"Pandora\u0027s Box":17,"Red Mask":11,"Cracked Core":0,"Runic Pyramid":9},{"Happy Flower":156,"Eternal Feather":23,"Bag of Preparation":148,"Omamori":148,"Orichalcum":87,"Boot":38,"Sling":67,"Medical Kit":148,"Bottled Flame":10,"Anchor":13,"DataDisk":67,"HornCleat":148,"Sundial":3,"Shuriken":87,"Pandora\u0027s Box":109,"Red Mask":67,"Cracked Core":0,"Runic Pyramid":56}]},"card_choices":[{"not_picked":["Barrage","Rebound"],"picked":"Go for the Eyes","floor":1},{"not_picked":["Hologram","Leap"],"picked":"Cold Snap","floor":5},{"not_picked":["Sweeping Beam","Seek"],"picked":"Buffer","floor":7},{"not_picked":["Aggregate","Gash"],"picked":"Conserve Battery","floor":8},{"not_picked":["Redo","Steam"],"picked":"Coolheaded","floor":10},{"not_picked":["Reinforced Body","Sweeping Beam"],"picked":"Consume","floor":11},{"not_picked":["Darkness","Hologram"],"picked":"Ball Lightning","floor":13},{"not_picked":["Stack","Thunder Strike"],"picked":"Compile Driver","floor":14},{"not_picked":["Machine Learning","Thunder Strike"],"picked":"Buffer","floor":16},{"not_picked":["Rebound","Stack"],"picked":"Compile Driver+1","floor":18},{"not_picked":["Turbo","Sweeping Beam"],"picked":"Streamline+1","floor":19},{"not_picked":["Leap","Steam"],"picked":"Reinforced Body","floor":21},{"not_picked":["Coolheaded","Hologram"],"picked":"Defragment+1","floor":22},{"not_picked":["Rainbow","Aggregate","Tempest+1"],"picked":"SKIP","floor":23},{"not_picked":["Leap","Melter"],"picked":"Hologram","floor":27},{"not_picked":["Compile Driver","Leap"],"picked":"Capacitor","floor":31},{"not_picked":["All For One","Hyperbeam"],"picked":"Core Surge","floor":33},{"not_picked":["Rip and Tear","Beam Cell"],"picked":"Leap+1","floor":35},{"not_picked":["Lockon+1","Redo"],"picked":"Stack+1","floor":36},{"not_picked":["Chrysalis","Magnetism"],"picked":"Finesse","floor":37},{"not_picked":["The Bomb","Sadistic Nature"],"picked":"Panacea","floor":37},{"not_picked":["Melter","Barrage","Go for the Eyes"],"picked":"SKIP","floor":39},{"not_picked":["Cold Snap","Steam"],"picked":"Ball Lightning+1","floor":41},{"not_picked":["Static Discharge","Conserve Battery"],"picked":"Stack+1","floor":42},{"not_picked":["Genetic Algorithm","Barrage"],"picked":"FTL","floor":46},{"not_picked":["Conserve Battery+1","Steam"],"picked":"Biased Cognition","floor":48}],"player_experience":235083,"relics_obtained":[{"floor":3,"key":"Sundial"},{"floor":7,"key":"Bottled Flame"},{"floor":9,"key":"Anchor"},{"floor":10,"key":"Eternal Feather"},{"floor":13,"key":"Boot"},{"floor":19,"key":"Red Mask"},{"floor":23,"key":"Orichalcum"},{"floor":26,"key":"Shuriken"},{"floor":42,"key":"Bag of Preparation"},{"floor":43,"key":"HornCleat"},{"floor":46,"key":"Happy Flower"}],"event_choices":[{"damage_healed":0,"gold_gain":0,"player_choice":"Left Gold","damage_taken":0,"max_hp_gain":0,"max_hp_loss":0,"event_name":"World of Goop","floor":2,"gold_loss":37},{"damage_healed":0,"gold_gain":0,"player_choice":"Grow","damage_taken":0,"max_hp_gain":0,"max_hp_loss":0,"event_name":"Living Wall","floor":4,"gold_loss":0,"cards_upgraded":["Go for the Eyes"]},{"damage_healed":0,"gold_gain":0,"player_choice":"Fought Bandits","damage_taken":0,"max_hp_gain":0,"max_hp_loss":0,"event_name":"Masked Bandits","floor":19,"gold_loss":0},{"damage_healed":0,"gold_gain":0,"player_choice":"Obtained Book","damage_taken":16,"max_hp_gain":0,"max_hp_loss":0,"event_name":"Cursed Tome","floor":24,"gold_loss":0},{"damage_healed":0,"gold_gain":0,"player_choice":"Shed Blood","damage_taken":19,"max_hp_gain":5,"max_hp_loss":0,"event_name":"Forgotten Altar","floor":29,"gold_loss":0},{"damage_healed":0,"gold_gain":0,"player_choice":"Memory 3","damage_taken":10,"max_hp_gain":0,"max_hp_loss":0,"event_name":"SensoryStone","floor":37,"gold_loss":0},{"damage_healed":0,"gold_gain":222,"player_choice":"Wore Mask","damage_taken":0,"max_hp_gain":0,"max_hp_loss":0,"event_name":"Tomb of Lord Red Mask","floor":38,"gold_loss":0}],"is_beta":false,"boss_relics":[{"not_picked":["Black Star","Calling Bell"],"picked":"Runic Pyramid"},{"not_picked":["Snecko Eye","Astrolabe"],"picked":"Pandora\u0027s Box"}],"items_purged_floors":[20,44],"is_endless":false,"potions_floor_spawned":[7,8,16,18,19,22,27,39,41,42,48],"ascension_level":11}}