{"host":"w7pthw6r6331n954","time":1612628682,"event":{"mods":["AchievementEnabler","Act Like it!","BaseMod","BetterRewards","Card Forge","Colored Map","Colored Powertips","Custom Start","Downfall","Duelist Mod","GifTheSpireLib","Hallownest","Hermit","Jorbs\u0027s Wanderer Trilogy","Minty Spire (QoL Compilation)","Replay The Spire","Shop Mod","StSLib","SuperFastMode"],"gold_per_floor":[109,109,109,35,50,84,94,94,94,121,121,32,32,62,62,165,165,181,8,8,11,28,28,39,53,53,53,53,53,53,67,67,162,162,180,196,196,246,51,51,61,61,131,163,15,32,32,32,32],"floor_reached":48,"language":"ENG","playtime":3924,"items_purged":["Strike_B"],"score":644,"play_id":"23e16b52-67c8-424b-bb64-630ff2f6c287","local_time":"20210206112442","is_ascension_mode":false,"campfire_choices":[{"floor":11,"key":"REST"},{"floor":13,"key":"RECALL"},{"data":"Reboot","floor":15,"key":"SMITH"},{"data":"ReplayUltimateDefense","floor":23,"key":"SMITH"},{"data":"Sadistic Nature","floor":27,"key":"SMITH"},{"data":"ReplayRNGCard","floor":29,"key":"SMITH"},{"floor":32,"key":"REST"},{"data":"ReplayTheSpireMod:Private Reserves","floor":40,"key":"SMITH"},{"data":"Aggregate","floor":42,"key":"SMITH"}],"circlet_count":0,"master_deck":["Strike_B+1","Strike_B","Defend_B","Defend_B","Defend_B","Defend_B","Zap","ReplayGash","Replay:Parry","ReplayUltimateDefense+1","Beam Cell","Beam Cell","Panacea","Poisoned Strike","Stack","Conserve Battery","Panic Button","Go for the Eyes","Genetic Algorithm","BootSequence+1","Reboot+1","Sadistic Nature+1","Steam","Core Surge","Redo+1","ReplayRNGCard+1","Turbo","Rebound","Sweeping Beam","Crystallizer","Crow Ritual","ReplayTheSpireMod:Private Reserves+1","Deep Breath","Time Bomb","Force Field+1","Streamline+1","Auto Shields+1","All For One","Rebound","Panic Button+1","Go for the Eyes+1","Melter","Aggregate+1","ReplayTheSpireMod:Splinters","Stack+1","Streamline"],"relics":["Cracked Core","Hammer of Thor","Seething Fire","Anvil of the Gods","MerchantsRug","Meat on the Bone","Strange Spoon","ReplayTheSpireMod:TigerMarble","HandDrill","Membership Card","Solar Panel","PreservedInsect","Lizard Tail","DataDisk","Inserter","Replay:Baseball","Incense Burner","Mirror","Replay:Rubber Ducky","Bottled Flame","Turnip","Calipers"],"acts_visited":["Exordium","TheCity","TheBeyond"],"potions_floor_usage":[6,14,16],"damage_taken":[{"damage":0,"enemies":"Cultist","floor":1,"turns":2},{"damage":0,"enemies":"Small Slimes","floor":5,"turns":2},{"damage":31,"enemies":"Lagavulin","floor":6,"turns":4},{"damage":0,"enemies":"2 Louse","floor":7,"turns":2},{"damage":8,"enemies":"Replay:BlueRogue","floor":10,"turns":4},{"damage":0,"enemies":"Gremlin Nob","floor":14,"turns":3},{"damage":24,"enemies":"Fading Forest","floor":16,"turns":11},{"damage":10,"enemies":"Chosen","floor":18,"turns":4},{"damage":0,"enemies":"2 Thieves","floor":22,"turns":3},{"damage":15,"enemies":"Snake Plant","floor":24,"turns":5},{"damage":0,"enemies":"Snecko","floor":25,"turns":4},{"damage":3,"enemies":"Sentry and Sphere","floor":31,"turns":7},{"damage":18,"enemies":"Champ","floor":33,"turns":11},{"damage":0,"enemies":"Orb Walker","floor":35,"turns":3},{"damage":4,"enemies":"3 Darklings","floor":36,"turns":7},{"damage":0,"enemies":"Mind Bloom Boss Battle","floor":38,"turns":10},{"damage":11,"enemies":"Maw","floor":41,"turns":9},{"damage":0,"enemies":"Sphere and 2 Shapes","floor":46,"turns":1},{"damage":0,"enemies":"Writhing Mass","floor":48,"turns":1}],"seed_played":"-5509473812734640345","potions_obtained":[{"floor":5,"key":"bronze:BurnAndBuffPotion"},{"floor":7,"key":"Block Potion"},{"floor":14,"key":"Swift Potion"},{"floor":16,"key":"DuplicationPotion"}],"is_trial":false,"path_per_floor":["M","?","?","$","M","E","M","?","T","E","R","$","R","E","R","B",null,"M","$","?","$","M","R","M","M","T","R","?","R","?","M","R","B",null,"M","M","?","?","$","R","M","R","T","?","$","M","$","M"],"character_chosen":"DEFECT","items_purchased":["MerchantsRug","Meat on the Bone","Strange Spoon","ReplayGash","Replay:Parry","ReplayUltimateDefense","ReplayTheSpireMod:TigerMarble","Thread and Needle","HandDrill","Beam Cell","Panacea","Poisoned Strike","FairyPotion","Stack","Membership Card","Sadistic Nature","Replay:Baseball","BargainBundle","ReplayRNGCard","Turbo","Rebound","Sweeping Beam","Crystallizer","Crow Ritual","ReplayTheSpireMod:Private Reserves","EntropicBrew","Deep Breath","Mirror","Replay:Rubber Ducky","Lee\u0027s Waffle","Melter","Calipers"],"campfire_rested":2,"item_purchase_floors":[0,0,0,0,0,0,0,0,0,0,0,0,0,0,4,12,19,19,19,19,19,19,19,19,19,19,21,39,39,39,39,45],"current_hp_per_floor":[39,24,24,24,36,17,31,31,31,37,59,59,59,61,61,49,75,65,65,65,65,65,65,52,56,56,56,56,56,42,51,75,61,80,80,76,76,78,87,87,76,76,76,76,76,76,76,76,76],"gold":32,"neow_bonus":"","is_daily":false,"chose_seed":false,"campfire_upgraded":6,"win_rate":0.0,"timestamp":1612628682,"path_taken":["M","?","?","$","?","E","M","?","T","E","R","$","R","E","R","BOSS","M","$","?","$","?","R","M","M","T","R","?","R","?","M","R","BOSS","M","M","?","?","$","R","M","R","T","?","?","?","$","M"],"items_purchased_type":["Relic","Relic","Relic","Card","Card","Card","Relic","Relic","Relic","Card","Card","Card","Potion","Card","Relic","Card","Relic","Relic","Card","Card","Card","Card","Card","Card","Card","Potion","Card","Relic","Relic","Relic","Card","Relic"],"build_version":"2020-12-22","purchased_purges":1,"victory":false,"max_hp_per_floor":[75,75,75,75,75,75,75,75,75,75,75,75,75,75,75,75,75,75,75,75,75,75,75,75,75,75,75,75,75,80,80,80,80,80,80,80,80,80,87,87,87,87,87,87,87,87,87,87,87],"card_choices":[{"not_picked":["ReplayTheSpireMod:Reroute Power","Capacitor"],"picked":"Conserve Battery","floor":1},{"not_picked":["Barrage","Rebound"],"picked":"Panic Button","floor":5},{"not_picked":["Turbo","Compile Driver"],"picked":"Go for the Eyes","floor":6},{"not_picked":["Doom and Gloom","Compile Driver"],"picked":"Genetic Algorithm","floor":7},{"not_picked":["Heatsinks","Hello World"],"picked":"Reboot","floor":10},{"not_picked":["Hologram","Panic Button"],"picked":"Steam","floor":14},{"not_picked":["Machine Learning","Reboot"],"picked":"Core Surge","floor":16},{"not_picked":["Coolheaded","FIFO Queue"],"picked":"Redo+1","floor":18},{"not_picked":["ReplayTheSpireMod:Calculation Training","Reinforced Body+1"],"picked":"Time Bomb","floor":22},{"not_picked":["Conserve Battery","Coolheaded"],"picked":"Force Field+1","floor":24},{"not_picked":["Hologram","Leap"],"picked":"Streamline+1","floor":25},{"not_picked":["Barrage","Conserve Battery"],"picked":"Auto Shields+1","floor":31},{"not_picked":["Biased Cognition","Core Surge"],"picked":"All For One","floor":33},{"not_picked":["Compile Driver","Leap"],"picked":"Rebound","floor":35},{"not_picked":["BasicCrystalCard+1","Compile Driver"],"picked":"Panic Button+1","floor":36},{"not_picked":["Redo","BasicCrystalCard+1"],"picked":"Go for the Eyes+1","floor":38},{"not_picked":["Coolheaded+1","Streamline"],"picked":"Aggregate","floor":41},{"not_picked":["Compile Driver","Defragment+1"],"picked":"Stack+1","floor":44},{"not_picked":["Go for the Eyes+1","Compile Driver"],"picked":"Streamline","floor":46}],"player_experience":1195567,"relics_obtained":[{"floor":6,"key":"Solar Panel"},{"floor":9,"key":"PreservedInsect"},{"floor":10,"key":"Lizard Tail"},{"floor":14,"key":"DataDisk"},{"floor":38,"key":"Incense Burner"},{"floor":43,"key":"Bottled Flame"},{"floor":44,"key":"Turnip"}],"event_choices":[{"damage_healed":0,"gold_gain":0,"player_choice":"Entered Light","damage_taken":15,"max_hp_gain":0,"max_hp_loss":0,"event_name":"Shining Light","floor":2,"gold_loss":0,"cards_upgraded":["Dualcast","Strike_B"]},{"damage_healed":0,"gold_gain":0,"player_choice":"Bought 0 Potions","damage_taken":0,"max_hp_gain":0,"max_hp_loss":0,"event_name":"The Woman in Blue","floor":3,"gold_loss":0},{"damage_healed":0,"gold_gain":0,"player_choice":"Got Potions","damage_taken":0,"max_hp_gain":0,"max_hp_loss":0,"event_name":"Lab","floor":20,"gold_loss":0},{"cards_removed":["Strike_B"],"damage_healed":0,"gold_gain":0,"player_choice":"Elegance","damage_taken":0,"max_hp_gain":0,"max_hp_loss":0,"event_name":"Back to Basics","floor":28,"gold_loss":0},{"damage_healed":0,"gold_gain":0,"player_choice":"Shed Blood","damage_taken":19,"max_hp_gain":5,"max_hp_loss":0,"event_name":"Forgotten Altar","floor":30,"gold_loss":0},{"damage_healed":0,"gold_gain":0,"player_choice":"Ignored","damage_taken":0,"max_hp_gain":0,"max_hp_loss":0,"event_name":"Tomb of Lord Red Mask","floor":37,"gold_loss":0},{"damage_healed":0,"gold_gain":0,"player_choice":"Fight","damage_taken":0,"max_hp_gain":0,"max_hp_loss":0,"event_name":"MindBloom","floor":38,"gold_loss":0}],"is_beta":false,"boss_relics":[{"not_picked":["Empty Cage","Sozu"],"picked":"Inserter"},{"not_picked":["Velvet Choker","ReplayTheSpireMod:DimensionalGlitch"],"picked":"Coffee Dripper"}],"items_purged_floors":[19],"is_endless":false,"potions_floor_spawned":[5,7,14,16,22,24,25,35,46],"killed_by":"Writhing Mass","ascension_level":0}}