{"host":"j5shy70asow5koz5","time":1612609655,"event":{"mods":["2.2 Compatiblity","Arknights","BaseMod","Colored Map","Marisa£¨Ùöéë¡¡Øª×âÞÞ£©","Minty Spire (QoL Compilation)","Prisma Mod","StSLib","SuperFastMode","Td1madao Mod","The Disciple","The Gatherer","The Servant 0.9.4","Waifu the Spire"],"gold_per_floor":[117,117,127,20,30,30,30,30,53,68,68,101,101,113,113,214,214,233,248,248,264,70,70,96,56,56,56,69,80,80,80],"floor_reached":30,"language":"KOR","playtime":669,"items_purged":["Strike_R"],"score":250,"play_id":"2a1910c3-e473-45eb-a745-aefd8158c343","local_time":"20210206200735","is_ascension_mode":false,"campfire_choices":[{"data":"Armaments","floor":6.0,"key":"SMITH"},{"data":"Hemokinesis","floor":8.0,"key":"SMITH"},{"data":"Sever Soul","floor":13.0,"key":"SMITH"},{"data":"Iron Wave","floor":15.0,"key":"SMITH"},{"floor":23.0,"key":"REST"},{"data":"Inflame","floor":27,"key":"SMITH"}],"circlet_count":0,"master_deck":["Strike_R","Strike_R","Strike_R","Defend_R","Defend_R","Defend_R","Defend_R","Bash","Hemokinesis+1","Disarm","Sever Soul+1","Armaments+1","Iron Wave+1","Inflame+1","Heavy Blade"],"relics":["Busted Crown","Potion Belt","Boot","Black Star","Oddly Smooth Stone","Bag of Marbles","Bird Faced Urn"],"acts_visited":["Exordium","TheCity"],"potions_floor_usage":[24,29,29,29,30,30],"damage_taken":[{"damage":1.0,"enemies":"2 Louse","floor":1.0,"turns":2.0},{"damage":2.0,"enemies":"Cultist","floor":3.0,"turns":2.0},{"damage":8.0,"enemies":"Jaw Worm","floor":5.0,"turns":2.0},{"damage":7.0,"enemies":"Blue Slaver","floor":10.0,"turns":2.0},{"damage":19.0,"enemies":"Gremlin Nob","floor":12.0,"turns":4.0},{"damage":13.0,"enemies":"Red Slaver","floor":14.0,"turns":2.0},{"damage":9.0,"enemies":"The Guardian","floor":16.0,"turns":10.0},{"damage":13.0,"enemies":"Spheric Guardian","floor":18.0,"turns":3.0},{"damage":17.0,"enemies":"3 Byrds","floor":19.0,"turns":6.0},{"damage":31.0,"enemies":"Snake Plant","floor":21.0,"turns":3.0},{"damage":19,"enemies":"Book of Stabbing","floor":24,"turns":4},{"damage":18,"enemies":"Centurion and Healer","floor":28,"turns":5},{"damage":3,"enemies":"3 Cultists","floor":29,"turns":4},{"damage":17,"enemies":"Gremlin Leader","floor":30,"turns":6}],"seed_played":"-4893067690394490315","potions_obtained":[{"floor":1.0,"key":"GamblersBrew"},{"floor":14.0,"key":"SkillPotion"},{"floor":21.0,"key":"BlessingOfTheForge"},{"floor":25,"key":"Swift Potion"},{"floor":25,"key":"FearPotion"},{"floor":25,"key":"LiquidBronze"},{"floor":28,"key":"HeartOfIron"}],"is_trial":false,"path_per_floor":["M","?","M","$","M","R","?","R","T","M","?","E","R","M","R","B",null,"M","M","$","M","$","R","E","?","T","R","M","M","E"],"character_chosen":"IRONCLAD","items_purchased":["Disarm","Sever Soul","Inflame","Energy Potion"],"campfire_rested":1,"item_purchase_floors":[4,4,22,22],"current_hp_per_floor":[79,79,77,77,69,69,74,74,74,67,67,48,48,35,35,26,85,72,55,55,24,24,49,30,30,30,30,14,13,0,0],"gold":80,"neow_bonus":"BOSS_RELIC","is_daily":false,"chose_seed":false,"campfire_upgraded":5,"win_rate":0.0,"timestamp":1612609655,"path_taken":["M","?","M","?","?","R","?","R","T","M","?","E","R","?","R","BOSS","M","M","?","M","$","R","E","?","T","R","M","?","E"],"items_purchased_type":["Card","Card","Card","Potion"],"build_version":"2020-12-22","purchased_purges":1,"victory":false,"max_hp_per_floor":[80,80,80,80,80,80,85,85,85,85,85,85,85,85,85,85,85,85,85,85,85,85,85,85,85,85,85,85,85,85,85],"card_choices":[{"not_picked":[],"picked":"Hemokinesis","floor":1.0},{"not_picked":["Anger"],"picked":"SKIP","floor":3.0},{"not_picked":[],"picked":"Armaments","floor":5.0},{"not_picked":["Flex"],"picked":"SKIP","floor":10.0},{"not_picked":["Burning Pact"],"picked":"SKIP","floor":12.0},{"not_picked":["Anger"],"picked":"SKIP","floor":14.0},{"not_picked":["Ghostly Armor"],"picked":"SKIP","floor":18.0},{"not_picked":["Anger"],"picked":"SKIP","floor":19.0},{"not_picked":["Anger"],"picked":"SKIP","floor":21.0},{"not_picked":["Blood for Blood"],"picked":"SKIP","floor":24},{"not_picked":["Perfected Strike"],"picked":"SKIP","floor":28},{"not_picked":["Heavy Blade"],"picked":"SKIP","floor":29},{"not_picked":[],"picked":"Heavy Blade","floor":29}],"player_experience":76402,"relics_obtained":[{"floor":9.0,"key":"Potion Belt"},{"floor":12.0,"key":"Boot"},{"floor":24,"key":"Oddly Smooth Stone"},{"floor":24,"key":"Bag of Marbles"},{"floor":26,"key":"Bird Faced Urn"}],"event_choices":[{"damage_healed":0.0,"max_hp_gain":0.0,"max_hp_loss":0.0,"gold_gain":0.0,"event_name":"NoteForYourself","player_choice":"Ignored","floor":2.0,"gold_loss":0.0,"damage_taken":0.0},{"damage_healed":0.0,"max_hp_gain":5.0,"max_hp_loss":0.0,"gold_gain":0.0,"event_name":"Big Fish","player_choice":"Donut","floor":7.0,"gold_loss":0.0,"damage_taken":0.0},{"damage_healed":0.0,"max_hp_gain":0.0,"max_hp_loss":0.0,"gold_gain":0.0,"cards_transformed":["Strike_R"],"event_name":"Transmorgrifier","player_choice":"Transformed","floor":11.0,"gold_loss":0.0,"damage_taken":0.0,"cards_obtained":["Iron Wave"]},{"damage_healed":0,"gold_gain":0,"player_choice":"Bought 3 Potions","damage_taken":0,"max_hp_gain":0,"max_hp_loss":0,"event_name":"The Woman in Blue","floor":25,"gold_loss":0}],"is_beta":false,"boss_relics":[{"not_picked":["Runic Dome","Mark of Pain"],"picked":"Black Star"}],"items_purged_floors":[22],"is_endless":false,"potions_floor_spawned":[1,14,21,28],"killed_by":"Gremlin Leader","ascension_level":0}}