{"host":"f5gffvlv6a66yqkd","time":1612633266,"event":{"mods":["2.2 Compatiblity","BaseMod","Colored Map","Custom Start","DeckTracker","Keyboard Shortcuts","Minty Spire (QoL Compilation)","Permanent Neow","Quick Restart","Relic Stats","StSLib","SuperFastMode"],"gold_per_floor":[111,127,147,160,160,160,191,205,205,47,59,73,73,93,93,171,171,186,186,186,201,201,201,212,229,254,254,254],"floor_reached":27,"language":"KOR","playtime":498,"items_purged":[],"score":538,"play_id":"44f23553-7c4b-4ec7-8dcd-3024658a1766","local_time":"20210207024106","is_ascension_mode":true,"campfire_choices":[{"data":"Darkness","floor":6,"key":"SMITH"},{"data":"Dualcast","floor":13,"key":"SMITH"},{"floor":15,"key":"REST"},{"data":"Coolheaded","floor":23,"key":"SMITH"}],"circlet_count":0,"master_deck":["AscendersBane","Strike_B","Strike_B","Strike_B","Strike_B","Defend_B","Defend_B","Defend_B","Defend_B","Zap+1","Dualcast+1","Gash","Darkness+1","Conserve Battery","Rebound","Ball Lightning","Chill","Hologram","Coolheaded+1","Electrodynamics","Turbo","Normality","Biased Cognition","Capacitor","Writhe"],"relics":["Cracked Core","Pear","DataDisk","Question Card","OrangePellets","Cursed Key","White Beast Statue","Anchor"],"acts_visited":["Exordium","TheCity"],"potions_floor_usage":[11,16],"damage_taken":[{"damage":0.0,"enemies":"2 Louse","floor":1.0,"turns":3.0},{"damage":2.0,"enemies":"Jaw Worm","floor":2.0,"turns":3.0},{"damage":6.0,"enemies":"Cultist","floor":3.0,"turns":3.0},{"damage":1,"enemies":"Looter","floor":4,"turns":3},{"damage":5,"enemies":"Lagavulin","floor":7,"turns":5},{"damage":11,"enemies":"Large Slime","floor":8,"turns":6},{"damage":8,"enemies":"Blue Slaver","floor":11,"turns":2},{"damage":7,"enemies":"2 Fungi Beasts","floor":12,"turns":3},{"damage":16,"enemies":"Exordium Thugs","floor":14,"turns":4},{"damage":0,"enemies":"Slime Boss","floor":16,"turns":6},{"damage":14,"enemies":"2 Thieves","floor":18,"turns":4},{"damage":5,"enemies":"3 Byrds","floor":21,"turns":3},{"damage":44,"enemies":"Shelled Parasite and Fungi","floor":24,"turns":5},{"damage":0,"enemies":"3 Cultists","floor":25,"turns":4},{"damage":10,"enemies":"Masked Bandits","floor":27,"turns":2}],"seed_played":"-1530230561353769312","potions_obtained":[{"floor":2.0,"key":"PowerPotion"},{"floor":7,"key":"LiquidMemories"},{"floor":11,"key":"Fruit Juice"},{"floor":14,"key":"PotionOfCapacity"},{"floor":24,"key":"ColorlessPotion"},{"floor":25,"key":"FocusPotion"}],"is_trial":false,"path_per_floor":["M","M","M","M","?","R","E","M","T","$","M","M","R","M","R","B",null,"M","?","?","M","T","R","M","M","T","?"],"character_chosen":"DEFECT","items_purchased":["OrangePellets"],"campfire_rested":1,"item_purchase_floors":[10],"current_hp_per_floor":[64,62,56,55,47,47,42,31,31,31,28,21,21,5,30,30,72,58,58,58,53,53,53,9,9,9,0,0],"gold":254,"neow_bonus":"UPGRADE_CARD","is_daily":false,"chose_seed":false,"campfire_upgraded":3,"win_rate":0.0,"timestamp":1612633266,"path_taken":["M","M","M","M","?","R","E","M","T","$","M","M","R","M","R","BOSS","M","?","?","?","?","R","M","M","T","?"],"items_purchased_type":["Relic"],"build_version":"2020-12-22","purchased_purges":0,"victory":false,"max_hp_per_floor":[71,71,71,71,81,81,81,81,81,81,86,86,86,86,86,86,86,86,86,86,86,86,86,86,86,86,86,86],"relic_stats":{"OrangePellets":[1],"counters":[15,56],"Question Card":8,"Cursed Key":2,"obtain_stats":[{"OrangePellets":10,"DataDisk":7,"Anchor":26,"Pear":5,"Cracked Core":0,"Question Card":9,"Cursed Key":17,"White Beast Statue":22},{"OrangePellets":6,"DataDisk":5,"Anchor":14,"Pear":4,"Cracked Core":0,"Question Card":6,"Cursed Key":10,"White Beast Statue":12},{"OrangePellets":23,"DataDisk":17,"Anchor":54,"Pear":12,"Cracked Core":0,"Question Card":23,"Cursed Key":38,"White Beast Statue":45}]},"card_choices":[{"not_picked":["Conserve Battery","Darkness"],"picked":"Gash","floor":1.0},{"not_picked":["Hello World","Streamline"],"picked":"Darkness","floor":2.0},{"not_picked":["Barrage","Leap"],"picked":"Conserve Battery","floor":3.0},{"not_picked":["Conserve Battery","Steam","Go for the Eyes"],"picked":"SKIP","floor":4},{"not_picked":["Capacitor","Compile Driver"],"picked":"Rebound","floor":7},{"not_picked":["Reinforced Body","Hologram"],"picked":"Ball Lightning","floor":8},{"not_picked":["Force Field","Ball Lightning","White Noise"],"picked":"Chill","floor":11},{"not_picked":["Sweeping Beam","Chill","Auto Shields"],"picked":"Hologram","floor":12},{"not_picked":["Gash","Rebound","Beam Cell"],"picked":"Coolheaded","floor":14},{"not_picked":["Multi-Cast","Meteor Strike","Seek"],"picked":"Electrodynamics","floor":16},{"not_picked":["Streamline","Go for the Eyes","Barrage"],"picked":"Turbo","floor":18},{"not_picked":["Chaos","Conserve Battery","Sunder","Streamline"],"picked":"SKIP","floor":21},{"not_picked":["Coolheaded","Lockon","Hologram"],"picked":"Biased Cognition","floor":24},{"not_picked":["Conserve Battery","Genetic Algorithm+1","Streamline"],"picked":"Capacitor","floor":25}],"player_experience":1686219,"relics_obtained":[{"floor":7,"key":"DataDisk"},{"floor":9,"key":"Question Card"},{"floor":22,"key":"White Beast Statue"},{"floor":26,"key":"Anchor"}],"event_choices":[{"damage_healed":0,"gold_gain":0,"player_choice":"Success","damage_taken":18,"relics_obtained":["Pear"],"max_hp_gain":0,"max_hp_loss":0,"event_name":"Scrap Ooze","floor":5,"gold_loss":0},{"damage_healed":0,"gold_gain":0,"player_choice":"Ignored","damage_taken":0,"max_hp_gain":0,"max_hp_loss":0,"event_name":"Vampires","floor":19,"gold_loss":0},{"damage_healed":0,"gold_gain":0,"player_choice":"Ignored","damage_taken":0,"max_hp_gain":0,"max_hp_loss":0,"event_name":"Ghosts","floor":20,"gold_loss":0},{"damage_healed":0,"gold_gain":0,"player_choice":"Fought Bandits","damage_taken":0,"max_hp_gain":0,"max_hp_loss":0,"event_name":"Masked Bandits","floor":27,"gold_loss":0}],"is_beta":false,"boss_relics":[{"not_picked":["Coffee Dripper","Inserter"],"picked":"Cursed Key"}],"items_purged_floors":[],"is_endless":false,"potions_floor_spawned":[2,7,11,14,24,25],"killed_by":"Masked Bandits","ascension_level":20}}