{"host":"q5twaoo3ngmfp14g","time":1612572996,"event":{"mods":["AchievementEnabler","BaseMod","Minty Spire (QoL Compilation)","Relic Stats","StSLib"],"gold_per_floor":[209,209,359,38,51,76,76,108,108,108,25,41,59,78,78,149,149,160,160,160,160,60,60,75,75,75],"floor_reached":25,"language":"ENG","playtime":2928,"items_purged":["Regret","Doubt"],"score":433,"play_id":"1f829309-f4b3-48c8-985f-6431c707cea9","local_time":"20210206015636","is_ascension_mode":true,"campfire_choices":[{"data":"Mayhem","floor":7.0,"key":"SMITH"},{"floor":10.0,"key":"REST"},{"floor":15.0,"key":"REST"},{"floor":23.0,"key":"REST"}],"circlet_count":0,"master_deck":["AscendersBane","Defend_B","Defend_B","Defend_B","Defend_B","Zap","Dualcast","Reinforced Body","Mayhem+1","Lockon","Sunder","Beam Cell","Capacitor","Ball Lightning","Coolheaded","Coolheaded","Seek","Loop","Bite","Bite","Bite","Bite","Bite","Auto Shields"],"relics":["Cracked Core","Ginger","StoneCalendar","Darkstone Periapt","Ice Cream","Inserter","Enchiridion"],"acts_visited":["Exordium","TheCity"],"potions_floor_usage":[25],"damage_taken":[{"damage":0.0,"enemies":"2 Louse","floor":1.0,"turns":3.0},{"damage":2.0,"enemies":"Jaw Worm","floor":5.0,"turns":5.0},{"damage":32.0,"enemies":"Gremlin Nob","floor":6.0,"turns":4.0},{"damage":25.0,"enemies":"Lagavulin","floor":8.0,"turns":7.0},{"damage":13.0,"enemies":"Small Slimes","floor":12.0,"turns":2.0},{"damage":8.0,"enemies":"2 Fungi Beasts","floor":13.0,"turns":4.0},{"damage":1.0,"enemies":"Blue Slaver","floor":14.0,"turns":3.0},{"damage":10.0,"enemies":"Slime Boss","floor":16.0,"turns":7.0},{"damage":26.0,"enemies":"Spheric Guardian","floor":18.0,"turns":6.0},{"damage":25.0,"enemies":"2 Thieves","floor":24.0,"turns":4.0},{"damage":27,"enemies":"Gremlin Leader","floor":25,"turns":3}],"seed_played":"-9078164065942708199","potions_obtained":[{"floor":1.0,"key":"PotionOfCapacity"},{"floor":8.0,"key":"Dexterity Potion"},{"floor":14.0,"key":"LiquidMemories"},{"floor":16.0,"key":"Block Potion"},{"floor":24.0,"key":"Dexterity Potion"}],"is_trial":false,"path_per_floor":["M","?","?","$","M","E","R","E","T","R","$","M","M","M","R","B",null,"M","?","?","?","$","R","M","E"],"character_chosen":"DEFECT","items_purchased":["Mayhem","Lockon","Ball Lightning","Coolheaded"],"campfire_rested":3,"item_purchase_floors":[4,4,11,11],"current_hp_per_floor":[64,64,64,64,62,30,30,5,5,26,26,13,5,4,25,15,57,31,10,10,20,20,34,21,0,0],"gold":75,"neow_bonus":"HUNDRED_GOLD","is_daily":false,"chose_seed":false,"campfire_upgraded":1,"win_rate":0.0,"timestamp":1612572996,"path_taken":["M","?","?","$","M","E","R","E","T","R","$","M","M","M","R","BOSS","M","?","?","?","?","R","M","E"],"items_purchased_type":["Card","Card","Card","Card"],"build_version":"2020-12-22","purchased_purges":2,"victory":false,"max_hp_per_floor":[71,71,71,71,71,71,71,71,71,71,71,71,71,71,71,71,71,71,71,49,49,49,49,49,49,49],"relic_stats":{"Darkstone Periapt":0,"Inserter":[6],"counters":[11,48],"StoneCalendar":[49],"Ginger":[13],"obtain_stats":[{"Darkstone Periapt":8,"Ice Cream":9,"Inserter":17,"Enchiridion":19,"StoneCalendar":6,"Ginger":2,"Cracked Core":0},{"Darkstone Periapt":4,"Ice Cream":4,"Inserter":8,"Enchiridion":9,"StoneCalendar":3,"Ginger":1,"Cracked Core":0},{"Darkstone Periapt":19,"Ice Cream":19,"Inserter":35,"Enchiridion":41,"StoneCalendar":12,"Ginger":3,"Cracked Core":0}]},"card_choices":[{"not_picked":["Gash","Streamline"],"picked":"Reinforced Body","floor":1.0},{"not_picked":["Streamline","Hologram"],"picked":"Sunder","floor":5.0},{"not_picked":["Undo","FTL"],"picked":"Beam Cell","floor":6.0},{"not_picked":["Lockon","Leap"],"picked":"Capacitor","floor":8.0},{"not_picked":["FTL","Rebound"],"picked":"Coolheaded","floor":12.0},{"not_picked":["Heatsinks","Hologram","Skim"],"picked":"SKIP","floor":13.0},{"not_picked":["Scrape","Steam","FTL"],"picked":"SKIP","floor":14.0},{"not_picked":["Reboot","Hyperbeam"],"picked":"Seek","floor":16.0},{"not_picked":["Turbo","Leap"],"picked":"Loop","floor":18.0},{"not_picked":["Chaos","Blizzard"],"picked":"Auto Shields","floor":24.0}],"player_experience":810991,"relics_obtained":[{"floor":6.0,"key":"StoneCalendar"},{"floor":8.0,"key":"Darkstone Periapt"},{"floor":9.0,"key":"Ice Cream"},{"floor":19.0,"key":"Enchiridion"}],"event_choices":[{"damage_healed":0.0,"max_hp_gain":0.0,"max_hp_loss":0.0,"gold_gain":0.0,"event_name":"Big Fish","player_choice":"Box","floor":2.0,"gold_loss":0.0,"damage_taken":0.0,"relics_obtained":["Ginger"],"cards_obtained":["Regret"]},{"damage_healed":0.0,"max_hp_gain":0.0,"max_hp_loss":0.0,"gold_gain":150.0,"event_name":"Liars Game","player_choice":"AGREE","floor":3.0,"gold_loss":0.0,"damage_taken":0.0,"cards_obtained":["Doubt"]},{"damage_healed":0.0,"max_hp_gain":0.0,"max_hp_loss":0.0,"gold_gain":0.0,"event_name":"Cursed Tome","player_choice":"Obtained Book","floor":19.0,"gold_loss":0.0,"damage_taken":21.0},{"damage_healed":0.0,"max_hp_gain":0.0,"max_hp_loss":22.0,"gold_gain":0.0,"event_name":"Vampires","player_choice":"Became a vampire","floor":20.0,"gold_loss":0.0,"damage_taken":0.0,"cards_obtained":["Bite","Bite","Bite","Bite","Bite"]},{"damage_healed":10.0,"max_hp_gain":0.0,"max_hp_loss":0.0,"gold_gain":0.0,"event_name":"The Library","player_choice":"Heal","floor":21.0,"gold_loss":0.0,"damage_taken":0.0}],"is_beta":false,"boss_relics":[{"not_picked":["Sozu","Busted Crown"],"picked":"Inserter"}],"items_purged_floors":[4,22],"is_endless":false,"potions_floor_spawned":[1,8,14,16,24],"killed_by":"Gremlin Leader","ascension_level":19}}