{"host":"yx8wv8d7ru77s2k1","time":1612628154,"event":{"mods":["BaseMod","Colored Map","Downfall","Hermit","Infinite Spire","Jorbs\u0027s Wanderer Trilogy","Marisa????????","Minty Spire (QoL Compilation)","Relic Sorter","Reliquary","Spikes Relics","StSLib","The Bug Knight","The Disciple","The Hierophant","The Necromancer","The Servant 0.9.4"],"gold_per_floor":[116,131,131,143,68,68,101,101,101,117,117,17,32,47,47,143,143,160,177,192,192,142,170,180,180,180,194,213,213,213,232,232,240,240],"floor_reached":33,"language":"ENG","playtime":1359,"items_purged":["Strike_G","Strike_G","Strike_G"],"score":271,"play_id":"ca70a745-5048-4b7d-98c6-1acf53d3e764","local_time":"20210206171554","is_ascension_mode":false,"campfire_choices":[{"data":"Poisoned Stab","floor":6,"key":"SMITH"},{"floor":8,"key":"REST"},{"data":"Deadly Poison","floor":11,"key":"SMITH"},{"floor":15,"key":"REST"},{"floor":30,"key":"REST"},{"data":"Adrenaline","floor":32,"key":"SMITH"}],"circlet_count":0,"master_deck":["Strike_G","Strike_G","Defend_G","Defend_G","Defend_G","Defend_G","Defend_G","Survivor","Neutralize","Bane","Poisoned Stab+1","Deadly Poison+1","Caltrops","Crippling Poison","Adrenaline+1","Blur+1","PiercingWail","infinitespire:Menacing","BlessedFruit","BlessedFruit","Blur","Caltrops+1","Setup"],"relics":["Ring of the Snake","Paper Crane","Mummified Hand","Shuriken","HoveringKite","Ring of the Serpent","HeavenlyBonsai","SnailShell","infinitespire:Midas Blood"],"acts_visited":["Exordium","TheCity"],"potions_floor_usage":[10,28,28,29,31,33],"damage_taken":[{"damage":2,"enemies":"Cultist","floor":1,"turns":5},{"damage":0,"enemies":"Small Slimes","floor":2,"turns":4},{"damage":12,"enemies":"2 Louse","floor":4,"turns":3},{"damage":7,"enemies":"Gremlin Nob","floor":7,"turns":4},{"damage":11,"enemies":"Lots of Slimes","floor":10,"turns":5},{"damage":2,"enemies":"Large Slime","floor":13,"turns":5},{"damage":14,"enemies":"Exordium Thugs","floor":14,"turns":3},{"damage":23,"enemies":"Hexaghost","floor":16,"turns":10},{"damage":0,"enemies":"Chosen","floor":18,"turns":4},{"damage":10,"enemies":"2 Thieves","floor":19,"turns":5},{"damage":13,"enemies":"Snecko","floor":20,"turns":5},{"damage":24,"enemies":"Gremlin Leader","floor":23,"turns":11},{"damage":0,"enemies":"Snake Plant","floor":24,"turns":4},{"damage":0,"enemies":"Chosen and Byrds","floor":27,"turns":6},{"damage":7,"enemies":"3 Cultists","floor":28,"turns":6},{"damage":0,"enemies":"Shelled Parasite and Fungi","floor":31,"turns":7},{"damage":59,"enemies":"Automaton","floor":33,"turns":12}],"seed_played":"-9161640081230183651","potions_obtained":[{"floor":7,"key":"Strength Potion"},{"floor":13,"key":"SteroidPotion"},{"floor":23,"key":"Fire Potion"},{"floor":27,"key":"LiquidMemories"},{"floor":28,"key":"Dexterity Potion"},{"floor":29,"key":"Fruit Juice"},{"floor":29,"key":"Block Potion"}],"is_trial":true,"path_per_floor":["M","M","T","M","$","R","E","R","T","M","R","$","M","M","R","B",null,"M","M","M","AVR","?","E","M","?","T","M","M","?","R","M","R","B"],"character_chosen":"THE_SILENT","items_purchased":[],"campfire_rested":3,"item_purchase_floors":[],"current_hp_per_floor":[68,68,68,56,56,56,49,70,70,59,59,59,57,43,64,41,70,70,60,47,47,47,24,25,25,25,27,21,26,50,50,50,0,0],"gold":240,"neow_bonus":"","is_daily":false,"chose_seed":false,"campfire_upgraded":3,"win_rate":0.0,"timestamp":1612628154,"path_taken":["M","M","?","M","$","R","E","R","T","M","R","$","M","M","R","BOSS","M","M","M","AVR","?","E","?","?","T","?","M","?","R","M","R","BOSS"],"items_purchased_type":[],"build_version":"2020-12-22","purchased_purges":3,"victory":false,"max_hp_per_floor":[70,70,70,70,70,70,70,70,70,70,70,70,70,70,70,70,70,70,70,70,70,70,71,72,72,72,74,75,80,80,80,80,82,82],"card_choices":[{"not_picked":["Infinite Blades","Underhanded Strike"],"picked":"Bane","floor":1},{"not_picked":["Tactician","Dagger Throw","Dagger Spray"],"picked":"SKIP","floor":2},{"not_picked":["PiercingWail","Blur"],"picked":"Poisoned Stab","floor":4},{"not_picked":["Backflip","ShadowRift"],"picked":"Deadly Poison","floor":7},{"not_picked":["Wraith Form v2","Deflect","Underhanded Strike"],"picked":"SKIP","floor":10},{"not_picked":["Prepared","Outmaneuver"],"picked":"Caltrops","floor":13},{"not_picked":["Finisher","InfectiousVector"],"picked":"Crippling Poison","floor":14},{"not_picked":["Tools of the Trade","Doppelganger"],"picked":"Adrenaline","floor":16},{"not_picked":["Deadly Poison","Backstab"],"picked":"Blur+1","floor":18},{"not_picked":["Predator","Underhanded Strike"],"picked":"PiercingWail","floor":19},{"not_picked":["Underhanded Strike","All Out Attack","Cloak And Dagger"],"picked":"SKIP","floor":20},{"not_picked":["Dagger Throw","InfectiousVector"],"picked":"Blur","floor":23},{"not_picked":["Footwork","Quick Slash"],"picked":"Caltrops+1","floor":24},{"not_picked":["Backflip","Underhanded Strike","Prepared"],"picked":"SKIP","floor":27},{"not_picked":["Pace","Die Die Die"],"picked":"Setup","floor":28},{"not_picked":["Skewer","Sucker Punch","Prepared+1"],"picked":"SKIP","floor":31}],"player_experience":180083,"relics_obtained":[{"floor":3,"key":"Paper Crane"},{"floor":7,"key":"Mummified Hand"},{"floor":9,"key":"Shuriken"},{"floor":23,"key":"SnailShell"},{"floor":26,"key":"infinitespire:Midas Blood"}],"event_choices":[{"damage_healed":0,"gold_gain":0,"player_choice":"Bet on Murderer","damage_taken":0,"max_hp_gain":0,"max_hp_loss":0,"event_name":"The Joust","floor":22,"gold_loss":50},{"damage_healed":0,"gold_gain":0,"player_choice":"Ignored","damage_taken":0,"max_hp_gain":0,"max_hp_loss":0,"event_name":"N\u0027loth","floor":25,"gold_loss":0},{"damage_healed":0,"gold_gain":0,"player_choice":"Got Potions","damage_taken":0,"max_hp_gain":0,"max_hp_loss":0,"event_name":"Lab","floor":29,"gold_loss":0}],"is_beta":false,"boss_relics":[{"not_picked":["Runic Dome","bronze:MakeshiftBattery"],"picked":"HoveringKite"}],"items_purged_floors":[5,12,21],"is_endless":false,"potions_floor_spawned":[7,13,23,27,28],"killed_by":"Automaton","ascension_level":0}}