{"host":"Jinnai","time":1612595189,"event":{"mods":["BaseMod","Bestiary","Block Reminder","Colored Map","Colored Powertips","Curses Come First","Highlight Path","Minty Spire (QoL Compilation)","Permanent Neow","Potion Indicator Mod","Quick Restart","Random Character Button","Relic Stats","StSLib","ojb\u0027s Info Mod"],"gold_per_floor":[114,129,146,146,71,71,85,117,117,117,442,442,8,8,8,87,87,99,144,194,213,213,213,246,246,246,246,246,258,52,52,52,129,129,146,146,159,175,95,95,132,132,132,167,167,194,223,243,243,243,243],"floor_reached":50,"language":"ENG","playtime":2293,"items_purged":["Defend_G","Strike_G","Pain"],"score":1127,"play_id":"cf477b6d-8609-407f-a77c-dc33c9ee9689","local_time":"20210206020629","is_ascension_mode":true,"campfire_choices":[{"floor":6,"key":"REST"},{"floor":10,"key":"REST"},{"floor":12,"key":"REST"},{"data":"Cloak And Dagger","floor":15,"key":"SMITH"},{"floor":23,"key":"REST"},{"floor":25,"key":"REST"},{"data":"Die Die Die","floor":27,"key":"SMITH"},{"floor":32,"key":"REST"},{"data":"Catalyst","floor":40,"key":"SMITH"},{"data":"Leg Sweep","floor":42,"key":"SMITH"},{"floor":49,"key":"RECALL"}],"circlet_count":0,"master_deck":["AscendersBane","Strike_G","Strike_G","Strike_G","Strike_G","Defend_G","Defend_G","Defend_G","Defend_G+1","Survivor+1","Neutralize","Die Die Die+1","Dagger Throw","Cloak And Dagger+1","Dagger Spray","Noxious Fumes","After Image","Backflip","Night Terror+1","Corpse Explosion","Bane","Finisher+1","Envenom","Underhanded Strike","Catalyst+1","Catalyst+1","Leg Sweep+1","Noxious Fumes+1","Bouncing Flask","Catalyst","PiercingWail+1"],"relics":["Ring of the Snake","FossilizedHelix","Gambling Chip","Old Coin","Akabeko","SacredBark","MealTicket","Gremlin Horn","Letter Opener","Eternal Feather","WarpedTongs","Snecko Eye","CeramicFish","Bottled Flame"],"acts_visited":["Exordium","TheCity","TheBeyond"],"potions_floor_usage":[8,8,8,11,18,24,29,33,41,41,50,50],"damage_taken":[{"damage":1,"enemies":"Small Slimes","floor":1,"turns":2},{"damage":2,"enemies":"Cultist","floor":2,"turns":4},{"damage":0,"enemies":"2 Louse","floor":3,"turns":2},{"damage":0,"enemies":"Lots of Slimes","floor":7,"turns":2},{"damage":34,"enemies":"Lagavulin","floor":8,"turns":7},{"damage":7,"enemies":"3 Sentries","floor":11,"turns":6},{"damage":26,"enemies":"Hexaghost","floor":16,"turns":11},{"damage":24,"enemies":"Chosen","floor":18,"turns":5},{"damage":11,"enemies":"2 Thieves","floor":21,"turns":2},{"damage":26,"enemies":"Gremlin Leader","floor":24,"turns":11},{"damage":27,"enemies":"Shelled Parasite and Fungi","floor":29,"turns":5},{"damage":85,"enemies":"Champ","floor":33,"turns":11},{"damage":0,"enemies":"3 Darklings","floor":35,"turns":1},{"damage":0,"enemies":"Orb Walker","floor":37,"turns":2},{"damage":0,"enemies":"Sphere and 2 Shapes","floor":38,"turns":1},{"damage":19,"enemies":"Reptomancer","floor":41,"turns":6},{"damage":10,"enemies":"Nemesis","floor":44,"turns":3},{"damage":7,"enemies":"Maw","floor":46,"turns":5},{"damage":0,"enemies":"4 Shapes","floor":47,"turns":2},{"damage":0,"enemies":"Transient","floor":48,"turns":6},{"damage":77,"enemies":"Awakened One","floor":50,"turns":15}],"seed_played":"1419750694316293352","potions_obtained":[{"floor":2,"key":"LiquidMemories"},{"floor":3,"key":"EntropicBrew"},{"floor":16,"key":"AttackPotion"},{"floor":18,"key":"LiquidMemories"},{"floor":21,"key":"Block Potion"},{"floor":33,"key":"Block Potion"},{"floor":35,"key":"GhostInAJar"},{"floor":41,"key":"LiquidBronze"},{"floor":44,"key":"FearPotion"}],"is_trial":false,"path_per_floor":["M","M","M","?","$","R","M","E","T","R","E","R","$","?","R","B",null,"M","T","?","M","T","R","E","R","T","R","?","M","$","?","R","B",null,"M","$","M","M","$","R","E","R","T","E","?","M","M","M","R","B"],"character_chosen":"THE_SILENT","items_purchased":["Night Terror","Akabeko","Regen Potion","Catalyst"],"campfire_rested":6,"item_purchase_floors":[13,13,30,39],"current_hp_per_floor":[43,41,41,21,21,40,40,6,6,25,18,37,37,37,37,11,52,28,28,28,17,17,36,10,29,29,41,41,14,29,29,60,9,52,52,66,66,66,66,66,47,62,62,52,66,59,59,59,66,0,0],"gold":243,"neow_bonus":"THREE_RARE_CARDS","is_daily":false,"chose_seed":false,"campfire_upgraded":4,"win_rate":0.0,"timestamp":1612595189,"path_taken":["M","M","M","?","$","R","M","E","T","R","E","R","$","?","R","BOSS","M","?","?","?","?","R","E","R","T","R","?","?","$","?","R","BOSS","M","$","M","M","?","R","E","R","T","E","?","M","M","?","R","BOSS"],"items_purchased_type":["Card","Relic","Potion","Card"],"build_version":"2020-12-18","purchased_purges":3,"victory":false,"max_hp_per_floor":[66,66,66,66,66,66,66,66,66,66,66,66,66,66,66,66,66,66,66,66,66,66,66,66,66,66,66,66,66,66,66,66,66,66,66,66,66,66,66,66,66,66,66,66,66,66,66,66,66,66,66],"relic_stats":{"Gremlin Horn":[22,22],"counters":[21,109],"Gambling Chip":[73],"CeramicFish":45,"Snecko Eye":[97,94,78,83],"MealTicket":29,"Eternal Feather":46,"Letter Opener":[84],"obtain_stats":[{"Gremlin Horn":22,"SacredBark":17,"CeramicFish":41,"Eternal Feather":26,"Letter Opener":24,"Akabeko":13,"Old Coin":11,"WarpedTongs":28,"Bottled Flame":44,"Gambling Chip":9,"Snecko Eye":34,"MealTicket":19,"FossilizedHelix":8,"Ring of the Snake":0},{"Gremlin Horn":9,"SacredBark":7,"CeramicFish":16,"Eternal Feather":10,"Letter Opener":10,"Akabeko":6,"Old Coin":6,"WarpedTongs":10,"Bottled Flame":17,"Gambling Chip":5,"Snecko Eye":12,"MealTicket":8,"FossilizedHelix":5,"Ring of the Snake":0},{"Gremlin Horn":41,"SacredBark":34,"CeramicFish":78,"Eternal Feather":52,"Letter Opener":52,"Akabeko":23,"Old Coin":23,"WarpedTongs":52,"Bottled Flame":81,"Gambling Chip":17,"Snecko Eye":68,"MealTicket":39,"FossilizedHelix":17,"Ring of the Snake":0}],"Ring of the Snake":[42],"WarpedTongs":[56]},"card_choices":[{"not_picked":["Night Terror","Adrenaline"],"picked":"Die Die Die","floor":0},{"not_picked":["Quick Slash","PiercingWail"],"picked":"Dagger Throw","floor":1},{"not_picked":["Bouncing Flask","Backstab"],"picked":"Cloak And Dagger","floor":2},{"not_picked":["Tactician","Crippling Poison"],"picked":"Dagger Spray","floor":3},{"not_picked":["Dodge and Roll","Reflex"],"picked":"Noxious Fumes","floor":7},{"not_picked":["Deflect","Poisoned Stab"],"picked":"After Image","floor":8},{"not_picked":["Acrobatics","Outmaneuver"],"picked":"Backflip","floor":11},{"not_picked":["Venomology","Phantasmal Killer"],"picked":"Corpse Explosion","floor":16},{"not_picked":["Choke","Acrobatics"],"picked":"Bane","floor":18},{"not_picked":["Endless Agony","Prepared"],"picked":"Noxious Fumes","floor":21},{"not_picked":["Slice","Dagger Throw"],"picked":"Finisher+1","floor":24},{"not_picked":["Heel Hook","Choke","Outmaneuver"],"picked":"SKIP","floor":29},{"not_picked":["Grand Finale","Unload"],"picked":"Envenom","floor":33},{"not_picked":["Prepared+1","Acrobatics","Poisoned Stab"],"picked":"SKIP","floor":35},{"not_picked":["Outmaneuver","Calculated Gamble"],"picked":"Underhanded Strike","floor":37},{"not_picked":["Outmaneuver","Bane"],"picked":"Catalyst+1","floor":38},{"not_picked":["Skewer","All Out Attack"],"picked":"Leg Sweep","floor":41},{"not_picked":["Flechettes","Outmaneuver"],"picked":"Noxious Fumes+1","floor":44},{"not_picked":["Sucker Punch+1","Poisoned Stab"],"picked":"Bouncing Flask","floor":46},{"not_picked":["Leg Sweep+1","Endless Agony"],"picked":"Catalyst","floor":47},{"not_picked":["Night Terror","Terror+1"],"picked":"PiercingWail+1","floor":48}],"player_experience":1653642,"relics_obtained":[{"floor":8,"key":"FossilizedHelix"},{"floor":9,"key":"Gambling Chip"},{"floor":11,"key":"Old Coin"},{"floor":19,"key":"MealTicket"},{"floor":22,"key":"Gremlin Horn"},{"floor":24,"key":"Letter Opener"},{"floor":26,"key":"Eternal Feather"},{"floor":41,"key":"CeramicFish"},{"floor":44,"key":"Bottled Flame"}],"event_choices":[{"damage_healed":0,"gold_gain":0,"player_choice":"Entered Light","damage_taken":20,"max_hp_gain":0,"max_hp_loss":0,"event_name":"Shining Light","floor":4,"gold_loss":0,"cards_upgraded":["Survivor","Defend_G"]},{"damage_healed":0,"gold_gain":0,"player_choice":"Upgraded","damage_taken":0,"max_hp_gain":0,"max_hp_loss":0,"event_name":"Upgrade Shrine","floor":14,"gold_loss":0,"cards_upgraded":["Night Terror"]},{"damage_healed":0,"gold_gain":100,"player_choice":"Bet on Murderer","damage_taken":0,"max_hp_gain":0,"max_hp_loss":0,"event_name":"The Joust","floor":20,"gold_loss":50},{"damage_healed":0,"gold_gain":0,"player_choice":"Rummage","damage_taken":0,"relics_obtained":["WarpedTongs"],"max_hp_gain":0,"max_hp_loss":0,"event_name":"Accursed Blacksmith","floor":28,"gold_loss":0,"cards_obtained":["Pain"]},{"damage_healed":0,"gold_gain":0,"player_choice":"Ignored","damage_taken":0,"max_hp_gain":0,"max_hp_loss":0,"event_name":"N\u0027loth","floor":31,"gold_loss":0},{"cards_removed":["Noxious Fumes"],"damage_healed":14,"gold_gain":0,"player_choice":"Offered Uncommon","damage_taken":0,"max_hp_gain":0,"max_hp_loss":0,"event_name":"Bonfire Elementals","floor":45,"gold_loss":0}],"is_beta":true,"boss_relics":[{"not_picked":["Ring of the Serpent","Coffee Dripper"],"picked":"SacredBark"},{"not_picked":["Cursed Key","Black Star"],"picked":"Snecko Eye"}],"items_purged_floors":[5,13,30],"is_endless":false,"potions_floor_spawned":[2,3,16,18,21,33,35,41,44,47],"killed_by":"Awakened One","ascension_level":20}}