{"host":"55ootvctf3yuzfpi","time":1612642355,"event":{"mods":["BaseMod","Downfall","Minty Spire (QoL Compilation)","StSLib"],"gold_per_floor":[113,131,145,115,134,166,166,201,224,251,251,285,285,299,299,374,374,374,374,374,374,2,2,2,2,2],"floor_reached":25,"language":"ENG","playtime":9439,"items_purged":["Strike_R"],"score":455,"play_id":"e519f35d-cc0b-4bd7-9abe-c30f4a36203d","local_time":"20210206171235","is_ascension_mode":true,"campfire_choices":[{"data":"Carnage","floor":7,"key":"SMITH"},{"floor":11,"key":"REST"},{"data":"Shockwave","floor":13,"key":"SMITH"},{"data":"Demon Form","floor":15,"key":"SMITH"},{"floor":24,"key":"REST"}],"circlet_count":0,"master_deck":["AscendersBane","Strike_R","Strike_R","Strike_R","Strike_R","Defend_R","Defend_R","Defend_R","Defend_R","Bash","Carnage+1","Headbutt","Combust","Shockwave+1","True Grit","Shrug It Off","Shrug It Off","Demon Form+1","Barricade","Body Slam","Entrench"],"relics":["Burning Blood","Toy Ornithopter","Akabeko","Tiny Chest","MealTicket","Blue Candle","Ectoplasm","Bronze Scales","Lantern"],"acts_visited":["Exordium","TheCity"],"potions_floor_usage":[4,8,16,21],"damage_taken":[{"damage":0,"enemies":"Small Slimes","floor":1,"turns":3},{"damage":6,"enemies":"Cultist","floor":2,"turns":4},{"damage":3,"enemies":"Jaw Worm","floor":3,"turns":4},{"damage":12,"enemies":"Looter","floor":5,"turns":3},{"damage":34,"enemies":"3 Sentries","floor":6,"turns":7},{"damage":23,"enemies":"Lagavulin","floor":8,"turns":4},{"damage":26,"enemies":"Gremlin Nob","floor":10,"turns":4},{"damage":10,"enemies":"Lagavulin","floor":12,"turns":5},{"damage":6,"enemies":"Exordium Wildlife","floor":14,"turns":3},{"damage":42,"enemies":"Slime Boss","floor":16,"turns":6},{"damage":12,"enemies":"3 Byrds","floor":18,"turns":6},{"damage":8,"enemies":"Chosen","floor":19,"turns":5},{"damage":8,"enemies":"3 Cultists","floor":20,"turns":5},{"damage":20,"enemies":"Snake Plant","floor":21,"turns":4},{"damage":60,"enemies":"Slavers","floor":23,"turns":5},{"damage":68,"enemies":"Gremlin Leader","floor":25,"turns":6}],"seed_played":"3160119678073148515","potions_obtained":[{"floor":3,"key":"Fruit Juice"},{"floor":4,"key":"FairyPotion"},{"floor":4,"key":"Weak Potion"},{"floor":6,"key":"Strength Potion"},{"floor":10,"key":"FearPotion"},{"floor":18,"key":"PowerPotion"},{"floor":21,"key":"SmokeBomb"}],"is_trial":false,"path_per_floor":["M","M","M","?","M","E","R","E","T","E","R","E","R","M","R","B",null,"M","M","M","M","$","E","R","E"],"character_chosen":"IRONCLAD","items_purchased":["Body Slam","Entrench","Bronze Scales"],"campfire_rested":2,"item_purchase_floors":[22,22,22],"current_hp_per_floor":[81,81,82,87,81,53,53,41,41,21,47,43,43,43,43,12,68,62,60,58,49,64,10,36,0,0],"gold":2,"neow_bonus":"TEN_PERCENT_HP_BONUS","is_daily":false,"chose_seed":false,"campfire_upgraded":3,"win_rate":0.0,"timestamp":1612642355,"path_taken":["M","M","M","?","M","E","R","E","T","E","R","E","R","M","R","BOSS","M","M","?","M","$","E","R","E"],"items_purchased_type":["Card","Card","Relic"],"build_version":"2020-12-22","purchased_purges":1,"victory":false,"max_hp_per_floor":[82,82,82,87,87,87,87,87,87,87,87,87,87,87,87,87,87,87,87,87,87,87,87,87,87,87],"card_choices":[{"not_picked":["Sword Boomerang","Pommel Strike"],"picked":"Carnage","floor":1},{"not_picked":["Disarm","Hemokinesis"],"picked":"Headbutt","floor":2},{"not_picked":["Twin Strike","Wild Strike"],"picked":"Combust","floor":3},{"not_picked":["Disarm","Pummel","Flex"],"picked":"SKIP","floor":5},{"not_picked":["Body Slam","Infernal Blade"],"picked":"Shockwave","floor":6},{"not_picked":["Perfected Strike","Dropkick"],"picked":"True Grit","floor":8},{"not_picked":["Clothesline","Headbutt"],"picked":"Shrug It Off","floor":10},{"not_picked":["Twin Strike","Evolve"],"picked":"Shrug It Off","floor":12},{"not_picked":["Havoc","Clothesline"],"picked":"Demon Form","floor":14},{"not_picked":["Corruption","Offering"],"picked":"Barricade","floor":16},{"not_picked":["Thunderclap","Flex","Dropkick"],"picked":"SKIP","floor":18},{"not_picked":["Uppercut","Headbutt+1","Perfected Strike"],"picked":"SKIP","floor":19},{"not_picked":["Shrug It Off","Heavy Blade","Dual Wield"],"picked":"SKIP","floor":20},{"not_picked":["Offering","Infernal Blade","Perfected Strike"],"picked":"SKIP","floor":21},{"not_picked":["Searing Blow","Seeing Red+1","Iron Wave"],"picked":"SKIP","floor":23}],"player_experience":1282650,"relics_obtained":[{"floor":6,"key":"Toy Ornithopter"},{"floor":8,"key":"Akabeko"},{"floor":9,"key":"Tiny Chest"},{"floor":10,"key":"MealTicket"},{"floor":12,"key":"Blue Candle"},{"floor":23,"key":"Lantern"}],"event_choices":[{"damage_healed":0,"gold_gain":0,"player_choice":"Bought 2 Potions","damage_taken":0,"max_hp_gain":0,"max_hp_loss":0,"event_name":"The Woman in Blue","floor":4,"gold_loss":0}],"is_beta":false,"boss_relics":[{"not_picked":["Fusion Hammer","Empty Cage"],"picked":"Ectoplasm"}],"items_purged_floors":[22],"is_endless":false,"potions_floor_spawned":[3,5,6,10,18,20,21],"killed_by":"Gremlin Leader","ascension_level":16}}