{"host":"d52brwsy6af8zvaq","time":1612636626,"event":{"mods":["AchievementEnabler","BaseMod","Bestiary","Highlight Path","Minty Spire (QoL Compilation)","Quick Restart","Relic Stats","ojb\u0027s Better Paths Mod"],"gold_per_floor":[111,121,131,1,11,37,37,112,136,136,167,167,177,207,207,284,284,297,297,308,64,84,84,84,84],"floor_reached":24,"language":"ENG","playtime":2100,"items_purged":["Strike_B"],"score":432,"play_id":"6cb5bf61-496a-4c9e-b739-b26401bb37e0","local_time":"20210206113706","is_ascension_mode":true,"campfire_choices":[{"data":"Zap","floor":10.0,"key":"SMITH"},{"floor":12.0,"key":"REST"},{"data":"Consume","floor":15.0,"key":"SMITH"},{"floor":23,"key":"REST"}],"circlet_count":0,"master_deck":["AscendersBane","Strike_B","Strike_B","Defend_B","Defend_B","Defend_B","Defend_B","Zap+1","Dualcast","Doom and Gloom","Ball Lightning","Auto Shields","Capacitor","Chill","Gash","Turbo","Redo","Melter","Leap","Consume+1","Echo Form","Steam","Recycle","Lockon","Go for the Eyes","Loop","Conserve Battery","Glacier"],"relics":["Cracked Core","Blood Vial","Centennial Puzzle","Dream Catcher","Inserter"],"acts_visited":["Exordium","TheCity"],"potions_floor_usage":[22],"damage_taken":[{"damage":11.0,"enemies":"Small Slimes","floor":1.0,"turns":3.0},{"damage":7.0,"enemies":"Jaw Worm","floor":2.0,"turns":2.0},{"damage":0.0,"enemies":"Cultist","floor":3.0,"turns":4.0},{"damage":1.0,"enemies":"Exordium Thugs","floor":5.0,"turns":3.0},{"damage":5.0,"enemies":"3 Sentries","floor":6.0,"turns":6.0},{"damage":20.0,"enemies":"Lagavulin","floor":11.0,"turns":8.0},{"damage":8.0,"enemies":"Blue Slaver","floor":13.0,"turns":2.0},{"damage":5.0,"enemies":"3 Sentries","floor":14.0,"turns":6.0},{"damage":8.0,"enemies":"The Guardian","floor":16.0,"turns":9.0},{"damage":24.0,"enemies":"2 Thieves","floor":18.0,"turns":5.0},{"damage":24.0,"enemies":"3 Byrds","floor":20.0,"turns":5.0},{"damage":1,"enemies":"Snecko","floor":22,"turns":5},{"damage":45,"enemies":"Slavers","floor":24,"turns":3}],"seed_played":"-5728030648642081366","potions_obtained":[{"floor":3.0,"key":"PowerPotion"},{"floor":6.0,"key":"Block Potion"},{"floor":14.0,"key":"GamblersBrew"},{"floor":20.0,"key":"DistilledChaos"}],"is_trial":false,"path_per_floor":["M","M","M","$","M","E","?","?","T","R","E","R","M","E","R","B",null,"M","?","M","$","M","R","E"],"character_chosen":"DEFECT","items_purchased":["Chill","Gash","Go for the Eyes","Loop","Conserve Battery"],"campfire_rested":2,"item_purchase_floors":[4,4,21,21,21],"current_hp_per_floor":[53,46,46,46,45,40,45,34,34,34,16,38,32,29,29,23,63,41,41,19,19,20,42,0,0],"gold":84,"neow_bonus":"THREE_CARDS","is_daily":false,"chose_seed":false,"campfire_upgraded":2,"win_rate":0.0,"timestamp":1612636626,"path_taken":["M","M","M","$","M","E","?","?","T","R","E","R","?","E","R","BOSS","M","?","M","?","M","R","E"],"items_purchased_type":["Card","Card","Card","Card","Card"],"build_version":"2020-12-22","purchased_purges":1,"victory":false,"max_hp_per_floor":[71,71,71,71,71,71,76,76,76,76,76,76,76,76,76,76,76,76,76,76,76,76,76,76,76],"relic_stats":{"Blood Vial":16,"Centennial Puzzle":[21],"Dream Catcher":1,"Inserter":[9],"counters":[13,61],"obtain_stats":[{"Blood Vial":6,"Centennial Puzzle":11,"Dream Catcher":14,"Inserter":17,"Cracked Core":0},{"Blood Vial":5,"Centennial Puzzle":6,"Dream Catcher":8,"Inserter":9,"Cracked Core":0},{"Blood Vial":18,"Centennial Puzzle":26,"Dream Catcher":34,"Inserter":43,"Cracked Core":0}]},"card_choices":[{"not_picked":["Fusion","Redo"],"picked":"Doom and Gloom","floor":0.0},{"not_picked":["Conserve Battery","Compile Driver"],"picked":"Ball Lightning","floor":1.0},{"not_picked":["Redo","Rebound"],"picked":"Auto Shields","floor":2.0},{"not_picked":["Gash","Stack"],"picked":"Capacitor","floor":3.0},{"not_picked":["Ball Lightning","Gash"],"picked":"Turbo","floor":5.0},{"not_picked":["Steam","Go for the Eyes"],"picked":"Redo","floor":6.0},{"not_picked":["Conserve Battery","Chaos"],"picked":"Melter","floor":11.0},{"not_picked":["Thunder Strike","Double Energy"],"picked":"Leap","floor":13.0},{"not_picked":["Ball Lightning","Turbo"],"picked":"Consume","floor":14.0},{"not_picked":["Hyperbeam","Thunder Strike"],"picked":"Echo Form","floor":16.0},{"not_picked":["Storm","Ball Lightning"],"picked":"Steam","floor":18.0},{"not_picked":["Leap","Fusion"],"picked":"Lockon","floor":20.0},{"not_picked":["Conserve Battery","Streamline","Beam Cell"],"picked":"SKIP","floor":22},{"not_picked":["Sweeping Beam","Redo+1"],"picked":"Glacier","floor":23}],"player_experience":2162352,"relics_obtained":[{"floor":6.0,"key":"Blood Vial"},{"floor":11.0,"key":"Centennial Puzzle"},{"floor":14.0,"key":"Dream Catcher"}],"event_choices":[{"damage_healed":0.0,"max_hp_gain":5.0,"max_hp_loss":0.0,"gold_gain":0.0,"event_name":"Big Fish","player_choice":"Donut","floor":7.0,"gold_loss":0.0,"damage_taken":0.0},{"damage_healed":0.0,"max_hp_gain":0.0,"max_hp_loss":0.0,"gold_gain":75.0,"event_name":"World of Goop","player_choice":"Gather Gold","floor":8.0,"gold_loss":0.0,"damage_taken":11.0},{"damage_healed":0.0,"max_hp_gain":0.0,"max_hp_loss":0.0,"gold_gain":0.0,"cards_transformed":["Strike_B"],"event_name":"Transmorgrifier","player_choice":"Transformed","floor":19.0,"gold_loss":0.0,"damage_taken":0.0,"cards_obtained":["Recycle"]}],"is_beta":false,"boss_relics":[{"not_picked":["Empty Cage","Ectoplasm"],"picked":"Inserter"}],"items_purged_floors":[21],"is_endless":false,"potions_floor_spawned":[3,6,14,20],"killed_by":"Slavers","ascension_level":20}}