{"host":"o3b7ow6d1xe49css","time":1612592912,"event":{"mods":["Act Like it!","Aspiration","BaseMod","Bestiary","Better Altar","Better Match","Better Note","Better Sensory Stone","Better Skull","Better Third Choice","Colored Powertips","Conspire","Energized Spire","Force Act Four","GifTheSpireLib","Halation","Hermit","Hubris","Infinite Spire","Lobotomy","Minty Spire (QoL Compilation)","Quick Restart","Rare Cards Sparkle","Relic Filter Mod","Reliquary","Replay The Spire","Spicy Shops","Spikes Relics","Spire Arcade","StSLib","Stuff the Spire","The Blue Laboratory","Wandering Minibosses"],"gold_per_floor":[118,134,161,13,13,13,31,59,59,59,59,93,127,127,127],"floor_reached":14,"language":"ENG","playtime":546,"items_purged":[],"score":135,"play_id":"2228db5a-59af-4bdf-9d14-89ca177c2c6f","local_time":"20210205212832","daily_mods":["Heirloom","Flight"],"is_ascension_mode":true,"campfire_choices":[{"data":"Zap","floor":6,"key":"SMITH"},{"data":"ReplayTheSpireMod:Calculation Training","floor":10,"key":"SMITH"},{"floor":11,"key":"REST"}],"circlet_count":0,"master_deck":["Strike_B","Strike_B","Strike_B","Strike_B","Defend_B","Defend_B","Defend_B","Defend_B","Zap+1","Dualcast","Loop","Cold Snap","ReplayTheSpireMod:Calculation Training+1","UniverseFragment","Conserve Battery"],"relics":["Cracked Core","Ring of Chaos","Emotion Chip","CogitoBucket","Membership Card","Bronze Scales","hubris:MobiusCoin","reliquary:PartyBalloon","hubris:GlazedTorus"],"acts_visited":["Exordium"],"potions_floor_usage":[8,12,14,14],"damage_taken":[{"damage":1,"enemies":"Cultist","floor":1,"turns":3},{"damage":7,"enemies":"Jaw Worm","floor":2,"turns":3},{"damage":5,"enemies":"Small Slimes","floor":3,"turns":4},{"damage":9,"enemies":"Gremlin Gang","floor":7,"turns":4},{"damage":30,"enemies":"Gremlin Nob","floor":8,"turns":4},{"damage":18,"enemies":"Lagavulin","floor":12,"turns":6},{"damage":24,"enemies":"3 Sentries","floor":13,"turns":7},{"damage":5,"enemies":"Gremlin Nob","floor":14,"turns":2}],"seed_played":"5776873878615715003","potions_obtained":[{"floor":1,"key":"Venom Potion"},{"floor":8,"key":"SteroidPotion"},{"floor":12,"key":"blueLaboratory:ConsumingVoid"},{"floor":13,"key":"PotionOfCapacity"}],"is_trial":true,"path_per_floor":["M","M","M","$","?","R","M","E","T","R","R","E","E","E"],"character_chosen":"DEFECT","items_purchased":["Membership Card"],"campfire_rested":1,"item_purchase_floors":[4],"current_hp_per_floor":[74,67,62,62,62,62,53,23,23,23,45,27,3,0,0],"gold":127,"neow_bonus":"","is_daily":false,"chose_seed":false,"campfire_upgraded":2,"win_rate":0.0,"timestamp":1612592912,"path_taken":["M","M","M","$","?","R","M","E","T","R","R","E","E","E"],"items_purchased_type":["Relic"],"build_version":"2020-12-22","purchased_purges":0,"victory":false,"max_hp_per_floor":[75,75,75,75,75,75,75,75,75,75,75,75,75,75,75],"card_choices":[{"not_picked":["Hologram","Genetic Algorithm"],"picked":"Loop","floor":1},{"not_picked":["Beam Cell","StuffTheSpire:ShieldGenerator","ReplayTheSpireMod:System Scan"],"picked":"SKIP","floor":2},{"not_picked":["Coolheaded","BootSequence"],"picked":"Cold Snap","floor":3},{"not_picked":["ReplayTheSpireMod:Reroute Power","Heatsinks"],"picked":"ReplayTheSpireMod:Calculation Training","floor":7},{"not_picked":["Self Repair","Redo","Consume"],"picked":"SKIP","floor":8},{"not_picked":["BeautyBeast","Murderer","WhitesApple"],"picked":"Singing Bowl","floor":8},{"not_picked":["LittlePrince","NakedNest"],"picked":"UniverseFragment","floor":8},{"not_picked":["Self Repair","Redo","Consume"],"picked":"SKIP","floor":8},{"not_picked":["Streamline","Stack"],"picked":"Conserve Battery","floor":12},{"not_picked":["Multi-Cast","Conserve Battery","Streamline"],"picked":"SKIP","floor":13}],"player_experience":1306846,"relics_obtained":[{"floor":8,"key":"Bronze Scales"},{"floor":9,"key":"hubris:MobiusCoin"},{"floor":12,"key":"reliquary:PartyBalloon"},{"floor":13,"key":"hubris:GlazedTorus"}],"event_choices":[],"is_beta":false,"boss_relics":[],"items_purged_floors":[],"is_endless":false,"potions_floor_spawned":[1,8,12,13],"killed_by":"Gremlin Nob","ascension_level":5}}