{"host":"svad1nuufomhazap","time":1612592247,"event":{"mods":["Act Like it!","Aspiration","BaseMod","Bestiary","BetterRewards","Conspire","Custom Start","Downfall","GifTheSpireLib","Minty Spire (QoL Compilation)","Morshu Shopkeeper","Pale of the Ancients","Permanent Neow","Shop Mod","StSLib","Unceasing Turn Reminder"],"gold_per_floor":[99,99,99,99,99,99,152,152,164,196,215,253,153,153,172,276,276,176,192,212,212,212,100,148,180,193,93,193,221,232,232,248,343,343,343,87,104,104,115,132,132,177,203,203,203,203,203],"floor_reached":45,"language":"ENG","playtime":3651,"items_purged":["downfall:Malfunctioning"],"score":628,"play_id":"4c6b5b78-1023-42e4-9d41-cded12106cba","local_time":"20210206001727","is_ascension_mode":true,"campfire_choices":[{"data":"hexamod:Float","floor":1,"key":"SMITH"},{"floor":13,"key":"RECALL"},{"data":"hexamod:SuperheatedStrike","floor":18,"key":"SMITH"},{"floor":27,"key":"REST"},{"data":"hexamod:TurnItUp","floor":35,"key":"SMITH"},{"floor":44,"key":"REST"}],"circlet_count":0,"master_deck":["hexamod:Strike","hexamod:Strike","hexamod:Strike","hexamod:Defend+1","hexamod:Defend+1","hexamod:Defend","hexamod:Defend","hexamod:Sear","hexamod:Float+1","hexamod:BurningTouch+1","hexamod:SpectersWail","hexamod:StepThrough","hexamod:HeatShield","hexamod:StepThrough","hexamod:Hexaguard","hexamod:SuperheatedStrike+1","hexamod:HeatMetal","hexamod:TurnItUp+1","hexamod:SoulSteal","hexamod:RadiantFlame","hexamod:ChargedBarrage","hexamod:SuperheatedStrike","hexamod:ThermalTransfer","hexamod:GhostShield","hexamod:EmpoweredFlame+1","hexamod:HauntingEcho","hexamod:Hexaguard+1","hexamod:Firestarter","hexamod:GhostShield+1","hexamod:GhostOfSpirePresent","hexamod:SuperheatedStrike","hexamod:ThermalTransfer+1","hexamod:BurningTouch+1","hexamod:HexaLevel","hexamod:Firestarter+1"],"relics":["hexamod:SpiritBrand","downfall:HeartsMalice","aspiration:BabyByrd","aspiration:HiddenCompartment","Pear","Lantern","downfall:HeartBlessingGreen","Sozu","downfall:HeartBlessingRed","PreservedInsect","downfall:HeartBlessingBlue","conspire:Boomerang","The Courier","Vajra","Black Star","bronze:BronzeIdol","HandDrill","downfall:TeleportStone","bronze:DecasWashers","Ginger","White Beast Statue","aspiration:HummingbirdHeart"],"acts_visited":["Exordium","TheCity","TheBeyond"],"potions_floor_usage":[12,16],"damage_taken":[{"damage":0,"enemies":"2 Louse","floor":2,"turns":1},{"damage":0,"enemies":"Jaw Worm","floor":6,"turns":1},{"damage":0,"enemies":"downfall:FleeingMerchant","floor":8,"turns":1},{"damage":0,"enemies":"Small Slimes","floor":9,"turns":4},{"damage":17,"enemies":"Gremlin Nob","floor":10,"turns":4},{"damage":7,"enemies":"Red Slaver","floor":11,"turns":4},{"damage":21,"enemies":"conspire:MimicChest","floor":12,"turns":7},{"damage":0,"enemies":"Exordium Wildlife","floor":15,"turns":3},{"damage":21,"enemies":"DF_ARCHETYPE_STREAMLINE","floor":16,"turns":9},{"damage":6,"enemies":"Chosen","floor":19,"turns":5},{"damage":0,"enemies":"Spheric Guardian","floor":20,"turns":3},{"damage":0,"enemies":"downfall:FleeingMerchant","floor":23,"turns":4},{"damage":47,"enemies":"Book of Stabbing","floor":25,"turns":6},{"damage":0,"enemies":"Chosen and Byrds","floor":26,"turns":4},{"damage":6,"enemies":"SI_SHIV_ARCHETYPE","floor":28,"turns":6},{"damage":0,"enemies":"conspire:SneckoGhost","floor":29,"turns":3},{"damage":7,"enemies":"Shelled Parasite and Fungi","floor":30,"turns":5},{"damage":0,"enemies":"Snecko","floor":32,"turns":3},{"damage":29,"enemies":"IC_MUSHROOM_ARCHETYPE","floor":33,"turns":6},{"damage":10,"enemies":"downfall:FleeingMerchant","floor":36,"turns":4},{"damage":7,"enemies":"3 Darklings","floor":37,"turns":6},{"damage":0,"enemies":"Orb Walker","floor":39,"turns":3},{"damage":34,"enemies":"Spire Growth","floor":40,"turns":5},{"damage":15,"enemies":"2 Orb Walkers","floor":42,"turns":4},{"damage":0,"enemies":"Nemesis","floor":43,"turns":3},{"damage":68,"enemies":"Giant Head","floor":45,"turns":7}],"seed_played":"757627236433914124","potions_obtained":[{"floor":5,"key":"LiquidBronze"},{"floor":5,"key":"hexamod:DoubleChargePotion"},{"floor":5,"key":"Energy Potion"},{"floor":12,"key":"sneckomod:MuddlingPotion"},{"floor":16,"key":"SpeedPotion"}],"is_trial":false,"path_per_floor":["R","M","?","?","?","M","T","$","M","E","M","?","R","?","M","B",null,"R","M","M","?","?","$","T","E","M","R","?","E","M","?","M","B",null,"R","$","M","?","M","M","T","?","E","R","E"],"character_chosen":"THE_SPIRIT","items_purchased":["hexamod:ThermalTransfer","bronze:BronzeIdol","HandDrill"],"campfire_rested":2,"item_purchase_floors":[23,36,36],"current_hp_per_floor":[70,70,70,70,70,70,70,70,70,63,56,35,35,35,35,14,80,80,74,74,74,74,74,74,27,27,64,58,58,51,51,51,22,90,90,80,73,73,73,39,39,24,24,51,0,0,0],"gold":203,"neow_bonus":"THREE_ENEMY_KILL","is_daily":false,"chose_seed":false,"campfire_upgraded":3,"win_rate":0.0,"timestamp":1612592247,"path_taken":["R","M","?","?","?","?","T","?","M","E","M","?","R","?","M","BOSS","R","M","M","?","?","$","T","E","?","R","?","E","M","?","M","BOSS","R","$","M","?","?","M","T","?","E","R","E"],"items_purchased_type":["Card","Relic","Relic"],"build_version":"2020-12-22","purchased_purges":1,"victory":false,"max_hp_per_floor":[70,70,70,70,70,70,70,70,70,80,80,80,80,80,80,80,80,80,80,80,80,80,80,80,80,80,90,90,90,90,90,90,90,90,90,90,90,90,90,90,90,90,90,90,90,90,90],"card_choices":[{"not_picked":["hexamod:RecurringNightmare","hexamod:HeatMetal"],"picked":"hexamod:BurningTouch","floor":2},{"not_picked":["hexamod:ShieldOfDarkness","hexamod:SpectralSpark"],"picked":"hexamod:SpectersWail","floor":6},{"not_picked":["hexamod:BacktrackSmack","hexamod:SpectralAdrenaline"],"picked":"hexamod:StepThrough","floor":8},{"not_picked":["hexamod:PhantomFireball","hexamod:PowerFromBeyond"],"picked":"hexamod:HeatShield","floor":9},{"not_picked":["hexamod:SecondSeal","hexamod:SpectersWail"],"picked":"hexamod:StepThrough","floor":10},{"not_picked":["hexamod:BurningTouch","hexamod:SpectralSpark"],"picked":"hexamod:Hexaguard","floor":11},{"not_picked":["hexamod:BurningTouch","hexamod:FlamesFromBeyond"],"picked":"hexamod:SuperheatedStrike","floor":12},{"not_picked":["hexamod:FastForward","hexamod:ExtraCrispy"],"picked":"hexamod:HeatMetal","floor":15},{"not_picked":["hexamod:GiftsFromTheDead","hexamod:TimeWarp"],"picked":"hexamod:TurnItUp","floor":16},{"not_picked":["hexamod:EtherealExpedition+1","hexamod:FourthSeal"],"picked":"hexamod:SoulSteal","floor":19},{"not_picked":["hexamod:SpectralAdrenaline+1","hexamod:BacktrackSmack"],"picked":"hexamod:RadiantFlame","floor":20},{"not_picked":["hexamod:Rewind+1","hexamod:SecondSeal"],"picked":"hexamod:SuperheatedStrike","floor":23},{"not_picked":["hexamod:Haunt","hexamod:GhostOfSpireFuture"],"picked":"hexamod:GhostShield","floor":25},{"not_picked":["hexamod:RainOfEmbers","hexamod:ExtraCrispy"],"picked":"hexamod:EmpoweredFlame+1","floor":26},{"not_picked":["hexamod:RadiantFlame","hexamod:RainOfEmbers"],"picked":"hexamod:HauntingEcho","floor":28},{"not_picked":["hexamod:EtherealExpedition","hexamod:NightmareGuise"],"picked":"hexamod:Hexaguard+1","floor":29},{"not_picked":["hexamod:FlamesFromBeyond","hexamod:SuperheatedStrike"],"picked":"hexamod:Firestarter","floor":30},{"not_picked":["hexamod:FastForward","hexamod:TurnItUp"],"picked":"hexamod:GhostShield+1","floor":32},{"not_picked":["hexamod:FifthSeal","hexamod:TimeOfNeed"],"picked":"hexamod:GhostOfSpirePresent","floor":33},{"not_picked":["hexamod:ThirdSeal","hexamod:StepThrough+1"],"picked":"hexamod:SuperheatedStrike","floor":36},{"not_picked":["hexamod:InspiringFlames+1","hexamod:NightmareGuise"],"picked":"hexamod:ThermalTransfer+1","floor":37},{"not_picked":["hexamod:SuperheatedStrike","hexamod:NightmareStrike"],"picked":"hexamod:BurningTouch+1","floor":39},{"not_picked":["hexamod:GhostOfSpirePast+1","hexamod:GhostOfSpireFuture"],"picked":"hexamod:HexaLevel","floor":40},{"not_picked":["hexamod:EtherealExpedition","hexamod:GhostLash+1"],"picked":"hexamod:Firestarter+1","floor":42},{"not_picked":["hexamod:SecondSeal","hexamod:GhostOfSpirePresent","hexamod:PhantomCloak"],"picked":"SKIP","floor":43}],"player_experience":331891,"relics_obtained":[{"floor":7,"key":"aspiration:HiddenCompartment"},{"floor":10,"key":"Pear"},{"floor":12,"key":"Lantern"},{"floor":25,"key":"PreservedInsect"},{"floor":28,"key":"conspire:Boomerang"},{"floor":28,"key":"The Courier"},{"floor":29,"key":"Vajra"},{"floor":41,"key":"bronze:DecasWashers"},{"floor":42,"key":"Ginger"},{"floor":43,"key":"White Beast Statue"},{"floor":43,"key":"aspiration:HummingbirdHeart"}],"event_choices":[{"damage_healed":0,"gold_gain":0,"player_choice":"Got Potions","damage_taken":0,"max_hp_gain":0,"max_hp_loss":0,"event_name":"Lab","floor":5,"gold_loss":0},{"damage_healed":0,"gold_gain":0,"player_choice":"Ignored","damage_taken":0,"max_hp_gain":0,"max_hp_loss":0,"event_name":"Vampires","floor":21,"gold_loss":0},{"damage_healed":0,"gold_gain":0,"player_choice":"Read","damage_taken":0,"max_hp_gain":0,"max_hp_loss":0,"event_name":"The Library","floor":22,"gold_loss":0,"cards_obtained":["hexamod:ChargedBarrage"]},{"damage_healed":0,"gold_gain":0,"player_choice":"Fight","damage_taken":0,"max_hp_gain":0,"max_hp_loss":0,"event_name":"Mysterious Sphere","floor":42,"gold_loss":0}],"is_beta":false,"boss_relics":[{"not_picked":["Velvet Choker","SlaversCollar"],"picked":"Sozu"},{"not_picked":["Empty Cage","Busted Crown"],"picked":"Black Star"}],"items_purged_floors":[23],"is_endless":false,"potions_floor_spawned":[10,11,12,16,19,20,26,29,33,37,40,43],"killed_by":"Giant Head","ascension_level":1}}