{"host":"x000krxjblg8jdg4","time":1612642499,"event":{"mods":["BaseMod","Downfall","Hermit","Minty Spire (QoL Compilation)","StSLib","The Cursed","The Runesmith","The Servant 0.9.4"],"gold_per_floor":[110,110,110,124,140,171,181,201,201,215,28,47,47,58,58,161,161,179,17,17,37,71,101,26,26,26],"floor_reached":25,"language":"ENG","playtime":1002,"items_purged":["Writhe"],"score":238,"play_id":"4df363a6-6184-405e-8a18-2e4d4091ad25","local_time":"20210206181459","is_ascension_mode":true,"campfire_choices":[{"floor":15,"key":"REST"}],"circlet_count":0,"master_deck":["Strike_G","Strike_G","Strike_G","Strike_G","Strike_G","Defend_G","Defend_G","Defend_G","Defend_G","Defend_G","Survivor","Neutralize+1","Backstab","Sucker Punch","Blade Dance","Underhanded Strike","Caltrops","Cloak And Dagger","Sucker Punch","Blade Dance","Masterful Stab","Slice","Noxious Fumes","A Thousand Cuts","Sucker Punch","HandOfGreed","Backstab","Backstab","Adrenaline"],"relics":["Ring of the Snake","NeowsBlessing","White Beast Statue","Gambling Chip","Vajra","SacredBark","Frozen Egg 2","Ginger"],"acts_visited":["Exordium","TheCity"],"potions_floor_usage":[10,16,16,16,21,23,23],"damage_taken":[{"damage":0,"enemies":"Jaw Worm","floor":1,"turns":1},{"damage":0,"enemies":"Cultist","floor":4,"turns":1},{"damage":0,"enemies":"2 Louse","floor":5,"turns":1},{"damage":22,"enemies":"Lagavulin","floor":6,"turns":7},{"damage":0,"enemies":"2 Fungi Beasts","floor":7,"turns":3},{"damage":9,"enemies":"Blue Slaver","floor":8,"turns":4},{"damage":0,"enemies":"Large Slime","floor":10,"turns":4},{"damage":0,"enemies":"Looter","floor":12,"turns":1},{"damage":0,"enemies":"Lots of Slimes","floor":14,"turns":2},{"damage":4,"enemies":"Hexaghost","floor":16,"turns":8},{"damage":12,"enemies":"Spheric Guardian","floor":18,"turns":4},{"damage":2,"enemies":"Shell Parasite","floor":21,"turns":5},{"damage":34,"enemies":"3 Cultists","floor":22,"turns":6},{"damage":12,"enemies":"Book of Stabbing","floor":23,"turns":3},{"damage":16,"enemies":"Shelled Parasite and Fungi","floor":25,"turns":2}],"seed_played":"-4599240973188638316","potions_obtained":[{"floor":6,"key":"Swift Potion"},{"floor":7,"key":"SteroidPotion"},{"floor":8,"key":"Block Potion"},{"floor":10,"key":"Fruit Juice"},{"floor":12,"key":"champ:CounterPotion"},{"floor":16,"key":"SneckoOil"},{"floor":18,"key":"Strength Potion"},{"floor":21,"key":"BlessingOfTheForge"},{"floor":22,"key":"Ancient Potion"},{"floor":23,"key":"SpeedPotion"}],"is_trial":false,"path_per_floor":["M","?","?","M","M","E","M","M","T","M","$","M","?","M","R","B",null,"M","$","?","M","M","E","$","M"],"character_chosen":"THE_SILENT","items_purchased":["Vajra","Masterful Stab","HandOfGreed"],"campfire_rested":1,"item_purchase_floors":[11,11,19],"current_hp_per_floor":[70,70,70,70,70,48,48,39,39,44,44,44,44,44,66,62,75,63,63,63,61,27,15,15,0,0],"gold":26,"neow_bonus":"THREE_ENEMY_KILL","is_daily":false,"chose_seed":false,"campfire_upgraded":0,"win_rate":0.0,"timestamp":1612642499,"path_taken":["M","?","?","M","?","E","M","M","T","M","$","M","?","M","R","BOSS","M","$","?","M","M","E","$","M"],"items_purchased_type":["Relic","Card","Card"],"build_version":"2020-12-22","purchased_purges":1,"victory":false,"max_hp_per_floor":[70,70,70,70,70,70,70,70,70,75,75,75,75,75,75,75,75,75,75,75,75,75,75,75,75,75],"card_choices":[{"not_picked":["Outmaneuver","Dagger Throw"],"picked":"Backstab","floor":1},{"not_picked":["Calculated Gamble","Distraction"],"picked":"Blade Dance","floor":4},{"not_picked":["Deadly Poison","Bane"],"picked":"Underhanded Strike","floor":5},{"not_picked":["Riddle With Holes","Expertise"],"picked":"Caltrops","floor":6},{"not_picked":["Deadly Poison","Dagger Spray"],"picked":"Cloak And Dagger","floor":7},{"not_picked":["Skewer","Distraction"],"picked":"Sucker Punch","floor":8},{"not_picked":["PiercingWail","Dagger Throw"],"picked":"Blade Dance","floor":10},{"not_picked":["Well Laid Plans","Expertise"],"picked":"Slice","floor":12},{"not_picked":["Bane","PiercingWail"],"picked":"Noxious Fumes","floor":14},{"not_picked":["Unload","Glass Knife"],"picked":"A Thousand Cuts","floor":16},{"not_picked":["Bouncing Flask","Endless Agony+1"],"picked":"Sucker Punch","floor":18},{"not_picked":["Prepared+1","Dodge and Roll"],"picked":"Backstab","floor":21},{"not_picked":["Slice+1","Prepared"],"picked":"Backstab","floor":22},{"not_picked":["Dagger Throw","Eviscerate"],"picked":"Adrenaline","floor":23}],"player_experience":71840,"relics_obtained":[{"floor":6,"key":"White Beast Statue"},{"floor":9,"key":"Gambling Chip"},{"floor":23,"key":"Ginger"}],"event_choices":[{"damage_healed":0,"gold_gain":0,"player_choice":"Grow","damage_taken":0,"max_hp_gain":0,"max_hp_loss":0,"event_name":"Living Wall","floor":2,"gold_loss":0,"cards_upgraded":["Neutralize"]},{"damage_healed":0,"gold_gain":0,"player_choice":"1 cards matched","damage_taken":0,"max_hp_gain":0,"max_hp_loss":0,"event_name":"Match and Keep!","floor":3,"gold_loss":0,"cards_obtained":["Sucker Punch"]},{"damage_healed":0,"gold_gain":0,"player_choice":"Leave","damage_taken":0,"max_hp_gain":0,"max_hp_loss":0,"event_name":"The Cleric","floor":13,"gold_loss":0},{"damage_healed":0,"gold_gain":0,"player_choice":"Opened","damage_taken":0,"relics_obtained":["Frozen Egg 2"],"max_hp_gain":0,"max_hp_loss":0,"event_name":"The Mausoleum","floor":20,"gold_loss":0,"cards_obtained":["Writhe"]}],"is_beta":false,"boss_relics":[{"not_picked":["Sozu","Runesmith:UraniumAnvil"],"picked":"SacredBark"}],"items_purged_floors":[24],"is_endless":false,"potions_floor_spawned":[6,7,8,10,12,14,16,18,21,22,23],"killed_by":"Shelled Parasite and Fungi","ascension_level":1}}