{"host":"9bcvatsnbq1a3xq4","time":1612639365,"event":{"mods":["BaseMod","Bestiary","Block Reminder","Highlight Path","Minty Spire (QoL Compilation)","Relic Stats"],"gold_per_floor":[119,9,84,84,95,95,127,5,5,33,33,44,63,83,83,83,83],"floor_reached":16,"language":"ENG","playtime":645,"items_purged":[],"score":220,"play_id":"9c5b3dfd-9034-42e1-a8c1-1c932df0f515","local_time":"20210206202245","is_ascension_mode":true,"campfire_choices":[{"data":"Sweeping Beam","floor":6,"key":"SMITH"},{"floor":11,"key":"REST"},{"data":"Defragment","floor":15,"key":"SMITH"}],"circlet_count":0,"master_deck":["AscendersBane","Strike_B","Strike_B","Strike_B","Defend_B","Defend_B","Defend_B","Defend_B","Zap","Dualcast","CurseOfTheBell","Sweeping Beam+1","Ball Lightning","Gash","Darkness","Melter","Chill","Steam","Defragment+1","Undo"],"relics":["Calling Bell","Ancient Tea Set","Sundial","Mango","Gremlin Horn","Mummified Hand","Blood Vial"],"acts_visited":["Exordium"],"potions_floor_usage":[7,7,10,16],"damage_taken":[{"damage":17,"enemies":"Cultist","floor":1,"turns":5},{"damage":6,"enemies":"2 Louse","floor":5,"turns":2},{"damage":5,"enemies":"3 Sentries","floor":7,"turns":3},{"damage":31,"enemies":"Gremlin Nob","floor":10,"turns":4},{"damage":12,"enemies":"Jaw Worm","floor":12,"turns":2},{"damage":1,"enemies":"Looter","floor":13,"turns":4},{"damage":1,"enemies":"3 Louse","floor":14,"turns":3},{"damage":27,"enemies":"Slime Boss","floor":16,"turns":3}],"seed_played":"-8124012513151375199","potions_obtained":[{"floor":1,"key":"PowerPotion"},{"floor":5,"key":"Fire Potion"},{"floor":10,"key":"Energy Potion"}],"is_trial":false,"path_per_floor":["M","$","?","?","M","R","E","$","T","E","R","M","M","M","R","B"],"character_chosen":"DEFECT","items_purchased":["Ball Lightning","FearPotion","LiquidMemories","Melter"],"campfire_rested":1,"item_purchase_floors":[2,2,8,8],"current_hp_per_floor":[61,61,50,43,37,37,32,32,32,1,26,16,17,18,18,0,0],"gold":83,"neow_bonus":"BOSS_RELIC","is_daily":false,"chose_seed":false,"campfire_upgraded":2,"win_rate":0.0,"timestamp":1612639365,"path_taken":["M","$","?","?","M","R","E","?","T","E","R","M","M","M","R","BOSS"],"items_purchased_type":["Card","Potion","Potion","Card"],"build_version":"2020-12-22","purchased_purges":0,"victory":false,"max_hp_per_floor":[85,85,85,85,85,85,85,85,85,85,85,85,85,85,85,85,85],"relic_stats":{"Blood Vial":8,"Gremlin Horn":[2,2],"counters":[8,26],"Sundial":[2],"Mummified Hand":[2],"obtain_stats":[{"Calling Bell":0,"Blood Vial":10,"Gremlin Horn":7,"Sundial":0,"Mummified Hand":9,"Mango":0,"Cracked Core":0,"Ancient Tea Set":0},{"Calling Bell":0,"Blood Vial":4,"Gremlin Horn":3,"Sundial":0,"Mummified Hand":3,"Mango":0,"Cracked Core":0,"Ancient Tea Set":0},{"Calling Bell":0,"Blood Vial":14,"Gremlin Horn":10,"Sundial":0,"Mummified Hand":10,"Mango":0,"Cracked Core":0,"Ancient Tea Set":0}]},"card_choices":[{"not_picked":["Leap","Streamline"],"picked":"Sweeping Beam","floor":1},{"not_picked":["Storm","Reprogram"],"picked":"Gash","floor":5},{"not_picked":["Heatsinks","Sweeping Beam"],"picked":"Darkness","floor":7},{"not_picked":["Ball Lightning","Skim"],"picked":"Chill","floor":10},{"not_picked":["Gash","Go for the Eyes"],"picked":"Steam","floor":12},{"not_picked":["Rebound","Go for the Eyes"],"picked":"Defragment","floor":13},{"not_picked":["Sweeping Beam","Hologram"],"picked":"Undo","floor":14}],"player_experience":794651,"relics_obtained":[{"floor":0,"key":"Ancient Tea Set"},{"floor":0,"key":"Sundial"},{"floor":0,"key":"Mango"},{"floor":7,"key":"Gremlin Horn"},{"floor":9,"key":"Mummified Hand"},{"floor":10,"key":"Blood Vial"}],"event_choices":[{"damage_healed":0,"gold_gain":75,"player_choice":"Gather Gold","damage_taken":11,"max_hp_gain":0,"max_hp_loss":0,"event_name":"World of Goop","floor":3,"gold_loss":0},{"cards_removed":["Strike_B"],"damage_healed":0,"gold_gain":0,"player_choice":"Card Removal","damage_taken":7,"max_hp_gain":0,"max_hp_loss":0,"event_name":"Golden Wing","floor":4,"gold_loss":0}],"is_beta":false,"boss_relics":[],"items_purged_floors":[],"is_endless":false,"potions_floor_spawned":[1,5,10],"killed_by":"Slime Boss","ascension_level":20}}