{"host":"gttgmv2wah99hzdm","time":1612631888,"event":{"mods":["AchievementEnabler","BaseMod","Bestiary","Block Reminder","Filter the Spire","Minty Spire (QoL Compilation)","Relic Stats","Weighted Paths","ojb\u0027s Info Mod"],"gold_per_floor":[162,173,192,192,206,206,237,264,344,344,344],"floor_reached":10,"language":"ENG","playtime":404,"items_purged":[],"score":136,"play_id":"bb6d19fd-5303-4443-a9d3-85e19f145a61","local_time":"20210206111808","is_ascension_mode":true,"campfire_choices":[{"data":"Blood for Blood","floor":6,"key":"SMITH"}],"circlet_count":0,"master_deck":["AscendersBane","Strike_R","Strike_R","Strike_R","Strike_R","Strike_R","Defend_R","Defend_R","Defend_R+1","Defend_R","Bash","Blood for Blood+1","Cleave","Rupture","Burning Pact","Feel No Pain","Bloodletting"],"relics":["Tiny House","Bronze Scales","Tiny Chest","Blood Vial","Singing Bowl"],"acts_visited":["Exordium"],"potions_floor_usage":[7,7],"damage_taken":[{"damage":5,"enemies":"Small Slimes","floor":1,"turns":5},{"damage":9,"enemies":"Jaw Worm","floor":2,"turns":4},{"damage":0,"enemies":"Cultist","floor":3,"turns":4},{"damage":11,"enemies":"Blue Slaver","floor":5,"turns":4},{"damage":7,"enemies":"3 Sentries","floor":7,"turns":4},{"damage":44,"enemies":"Lagavulin","floor":10,"turns":7}],"seed_played":"5996219108236533529","potions_obtained":[{"floor":0,"key":"AttackPotion"},{"floor":1,"key":"ColorlessPotion"},{"floor":2,"key":"Fire Potion"}],"is_trial":false,"path_per_floor":["M","M","M","?","M","R","E","T","T","E"],"character_chosen":"IRONCLAD","items_purchased":[],"campfire_rested":0,"item_purchase_floors":[],"current_hp_per_floor":[68,59,59,54,43,43,36,36,36,0,0],"gold":344,"neow_bonus":"BOSS_RELIC","is_daily":false,"chose_seed":false,"campfire_upgraded":1,"win_rate":0.0,"timestamp":1612631888,"path_taken":["M","M","M","?","M","R","E","?","T","E"],"items_purchased_type":[],"build_version":"2020-12-22","purchased_purges":0,"victory":false,"max_hp_per_floor":[80,80,80,80,80,80,80,80,80,80,80],"relic_stats":{"Blood Vial":2,"Singing Bowl":0,"counters":[6,28],"Bronze Scales":[24],"Tiny Chest":0,"obtain_stats":[{"Blood Vial":8,"Tiny House":0,"Singing Bowl":9,"Bronze Scales":4,"Tiny Chest":7,"Burning Blood":0},{"Blood Vial":5,"Tiny House":0,"Singing Bowl":5,"Bronze Scales":3,"Tiny Chest":5,"Burning Blood":0},{"Blood Vial":21,"Tiny House":0,"Singing Bowl":21,"Bronze Scales":13,"Tiny Chest":21,"Burning Blood":0}]},"card_choices":[{"not_picked":["Sever Soul","Metallicize"],"picked":"Blood for Blood","floor":0},{"not_picked":["Seeing Red","Dropkick"],"picked":"Cleave","floor":1},{"not_picked":["Sentinel","Headbutt"],"picked":"Rupture","floor":2},{"not_picked":["Wild Strike","Shrug It Off"],"picked":"Burning Pact","floor":3},{"not_picked":["Clothesline","Clash"],"picked":"Feel No Pain","floor":5},{"not_picked":["Evolve","Twin Strike"],"picked":"Bloodletting","floor":7}],"player_experience":1100844,"relics_obtained":[{"floor":7,"key":"Tiny Chest"},{"floor":8,"key":"Blood Vial"},{"floor":9,"key":"Singing Bowl"}],"event_choices":[{"damage_healed":0,"gold_gain":0,"player_choice":"Success","damage_taken":5,"relics_obtained":["Bronze Scales"],"max_hp_gain":0,"max_hp_loss":0,"event_name":"Scrap Ooze","floor":4,"gold_loss":0}],"is_beta":false,"boss_relics":[],"items_purged_floors":[],"is_endless":false,"potions_floor_spawned":[1,2,5],"killed_by":"Lagavulin","ascension_level":20}}