{"host":"ecsunv2cvp1nq2km","time":1612620659,"event":{"mods":["BaseMod","Downfall","Googly Eyes","Hermit","Minty Spire (QoL Compilation)","Robot Space Explorer","StSLib","The Dragon Tamer"],"gold_per_floor":[99,111,111,111,122,136,210,110,141,156,168,202,222,238,252,252,252,252],"floor_reached":16,"language":"ZHS","playtime":2622,"items_purged":[],"score":166,"play_id":"466b8873-1150-457e-9c22-771f2f91f68c","local_time":"20210206221059","is_ascension_mode":false,"campfire_choices":[{"data":"bronze:Replicate","floor":1,"key":"SMITH"},{"data":"bronze:BuggyMess","floor":8,"key":"SMITH"}],"circlet_count":0,"master_deck":["bronze:Strike+1","bronze:Strike","bronze:Strike","bronze:Strike","bronze:Defend","bronze:Defend","bronze:Defend","bronze:Defend","bronze:Replicate+1","bronze:Goto+1","bronze:Fortify+1","downfall:Malfunctioning","bronze:ChosenStrike","bronze:BuggyMess+1","bronze:ForceShield","bronze:ShipIt","bronze:WildBeam","bronze:WhirlingStrike","bronze:Flail","bronze:Allocate","bronze:DelayedSlice"],"relics":["bronze:BronzeCore","downfall:ShatteredFragment","downfall:HeartBlessingBlue","Regal Pillow","Shuriken"],"acts_visited":["Exordium"],"potions_floor_usage":[9,12,14],"damage_taken":[{"damage":5,"enemies":"Small Slimes","floor":2,"turns":3},{"damage":3,"enemies":"Jaw Worm","floor":5,"turns":3},{"damage":1,"enemies":"2 Louse","floor":6,"turns":2},{"damage":34,"enemies":"3 Sentries","floor":9,"turns":11},{"damage":8,"enemies":"2 Fungi Beasts","floor":10,"turns":4},{"damage":4,"enemies":"Blue Slaver","floor":11,"turns":3},{"damage":0,"enemies":"Gremlin Nob","floor":12,"turns":2},{"damage":6,"enemies":"Large Slime","floor":13,"turns":3},{"damage":0,"enemies":"2 Fungi Beasts","floor":14,"turns":2},{"damage":0,"enemies":"Blue Slaver","floor":15,"turns":2},{"damage":16,"enemies":"DF_ARCHETYPE_STREAMLINE","floor":16,"turns":3}],"seed_played":"-2033699633710866554","potions_obtained":[{"floor":6,"key":"GamblersBrew"},{"floor":9,"key":"CultistPotion"},{"floor":11,"key":"SmokeBomb"},{"floor":14,"key":"Fruit Juice"}],"is_trial":false,"path_per_floor":["R","M","?","?","M","M","T","R","E","M","M","E","M","M","M","B"],"character_chosen":"THE_AUTOMATON","items_purchased":[],"campfire_rested":0,"item_purchase_floors":[],"current_hp_per_floor":[77,72,51,51,48,47,47,57,23,15,11,11,5,10,10,0,0,0],"gold":252,"neow_bonus":"TEN_PERCENT_HP_BONUS","is_daily":false,"chose_seed":false,"campfire_upgraded":2,"win_rate":0.0,"timestamp":1612620659,"path_taken":["R","M","?","?","M","M","T","R","E","M","M","E","M","M","M","BOSS"],"items_purchased_type":[],"build_version":"2020-12-22","purchased_purges":0,"victory":false,"max_hp_per_floor":[77,77,77,77,77,77,77,87,87,87,87,87,87,92,92,92,92,92],"card_choices":[{"not_picked":["bronze:WhirlingStrike","bronze:Safeguard"],"picked":"bronze:Fortify","floor":2},{"not_picked":["bronze:Branch","bronze:BitShift"],"picked":"bronze:ChosenStrike","floor":5},{"not_picked":["bronze:CutThrough","bronze:Invalidate"],"picked":"bronze:BuggyMess","floor":6},{"not_picked":["bronze:BronzeArmor","bronze:WildBeam"],"picked":"bronze:ForceShield","floor":9},{"not_picked":["bronze:BronzeArmor","bronze:ItsAFeature"],"picked":"bronze:ShipIt","floor":10},{"not_picked":["bronze:OilSpill","bronze:Fortify"],"picked":"bronze:WildBeam","floor":11},{"not_picked":["bronze:Shield","bronze:Branch"],"picked":"bronze:WhirlingStrike","floor":12},{"not_picked":["bronze:Overheat","bronze:CutThrough"],"picked":"bronze:Flail","floor":13},{"not_picked":["bronze:Invalidate","bronze:OilSpill"],"picked":"bronze:Allocate","floor":14},{"not_picked":["bronze:Deprecate","bronze:FineTuning"],"picked":"bronze:DelayedSlice","floor":15}],"player_experience":373581,"relics_obtained":[{"floor":9,"key":"Regal Pillow"},{"floor":12,"key":"Shuriken"}],"event_choices":[],"is_beta":false,"boss_relics":[],"items_purged_floors":[],"is_endless":false,"potions_floor_spawned":[6,9,11,14],"killed_by":"DF_ARCHETYPE_STREAMLINE","ascension_level":0}}