{"host":"hw9lt6p3yhr90vz0","time":1612634717,"event":{"mods":["BaseMod","DeckTracker","Minty Spire (QoL Compilation)","Relic Stats"],"gold_per_floor":[109,41,52,70,40,40,67,67,117,117,137,137,171,187,187,286,286,300,300,323,338,338,381,38,38,65,96,105,128,137,158,158,270,270,296,322,61,118,137,137,172,172,223,232,270,279,305,332,341,341,341],"floor_reached":50,"language":"ENG","playtime":4017,"items_purged":[],"score":796,"play_id":"3ee15143-c822-48fa-ae55-1830af655aad","local_time":"20210206130517","is_ascension_mode":true,"campfire_choices":[{"floor":6.0,"key":"RECALL"},{"floor":8.0,"key":"REST"},{"data":"Accuracy","floor":10.0,"key":"SMITH"},{"data":"Blade Dance","floor":12.0,"key":"SMITH"},{"floor":15.0,"key":"REST"},{"data":"Mayhem","floor":25.0,"key":"SMITH"},{"floor":28.0,"key":"REST"},{"floor":30.0,"key":"REST"},{"data":"Infinite Blades","floor":32.0,"key":"SMITH"},{"floor":40.0,"key":"REST"},{"floor":44.0,"key":"REST"},{"floor":46.0,"key":"REST"},{"floor":49.0,"key":"REST"}],"circlet_count":0,"master_deck":["Strike_G","Strike_G","Defend_G","Defend_G","Defend_G","Defend_G","Defend_G","Survivor","Acrobatics","Blade Dance+1","Prepared","Accuracy+1","Corpse Explosion","All Out Attack","Infinite Blades+1","Choke","After Image","Noxious Fumes+1","Reflex+1","Blade Dance+1","Flechettes+1","Cloak And Dagger","Cloak And Dagger","Noxious Fumes","Mayhem+1","Deadly Poison+1","Tactician","Infinite Blades","Noxious Fumes+1","Adrenaline","Flying Knee","Endless Agony","Bane+1","PiercingWail+1","Blade Dance+1","Setup+1","Envenom","Backstab+1","Cloak And Dagger","Thinking Ahead","Secret Weapon","Bandage Up","Caltrops+1"],"relics":["Ring of the Snake","Orichalcum","MealTicket","Toy Ornithopter","Dream Catcher","Astrolabe","CeramicFish","Pocketwatch","Tiny Chest","Happy Flower","Centennial Puzzle","Fusion Hammer","Pantograph","StoneCalendar","Bag of Marbles","Snake Skull","Nunchaku"],"acts_visited":["Exordium","TheCity","TheBeyond"],"potions_floor_usage":[],"damage_taken":[{"damage":5.0,"enemies":"Small Slimes","floor":1.0,"turns":4.0},{"damage":0.0,"enemies":"Cultist","floor":3.0,"turns":4.0},{"damage":0.0,"enemies":"Jaw Worm","floor":4.0,"turns":3.0},{"damage":3.0,"enemies":"Looter","floor":5.0,"turns":4.0},{"damage":8.0,"enemies":"3 Sentries","floor":7.0,"turns":5.0},{"damage":0.0,"enemies":"2 Fungi Beasts","floor":11.0,"turns":2.0},{"damage":16.0,"enemies":"Lagavulin","floor":13.0,"turns":6.0},{"damage":9.0,"enemies":"Blue Slaver","floor":14.0,"turns":4.0},{"damage":20.0,"enemies":"Hexaghost","floor":16.0,"turns":6.0},{"damage":0.0,"enemies":"Spheric Guardian","floor":18.0,"turns":2.0},{"damage":20.0,"enemies":"Chosen","floor":21.0,"turns":5.0},{"damage":23.0,"enemies":"Slavers","floor":23.0,"turns":2.0},{"damage":25.0,"enemies":"Book of Stabbing","floor":27.0,"turns":6.0},{"damage":6.0,"enemies":"3 Cultists","floor":29.0,"turns":3.0},{"damage":9.0,"enemies":"Shelled Parasite and Fungi","floor":31.0,"turns":3.0},{"damage":47.0,"enemies":"Collector","floor":33.0,"turns":7.0},{"damage":1.0,"enemies":"3 Shapes","floor":35.0,"turns":3.0},{"damage":10.0,"enemies":"Orb Walker","floor":36.0,"turns":2.0},{"damage":39.0,"enemies":"2 Orb Walkers","floor":38.0,"turns":3.0},{"damage":7.0,"enemies":"3 Darklings","floor":39.0,"turns":2.0},{"damage":26.0,"enemies":"Giant Head","floor":41.0,"turns":6.0},{"damage":37.0,"enemies":"Reptomancer","floor":45.0,"turns":6.0},{"damage":0.0,"enemies":"Transient","floor":47.0,"turns":5.0},{"damage":80,"enemies":"Time Eater","floor":50,"turns":4}],"seed_played":"-2266700818026744","potions_obtained":[{"floor":4.0,"key":"PowerPotion"},{"floor":7.0,"key":"Swift Potion"},{"floor":13.0,"key":"FearPotion"},{"floor":14.0,"key":"Swift Potion"},{"floor":16.0,"key":"ColorlessPotion"},{"floor":18.0,"key":"BlessingOfTheForge"},{"floor":21.0,"key":"ColorlessPotion"},{"floor":23.0,"key":"ColorlessPotion"},{"floor":31.0,"key":"Explosive Potion"},{"floor":35.0,"key":"Poison Potion"},{"floor":36.0,"key":"Strength Potion"},{"floor":39.0,"key":"Energy Potion"}],"is_trial":false,"path_per_floor":["M","?","M","M","M","R","E","R","T","R","M","R","E","M","R","B",null,"M","?","T","M","?","E","$","R","T","E","R","M","R","M","R","B",null,"M","M","$","?","M","R","E","?","T","R","E","R","M","?","R","B"],"character_chosen":"THE_SILENT","items_purchased":["Noxious Fumes","Tiny Chest","Mayhem","Pantograph"],"campfire_rested":8,"item_purchase_floors":[24,24,24,37],"current_hp_per_floor":[58,58,58,58,55,55,47,68,68,68,68,68,54,45,66,55,66,70,70,70,50,50,37,52,52,52,32,53,47,68,59,59,17,57,56,51,66,31,24,45,24,24,24,45,8,29,29,19,40,0,0],"gold":341,"neow_bonus":"THREE_CARDS","is_daily":false,"chose_seed":false,"campfire_upgraded":4,"win_rate":0.0,"timestamp":1612634717,"path_taken":["M","?","M","M","?","R","E","R","T","R","M","R","E","M","R","BOSS","M","?","?","M","?","E","$","R","T","E","R","M","R","M","R","BOSS","M","M","$","?","M","R","E","?","T","R","E","R","M","?","R","BOSS"],"items_purchased_type":["Card","Relic","Card","Relic"],"build_version":"2020-12-22","purchased_purges":0,"victory":false,"max_hp_per_floor":[70,70,70,70,70,70,70,70,70,70,70,70,70,70,70,70,70,70,70,70,70,70,70,70,70,70,70,70,70,70,70,70,70,70,70,70,70,70,70,70,70,70,70,70,70,70,70,70,70,70,70],"relic_stats":{"Happy Flower":[16],"counters":[24,97],"Astrolabe":["Noxious Fumes","Reflex","Blade Dance"],"CeramicFish":189,"StoneCalendar":[0],"Snake Skull":[43],"Orichalcum":[192],"Dream Catcher":7,"Centennial Puzzle":[30],"Nunchaku":[3],"Pantograph":25,"MealTicket":30,"Tiny Chest":0,"obtain_stats":[{"Happy Flower":26,"Astrolabe":17,"CeramicFish":22,"StoneCalendar":38,"Snake Skull":43,"Orichalcum":2,"Dream Catcher":13,"Centennial Puzzle":27,"Nunchaku":45,"Pantograph":37,"MealTicket":7,"Tiny Chest":24,"Fusion Hammer":34,"Bag of Marbles":41,"Toy Ornithopter":9,"Ring of the Snake":0,"Pocketwatch":23},{"Happy Flower":12,"Astrolabe":9,"CeramicFish":11,"StoneCalendar":19,"Snake Skull":21,"Orichalcum":1,"Dream Catcher":7,"Centennial Puzzle":13,"Nunchaku":22,"Pantograph":18,"MealTicket":5,"Tiny Chest":12,"Fusion Hammer":16,"Bag of Marbles":21,"Toy Ornithopter":5,"Ring of the Snake":0,"Pocketwatch":12},{"Happy Flower":47,"Astrolabe":38,"CeramicFish":45,"StoneCalendar":74,"Snake Skull":82,"Orichalcum":4,"Dream Catcher":28,"Centennial Puzzle":53,"Nunchaku":88,"Pantograph":71,"MealTicket":20,"Tiny Chest":47,"Fusion Hammer":66,"Bag of Marbles":82,"Toy Ornithopter":20,"Ring of the Snake":0,"Pocketwatch":47}],"Toy Ornithopter":49,"Ring of the Snake":[48],"Pocketwatch":[9]},"card_choices":[{"not_picked":["Quick Slash","Expertise"],"picked":"Acrobatics","floor":0.0},{"not_picked":["Acrobatics","Poisoned Stab"],"picked":"Blade Dance","floor":1.0},{"not_picked":["PiercingWail","Skewer"],"picked":"Prepared","floor":3.0},{"not_picked":["Catalyst","Dagger Throw"],"picked":"Accuracy","floor":4.0},{"not_picked":["Flying Knee","Outmaneuver"],"picked":"Corpse Explosion","floor":5.0},{"not_picked":["Sucker Punch","Concentrate"],"picked":"All Out Attack","floor":7.0},{"not_picked":["Quick Slash","Unload","Slice"],"picked":"SKIP","floor":11.0},{"not_picked":["Outmaneuver","Concentrate"],"picked":"Infinite Blades","floor":13.0},{"not_picked":["Predator","Outmaneuver"],"picked":"Choke","floor":14.0},{"not_picked":["Die Die Die","Malaise"],"picked":"After Image","floor":16.0},{"not_picked":["Quick Slash","Masterful Stab+1"],"picked":"Flechettes+1","floor":18.0},{"not_picked":["Backflip","Dagger Throw+1"],"picked":"Cloak And Dagger","floor":21.0},{"not_picked":["Flying Knee+1","Quick Slash+1"],"picked":"Cloak And Dagger","floor":23.0},{"not_picked":["Crippling Poison","Bouncing Flask","Dagger Throw"],"picked":"SKIP","floor":27.0},{"not_picked":["All Out Attack","Dagger Throw"],"picked":"Deadly Poison+1","floor":28.0},{"not_picked":["PiercingWail+1","Dash"],"picked":"Tactician","floor":29.0},{"not_picked":["PiercingWail","Dodge and Roll+1"],"picked":"Infinite Blades","floor":30.0},{"not_picked":["Sucker Punch","Dodge and Roll"],"picked":"Noxious Fumes+1","floor":31.0},{"not_picked":["Die Die Die","Night Terror"],"picked":"Adrenaline","floor":33.0},{"not_picked":["Slice","Bane"],"picked":"Flying Knee","floor":35.0},{"not_picked":["Dagger Throw+1","Bane+1"],"picked":"Endless Agony","floor":36.0},{"not_picked":["Crippling Poison","Deadly Poison"],"picked":"Bane+1","floor":38.0},{"not_picked":["Flying Knee","Crippling Poison"],"picked":"PiercingWail+1","floor":39.0},{"not_picked":["Doppelganger","Deadly Poison"],"picked":"Blade Dance+1","floor":41.0},{"not_picked":["Deadly Poison+1","Flying Knee"],"picked":"Setup+1","floor":44.0},{"not_picked":["Blade Dance+1","Well Laid Plans+1"],"picked":"Envenom","floor":45.0},{"not_picked":["Deflect+1","Heel Hook+1"],"picked":"Backstab+1","floor":46.0},{"not_picked":["Underhanded Strike","Bane"],"picked":"Cloak And Dagger","floor":47.0},{"not_picked":["Enlightenment","Forethought"],"picked":"Thinking Ahead","floor":48.0},{"not_picked":["PanicButton","Mind Blast"],"picked":"Secret Weapon","floor":48.0},{"not_picked":["Secret Technique","Impatience"],"picked":"Bandage Up","floor":48.0},{"not_picked":["Backstab+1","Calculated Gamble+1"],"picked":"Caltrops+1","floor":49.0}],"player_experience":1312284,"relics_obtained":[{"floor":7.0,"key":"MealTicket"},{"floor":9.0,"key":"Toy Ornithopter"},{"floor":13.0,"key":"Dream Catcher"},{"floor":23.0,"key":"Pocketwatch"},{"floor":26.0,"key":"Happy Flower"},{"floor":27.0,"key":"Centennial Puzzle"},{"floor":38.0,"key":"StoneCalendar"},{"floor":41.0,"key":"Bag of Marbles"},{"floor":43.0,"key":"Snake Skull"},{"floor":45.0,"key":"Nunchaku"}],"event_choices":[{"damage_healed":0.0,"max_hp_gain":0.0,"max_hp_loss":0.0,"gold_gain":0.0,"event_name":"WeMeetAgain","player_choice":"Paid Gold","floor":2.0,"gold_loss":68.0,"damage_taken":0.0,"relics_obtained":["Orichalcum"]},{"damage_healed":0.0,"max_hp_gain":0.0,"max_hp_loss":0.0,"gold_gain":0.0,"event_name":"Beggar","player_choice":"Ignored","floor":19.0,"gold_loss":0.0,"damage_taken":0.0},{"damage_healed":0.0,"max_hp_gain":0.0,"max_hp_loss":0.0,"gold_gain":0.0,"event_name":"The Mausoleum","player_choice":"Opened","floor":22.0,"gold_loss":0.0,"damage_taken":0.0,"relics_obtained":["CeramicFish"]},{"damage_healed":0.0,"max_hp_gain":0.0,"max_hp_loss":0.0,"gold_gain":0.0,"event_name":"Mysterious Sphere","player_choice":"Fight","floor":38.0,"gold_loss":0.0,"damage_taken":0.0},{"cards_removed":["Neutralize"],"damage_healed":0.0,"max_hp_gain":0.0,"max_hp_loss":0.0,"gold_gain":0.0,"event_name":"Falling","player_choice":"Removed Attack","floor":42.0,"gold_loss":0.0,"damage_taken":0.0},{"damage_healed":0.0,"max_hp_gain":0.0,"max_hp_loss":0.0,"gold_gain":0.0,"event_name":"SensoryStone","player_choice":"Memory 3","floor":48.0,"gold_loss":0.0,"damage_taken":10.0}],"is_beta":false,"boss_relics":[{"not_picked":["Black Star","Ectoplasm"],"picked":"Astrolabe"},{"not_picked":["HoveringKite","Cursed Key"],"picked":"Fusion Hammer"}],"items_purged_floors":[],"is_endless":false,"potions_floor_spawned":[4,7,13,14,16,18,21,23,31,35,36,39],"killed_by":"Time Eater","ascension_level":7}}