{"host":"7wi4qgm5yw4j7oz0","time":1612633190,"event":{"mods":["AchievementEnabler","BaseMod","Block Reminder","Colored Map","Colored Powertips","Highlight Path","Minty Spire (QoL Compilation)","Permanent Neow","Quick Restart","Random Character Button","Rare Cards Sparkle","StSLib","everything is the same but u backflip on backflip"],"gold_per_floor":[16,16,36,48,63,63,76,76,76,76,94,121,131,56,56,155,155,166,176,23,23,23,23,23,23,48,66,96,96,15,28,28,28,28],"floor_reached":33,"language":"KOR","playtime":1467,"items_purged":["Strike_R"],"score":347,"play_id":"9aea1a58-6731-4d14-a14e-8814506d58e4","local_time":"20210207023950","is_ascension_mode":true,"campfire_choices":[{"data":"Bash","floor":6.0,"key":"SMITH"},{"data":"Dropkick","floor":8.0,"key":"SMITH"},{"data":"Rage","floor":10.0,"key":"SMITH"},{"data":"Warcry","floor":15.0,"key":"SMITH"},{"data":"Juggernaut","floor":23.0,"key":"SMITH"},{"floor":29.0,"key":"REST"},{"data":"Second Wind","floor":32,"key":"SMITH"}],"circlet_count":0,"master_deck":["Strike_R","Strike_R","Defend_R","Defend_R","Defend_R","Defend_R","Bash+1","Clothesline","Fire Breathing","Dropkick+1","Rage+1","Headbutt","Warcry+1","Evolve","Juggernaut+1","Rage+1","Shrug It Off","Pummel","True Grit","Second Wind+1","Dark Embrace+1","True Grit"],"relics":["Burning Blood","Lizard Tail","Bottled Flame","Self Forming Clay","TheAbacus","Boot","Frozen Egg 2"],"acts_visited":["Exordium","TheCity"],"potions_floor_usage":[31],"damage_taken":[{"damage":4.0,"enemies":"Small Slimes","floor":1.0,"turns":4.0},{"damage":0.0,"enemies":"Cultist","floor":3.0,"turns":2.0},{"damage":2.0,"enemies":"2 Louse","floor":4.0,"turns":3.0},{"damage":13.0,"enemies":"Blue Slaver","floor":5.0,"turns":4.0},{"damage":6.0,"enemies":"Looter","floor":7.0,"turns":3.0},{"damage":0.0,"enemies":"Large Slime","floor":11.0,"turns":3.0},{"damage":16.0,"enemies":"Gremlin Nob","floor":12.0,"turns":3.0},{"damage":2.0,"enemies":"3 Louse","floor":13.0,"turns":4.0},{"damage":15.0,"enemies":"The Guardian","floor":16.0,"turns":12.0},{"damage":13.0,"enemies":"Spheric Guardian","floor":18.0,"turns":5.0},{"damage":33.0,"enemies":"2 Thieves","floor":19.0,"turns":5.0},{"damage":21.0,"enemies":"Shelled Parasite and Fungi","floor":27.0,"turns":6.0},{"damage":44.0,"enemies":"Slavers","floor":28.0,"turns":7.0},{"damage":19,"enemies":"Snecko","floor":31,"turns":6},{"damage":58,"enemies":"Automaton","floor":33,"turns":6}],"seed_played":"8704495588704355519","potions_obtained":[{"floor":5.0,"key":"Swift Potion"},{"floor":7.0,"key":"FearPotion"},{"floor":11.0,"key":"BlessingOfTheForge"},{"floor":12.0,"key":"Block Potion"},{"floor":18.0,"key":"ElixirPotion"}],"is_trial":false,"path_per_floor":["M","?","M","M","M","R","M","R","T","R","M","E","M","$","R","B",null,"M","M","$","?","$","R","?","?","T","M","E","R","$","M","R","B"],"character_chosen":"IRONCLAD","items_purchased":["TheAbacus","Dark Embrace+1"],"campfire_rested":1,"item_purchase_floors":[20,30],"current_hp_per_floor":[74,74,80,80,73,73,73,73,73,73,79,69,73,73,73,64,76,69,42,42,42,42,42,42,42,42,27,33,57,57,44,44,0,0],"gold":28,"neow_bonus":"ONE_RARE_RELIC","is_daily":false,"chose_seed":false,"campfire_upgraded":6,"win_rate":0.0,"timestamp":1612633190,"path_taken":["M","?","M","M","M","R","M","R","T","R","?","E","M","$","R","BOSS","M","M","$","?","$","R","?","?","T","M","E","R","?","M","R","BOSS"],"items_purchased_type":["Relic","Card"],"build_version":"2020-12-22","purchased_purges":1,"victory":false,"max_hp_per_floor":[80,80,80,80,80,80,80,80,80,80,80,80,80,80,80,80,80,80,80,80,80,80,80,80,80,80,80,80,80,80,80,80,80,80],"card_choices":[{"not_picked":["Iron Wave","Dark Embrace"],"picked":"Clothesline","floor":1.0},{"not_picked":["Infernal Blade","True Grit"],"picked":"Fire Breathing","floor":3.0},{"not_picked":["Thunderclap","Flex"],"picked":"Dropkick","floor":5.0},{"not_picked":["Pommel Strike","Armaments"],"picked":"Rage","floor":7.0},{"not_picked":["Entrench","Sword Boomerang"],"picked":"Headbutt","floor":11.0},{"not_picked":["Clash","Intimidate"],"picked":"Warcry","floor":12.0},{"not_picked":["Perfected Strike","Dark Embrace"],"picked":"Evolve","floor":13.0},{"not_picked":["Exhume","Feed"],"picked":"Juggernaut","floor":16.0},{"not_picked":["Combust","Blood for Blood"],"picked":"Rage+1","floor":18.0},{"not_picked":["Wild Strike","Heavy Blade","Pommel Strike"],"picked":"SKIP","floor":19.0},{"not_picked":["Clash","Iron Wave","Cleave+1"],"picked":"SKIP","floor":27.0},{"not_picked":["Impervious","Dropkick"],"picked":"Second Wind","floor":28.0},{"not_picked":["Heavy Blade","Blood for Blood"],"picked":"True Grit","floor":31}],"player_experience":248765,"relics_obtained":[{"floor":9.0,"key":"Bottled Flame"},{"floor":12.0,"key":"Self Forming Clay"},{"floor":26.0,"key":"Boot"},{"floor":28.0,"key":"Frozen Egg 2"}],"event_choices":[{"damage_healed":0.0,"max_hp_gain":0.0,"max_hp_loss":0.0,"gold_gain":0.0,"cards_transformed":["Strike_R"],"event_name":"Transmorgrifier","player_choice":"Transformed","floor":2.0,"gold_loss":0.0,"damage_taken":0.0,"cards_obtained":["Perfected Strike"]},{"damage_healed":0.0,"max_hp_gain":0.0,"max_hp_loss":0.0,"gold_gain":0.0,"cards_transformed":["Strike_R","Perfected Strike"],"event_name":"Drug Dealer","player_choice":"Became Test Subject","floor":21.0,"gold_loss":0.0,"damage_taken":0.0,"cards_obtained":["Shrug It Off","Pummel"]},{"damage_healed":0.0,"max_hp_gain":0.0,"max_hp_loss":0.0,"gold_gain":0.0,"event_name":"Ghosts","player_choice":"Ignored","floor":24.0,"gold_loss":0.0,"damage_taken":0.0},{"damage_healed":0.0,"max_hp_gain":0.0,"max_hp_loss":0.0,"gold_gain":0.0,"event_name":"The Library","player_choice":"Read","floor":25.0,"gold_loss":0.0,"damage_taken":0.0,"cards_obtained":["True Grit"]}],"is_beta":false,"boss_relics":[{"not_picked":["Fusion Hammer","Mark of Pain","Velvet Choker"]}],"items_purged_floors":[14],"is_endless":false,"potions_floor_spawned":[5,7,11,12,18],"killed_by":"Automaton","ascension_level":6}}