{"host":"6vv4dpyii7syqh71","time":1612603379,"event":{"mods":["100% Spire Juice","2.2 Compatiblity","Abigail Mod","Act Like it!","Aspiration","BaseMod","Block Reminder","Downfall","Hubris","Infinite Spire","Magitek Elite","Marisa（霧雨　魔理沙）","Minty Spire (QoL Compilation)","Pale of the Ancients","Prisma Mod","Rare Cards Sparkle","Remilia（蕾米莉?）","SacredBarkPlus","StSLib","Td1madao Mod","The Administrix","The Animator","The Construct","The Cursed","The Disciple","The Jungle","The Necromancer","The Servant 0.9.4","Waifu the Spire","everything is the same but u backflip on backflip"],"gold_per_floor":[118,118,135,155,174,99,117,149,173,173,173,173,183,193,193,288,288,304,285,285,285,302,327,327,327,327],"floor_reached":25,"language":"ENG","playtime":2412,"items_purged":["Strike_R"],"score":250,"play_id":"57ff4eed-7efd-45f9-9c24-078c4416ac80","local_time":"20210206032259","is_ascension_mode":false,"campfire_choices":[{"floor":12,"key":"RECALL"},{"data":"Metallicize","floor":15,"key":"SMITH"},{"floor":24,"key":"REST"}],"circlet_count":0,"master_deck":["Strike_R","Strike_R","Strike_R","Defend_R","Defend_R","Defend_R","Defend_R","Bash","PrismaMod:IllyaInstallArcher","Metallicize+1","Warcry","Cleave","Reaper","Headbutt","Double Tap","Juggernaut","Whirlwind","Pommel Strike","Slimebound:CheckThePlaybook","downfall:Icky","infinitespire:OneForAll","Cleave+1"],"relics":["Burning Blood","aspiration:Nostalgia","PrismaMod:PrismaSapphire","Mango","Strawberry","Runic Cube","Nilry\u0027s Codex","Omamori"],"acts_visited":["Exordium","TheCity"],"potions_floor_usage":[16,18,18,23,23],"damage_taken":[{"damage":3,"enemies":"Jaw Worm","floor":1,"turns":4},{"damage":1,"enemies":"Cultist","floor":3,"turns":3},{"damage":2,"enemies":"Small Slimes","floor":4,"turns":4},{"damage":5,"enemies":"Blue Slaver","floor":5,"turns":5},{"damage":21,"enemies":"Gremlin Gang","floor":7,"turns":4},{"damage":16,"enemies":"Lagavulin","floor":8,"turns":7},{"damage":7,"enemies":"2 Fungi Beasts","floor":13,"turns":4},{"damage":7,"enemies":"Blue Slaver","floor":14,"turns":2},{"damage":7,"enemies":"Slime Boss","floor":16,"turns":5},{"damage":9,"enemies":"Spheric Guardian","floor":18,"turns":3},{"damage":40,"enemies":"2 Thieves","floor":19,"turns":4},{"damage":30,"enemies":"Chosen and Byrds","floor":22,"turns":6},{"damage":28,"enemies":"Book of Stabbing","floor":23,"turns":5},{"damage":71,"enemies":"Gremlin Leader","floor":25,"turns":7}],"seed_played":"179919201151192956","potions_obtained":[{"floor":1,"key":"Slimebound:ThreeZeroPotion"},{"floor":5,"key":"champ:CounterPotion"},{"floor":8,"key":"PowerPotion"},{"floor":14,"key":"DuplicationPotion"},{"floor":19,"key":"sneckomod:MuddlingPotion"},{"floor":22,"key":"DuplicationPotion"}],"is_trial":false,"path_per_floor":["M","?","M","M","M","$","M","E","T","?","?","R","M","M","R","B",null,"M","M","?","?","M","E","R","E"],"character_chosen":"IRONCLAD","items_purchased":[],"campfire_rested":1,"item_purchase_floors":[],"current_hp_per_floor":[80,80,80,80,80,80,65,69,69,76,76,76,85,84,84,83,101,98,74,74,58,34,12,42,0,0],"gold":327,"neow_bonus":"NOSTALGIA","is_daily":false,"chose_seed":false,"campfire_upgraded":1,"win_rate":0.0,"timestamp":1612603379,"path_taken":["M","?","M","?","M","$","M","E","T","?","?","R","M","M","R","BOSS","M","?","?","?","M","E","R","E"],"items_purchased_type":[],"build_version":"2020-12-22","purchased_purges":1,"victory":false,"max_hp_per_floor":[80,80,80,80,80,80,80,94,94,101,101,101,101,101,101,101,101,101,101,101,101,101,101,101,101,101],"card_choices":[{"not_picked":["Combust","Sever Soul"],"picked":"Armaments","floor":1},{"not_picked":["Anger","Shockwave"],"picked":"Metallicize","floor":3},{"not_picked":["Entrench","Iron Wave"],"picked":"Warcry","floor":4},{"not_picked":["Searing Blow","Sever Soul","Uppercut"],"picked":"SKIP","floor":5},{"not_picked":["Clothesline","Shrug It Off"],"picked":"Cleave","floor":7},{"not_picked":["Pommel Strike","Metallicize"],"picked":"Reaper","floor":8},{"not_picked":["Clash","Bloodletting"],"picked":"Headbutt","floor":13},{"not_picked":["Pommel Strike","Warcry"],"picked":"Double Tap","floor":14},{"not_picked":["Barricade","Impervious"],"picked":"Juggernaut","floor":16},{"not_picked":["Infernal Blade","Metallicize"],"picked":"Whirlwind","floor":18},{"not_picked":["Body Slam","Seeing Red"],"picked":"Pommel Strike","floor":19},{"not_picked":["Blood for Blood","Pommel Strike+1"],"picked":"infinitespire:OneForAll","floor":22},{"not_picked":["Hemokinesis+1","Body Slam+1"],"picked":"Cleave+1","floor":23}],"player_experience":916067,"relics_obtained":[{"floor":8,"key":"Mango"},{"floor":10,"key":"Strawberry"},{"floor":21,"key":"Nilry\u0027s Codex"},{"floor":23,"key":"Omamori"}],"event_choices":[{"cards_removed":["Armaments"],"damage_healed":0,"gold_gain":0,"player_choice":"Took Card","damage_taken":0,"max_hp_gain":0,"max_hp_loss":0,"event_name":"NoteForYourself","floor":2,"gold_loss":0,"cards_obtained":["PrismaMod:IllyaInstallArcher"]},{"cards_removed":["Strike_R"],"damage_healed":0,"gold_gain":0,"player_choice":"Card Removal","damage_taken":0,"max_hp_gain":0,"max_hp_loss":0,"event_name":"Wheel of Change","floor":11,"gold_loss":0},{"damage_healed":0,"gold_gain":0,"player_choice":"Obtained Book","damage_taken":16,"max_hp_gain":0,"max_hp_loss":0,"event_name":"Cursed Tome","floor":21,"gold_loss":0}],"is_beta":false,"boss_relics":[{"not_picked":["aspiration:RunicSpoon","Runic Pyramid"],"picked":"Runic Cube"}],"items_purged_floors":[6],"is_endless":false,"potions_floor_spawned":[1,5,8,14,19,22],"killed_by":"Gremlin Leader","ascension_level":0}}