{"host":"i0m6ffz3lpe3z1ky","time":1612635957,"event":{"mods":["Aspiration","BaseMod","Bestiary","BetterRewards","Colored Map","Conspire","Energized Spire","Highlight Path","Hubris","Ironclad Rager","Minty Spire (QoL Compilation)","Quick Restart","Reliquary","Shop Mod","Spicy Shops","StSLib","Thieving Mod"],"gold_per_floor":[111,111,111,111,25,56,67,67,67,67,95,112,138,148,148,220,220,231,231,231,146,165,165,192,192,217,217,272,272,303,319,319,396,396,411,436,18,18,29,29,29,46,46,75,75,25,75,94,94,94,94,94,94,8,39,39],"floor_reached":57,"language":"KOR","playtime":2228,"items_purged":["Strike_R","Strike_R"],"score":2964,"play_id":"f52781ec-b523-4c30-90f1-31a1edf7c698","local_time":"20210207032557","is_ascension_mode":true,"campfire_choices":[{"data":"Searing Blow","floor":8.0,"key":"SMITH"},{"data":"Searing Blow+1","floor":10.0,"key":"SMITH"},{"data":"Searing Blow+2","floor":15.0,"key":"SMITH"},{"data":"Searing Blow+3","floor":23.0,"key":"SMITH"},{"data":"Searing Blow+4","floor":25.0,"key":"SMITH"},{"data":"Searing Blow+5","floor":27.0,"key":"SMITH"},{"data":"Searing Blow+6","floor":29.0,"key":"SMITH"},{"floor":32.0,"key":"RECALL"},{"data":"Searing Blow+7","floor":40.0,"key":"SMITH"},{"data":"Searing Blow+8","floor":45.0,"key":"SMITH"},{"data":"Searing Blow+9","floor":49.0,"key":"SMITH"},{"data":"Searing Blow+10","floor":53.0,"key":"SMITH"}],"circlet_count":0,"master_deck":["AscendersBane","Strike_R","Strike_R","Strike_R","Defend_R","Defend_R","Defend_R","Defend_R","Bash","Seeing Red+1","Armaments+1","Searing Blow+11","Havoc+1","PiercingWail+1"],"relics":["Burning Blood","Toxic Egg 2","aspiration:FrozenJewel","Membership Card","hubris:Towel","ClockworkSouvenir","Meat on the Bone","InkBottle","Thread and Needle","reliquary:TridentHead","TungstenRod","energizedSpire:DeadBattery","reliquary:QuartzCube","hubris:ChampionShield","hubris:SphereOfDissonance","Centennial Puzzle","WingedGreaves","hubris:CrackedHourglass","Shuriken","hubris:Reverence","Nunchaku","hubris:TenFootPole","hubris:EmptyBottle","reliquary:Crutches","HandDrill","hubris:DisguiseKit","reliquary:PartyBalloon","OrangePellets","Ancient Tea Set","Orichalcum","PrismaticShard","Lee\u0027s Waffle","aspiration:SeaSaltIceCream","aspiration:Nostalgia","Ring of the Snake"],"acts_visited":["Exordium","TheCity","TheBeyond","TheEnding"],"potions_floor_usage":[],"damage_taken":[{"damage":0.0,"enemies":"Cultist","floor":1.0,"turns":3.0},{"damage":49.0,"enemies":"3 Sentries","floor":6.0,"turns":12.0},{"damage":1.0,"enemies":"Small Slimes","floor":7.0,"turns":4.0},{"damage":25.0,"enemies":"Gremlin Nob","floor":11.0,"turns":5.0},{"damage":0.0,"enemies":"2 Louse","floor":12.0,"turns":1.0},{"damage":4.0,"enemies":"Lagavulin","floor":13.0,"turns":6.0},{"damage":2.0,"enemies":"Red Slaver","floor":14.0,"turns":3.0},{"damage":53.0,"enemies":"Hexaghost","floor":16.0,"turns":11.0},{"damage":10.0,"enemies":"Spheric Guardian","floor":18.0,"turns":5.0},{"damage":0.0,"enemies":"Chosen","floor":22.0,"turns":3.0},{"damage":37.0,"enemies":"Book of Stabbing","floor":24.0,"turns":5.0},{"damage":10.0,"enemies":"Gremlin Leader","floor":30.0,"turns":2.0},{"damage":11.0,"enemies":"Snake Plant","floor":31.0,"turns":2.0},{"damage":15.0,"enemies":"hubris:MusketHawk","floor":33.0,"turns":5.0},{"damage":0.0,"enemies":"Orb Walker","floor":35.0,"turns":1.0},{"damage":8.0,"enemies":"conspire:MimicChest","floor":36.0,"turns":3.0},{"damage":19.0,"enemies":"3 Shapes","floor":39.0,"turns":3.0},{"damage":1.0,"enemies":"Transient","floor":42.0,"turns":6.0},{"damage":32.0,"enemies":"Reptomancer","floor":44.0,"turns":3.0},{"damage":0.0,"enemies":"Jaw Worm Horde","floor":48.0,"turns":3.0},{"damage":6.0,"enemies":"hubris:GrandSnecko","floor":50.0,"turns":7.0},{"damage":93.0,"enemies":"Awakened One","floor":51.0,"turns":7.0},{"damage":21.0,"enemies":"Shield and Spear","floor":55.0,"turns":3.0},{"damage":70,"enemies":"The Heart","floor":56,"turns":6}],"seed_played":"-3062347966479185551","potions_obtained":[{"floor":4.0,"key":"ElixirPotion"},{"floor":4.0,"key":"BloodPotion"},{"floor":11.0,"key":"BlessingOfTheForge"},{"floor":13.0,"key":"Fire Potion"},{"floor":14.0,"key":"Fire Potion"},{"floor":16.0,"key":"DistilledChaos"},{"floor":22.0,"key":"GamblersBrew"},{"floor":30.0,"key":"AttackPotion"},{"floor":31.0,"key":"LiquidMemories"},{"floor":33.0,"key":"Fire Potion"},{"floor":35.0,"key":"ThievingMod:ThievingPotion"},{"floor":36.0,"key":"SkillPotion"},{"floor":39.0,"key":"HeartOfIron"},{"floor":44.0,"key":"CultistPotion"}],"is_trial":false,"path_per_floor":["M","?","?","?","$","E","M","R","T","R","E","M","E","M","R","B",null,"M","T","?","?","M","R","E","R","T","R","T","R","E","M","R","B",null,"M","?","$","?","M","R","$","M","T","E","R","$","?","M","R","B","B",null,"R","$","E","B",null],"character_chosen":"IRONCLAD","items_purchased":["Toxic Egg 2","aspiration:FrozenJewel","Seeing Red+1","Membership Card","Armaments+1","ClockworkSouvenir","hubris:Reverence","Nunchaku","hubris:TenFootPole","hubris:EmptyBottle","Lee\u0027s Waffle"],"campfire_rested":0,"item_purchase_floors":[0,0,0,0,0,5,37,37,37,37,54],"current_hp_per_floor":[39,39,39,39,39,23,40,40,40,40,33,51,53,57,57,22,62,58,58,38,38,56,56,37,37,37,37,37,37,45,52,52,55,74,80,78,78,77,64,64,64,69,69,55,55,46,46,52,52,52,25,66,66,87,72,20],"gold":39,"neow_bonus":"","is_daily":false,"chose_seed":false,"campfire_upgraded":11,"win_rate":0.0,"timestamp":1612635957,"path_taken":["M","?","?","?","$","E","M","R","T","R","E","M","E","M","R","BOSS","M","?","?","?","M","R","E","R","T","R","?","R","E","M","R","BOSS","M","?","$","?","?","R","$","M","T","E","R","$","?","?","R","BOSS","BOSS","R","$","E","BOSS"],"items_purchased_type":["Relic","Relic","Card","Relic","Card","Relic","Relic","Relic","Relic","Relic","Relic"],"build_version":"2020-12-22","purchased_purges":2,"victory":true,"max_hp_per_floor":[75,75,75,75,75,75,75,75,75,75,75,75,75,75,75,75,75,75,75,80,80,80,80,80,80,80,80,80,80,80,80,80,80,80,80,80,80,80,80,80,80,80,80,80,80,80,80,80,80,80,80,80,80,87,87,87],"card_choices":[{"not_picked":["conspire:Charge","Anger"],"picked":"Searing Blow","floor":1.0},{"not_picked":["Bloodletting+1","Clothesline","Juggernaut"],"picked":"SKIP","floor":6.0},{"not_picked":["Anger","Metallicize","Combust"],"picked":"SKIP","floor":7.0},{"not_picked":["Clash","Armaments+1"],"picked":"Havoc+1","floor":11.0},{"not_picked":["Carnage","conspire:Charge","Evolve"],"picked":"SKIP","floor":12.0},{"not_picked":["conspire:HitWhereItHurts","Headbutt"],"picked":"hubris:SharpeningStone+1","floor":13.0},{"not_picked":["Reckless Charge","Combust","Pommel Strike"],"picked":"SKIP","floor":14.0},{"not_picked":["Brutality","Limit Break+1"],"picked":"Fiend Fire","floor":16.0},{"not_picked":["Clothesline","Flex+1","Rampage"],"picked":"SKIP","floor":18.0},{"not_picked":["Carnage+1","Reckless Charge+1","Twin Strike"],"picked":"SKIP","floor":22.0},{"not_picked":["Cleave+1","Pommel Strike","Feel No Pain"],"picked":"SKIP","floor":24.0},{"not_picked":["Headbutt","Rupture","Wild Strike"],"picked":"SKIP","floor":30.0},{"not_picked":["Headbutt","Rupture","Wild Strike"],"picked":"SKIP","floor":30.0},{"not_picked":["Iron Wave","Pommel Strike","Armaments+1"],"picked":"SKIP","floor":31.0},{"not_picked":["Barricade","conspire:HitWhereItHurts"],"picked":"Corruption","floor":33.0},{"not_picked":["conspire:ExplosiveBarrier+1","Twin Strike+1"],"picked":"Shrug It Off+1","floor":35.0},{"not_picked":["Perfected Strike","Havoc+1","Iron Wave+1"],"picked":"SKIP","floor":39.0},{"not_picked":["Heavy Blade","hubris:SharpeningStone+1","True Grit+1"],"picked":"SKIP","floor":42.0},{"not_picked":["Inflame","Anger","Rage+1","Leg Sweep"],"picked":"SKIP","floor":44.0},{"not_picked":["Inflame","Anger","Rage+1","Leg Sweep"],"picked":"SKIP","floor":44.0},{"not_picked":["Rebound","FlurryOfBlows","Accuracy"],"picked":"PiercingWail+1","floor":48.0},{"not_picked":["Underhanded Strike","conspire:ExplosiveBarrier+1","Collect+1","Outmaneuver"],"picked":"SKIP","floor":55.0}],"player_experience":505727,"relics_obtained":[{"floor":6.0,"key":"InkBottle"},{"floor":9.0,"key":"Thread and Needle"},{"floor":11.0,"key":"reliquary:TridentHead"},{"floor":13.0,"key":"TungstenRod"},{"floor":19.0,"key":"reliquary:QuartzCube"},{"floor":24.0,"key":"hubris:SphereOfDissonance"},{"floor":28.0,"key":"Centennial Puzzle"},{"floor":30.0,"key":"WingedGreaves"},{"floor":36.0,"key":"Shuriken"},{"floor":43.0,"key":"hubris:DisguiseKit"},{"floor":44.0,"key":"reliquary:PartyBalloon"},{"floor":55.0,"key":"aspiration:SeaSaltIceCream"}],"event_choices":[{"damage_healed":0.0,"max_hp_gain":0.0,"max_hp_loss":0.0,"gold_gain":0.0,"event_name":"Liars Game","player_choice":"Ignored","floor":3.0,"gold_loss":0.0,"damage_taken":0.0},{"damage_healed":0.0,"max_hp_gain":0.0,"max_hp_loss":0.0,"gold_gain":0.0,"event_name":"Lab","player_choice":"Got Potions","floor":4.0,"gold_loss":0.0,"damage_taken":0.0},{"damage_healed":0.0,"max_hp_gain":5.0,"max_hp_loss":0.0,"gold_gain":0.0,"event_name":"Forgotten Altar","player_choice":"Shed Blood","floor":20.0,"gold_loss":0.0,"damage_taken":26.0},{"damage_healed":0.0,"max_hp_gain":0.0,"max_hp_loss":0.0,"gold_gain":0.0,"event_name":"Addict","player_choice":"Obtained Relic","floor":21.0,"gold_loss":85.0,"damage_taken":0.0,"relics_obtained":["hubris:ChampionShield"]},{"damage_healed":0.0,"max_hp_gain":0.0,"max_hp_loss":0.0,"gold_gain":0.0,"event_name":"conspire:Investor","player_choice":"Leave","floor":38.0,"gold_loss":0.0,"damage_taken":0.0},{"damage_healed":0.0,"max_hp_gain":0.0,"max_hp_loss":0.0,"gold_gain":50.0,"event_name":"Golden Shrine","player_choice":"Pray","floor":47.0,"gold_loss":0.0,"damage_taken":0.0}],"is_beta":false,"boss_relics":[{"not_picked":["aspiration:RunicSpoon","energizedSpire:RedRose"],"picked":"energizedSpire:DeadBattery"},{"not_picked":["hubris:VirtuousBlindfold","conspire:RunicOctahedron"],"picked":"hubris:CrackedHourglass"}],"items_purged_floors":[37,46],"is_endless":false,"potions_floor_spawned":[11,13,14,16,22,30,31,33,35,36,39,44],"ascension_level":20}}