{"host":"rf8f5793azs0jd9i","time":1612592037,"event":{"mods":["AchievementEnabler","Aspiration","BaseMod","Colored Powertips","Hubris","Infinite Spire","Minty Spire (QoL Compilation)","Replay The Spire","StSLib"],"gold_per_floor":[114,132,147,4551,4567,4598,4598,4608,4633,4708,4678,4705,4724,4724,4724,4827,4827,4841,4941,4941,4952,4963,4988,4988,5019,5019,5019,5029,4352,4352,4352,4452,4553,4553,4565,4581,4581,4592,3971,3971,4000,4000,4000,4035,4300,4349,4475,4489,4489,4589,4589,4606,3908,3920,3920,3113,3142,3157,3157,3184,3198,3221,3221,2635,2635,2635,2728,2778,2789,2714,2714,2434,2450,2450,2476,2474,2474,2474,2496,2496,2507,2509,2509,2598,2598,2612,2612,2621,2621,2626,2646,2646,2655,2682,2031,2031,2025,2044,2058,2058,2233,2233,2244,2244,1433,1433,1449,505,555,555,578,578,583,605,605,615,615,714,714,725,739,414,479,394,435,447,470,507,519,541,564,576,608,620,725,787,812,824,852,864,944,956,999,358,383,387,387,387,415,433,433,530,530,530,18,48,39,39],"floor_reached":157,"language":"ENG","playtime":4541,"items_purged":["Defend_P","Strike_P","Strike_P","Strike_P","Defend_P","Strike_P","Defend_P","Vigilance","Prostrate","Worship+1","Worship+1","Pray+1","Brilliance"],"score":4093,"play_id":"689d6ea9-7af1-4cb5-aebb-b7fa492cd34e","local_time":"20210206001357","is_ascension_mode":true,"campfire_choices":[{"floor":7,"key":"RECALL"},{"data":"Eruption","floor":15,"key":"SMITH"},{"floor":24,"key":"REST"},{"data":"Ragnarok","floor":32,"key":"SMITH"},{"data":"Ragnarok","floor":40,"key":"SMITH"},{"data":"Omniscience","floor":49,"key":"SMITH"},{"data":"Omniscience","floor":59,"key":"SMITH"},{"data":"MasterReality","floor":63,"key":"SMITH"},{"data":"Adaptation","floor":66,"key":"SMITH"},{"data":"hubris:Rewind","floor":74,"key":"SMITH"},{"data":"infinitespire:Collect","floor":80,"key":"SMITH"},{"data":"Vault","floor":83,"key":"SMITH"},{"data":"Worship","floor":92,"key":"SMITH"},{"floor":100,"key":"REST"},{"data":"ReachHeaven","floor":109,"key":"SMITH"},{"data":"hubris:InfiniteBlow+43","floor":117,"key":"SMITH"},{"data":"hubris:InfiniteBlow+44","floor":129,"key":"SMITH"},{"data":"hubris:InfiniteBlow+45","floor":134,"key":"SMITH"},{"data":"hubris:InfiniteBlow+46","floor":142,"key":"SMITH"},{"data":"hubris:InfiniteBlow+47","floor":151,"key":"SMITH"},{"data":"hubris:InfiniteBlow+48","floor":154,"key":"SMITH"}],"circlet_count":0,"master_deck":["Eruption+1","Sanctity","ReachHeaven+1","Adaptation+1","EmptyBody+1","Replay:ManipulateFuture+1","WindmillStrike+1","Omniscience+1","WheelKick+1","Necronomicurse","Devotion+1","AbeCurse","CarveReality+1","EmptyFist+1","Omniscience+1","Prostrate","FollowUp+1","MasterReality+1","EmptyMind+1","Evaluate+1","Crescendo+1","Omniscience+1","Vault+1","infinitespire:Collect+1","Blasphemy+1","hubris:DuctTapeCard","hubris:InfiniteBlow+49","Omniscience","hubris:DuctTapeCard","Omniscience","Omniscience"],"relics":["HolyWater","aspiration:Nostalgia","Burning Blood","aspiration:Lifesprig","Regal Pillow","Sling","hubris:Metronome","Replay:WaspNest","Replay:Wanted Poster","Darkstone Periapt","Nloth\u0027s Gift","hubris:MobiusCoin","Bronze Scales","aspiration:ChemicalBlood","infinitespire:CursedDice","Boot","Necronomicon","Abe\u0027s Treasure","OrangePellets","Bag of Preparation","Strawberry","hubris:ToyBattleship","hubris:GlazedTorus","infinitespire:EmpoweringShard","Pondfish Scales","Shuriken","Replay:Grab Bag","Sozu","ReplayTheSpireMod:DimensionalGlitch","VioletLotus","Thread and Needle","HornCleat","DollysMirror","infinitespire:WardingShard","Onion Ring","infinitespire:Lucky Rock","Replay:Mystery Machine","aspiration:HummingbirdHeart","Strange Spoon","Lantern","Replay:Wax Seal","hubris:Backtick","hubris:SlimyHat","Bottled Tornado","Frozen Egg 2","Blood Vial","infinitespire:Cupcake","hubris:CrystalStatue","Potion Belt","ReplayTheSpireMod:Ninjato","aspiration:HiddenCompartment","Mercury Hourglass","hubris:DuctTape","Coffee Dripper","Chemical X","infinitespire:BottledMercury","ReplayTheSpireMod:TigerMarble","Frozen Eye","Iron Hammer","Letter Opener","Blue Doll","ReplayFunnel","hubris:CrackedHourglass","MawBank","Turnip","Toy Ornithopter","MutagenicStrength","Runic Dome","hubris:Icosahedron","Replay:Accelerometer","Ornamental Fan","Omamori","HandDrill","Oddly Smooth Stone","BranchBurnRelic","Painkiller Herb","hubris:PeanutButter","aspiration:FetidBarrel","Vajra"],"acts_visited":["Exordium","TheCity","TheBeyond","Exordium","TheCity","TheBeyond","Exordium","TheCity","TheBeyond","TheEnding"],"potions_floor_usage":[16,22,23,33,33,33,44,46,46,50,50,96],"damage_taken":[{"damage":0,"enemies":"Small Slimes","floor":1,"turns":2},{"damage":0,"enemies":"Cultist","floor":2,"turns":3},{"damage":2,"enemies":"2 Louse","floor":3,"turns":2},{"damage":3,"enemies":"Looter","floor":5,"turns":3},{"damage":0,"enemies":"Gremlin Nob","floor":6,"turns":2},{"damage":4,"enemies":"2 Fungi Beasts","floor":8,"turns":3},{"damage":1,"enemies":"3 Sentries","floor":12,"turns":3},{"damage":6,"enemies":"Large Slime","floor":13,"turns":3},{"damage":5,"enemies":"Fading Forest","floor":16,"turns":11},{"damage":0,"enemies":"Chosen","floor":18,"turns":2},{"damage":0,"enemies":"3 Byrds","floor":21,"turns":1},{"damage":7,"enemies":"Snecko","floor":22,"turns":4},{"damage":67,"enemies":"Nightmare","floor":23,"turns":4},{"damage":0,"enemies":"Replay:Snechameleon","floor":25,"turns":3},{"damage":0,"enemies":"3 Cultists","floor":28,"turns":2},{"damage":4,"enemies":"Collector","floor":33,"turns":5},{"damage":0,"enemies":"3 Darklings","floor":35,"turns":1},{"damage":27,"enemies":"3 Shapes","floor":36,"turns":2},{"damage":29,"enemies":"Jaw Worm Horde","floor":38,"turns":2},{"damage":0,"enemies":"R_Hoarder","floor":41,"turns":2},{"damage":0,"enemies":"Giant Head","floor":44,"turns":1},{"damage":0,"enemies":"Sphere and 2 Shapes","floor":45,"turns":1},{"damage":0,"enemies":"2 Orb Walkers","floor":46,"turns":2},{"damage":0,"enemies":"Reptomancer","floor":47,"turns":1},{"damage":0,"enemies":"Maw","floor":48,"turns":2},{"damage":0,"enemies":"Replay:Hell Engine","floor":50,"turns":1},{"damage":0,"enemies":"Small Slimes","floor":52,"turns":1},{"damage":0,"enemies":"2 Louse","floor":54,"turns":1},{"damage":0,"enemies":"Lagavulin","floor":57,"turns":1},{"damage":0,"enemies":"Cultist","floor":58,"turns":1},{"damage":0,"enemies":"2 Fungi Beasts","floor":61,"turns":1},{"damage":0,"enemies":"3 Sentries","floor":62,"turns":1},{"damage":0,"enemies":"Hexaghost","floor":67,"turns":1},{"damage":0,"enemies":"Shell Parasite","floor":69,"turns":1},{"damage":0,"enemies":"2 Thieves","floor":73,"turns":1},{"damage":0,"enemies":"Book of Stabbing","floor":75,"turns":1},{"damage":0,"enemies":"Sentry and Sphere","floor":76,"turns":2},{"damage":0,"enemies":"Nightmare","floor":79,"turns":1},{"damage":0,"enemies":"Snake Plant","floor":81,"turns":1},{"damage":0,"enemies":"Chosen and Byrds","floor":82,"turns":1},{"damage":0,"enemies":"Collector","floor":84,"turns":2},{"damage":0,"enemies":"3 Darklings","floor":86,"turns":1},{"damage":25,"enemies":"3 Shapes","floor":88,"turns":1},{"damage":0,"enemies":"Writhing Mass","floor":90,"turns":1},{"damage":0,"enemies":"Nemesis","floor":91,"turns":1},{"damage":0,"enemies":"Spire Growth","floor":93,"turns":1},{"damage":150044,"enemies":"Nightmare_Alpha","floor":96,"turns":5},{"damage":0,"enemies":"Maw","floor":97,"turns":3},{"damage":0,"enemies":"Reptomancer","floor":98,"turns":1},{"damage":0,"enemies":"3 Darklings","floor":99,"turns":1},{"damage":0,"enemies":"Donu and Deca","floor":101,"turns":2},{"damage":0,"enemies":"Cultist","floor":103,"turns":1},{"damage":0,"enemies":"Jaw Worm","floor":107,"turns":1},{"damage":0,"enemies":"Small Slimes","floor":113,"turns":1},{"damage":0,"enemies":"3 Sentries","floor":114,"turns":1},{"damage":0,"enemies":"Gremlin Gang","floor":116,"turns":1},{"damage":0,"enemies":"Hexaghost","floor":118,"turns":1},{"damage":0,"enemies":"Shell Parasite","floor":120,"turns":1},{"damage":0,"enemies":"3 Byrds","floor":121,"turns":1},{"damage":0,"enemies":"Snake Plant","floor":123,"turns":1},{"damage":0,"enemies":"Book of Stabbing","floor":125,"turns":1},{"damage":0,"enemies":"Snecko","floor":127,"turns":1},{"damage":0,"enemies":"Sentry and Sphere","floor":130,"turns":1},{"damage":0,"enemies":"Cultist and Chosen","floor":131,"turns":1},{"damage":0,"enemies":"Slavers","floor":133,"turns":1},{"damage":0,"enemies":"Automaton","floor":135,"turns":1},{"damage":0,"enemies":"3 Darklings","floor":137,"turns":1},{"damage":0,"enemies":"3 Shapes","floor":139,"turns":1},{"damage":15,"enemies":"R_Hoarder","floor":143,"turns":1},{"damage":0,"enemies":"Transient","floor":146,"turns":2},{"damage":0,"enemies":"Nemesis","floor":149,"turns":1},{"damage":0,"enemies":"Writhing Mass","floor":150,"turns":1},{"damage":0,"enemies":"hubris:GrandSnecko","floor":152,"turns":1},{"damage":20,"enemies":"Shield and Spear","floor":156,"turns":1},{"damage":116,"enemies":"The Heart","floor":157,"turns":2}],"seed_played":"-6574680551351925819","potions_obtained":[{"floor":5,"key":"Adrenaline Potion"},{"floor":11,"key":"SteroidPotion"},{"floor":11,"key":"BottledMiracle"},{"floor":23,"key":"StancePotion"},{"floor":25,"key":"Adrenaline Potion"},{"floor":33,"key":"AttackPotion"},{"floor":36,"key":"EntropicBrew"},{"floor":38,"key":"PowerPotion"},{"floor":46,"key":"Explosive Potion"},{"floor":48,"key":"Strength Potion"},{"floor":50,"key":"DuplicationPotion"}],"is_trial":false,"path_per_floor":["M","M","M","$","M","E","R","M","T","?","?","E","M","?","R","B",null,"M","AVR","?","M","M","NM","R","E","T","?","M","$","?","?","R","B",null,"M","M","?","M","$","R","E","?","T","E","M","?","E","M","R","B",null,"M","$","M","?","$","E","M","R","T","M","E","R","$","?","R","B",null,"M","?","?","$","M","R","E","M","T","?","NM","R","M","M","R","B",null,"M","?","M","?","M","E","R","M","T","$","NM","M","E","M","R","B",null,"M","?","$","?","M","$","R","?","T","?","M","E","?","M","R","B",null,"M","M","$","M","?","E","?","M","T","R","M","M","?","E","R","B",null,"M","?","M","?","T","R","E","$","T","M","?","?","E","M","R","B",null,"T","T","E","B"],"character_chosen":"WATCHER","items_purchased":["aspiration:Lifesprig","Regal Pillow","Sling","infinitespire:CursedDice","Boot","Ragnarok","OrangePellets","Bag of Preparation","Strawberry","Prostrate","Thread and Needle","HornCleat","DollysMirror","infinitespire:WardingShard","Onion Ring","Strange Spoon","Lantern","Replay:Wax Seal","Worship+1","ReplayTheSpireMod:Ninjato","aspiration:HiddenCompartment","Chemical X","infinitespire:BottledMercury","ReplayTheSpireMod:TigerMarble","Frozen Eye","Iron Hammer","Letter Opener","Omamori","HandDrill","hubris:PeanutButter","aspiration:FetidBarrel"],"campfire_rested":2,"item_purchase_floors":[4,4,4,29,29,29,39,39,39,39,53,53,56,56,56,64,64,64,72,95,95,105,105,105,108,108,108,144,144,155,155],"current_hp_per_floor":[72,72,72,72,72,72,72,72,72,61,61,66,66,59,59,60,72,72,72,72,72,71,10,46,52,52,39,45,45,45,35,35,37,89,89,68,68,45,52,52,58,58,58,64,70,76,82,88,88,94,96,96,96,96,96,96,96,96,96,96,96,96,96,96,101,101,101,101,101,101,101,101,101,101,101,101,101,101,101,101,101,101,101,101,101,101,101,79,89,93,97,97,101,101,101,22,26,30,34,79,83,101,101,101,101,101,101,101,101,62,62,62,66,70,70,74,74,78,101,101,101,101,101,101,101,101,101,101,101,101,101,101,101,101,101,101,101,101,101,101,101,101,89,89,89,93,93,93,97,101,101,101,101,101,101,84,0,0],"gold":39,"neow_bonus":"NOSTALGIA","is_daily":false,"chose_seed":false,"campfire_upgraded":18,"win_rate":0.0,"timestamp":1612592037,"path_taken":["M","M","M","$","M","E","R","M","T","?","?","E","?","?","R","BOSS","M","AVR","?","M","?","NM","R","E","T","?","M","$","?","?","R","BOSS","M","M","?","M","$","R","E","?","T","E","M","?","E","M","R","BOSS","M","$","M","?","$","E","?","R","T","M","E","R","?","?","R","BOSS","M","?","?","$","M","R","E","M","T","?","NM","R","M","M","R","BOSS","M","?","?","?","M","E","R","M","T","$","NM","M","E","?","R","BOSS","M","?","?","?","?","$","R","?","T","?","M","E","?","M","R","BOSS","M","?","$","?","?","E","?","?","T","R","M","M","?","E","R","BOSS","M","?","M","?","?","R","E","$","T","?","?","?","E","M","R","BOSS","T","T","E","BOSS"],"items_purchased_type":["Relic","Relic","Relic","Relic","Relic","Card","Relic","Relic","Relic","Card","Relic","Relic","Relic","Relic","Relic","Relic","Relic","Relic","Card","Relic","Relic","Relic","Relic","Relic","Relic","Relic","Relic","Relic","Relic","Relic","Relic"],"build_version":"2020-12-22","purchased_purges":13,"victory":false,"max_hp_per_floor":[72,72,72,72,72,72,72,72,72,72,72,72,72,72,72,72,72,72,72,72,72,72,72,72,72,72,77,77,77,77,83,83,83,89,89,89,89,89,96,96,96,96,96,96,96,96,96,96,96,96,96,96,96,96,96,96,96,96,96,96,96,96,96,96,101,101,101,101,101,101,101,101,101,101,101,101,101,101,101,101,101,101,101,101,101,101,101,101,101,101,101,101,101,101,101,101,101,101,101,101,101,101,101,101,101,101,101,101,101,101,101,101,101,101,101,101,101,101,101,101,101,101,101,101,101,101,101,101,101,101,101,101,101,101,101,101,101,101,101,101,101,101,101,101,101,101,101,101,101,101,101,101,101,101,101,101,101,101],"card_choices":[{"not_picked":["SashWhip","PathToVictory"],"picked":"Prostrate","floor":1},{"not_picked":["LikeWater","Replay:ManipulateFuture"],"picked":"Ragnarok","floor":2},{"not_picked":["WreathOfFlame","CrushJoints","Wallop"],"picked":"SKIP","floor":3},{"not_picked":["JustLucky","CrushJoints"],"picked":"CarveReality","floor":5},{"not_picked":["Evaluate","JustLucky"],"picked":"Sanctity","floor":6},{"not_picked":["Replay:ManipulateFuture","Protect","EmptyFist"],"picked":"SKIP","floor":8},{"not_picked":["Wish","Indignation"],"picked":"ReachHeaven","floor":12},{"not_picked":["EmptyBody","EmptyFist"],"picked":"CarveReality","floor":13},{"not_picked":["Omniscience","Blasphemy"],"picked":"Brilliance","floor":16},{"not_picked":["Nirvana","Evaluate+1"],"picked":"Adaptation","floor":18},{"not_picked":["SpiritShield","EmptyFist"],"picked":"EmptyBody+1","floor":21},{"not_picked":["PathToVictory+1","EmptyFist"],"picked":"Replay:ManipulateFuture+1","floor":22},{"not_picked":["Wireheading","ThirdEye"],"picked":"WindmillStrike+1","floor":23},{"not_picked":["Replay:AllIn","Fasting2"],"picked":"Omniscience","floor":25},{"not_picked":["Replay:BluntJabs","MasterReality"],"picked":"WheelKick+1","floor":28},{"not_picked":["Omniscience","Vault"],"picked":"Devotion","floor":33},{"not_picked":["FlyingSleeves","FollowUp+1"],"picked":"CarveReality+1","floor":35},{"not_picked":["BowlingBash","Scrawl"],"picked":"EmptyFist+1","floor":36},{"not_picked":["Replay:ManipulateFuture","BattleHymn+1"],"picked":"Omniscience","floor":38},{"not_picked":["WindmillStrike","Scrawl"],"picked":"FollowUp+1","floor":41},{"not_picked":["EmptyFist","Vault"],"picked":"MasterReality","floor":44},{"not_picked":["WreathOfFlame+1","Replay:Battleflow"],"picked":"Prostrate","floor":45},{"not_picked":["Replay:DivineShield","EmptyBody"],"picked":"EmptyMind+1","floor":46},{"not_picked":["Vault","MentalFortress"],"picked":"Evaluate+1","floor":47},{"not_picked":["CarveReality+1","EmptyBody+1"],"picked":"Crescendo+1","floor":48},{"not_picked":["WindmillStrike","FollowUp","Replay:ManipulateFuture"],"picked":"SKIP","floor":52},{"not_picked":["Establishment","Wireheading","Perseverance"],"picked":"SKIP","floor":54},{"not_picked":["SashWhip","Scrawl","ForeignInfluence"],"picked":"SKIP","floor":57},{"not_picked":["Swivel","SashWhip","Replay:ManipulateFuture"],"picked":"SKIP","floor":58},{"not_picked":["FearNoEvil","Conclude","ClearTheMind"],"picked":"SKIP","floor":61},{"not_picked":["CutThroughFate","Establishment","Replay:LoomingThreat"],"picked":"SKIP","floor":62},{"not_picked":["DeusExMachina","Establishment"],"picked":"Vault","floor":67},{"not_picked":["infinitespire:Starlight","ReplayTheSpireMod:Haul"],"picked":"hubris:Rewind","floor":68},{"not_picked":["EmptyFist","CrushJoints","Evaluate"],"picked":"SKIP","floor":69},{"not_picked":["Replay:ManipulateFuture","ForeignInfluence"],"picked":"Worship","floor":73},{"not_picked":["Sanctity","Replay:BluntJabs+1","BowlingBash+1"],"picked":"SKIP","floor":75},{"not_picked":["LessonLearned","BowlingBash","LikeWater"],"picked":"SKIP","floor":76},{"not_picked":["ReplayTheSpireMod:Echoes of Time","infinitespire:NeuralNetwork"],"picked":"infinitespire:Collect","floor":79},{"not_picked":["Wireheading+1","CutThroughFate+1","WindmillStrike+1"],"picked":"SKIP","floor":79},{"not_picked":["Conclude","WaveOfTheHand","PathToVictory"],"picked":"SKIP","floor":81},{"not_picked":["CutThroughFate+1","Consecrate","EmptyFist+1"],"picked":"SKIP","floor":82},{"not_picked":["LessonLearned","Alpha"],"picked":"Blasphemy","floor":84},{"not_picked":["MentalFortress+1","FlurryOfBlows+1","ThirdEye+1"],"picked":"SKIP","floor":86},{"not_picked":["FlurryOfBlows","EmptyBody+1","Protect"],"picked":"SKIP","floor":88},{"not_picked":["Replay:Vibes+1","SashWhip+1","CrushJoints+1"],"picked":"SKIP","floor":90},{"not_picked":["CarveReality","WaveOfTheHand+1"],"picked":"Pray+1","floor":91},{"not_picked":["PathToVictory","Conclude","WheelKick"],"picked":"SKIP","floor":93},{"not_picked":["EmptyBody","Replay:AllIn","ReachHeaven"],"picked":"SKIP","floor":96},{"not_picked":["FlyingSleeves+1","SashWhip+1","MentalFortress+1"],"picked":"SKIP","floor":97},{"not_picked":["BattleHymn+1","CutThroughFate","Blasphemy"],"picked":"SKIP","floor":98},{"not_picked":["FearNoEvil+1","CrushJoints","SandsOfTime+1"],"picked":"SKIP","floor":99},{"not_picked":["FollowUp","BowlingBash","WheelKick"],"picked":"SKIP","floor":103},{"not_picked":["FlurryOfBlows","DeceiveReality","Pray"],"picked":"SKIP","floor":107},{"not_picked":["infinitespire:NeuralNetwork","hubris:Fate"],"picked":"hubris:InfiniteBlow+43","floor":110},{"not_picked":["Fasting2+1","FollowUp","PathToVictory"],"picked":"SKIP","floor":113},{"not_picked":["EmptyFist","Meditate","SashWhip"],"picked":"SKIP","floor":114},{"not_picked":["EmptyFist","PathToVictory","SignatureMove"],"picked":"SKIP","floor":116},{"not_picked":["MasterReality+1","Replay:AllIn"],"picked":"Omniscience","floor":118},{"not_picked":["PathToVictory","FlurryOfBlows","Replay:ManipulateFuture"],"picked":"SKIP","floor":120},{"not_picked":["ReachHeaven","Crescendo","Halt"],"picked":"SKIP","floor":121},{"not_picked":["FollowUp+1","Replay:LoomingThreat+1","Consecrate+1"],"picked":"SKIP","floor":123},{"not_picked":["TalkToTheHand","CutThroughFate+1","WaveOfTheHand"],"picked":"SKIP","floor":125},{"not_picked":["Replay:BluntJabs","ThirdEye","Wallop"],"picked":"SKIP","floor":127},{"not_picked":["Crescendo","FlyingSleeves+1","EmptyFist"],"picked":"SKIP","floor":130},{"not_picked":["WreathOfFlame","JustLucky","LessonLearned"],"picked":"SKIP","floor":131},{"not_picked":["WheelKick","MentalFortress+1","Replay:DivineShield"],"picked":"SKIP","floor":133},{"not_picked":["SpiritShield","Brilliance"],"picked":"Omniscience","floor":135},{"not_picked":["Prostrate+1","Halt","Consecrate+1"],"picked":"SKIP","floor":137},{"not_picked":["EmptyBody","SignatureMove+1","Swivel+1"],"picked":"SKIP","floor":139},{"not_picked":["EmptyBody","SignatureMove+1","Swivel+1"],"picked":"SKIP","floor":139},{"not_picked":["DeusExMachina","MentalFortress+1"],"picked":"Omniscience","floor":143},{"not_picked":["TalkToTheHand+1","Crescendo","Replay:ManipulateFuture"],"picked":"SKIP","floor":146},{"not_picked":["BattleHymn+1","PathToVictory","Crescendo+1"],"picked":"SKIP","floor":149},{"not_picked":["BattleHymn+1","Blasphemy","Wireheading+1"],"picked":"SKIP","floor":150},{"not_picked":["Replay:Vibes","Replay:ManipulateFuture","EmptyFist"],"picked":"SKIP","floor":156}],"player_experience":63709,"relics_obtained":[{"floor":6,"key":"hubris:Metronome"},{"floor":12,"key":"Replay:Mystery Machine"},{"floor":23,"key":"hubris:MobiusCoin"},{"floor":25,"key":"Bronze Scales"},{"floor":26,"key":"aspiration:ChemicalBlood"},{"floor":31,"key":"Necronomicon"},{"floor":41,"key":"hubris:ToyBattleship"},{"floor":43,"key":"hubris:GlazedTorus"},{"floor":44,"key":"infinitespire:EmpoweringShard"},{"floor":46,"key":"Pondfish Scales"},{"floor":47,"key":"Shuriken"},{"floor":57,"key":"infinitespire:Lucky Rock"},{"floor":60,"key":"Replay:Mystery Machine"},{"floor":62,"key":"aspiration:HummingbirdHeart"},{"floor":75,"key":"Bottled Tornado"},{"floor":77,"key":"Frozen Egg 2"},{"floor":79,"key":"Blood Vial"},{"floor":91,"key":"hubris:CrystalStatue"},{"floor":94,"key":"Potion Belt"},{"floor":96,"key":"Mercury Hourglass"},{"floor":98,"key":"hubris:DuctTape"},{"floor":111,"key":"Blue Doll"},{"floor":114,"key":"ReplayFunnel"},{"floor":125,"key":"Turnip"},{"floor":128,"key":"Toy Ornithopter"},{"floor":133,"key":"Dead Branch"},{"floor":141,"key":"Replay:Accelerometer"},{"floor":143,"key":"Ornamental Fan"},{"floor":149,"key":"Oddly Smooth Stone"},{"floor":156,"key":"Vajra"}],"event_choices":[{"damage_healed":0,"gold_gain":75,"player_choice":"Gather Gold","damage_taken":11,"max_hp_gain":0,"max_hp_loss":0,"event_name":"World of Goop","floor":10,"gold_loss":0},{"damage_healed":0,"gold_gain":0,"player_choice":"Bought 2 Potions","damage_taken":0,"max_hp_gain":0,"max_hp_loss":0,"event_name":"The Woman in Blue","floor":11,"gold_loss":0},{"damage_healed":0,"gold_gain":0,"player_choice":"Success","damage_taken":7,"relics_obtained":["Replay:WaspNest"],"max_hp_gain":0,"max_hp_loss":0,"event_name":"Scrap Ooze","floor":14,"gold_loss":0},{"damage_healed":0,"gold_gain":0,"player_choice":"Traded Relic","damage_taken":0,"relics_obtained":["Nloth\u0027s Gift"],"max_hp_gain":0,"max_hp_loss":0,"event_name":"N\u0027loth","floor":20,"relics_lost":["Replay:Mystery Machine"],"gold_loss":0},{"damage_healed":0,"gold_gain":0,"player_choice":"Shed Blood","damage_taken":18,"max_hp_gain":5,"max_hp_loss":0,"event_name":"Forgotten Altar","floor":27,"gold_loss":0},{"damage_healed":0,"gold_gain":0,"player_choice":"Ignored","damage_taken":0,"max_hp_gain":0,"max_hp_loss":0,"event_name":"Ghosts","floor":30,"gold_loss":0},{"damage_healed":0,"gold_gain":0,"player_choice":"Obtained Book","damage_taken":16,"max_hp_gain":0,"max_hp_loss":0,"event_name":"Cursed Tome","floor":31,"gold_loss":0},{"cards_removed":["Defend_P"],"damage_healed":0,"gold_gain":0,"player_choice":"Removed Skill","damage_taken":0,"max_hp_gain":0,"max_hp_loss":0,"event_name":"Falling","floor":37,"gold_loss":0},{"damage_healed":0,"gold_gain":0,"player_choice":"Ignored","damage_taken":0,"max_hp_gain":0,"max_hp_loss":0,"event_name":"Tomb of Lord Red Mask","floor":42,"gold_loss":0},{"damage_healed":0,"gold_gain":0,"player_choice":"Fight","damage_taken":0,"max_hp_gain":0,"max_hp_loss":0,"event_name":"Mysterious Sphere","floor":46,"gold_loss":0},{"damage_healed":0,"gold_gain":0,"player_choice":"Forge","damage_taken":0,"max_hp_gain":0,"max_hp_loss":0,"event_name":"Accursed Blacksmith","floor":55,"gold_loss":0,"cards_upgraded":["Devotion"]},{"damage_healed":0,"gold_gain":0,"player_choice":"Donut","damage_taken":0,"max_hp_gain":5,"max_hp_loss":0,"event_name":"Big Fish","floor":65,"gold_loss":0},{"cards_removed":["CarveReality"],"damage_healed":0,"gold_gain":0,"player_choice":"Gave Gold","damage_taken":0,"max_hp_gain":0,"max_hp_loss":0,"event_name":"Beggar","floor":70,"gold_loss":75},{"damage_healed":0,"gold_gain":0,"player_choice":"Ignored","damage_taken":0,"max_hp_gain":0,"max_hp_loss":0,"event_name":"Vampires","floor":71,"gold_loss":0},{"damage_healed":0,"gold_gain":0,"player_choice":"Upgraded","damage_taken":0,"max_hp_gain":0,"max_hp_loss":0,"event_name":"Upgrade Shrine","floor":87,"gold_loss":0,"cards_upgraded":["Blasphemy"]},{"damage_healed":0,"gold_gain":0,"player_choice":"Bought 0 Potions","damage_taken":0,"max_hp_gain":0,"max_hp_loss":0,"event_name":"The Woman in Blue","floor":106,"gold_loss":0},{"cards_removed":["Prostrate"],"damage_healed":0,"gold_gain":0,"player_choice":"Purged","damage_taken":0,"max_hp_gain":0,"max_hp_loss":0,"event_name":"Purifier","floor":115,"gold_loss":0},{"damage_healed":0,"gold_gain":0,"player_choice":"Obtained Relic","damage_taken":0,"relics_obtained":["MawBank"],"max_hp_gain":0,"max_hp_loss":0,"event_name":"Addict","floor":124,"gold_loss":85},{"damage_healed":0,"gold_gain":0,"player_choice":"Copied","damage_taken":0,"max_hp_gain":0,"max_hp_loss":0,"event_name":"Duplicator","floor":126,"gold_loss":0,"cards_obtained":["hubris:DuctTapeCard"]},{"damage_healed":0,"gold_gain":0,"player_choice":"Inject Mutagens","damage_taken":0,"relics_obtained":["MutagenicStrength"],"max_hp_gain":0,"max_hp_loss":0,"event_name":"Drug Dealer","floor":132,"gold_loss":0},{"cards_removed":["hubris:Rewind"],"damage_healed":0,"gold_gain":0,"player_choice":"Removed Skill","damage_taken":0,"max_hp_gain":0,"max_hp_loss":0,"event_name":"Falling","floor":138,"gold_loss":0},{"damage_healed":0,"gold_gain":0,"player_choice":"Memory 1","damage_taken":0,"max_hp_gain":0,"max_hp_loss":0,"event_name":"SensoryStone","floor":147,"gold_loss":0}],"is_beta":false,"boss_relics":[{"not_picked":["Calling Bell","infinitespire:Cupcake"],"picked":"HolyWater"},{"not_picked":["Pandora\u0027s Box","Runic Pyramid"],"picked":"Abe\u0027s Treasure"},{"not_picked":["SacredBark","Replay:Ancient Bell"],"picked":"Replay:Grab Bag"},{"not_picked":["Coffee Dripper","Fusion Hammer"],"picked":"Sozu"},{"not_picked":["hubris:TerracottaHorce","hubris:VirtuousBlindfold"],"picked":"ReplayTheSpireMod:DimensionalGlitch"},{"not_picked":["Replay:Drink Me","aspiration:RitualDagger"],"picked":"VioletLotus"},{"not_picked":["aspiration:RitualDagger","hubris:GrandSneckoEye"],"picked":"hubris:Backtick"},{"not_picked":["hubris:HollowSoul","Empty Cage"],"picked":"infinitespire:Cupcake"},{"not_picked":["Velvet Choker","Replay:Bronze Core"],"picked":"Coffee Dripper"},{"not_picked":["aspiration:RitualDagger","aspiration:DefectSkillbook"],"picked":"hubris:CrackedHourglass"},{"not_picked":["SacredBark","hubris:Stopwatch"],"picked":"Runic Dome"},{"not_picked":["hubris:GrandSneckoEye","aspiration:RunicSpoon"],"picked":"Painkiller Herb"}],"items_purged_floors":[4,19,29,39,53,56,64,72,95,105,108,122,144],"is_endless":true,"potions_floor_spawned":[5,12,23,25,33,35,36,46,48,50,54,58,67,69,73,75,84,90,91,93,96,103,116,120,121,130,139,143,146,150],"killed_by":"The Heart","ascension_level":1}}