{"host":"9n6i2vl93jt4o42q","time":1612629005,"event":{"mods":["BaseMod","Minty Spire (QoL Compilation)","Relic Stats"],"gold_per_floor":[112,129,129,147,164,164,190,190,240,240,252,267,333,72,72,150,150,162,162,182,26,26,26,57,72,99,129,129,44,44,63,63,137,137,154,154,179,8,8,42,62,79,148,68,78,78,103,113,113,113,113,113],"floor_reached":51,"language":"ENG","playtime":14371,"items_purged":["Defend_P"],"score":1540,"play_id":"600f3436-3c8e-41b2-9ff4-ed08ee05d69d","local_time":"20210206173005","is_ascension_mode":true,"campfire_choices":[{"data":"Eruption","floor":6.0,"key":"SMITH"},{"data":"EmptyFist","floor":8.0,"key":"SMITH"},{"floor":10.0,"key":"REST"},{"data":"Adaptation","floor":15.0,"key":"SMITH"},{"data":"Meditate","floor":23.0,"key":"SMITH"},{"data":"Secret Weapon","floor":28.0,"key":"SMITH"},{"data":"Consecrate","floor":32.0,"key":"SMITH"},{"floor":46,"key":"RECALL"},{"data":"Apotheosis","floor":49,"key":"SMITH"}],"circlet_count":0,"master_deck":["AscendersBane","Defend_P+1","Defend_P","Eruption+1","Vigilance+1","Secret Weapon+1","FlurryOfBlows","EmptyFist+1","FollowUp","Meditate+1","CutThroughFate","Nirvana","Adaptation+1","Weave","Wireheading","ThirdEye","Blasphemy","Crescendo","Bite","Bite","Bite","Bite","Bite","ThirdEye","Consecrate+1","J.A.X.","Evaluate+1","BowlingBash+1","DeusExMachina","JustLucky","Master of Strategy","Apotheosis+1","Protect+1","Weave","TalkToTheHand","CutThroughFate","FlyingSleeves+1"],"relics":["PureWater","Eternal Feather","Dream Catcher","ClockworkSouvenir","Empty Cage","Lantern","War Paint","Toy Ornithopter","Potion Belt","SlaversCollar","Unceasing Top","Cauldron","Regal Pillow","Happy Flower"],"acts_visited":["Exordium","TheCity","TheBeyond"],"potions_floor_usage":[40,40,41],"damage_taken":[{"damage":1.0,"enemies":"2 Louse","floor":1.0,"turns":3.0},{"damage":16.0,"enemies":"Jaw Worm","floor":2.0,"turns":7.0},{"damage":0.0,"enemies":"Cultist","floor":4.0,"turns":2.0},{"damage":8.0,"enemies":"Blue Slaver","floor":5.0,"turns":3.0},{"damage":20.0,"enemies":"3 Sentries","floor":7.0,"turns":8.0},{"damage":3.0,"enemies":"Looter","floor":11.0,"turns":2.0},{"damage":1.0,"enemies":"2 Fungi Beasts","floor":12.0,"turns":3.0},{"damage":0.0,"enemies":"Slime Boss","floor":16.0,"turns":4.0},{"damage":0.0,"enemies":"Spheric Guardian","floor":18.0,"turns":2.0},{"damage":27.0,"enemies":"3 Byrds","floor":20.0,"turns":6.0},{"damage":13.0,"enemies":"Slavers","floor":24.0,"turns":3.0},{"damage":0.0,"enemies":"3 Cultists","floor":25.0,"turns":3.0},{"damage":37.0,"enemies":"Book of Stabbing","floor":27.0,"turns":4.0},{"damage":32.0,"enemies":"Snecko","floor":31.0,"turns":6.0},{"damage":40.0,"enemies":"Collector","floor":33.0,"turns":8.0},{"damage":16.0,"enemies":"3 Shapes","floor":35.0,"turns":4.0},{"damage":3,"enemies":"Mind Bloom Boss Battle","floor":37,"turns":6},{"damage":52,"enemies":"Reptomancer","floor":40,"turns":7},{"damage":13,"enemies":"3 Darklings","floor":41,"turns":12},{"damage":25,"enemies":"Maw","floor":42,"turns":7},{"damage":23,"enemies":"4 Shapes","floor":45,"turns":8},{"damage":48,"enemies":"Nemesis","floor":47,"turns":9},{"damage":3,"enemies":"Spire Growth","floor":48,"turns":5},{"damage":105,"enemies":"Time Eater","floor":50,"turns":8},{"damage":34,"enemies":"Awakened One","floor":51,"turns":3}],"seed_played":"-1345203352271291257","potions_obtained":[{"floor":4.0,"key":"Block Potion"},{"floor":5.0,"key":"SkillPotion"},{"floor":7.0,"key":"SteroidPotion"},{"floor":20.0,"key":"DuplicationPotion"},{"floor":31.0,"key":"Block Potion"},{"floor":37,"key":"PowerPotion"},{"floor":38,"key":"LiquidMemories"},{"floor":38,"key":"FairyPotion"},{"floor":38,"key":"Weak Potion"},{"floor":40,"key":"DistilledChaos"}],"is_trial":false,"path_per_floor":["M","M","?","M","M","R","E","R","T","R","M","M","?","$","R","B",null,"M","?","M","$","?","R","E","M","T","E","R","?","$","M","R","B",null,"M","?","?","$","?","E","M","M","T","$","M","R","E","M","R","B","B"],"character_chosen":"WATCHER","items_purchased":["Wireheading","ThirdEye","ClockworkSouvenir","ThirdEye","Consecrate","Cauldron","TalkToTheHand"],"campfire_rested":1,"item_purchase_floors":[14,14,14,21,21,38,44],"current_hp_per_floor":[60,44,39,39,31,40,20,29,29,56,55,56,56,56,62,62,62,62,62,45,45,45,60,55,62,62,33,48,48,48,30,45,24,53,47,47,56,56,46,25,59,49,49,49,40,61,41,47,62,18,0,0],"gold":113,"neow_bonus":"RANDOM_COLORLESS_2","is_daily":false,"chose_seed":false,"campfire_upgraded":7,"win_rate":0.0,"timestamp":1612629005,"path_taken":["M","M","?","M","M","R","E","R","T","R","M","M","?","$","R","BOSS","M","?","M","$","?","R","E","M","T","E","R","?","?","?","R","BOSS","M","?","?","$","?","E","M","M","T","$","M","R","E","M","R","BOSS","BOSS"],"items_purchased_type":["Card","Card","Relic","Card","Card","Relic","Card"],"build_version":"2020-12-22","purchased_purges":1,"victory":false,"max_hp_per_floor":[62,62,62,62,62,62,62,62,62,62,62,62,62,62,62,62,62,62,62,62,62,62,62,62,62,62,62,62,62,62,62,62,62,62,62,62,62,62,62,62,62,62,62,62,62,62,62,62,62,62,62,62],"relic_stats":{"Dream Catcher":1,"Regal Pillow":0,"Happy Flower":[5],"counters":[25,133],"Eternal Feather":114,"War Paint":["Vigilance","Defend_P"],"obtain_stats":[{"Potion Belt":29,"Lantern":24,"Regal Pillow":40,"Happy Flower":47,"Eternal Feather":3,"War Paint":26,"Empty Cage":17,"ClockworkSouvenir":14,"Blood Vial":7,"SlaversCollar":34,"Cauldron":38,"Dream Catcher":9,"PureWater":0,"Toy Ornithopter":27,"Unceasing Top":37},{"Potion Belt":13,"Lantern":11,"Regal Pillow":18,"Happy Flower":22,"Eternal Feather":2,"War Paint":12,"Empty Cage":8,"ClockworkSouvenir":7,"Blood Vial":5,"SlaversCollar":15,"Cauldron":17,"Dream Catcher":5,"PureWater":0,"Toy Ornithopter":13,"Unceasing Top":17},{"Potion Belt":50,"Lantern":43,"Regal Pillow":81,"Happy Flower":117,"Eternal Feather":10,"War Paint":46,"Empty Cage":32,"ClockworkSouvenir":28,"Blood Vial":23,"SlaversCollar":64,"Cauldron":74,"Dream Catcher":23,"PureWater":0,"Toy Ornithopter":50,"Unceasing Top":74}],"Toy Ornithopter":20,"Unceasing Top":[2]},"card_choices":[{"not_picked":["Chrysalis","Thinking Ahead"],"picked":"Secret Weapon","floor":0.0},{"not_picked":["PathToVictory","Evaluate"],"picked":"FlurryOfBlows","floor":1.0},{"not_picked":["SashWhip","FlurryOfBlows"],"picked":"EmptyFist","floor":2.0},{"not_picked":["Halt","Conclude"],"picked":"FollowUp","floor":4.0},{"not_picked":["Halt","Prostrate"],"picked":"Meditate","floor":5.0},{"not_picked":["FlyingSleeves","Collect"],"picked":"CutThroughFate","floor":7.0},{"not_picked":["ClearTheMind","DeusExMachina"],"picked":"Nirvana","floor":10.0},{"not_picked":["Evaluate","ClearTheMind"],"picked":"Adaptation","floor":11.0},{"not_picked":["EmptyMind","Evaluate"],"picked":"Weave","floor":12.0},{"not_picked":["MasterReality","Omniscience"],"picked":"Blasphemy","floor":16.0},{"not_picked":["EmptyMind","PathToVictory"],"picked":"Crescendo","floor":18.0},{"not_picked":["PathToVictory","Protect","WreathOfFlame"],"picked":"SKIP","floor":20.0},{"not_picked":["SignatureMove","EmptyFist","Study"],"picked":"SKIP","floor":24.0},{"not_picked":["FlyingSleeves","SandsOfTime+1"],"picked":"Evaluate+1","floor":25.0},{"not_picked":["ClearTheMind","EmptyBody","Adaptation"],"picked":"SKIP","floor":27.0},{"not_picked":["ForeignInfluence+1","ClearTheMind"],"picked":"BowlingBash+1","floor":31.0},{"not_picked":["Blasphemy","Establishment"],"picked":"DeusExMachina","floor":33.0},{"not_picked":["Crescendo","Indignation","Collect"],"picked":"SKIP","floor":35.0},{"not_picked":["SashWhip","CrushJoints"],"picked":"JustLucky","floor":37},{"not_picked":["Discovery","Trip"],"picked":"Master of Strategy","floor":39},{"not_picked":["Finesse","Enlightenment"],"picked":"Apotheosis","floor":39},{"not_picked":["Consecrate","Halt"],"picked":"Protect+1","floor":40},{"not_picked":["FollowUp","WindmillStrike","Consecrate"],"picked":"SKIP","floor":41},{"not_picked":["FollowUp","WheelKick"],"picked":"Weave","floor":42},{"not_picked":["FollowUp","Prostrate","EmptyBody"],"picked":"SKIP","floor":45},{"not_picked":["Wish","Wireheading"],"picked":"CutThroughFate","floor":47},{"not_picked":["Evaluate","PathToVictory+1"],"picked":"FlyingSleeves+1","floor":48}],"player_experience":2480739,"relics_obtained":[{"floor":7.0,"key":"Blood Vial"},{"floor":9.0,"key":"Dream Catcher"},{"floor":24.0,"key":"Lantern"},{"floor":26.0,"key":"War Paint"},{"floor":27.0,"key":"Toy Ornithopter"},{"floor":37,"key":"Unceasing Top"},{"floor":40,"key":"Regal Pillow"},{"floor":47,"key":"Happy Flower"}],"event_choices":[{"damage_healed":0.0,"max_hp_gain":0.0,"max_hp_loss":0.0,"gold_gain":0.0,"event_name":"Scrap Ooze","player_choice":"Success","floor":3.0,"gold_loss":0.0,"damage_taken":5.0,"relics_obtained":["Eternal Feather"]},{"damage_healed":0.0,"max_hp_gain":0.0,"max_hp_loss":0.0,"gold_gain":66.0,"event_name":"Golden Wing","player_choice":"Gained Gold","floor":13.0,"gold_loss":0.0,"damage_taken":0.0},{"damage_healed":0.0,"max_hp_gain":0.0,"max_hp_loss":0.0,"gold_gain":0.0,"event_name":"Vampires","player_choice":"Became a vampire (Vial)","floor":19.0,"relics_lost":["Blood Vial"],"gold_loss":0.0,"damage_taken":0.0,"cards_obtained":["Bite","Bite","Bite","Bite","Bite"]},{"damage_healed":0.0,"max_hp_gain":0.0,"max_hp_loss":0.0,"gold_gain":0.0,"event_name":"Drug Dealer","player_choice":"Obtain J.A.X.","floor":22.0,"gold_loss":0.0,"damage_taken":0.0,"cards_obtained":["J.A.X."]},{"damage_healed":0.0,"max_hp_gain":0.0,"max_hp_loss":0.0,"gold_gain":0.0,"event_name":"Addict","player_choice":"Obtained Relic","floor":29.0,"gold_loss":85.0,"damage_taken":0.0,"relics_obtained":["Potion Belt"]},{"damage_healed":0,"gold_gain":0,"player_choice":"Ignored","damage_taken":0,"max_hp_gain":0,"max_hp_loss":0,"event_name":"Mysterious Sphere","floor":36,"gold_loss":0},{"damage_healed":0,"gold_gain":0,"player_choice":"Fight","damage_taken":0,"max_hp_gain":0,"max_hp_loss":0,"event_name":"MindBloom","floor":37,"gold_loss":0},{"damage_healed":0,"gold_gain":0,"player_choice":"Memory 3","damage_taken":10,"max_hp_gain":0,"max_hp_loss":0,"event_name":"SensoryStone","floor":39,"gold_loss":0}],"is_beta":false,"boss_relics":[{"not_picked":["Tiny House","Fusion Hammer"],"picked":"Empty Cage"},{"not_picked":["Sozu","Velvet Choker"],"picked":"SlaversCollar"}],"items_purged_floors":[21],"is_endless":false,"potions_floor_spawned":[4,5,7,12,20,31,37,40],"killed_by":"Awakened One","ascension_level":20}}