{"host":"vymnruocrvjmw2yt","time":1612646535,"event":{"mods":["AchievementEnabler","BaseMod","Block Reminder","Downfall","Googly Eyes","Hermit","Hubris","Infinite Spire","Minty Spire (QoL Compilation)","Robot Space Explorer","StSLib","The Hierophant"],"gold_per_floor":[109,120,135,146,158,158,169,54,54,81,81,91,91,116,116,228,228,254,30,56,84,108,108,132,152,152,170,170,170],"floor_reached":28,"language":"ENG","playtime":1034,"items_purged":[],"score":274,"play_id":"d4b12e11-dce3-4978-a98b-f444a29079a7","local_time":"20210206162215","is_ascension_mode":true,"campfire_choices":[{"data":"RobotSpaceExplorer:MiniLasers","floor":6,"key":"SMITH"},{"data":"Recycle","floor":13,"key":"SMITH"},{"floor":15,"key":"REST"},{"data":"RobotSpaceExplorer:PowerCollector","floor":23,"key":"SMITH"}],"circlet_count":0,"master_deck":["RobotSpaceExplorer:PowerGlove+1","RobotSpaceExplorer:Strike+1","RobotSpaceExplorer:Strike","RobotSpaceExplorer:Strike","RobotSpaceExplorer:Strike","RobotSpaceExplorer:Defend","RobotSpaceExplorer:Defend","RobotSpaceExplorer:Defend","RobotSpaceExplorer:Defend","RobotSpaceExplorer:Scan","RobotSpaceExplorer:MiniLasers+1","RobotSpaceExplorer:Probe","RobotSpaceExplorer:DualCore","RobotSpaceExplorer:GlueShot","RobotSpaceExplorer:FreezingShield","RobotSpaceExplorer:Probe","RobotSpaceExplorer:FranticSearch","RobotSpaceExplorer:LuckyStrike","RobotSpaceExplorer:MiniDrones+1","Beam Cell","Recycle+1","Machine Learning","RobotSpaceExplorer:MiniDrones","RobotSpaceExplorer:PowerGlove+1","RobotSpaceExplorer:PowerCollector","RobotSpaceExplorer:Probe","Rebound","RobotSpaceExplorer:PowerCollector+1","RobotSpaceExplorer:GlueShot","FTL","RobotSpaceExplorer:Scanner","Flash of Steel","RobotSpaceExplorer:Smokescreen"],"relics":["RobotSpaceExplorer:RoboCore","Bag of Preparation","hubris:DisguiseKit","Whetstone","PreservedInsect","CeramicFish","Black Star","DollysMirror","Torii"],"acts_visited":["Exordium","TheCity"],"potions_floor_usage":[16],"damage_taken":[{"damage":0,"enemies":"Cultist","floor":1,"turns":2},{"damage":1,"enemies":"infinitespire:Voidling","floor":2,"turns":3},{"damage":0,"enemies":"2 Louse","floor":3,"turns":2},{"damage":0,"enemies":"2 Fungi Beasts","floor":4,"turns":3},{"damage":0,"enemies":"Red Slaver","floor":5,"turns":2},{"damage":5,"enemies":"Looter","floor":7,"turns":3},{"damage":21,"enemies":"Lagavulin","floor":10,"turns":5},{"damage":0,"enemies":"3 Louse","floor":12,"turns":1},{"damage":0,"enemies":"Gremlin Nob","floor":14,"turns":1},{"damage":2,"enemies":"Slime Boss","floor":16,"turns":8},{"damage":9,"enemies":"Spheric Guardian","floor":18,"turns":4},{"damage":0,"enemies":"Chosen","floor":20,"turns":4},{"damage":6,"enemies":"Snake Plant","floor":21,"turns":3},{"damage":8,"enemies":"Sentry and Sphere","floor":22,"turns":4},{"damage":29,"enemies":"3 Cultists","floor":24,"turns":5},{"damage":9,"enemies":"Centurion and Healer","floor":25,"turns":6},{"damage":15,"enemies":"Chosen and Byrds","floor":28,"turns":4}],"seed_played":"-7863138992499045869","potions_obtained":[{"floor":2,"key":"Ancient Potion"},{"floor":3,"key":"Strength Potion"},{"floor":4,"key":"Swift Potion"},{"floor":10,"key":"champ:CounterPotion"},{"floor":24,"key":"Dexterity Potion"}],"is_trial":false,"path_per_floor":["M","M","M","M","M","R","M","$","T","E","?","M","R","E","R","B",null,"M","$","M","M","M","R","M","M","T","?","M"],"character_chosen":"RobotSpaceExplorer","items_purchased":["RobotSpaceExplorer:LuckyStrike","RobotSpaceExplorer:MiniDrones","DollysMirror","RobotSpaceExplorer:PowerCollector","RobotSpaceExplorer:Probe"],"campfire_rested":1,"item_purchase_floors":[8,8,19,19,19],"current_hp_per_floor":[75,74,74,74,74,74,69,69,69,48,45,45,45,45,67,65,75,66,66,66,60,52,52,23,14,14,14,0,0],"gold":170,"neow_bonus":"RANDOM_COMMON_RELIC","is_daily":false,"chose_seed":false,"campfire_upgraded":3,"win_rate":0.0,"timestamp":1612646535,"path_taken":["M","?","M","M","?","R","M","$","T","E","?","M","R","E","R","BOSS","M","$","M","M","M","R","M","M","T","?","?"],"items_purchased_type":["Card","Card","Relic","Card","Card"],"build_version":"2020-12-22","purchased_purges":0,"victory":false,"max_hp_per_floor":[75,75,75,75,75,75,75,75,75,75,75,75,75,75,75,75,75,75,75,75,75,75,75,75,75,75,75,75,75],"card_choices":[{"not_picked":["RobotSpaceExplorer:Ammunition","RobotSpaceExplorer:FrostMissile"],"picked":"RobotSpaceExplorer:Probe","floor":1},{"not_picked":["RobotSpaceExplorer:Ammunition","RobotSpaceExplorer:DoubleFind"],"picked":"RobotSpaceExplorer:DualCore","floor":2},{"not_picked":["RobotSpaceExplorer:Electroshield","RobotSpaceExplorer:GearShield"],"picked":"RobotSpaceExplorer:GlueShot","floor":3},{"not_picked":["RobotSpaceExplorer:SlimeMissile","RobotSpaceExplorer:ShovelStrike"],"picked":"RobotSpaceExplorer:FreezingShield","floor":4},{"not_picked":["RobotSpaceExplorer:ImprovisedAttack","RobotSpaceExplorer:Jetpack"],"picked":"RobotSpaceExplorer:Probe","floor":5},{"not_picked":["RobotSpaceExplorer:Ammunition","RobotSpaceExplorer:DualCore"],"picked":"RobotSpaceExplorer:FranticSearch","floor":7},{"not_picked":["RobotSpaceExplorer:StunGrenade","RobotSpaceExplorer:Electroshield","RobotSpaceExplorer:ScrapMissile"],"picked":"Beam Cell","floor":10},{"not_picked":["RobotSpaceExplorer:SwiftStep","RobotSpaceExplorer:ShovelStrike","RobotSpaceExplorer:DualCore"],"picked":"Recycle","floor":12},{"not_picked":["RobotSpaceExplorer:Arsenal","RobotSpaceExplorer:FreezeRay","RobotSpaceExplorer:Counterblock","Sweeping Beam"],"picked":"SKIP","floor":14},{"not_picked":["RobotSpaceExplorer:Comet","RobotSpaceExplorer:Autoloader","RobotSpaceExplorer:Arsenal"],"picked":"Machine Learning","floor":16},{"not_picked":["RobotSpaceExplorer:FreezeRay+1","RobotSpaceExplorer:Ammunition","Rip and Tear"],"picked":"RobotSpaceExplorer:MiniDrones","floor":18},{"not_picked":["RobotSpaceExplorer:Ammunition","RobotSpaceExplorer:SurgingStrike","RobotSpaceExplorer:ScrapMissile"],"picked":"Rebound","floor":20},{"not_picked":["RobotSpaceExplorer:LaserBurst+1","RobotSpaceExplorer:BigMissile","Go for the Eyes"],"picked":"RobotSpaceExplorer:PowerCollector","floor":21},{"not_picked":["RobotSpaceExplorer:MiniDrones","RobotSpaceExplorer:SurgingStrike","Sweeping Beam"],"picked":"RobotSpaceExplorer:GlueShot","floor":22},{"not_picked":["RobotSpaceExplorer:DoubleBlock+1","RobotSpaceExplorer:SlimeMissile","RobotSpaceExplorer:GlueSpray"],"picked":"FTL","floor":24},{"not_picked":["RobotSpaceExplorer:SwiftStep","RobotSpaceExplorer:MetalStrike","Turbo"],"picked":"RobotSpaceExplorer:Scanner","floor":25}],"player_experience":785168,"relics_obtained":[{"floor":9,"key":"hubris:DisguiseKit"},{"floor":10,"key":"Whetstone"},{"floor":14,"key":"CeramicFish"},{"floor":26,"key":"Torii"}],"event_choices":[{"damage_healed":0,"gold_gain":0,"player_choice":"Success","damage_taken":3,"relics_obtained":["PreservedInsect"],"max_hp_gain":0,"max_hp_loss":0,"event_name":"Scrap Ooze","floor":11,"gold_loss":0},{"damage_healed":0,"gold_gain":0,"player_choice":"2 cards matched","damage_taken":0,"max_hp_gain":0,"max_hp_loss":0,"event_name":"Match and Keep!","floor":27,"gold_loss":0,"cards_obtained":["Flash of Steel","RobotSpaceExplorer:Smokescreen"]}],"is_beta":false,"boss_relics":[{"not_picked":["Astrolabe","hubris:GrandSneckoEye"],"picked":"Black Star"}],"items_purged_floors":[],"is_endless":false,"potions_floor_spawned":[2,3,4,10,24],"killed_by":"Chosen and Byrds","ascension_level":1}}