{"host":"jn2qdns2nxijvlnt","time":1612591535,"event":{"mods":["BaseMod","Minty Spire (QoL Compilation)","Quick Restart"],"gold_per_floor":[210,225,69,69,43,43,77,91,91,91,110,110,124,124,124,124,124],"floor_reached":16,"language":"ENG","playtime":547,"items_purged":[],"score":160,"play_id":"f6e4d9db-9084-4dc5-86f6-cafc102d49bd","local_time":"20210206010535","is_ascension_mode":true,"campfire_choices":[{"floor":6.0,"key":"REST"},{"floor":10.0,"key":"REST"},{"data":"Terror","floor":12.0,"key":"SMITH"},{"data":"Cloak And Dagger","floor":15.0,"key":"SMITH"}],"circlet_count":0,"master_deck":["AscendersBane","Strike_G+1","Strike_G","Strike_G","Strike_G","Strike_G","Defend_G","Defend_G","Defend_G","Defend_G","Defend_G","Survivor","Neutralize","Terror+1","Backflip+1","Slice","Sucker Punch","Footwork","Cloak And Dagger+1","Dagger Spray"],"relics":["Ring of the Snake","Lantern","Regal Pillow","Meat on the Bone"],"acts_visited":["Exordium"],"potions_floor_usage":[],"damage_taken":[{"damage":7.0,"enemies":"Cultist","floor":1.0,"turns":5.0},{"damage":2.0,"enemies":"Small Slimes","floor":2.0,"turns":3.0},{"damage":19.0,"enemies":"Lagavulin","floor":7.0,"turns":6.0},{"damage":2.0,"enemies":"2 Louse","floor":8.0,"turns":2.0},{"damage":2.0,"enemies":"Exordium Wildlife","floor":11.0,"turns":3.0},{"damage":1.0,"enemies":"Red Slaver","floor":13.0,"turns":4.0},{"damage":0,"enemies":"Slime Boss","floor":16,"turns":1}],"seed_played":"-7941028729920511995","potions_obtained":[{"floor":1.0,"key":"Dexterity Potion"},{"floor":7.0,"key":"SpeedPotion"},{"floor":8.0,"key":"SteroidPotion"}],"is_trial":false,"path_per_floor":["M","M","$","?","$","R","E","M","T","R","M","R","M","?","R","B"],"character_chosen":"THE_SILENT","items_purchased":["Lantern","Slice"],"campfire_rested":2,"item_purchase_floors":[3,5],"current_hp_per_floor":[56,54,54,40,40,61,42,40,40,70,68,68,67,67,67,67,67],"gold":124,"neow_bonus":"HUNDRED_GOLD","is_daily":false,"chose_seed":false,"campfire_upgraded":2,"win_rate":0.0,"timestamp":1612591535,"path_taken":["M","?","$","?","$","R","E","M","T","R","M","R","M","?","R","BOSS"],"items_purchased_type":["Relic","Card"],"build_version":"2020-12-22","purchased_purges":0,"victory":false,"max_hp_per_floor":[70,70,70,70,70,70,70,70,70,70,70,70,70,70,70,70,70],"card_choices":[{"not_picked":["Dagger Spray","Sucker Punch"],"picked":"Terror","floor":1.0},{"not_picked":["Infinite Blades","Escape Plan"],"picked":"Backflip","floor":2.0},{"not_picked":["Storm of Steel","Endless Agony"],"picked":"Sucker Punch","floor":7.0},{"not_picked":["Deadly Poison","Sucker Punch"],"picked":"Footwork","floor":8.0},{"not_picked":["Reflex","Well Laid Plans"],"picked":"Cloak And Dagger","floor":11.0},{"not_picked":["Well Laid Plans","Doppelganger"],"picked":"Dagger Spray","floor":13.0}],"player_experience":579839,"relics_obtained":[{"floor":7.0,"key":"Regal Pillow"},{"floor":9.0,"key":"Meat on the Bone"}],"event_choices":[{"damage_healed":0.0,"max_hp_gain":0.0,"max_hp_loss":0.0,"gold_gain":0.0,"event_name":"Shining Light","player_choice":"Entered Light","floor":4.0,"gold_loss":0.0,"damage_taken":14.0,"cards_upgraded":["Strike_G","Backflip"]},{"damage_healed":0.0,"max_hp_gain":0.0,"max_hp_loss":0.0,"gold_gain":0.0,"event_name":"Golden Wing","player_choice":"Ignored","floor":14.0,"gold_loss":0.0,"damage_taken":0.0}],"is_beta":false,"boss_relics":[],"items_purged_floors":[],"is_endless":false,"potions_floor_spawned":[1,7,8],"killed_by":"Slime Boss","ascension_level":12}}