{"host":"f0gpob8hq9vgebej","time":1612633786,"event":{"mods":["AchievementEnabler","BaseMod","Minty Spire (QoL Compilation)","Quick Restart","SuperFastMode"],"gold_per_floor":[118,137,149,167,183,211,211,241,241,137,152,52,52,72,72,72,72],"floor_reached":16,"language":"KOR","playtime":321,"items_purged":["Defend_R","Defend_R"],"score":211,"play_id":"c005c221-2f04-4773-8498-745eca8906ee","local_time":"20210207024946","is_ascension_mode":true,"campfire_choices":[{"data":"Immolate","floor":7.0,"key":"SMITH"},{"data":"True Grit","floor":15.0,"key":"SMITH"}],"circlet_count":0,"master_deck":["AscendersBane","Strike_R","Strike_R","Strike_R","Strike_R","Strike_R","Defend_R","Defend_R","Bash","Immolate+1","Flex","Carnage","Perfected Strike","Seeing Red","True Grit+1","Power Through"],"relics":["Burning Blood","Bottled Flame","Pantograph","Centennial Puzzle"],"acts_visited":[],"potions_floor_usage":[16],"damage_taken":[{"damage":16.0,"enemies":"Jaw Worm","floor":1.0,"turns":5.0},{"damage":6.0,"enemies":"Cultist","floor":2.0,"turns":3.0},{"damage":7.0,"enemies":"Small Slimes","floor":3.0,"turns":3.0},{"damage":1.0,"enemies":"Exordium Wildlife","floor":4.0,"turns":3.0},{"damage":9.0,"enemies":"Red Slaver","floor":5.0,"turns":3.0},{"damage":15.0,"enemies":"3 Sentries","floor":6.0,"turns":5.0},{"damage":24.0,"enemies":"Lagavulin","floor":8.0,"turns":5.0},{"damage":8.0,"enemies":"Blue Slaver","floor":11.0,"turns":2.0},{"damage":0.0,"enemies":"3 Louse","floor":14.0,"turns":1.0},{"damage":73,"enemies":"Hexaghost","floor":16,"turns":9}],"seed_played":"-722399464743706604","potions_obtained":[{"floor":1.0,"key":"SkillPotion"},{"floor":2.0,"key":"FearPotion"},{"floor":14.0,"key":"EssenceOfSteel"}],"is_trial":false,"path_per_floor":["M","M","M","M","M","E","R","E","T","$","M","$","?","M","R","B"],"character_chosen":"IRONCLAD","items_purchased":["True Grit"],"campfire_rested":0,"item_purchase_floors":[10],"current_hp_per_floor":[40,40,39,44,41,32,32,14,14,14,12,12,75,75,75,2,2],"gold":72,"neow_bonus":"THREE_RARE_CARDS","is_daily":false,"chose_seed":false,"campfire_upgraded":2,"win_rate":0.0,"timestamp":1612633786,"path_taken":["M","M","M","M","M","E","R","E","T","$","M","$","?","M","R","BOSS"],"items_purchased_type":["Card"],"build_version":"2020-12-22","purchased_purges":2,"victory":false,"max_hp_per_floor":[75,75,75,75,75,75,75,75,75,75,75,75,75,75,75,75,75],"card_choices":[{"not_picked":["Exhume","Impervious"],"picked":"Immolate","floor":0.0},{"not_picked":["Dropkick","Whirlwind"],"picked":"Flex","floor":1.0},{"not_picked":["Clothesline","Clash"],"picked":"Carnage","floor":2.0},{"not_picked":["Headbutt","Iron Wave"],"picked":"Perfected Strike","floor":3.0},{"not_picked":["Dark Embrace","Flame Barrier","Combust"],"picked":"SKIP","floor":4.0},{"not_picked":["Ghostly Armor","True Grit"],"picked":"Seeing Red","floor":5.0},{"not_picked":["Barricade","Wild Strike"],"picked":"Feel No Pain","floor":6.0},{"not_picked":["Intimidate","Wild Strike","Cleave"],"picked":"SKIP","floor":8.0},{"not_picked":["Entrench","Thunderclap"],"picked":"Power Through","floor":11.0},{"not_picked":["Headbutt","Sword Boomerang","True Grit"],"picked":"SKIP","floor":14.0}],"player_experience":382693,"relics_obtained":[{"floor":6.0,"key":"Bottled Flame"},{"floor":8.0,"key":"Pantograph"},{"floor":9.0,"key":"Centennial Puzzle"}],"event_choices":[{"cards_removed":["Feel No Pain"],"damage_healed":63.0,"max_hp_gain":0.0,"max_hp_loss":0.0,"gold_gain":0.0,"event_name":"Bonfire Elementals","player_choice":"Offered Uncommon","floor":13.0,"gold_loss":0.0,"damage_taken":0.0}],"is_beta":false,"boss_relics":[],"items_purged_floors":[10,12],"is_endless":false,"potions_floor_spawned":[1,2,4,14],"killed_by":"Hexaghost","ascension_level":17}}