{"host":"8d3fefv2347kqkpz","time":1612590642,"event":{"mods":["AchievementEnabler","Act Like it!","Aspiration","BaseMod","Better Vampires","Colored Map","Colored Powertips","Conspire","GifTheSpireLib","Highlight Path","Hubris","Mimic Mod","Minty Spire (QoL Compilation)","Quick Restart","Rare Cards Sparkle","Relic Stats","Replay The Spire","Spicy Shops","StSLib","The Jungle","Waifu the Spire"],"gold_per_floor":[115,40,58,58,75,88,88,88,88,88,102,102,117,117,117,212,212,232,232,232,232,75,106,122,40,119,119,133,133,133,133,8,18,18,119,119,138,154,154,4,35,70,84,116,150,150,164,164,178,205,205,205],"floor_reached":53,"language":"ZHS","playtime":2090,"items_purged":["Strike_P","Injury","Eruption","Strike_P"],"score":867,"play_id":"ca10bdf0-010f-4a66-bfb0-0b6e7293b7b3","local_time":"20210206135042","is_ascension_mode":true,"campfire_choices":[{"floor":7.0,"key":"REST"},{"data":"Devotion","floor":10.0,"key":"SMITH"},{"data":"Evaluate","floor":15.0,"key":"SMITH"},{"floor":27.0,"key":"REST"},{"floor":31.0,"key":"REST"},{"floor":34.0,"key":"REST"},{"floor":46,"key":"REST"},{"floor":48,"key":"REST"},{"floor":51,"key":"REST"}],"circlet_count":0,"master_deck":["Strike_P","Strike_P","Defend_P","Defend_P","Defend_P","Defend_P","Vigilance","Devotion+1","Evaluate+1","FlyingSleeves","LikeWater","Devotion","FlurryOfBlows+1","Weave+1","ThirdEye","CarveReality+1","Pray+1","BattleHymn","Brilliance+1","BattleHymn","FlyingSleeves+1"],"relics":["PureWater","NeowsBlessing","hubris:Icosahedron","Replay:Ringing Soul","Molten Egg 2","SlaversCollar","hubris:Towel","BargainBundle","Lizard Tail","HornCleat","aspiration:FrozenJewel","hubris:CuriousFeather","CeramicFish","Thread and Needle","hubris:AstralHammer"],"acts_visited":["Exordium","TheCity","TheBeyond"],"potions_floor_usage":[41,41],"damage_taken":[{"damage":0.0,"enemies":"Cultist","floor":1.0,"turns":1.0},{"damage":0.0,"enemies":"Jaw Worm","floor":3.0,"turns":1.0},{"damage":0.0,"enemies":"2 Louse","floor":5.0,"turns":1.0},{"damage":25.0,"enemies":"Large Slime","floor":6.0,"turns":12.0},{"damage":3.0,"enemies":"2 Fungi Beasts","floor":11.0,"turns":6.0},{"damage":3.0,"enemies":"Blue Slaver","floor":13.0,"turns":7.0},{"damage":34.0,"enemies":"Slime Boss","floor":16.0,"turns":11.0},{"damage":17.0,"enemies":"3 Byrds","floor":18.0,"turns":8.0},{"damage":37.0,"enemies":"Slavers","floor":23.0,"turns":7.0},{"damage":10.0,"enemies":"Spheric Guardian","floor":24.0,"turns":4.0},{"damage":26.0,"enemies":"3 Cultists","floor":28.0,"turns":5.0},{"damage":0.0,"enemies":"Shelled Parasite and Fungi","floor":33.0,"turns":3.0},{"damage":34.0,"enemies":"Collector","floor":35.0,"turns":7.0},{"damage":3,"enemies":"Orb Walker","floor":37,"turns":4},{"damage":7,"enemies":"3 Shapes","floor":38,"turns":5},{"damage":29,"enemies":"conspire:MimicChest","floor":41,"turns":6},{"damage":5,"enemies":"R_Hoarder","floor":42,"turns":7},{"damage":0,"enemies":"Writhing Mass","floor":43,"turns":4},{"damage":17,"enemies":"Nemesis","floor":44,"turns":5},{"damage":0,"enemies":"Jaw Worm Horde","floor":45,"turns":5},{"damage":19,"enemies":"Jaw Worm Horde","floor":47,"turns":6},{"damage":0,"enemies":"Maw","floor":49,"turns":5},{"damage":19,"enemies":"R_Hoarder","floor":50,"turns":7},{"damage":119,"enemies":"Time Eater","floor":52,"turns":11}],"seed_played":"-7943869457539508037","potions_obtained":[{"floor":3.0,"key":"EssenceOfSteel"},{"floor":6.0,"key":"Adrenaline Potion"},{"floor":16.0,"key":"Explosive Potion"},{"floor":42,"key":"AttackPotion"},{"floor":43,"key":"FairyPotion"},{"floor":47,"key":"StancePotion"}],"is_trial":false,"path_per_floor":["M","$","M","?","M","M","R","?","T","R","M","?","M","?","R","B",null,"M","?","?","?","$","E","M","$","T","R","M","PTL","PTL","R","$","M","R","B",null,"M","M","?","$","?","E","M","E","MIM","R","M","R","M","E","R","B",null],"character_chosen":"WATCHER","items_purchased":["BargainBundle","Weave+1","ThirdEye","CarveReality+1"],"campfire_rested":7,"item_purchase_floors":[22,22,22,25],"current_hp_per_floor":[72,72,72,72,72,47,68,68,68,68,68,68,65,68,68,37,81,67,67,67,67,70,33,23,26,26,53,30,30,30,57,57,60,88,57,99,96,92,92,92,66,61,61,44,44,75,56,87,87,68,99,16],"gold":205,"neow_bonus":"THREE_ENEMY_KILL","is_daily":false,"chose_seed":false,"campfire_upgraded":2,"win_rate":0.0,"timestamp":1612590642,"path_taken":["M","?","M","?","M","M","R","?","T","R","M","?","M","?","R","BOSS","M","?","?","?","$","E","M","$","T","R","M","PTL","PTL","R","?","M","R","BOSS","M","M","?","$","?","E","M","E","MIM","R","M","R","M","E","R","BOSS"],"items_purchased_type":["Relic","Card","Card","Card"],"build_version":"2020-12-22","purchased_purges":4,"victory":true,"max_hp_per_floor":[72,72,72,72,72,72,72,72,72,72,75,75,75,78,78,81,81,84,84,84,84,87,87,87,90,90,90,93,93,93,93,93,96,96,99,99,99,102,102,102,105,105,105,105,105,105,105,105,105,105,105,105],"relic_stats":{"Lizard Tail":0,"counters":[24,138],"CeramicFish":0,"obtain_stats":[{"BargainBundle":22,"NeowsBlessing":0,"CeramicFish":44,"Thread and Needle":45,"hubris:Towel":21,"aspiration:FrozenJewel":41,"Replay:Ringing Soul":9,"SlaversCollar":17,"Lizard Tail":23,"hubris:Icosahedron":8,"HornCleat":26,"hubris:AstralHammer":45,"Molten Egg 2":14,"hubris:CuriousFeather":42,"PureWater":0},{"BargainBundle":8,"NeowsBlessing":0,"CeramicFish":19,"Thread and Needle":20,"hubris:Towel":8,"aspiration:FrozenJewel":16,"Replay:Ringing Soul":4,"SlaversCollar":7,"Lizard Tail":9,"hubris:Icosahedron":4,"HornCleat":10,"hubris:AstralHammer":20,"Molten Egg 2":6,"hubris:CuriousFeather":17,"PureWater":0},{"BargainBundle":47,"NeowsBlessing":0,"CeramicFish":104,"Thread and Needle":109,"hubris:Towel":47,"aspiration:FrozenJewel":88,"Replay:Ringing Soul":15,"SlaversCollar":39,"Lizard Tail":54,"hubris:Icosahedron":15,"HornCleat":58,"hubris:AstralHammer":109,"Molten Egg 2":28,"hubris:CuriousFeather":95,"PureWater":0}]},"card_choices":[{"not_picked":["Replay:ManipulateFuture","FlurryOfBlows","Replay:BluntJabs"],"picked":"SKIP","floor":1.0},{"not_picked":["ClearTheMind","FlyingSleeves"],"picked":"Devotion","floor":3.0},{"not_picked":["CrushJoints","FollowUp","Nirvana"],"picked":"SKIP","floor":5.0},{"not_picked":["Vengeance","JustLucky"],"picked":"FlyingSleeves","floor":6.0},{"not_picked":["EmptyFist","Replay:BluntJabs"],"picked":"LikeWater","floor":11.0},{"not_picked":["ClearTheMind","Protect","EmptyFist"],"picked":"SKIP","floor":13.0},{"not_picked":["Brilliance+1","ConjureBlade"],"picked":"Devotion","floor":16.0},{"not_picked":["Halt","FlyingSleeves+1"],"picked":"FlurryOfBlows+1","floor":18.0},{"not_picked":["SpiritShield","Fasting2","Replay:Cycle"],"picked":"SKIP","floor":23.0},{"not_picked":["Replay:ManipulateFuture","Halt","Adaptation"],"picked":"SKIP","floor":24.0},{"not_picked":["Evaluate","CutThroughFate+1"],"picked":"Pray+1","floor":28.0},{"not_picked":["Replay:DivineShield+1","Replay:BluntJabs+1"],"picked":"BattleHymn","floor":33.0},{"not_picked":["Establishment","Scrawl"],"picked":"Brilliance+1","floor":35.0},{"not_picked":["Replay:Anticipation","SignatureMove+1","PathToVictory"],"picked":"SKIP","floor":37},{"not_picked":["Replay:Anticipation","SignatureMove+1","PathToVictory"],"picked":"SKIP","floor":37},{"not_picked":["Halt+1","CutThroughFate+1"],"picked":"BattleHymn","floor":38},{"not_picked":["PathToVictory+1","InnerPeace+1"],"picked":"FlyingSleeves+1","floor":41},{"not_picked":["Replay:Anticipation+1","Halt","FollowUp+1"],"picked":"SKIP","floor":42},{"not_picked":["Replay:AtTheReady+1","Vault","Prostrate+1"],"picked":"SKIP","floor":43},{"not_picked":["Prostrate","CutThroughFate+1","Indignation+1"],"picked":"SKIP","floor":44},{"not_picked":["SandsOfTime+1","ClearTheMind","JustLucky+1"],"picked":"SKIP","floor":47},{"not_picked":["DeusExMachina","Replay:AtTheReady","BattleHymn+1"],"picked":"SKIP","floor":49},{"not_picked":["Evaluate","Halt+1","WreathOfFlame+1"],"picked":"SKIP","floor":50}],"player_experience":272102,"relics_obtained":[{"floor":9.0,"key":"Replay:Ringing Soul"},{"floor":23.0,"key":"Lizard Tail"},{"floor":26.0,"key":"HornCleat"},{"floor":41,"key":"aspiration:FrozenJewel"},{"floor":42,"key":"hubris:CuriousFeather"},{"floor":44,"key":"CeramicFish"},{"floor":45,"key":"Thread and Needle"},{"floor":45,"key":"hubris:AstralHammer"}],"event_choices":[{"damage_healed":0.0,"max_hp_gain":0.0,"max_hp_loss":0.0,"gold_gain":0.0,"event_name":"Dead Adventurer","player_choice":"Searched \u00270\u0027 times","floor":12.0,"gold_loss":0.0,"damage_taken":0.0},{"damage_healed":0.0,"max_hp_gain":0.0,"max_hp_loss":0.0,"gold_gain":0.0,"event_name":"conspire:Investor","player_choice":"Leave","floor":19.0,"gold_loss":0.0,"damage_taken":0.0}],"is_beta":false,"boss_relics":[{"not_picked":["Replay:Bronze Core","Busted Crown"],"picked":"SlaversCollar"},{"not_picked":["Kintsugi","hubris:HollowSoul","Snecko Eye"]}],"items_purged_floors":[2,22,32,40],"is_endless":false,"potions_floor_spawned":[3,6,16,23,24,33,38,42,43,47],"ascension_level":1}}