{"host":"i09pxcjttd31eh4q","time":1612615151,"event":{"mods":["AchievementEnabler","BaseMod","Colored Map","Keyboard Shortcuts","Minty Spire (QoL Compilation)","StSLib","SuperFastMode"],"gold_per_floor":[118,118,133,58,78,111,11,11,34,34,34,54,104,122,122,217,217,240,214,89,139,139,139,152,152,152],"floor_reached":25,"language":"KOR","playtime":460,"items_purged":["Strike_G","Strike_G","Strike_G"],"score":402,"play_id":"0fdde158-335c-4d3f-97a6-d4c6e52e0cd9","local_time":"20210206213911","is_ascension_mode":true,"campfire_choices":[{"floor":11,"key":"REST"},{"data":"Bouncing Flask","floor":15,"key":"SMITH"},{"data":"Burst","floor":23,"key":"SMITH"}],"circlet_count":0,"master_deck":["AscendersBane","Strike_G","Strike_G","Defend_G","Defend_G","Defend_G","Defend_G","Defend_G","Survivor","Neutralize","Noxious Fumes","Calculated Gamble","Dagger Spray","Crippling Poison","Bouncing Flask+1","Acrobatics","Burst+1","Prepared","Reflex"],"relics":["Ring of the Snake","NeowsBlessing","FaceOfCleric","Vajra","Golden Idol","Runic Pyramid","White Beast Statue"],"acts_visited":["Exordium","TheCity"],"potions_floor_usage":[6,16,25],"damage_taken":[{"damage":0.0,"enemies":"Jaw Worm","floor":1.0,"turns":1.0},{"damage":0.0,"enemies":"Cultist","floor":3.0,"turns":1.0},{"damage":0.0,"enemies":"Small Slimes","floor":5.0,"turns":1.0},{"damage":51,"enemies":"Gremlin Nob","floor":6,"turns":5},{"damage":1,"enemies":"Looter","floor":12,"turns":5},{"damage":1,"enemies":"Lots of Slimes","floor":14,"turns":2},{"damage":19,"enemies":"Hexaghost","floor":16,"turns":7},{"damage":20,"enemies":"Shell Parasite","floor":18,"turns":7},{"damage":18,"enemies":"2 Thieves","floor":19,"turns":4},{"damage":14,"enemies":"3 Cultists","floor":24,"turns":4},{"damage":14,"enemies":"Snake Plant","floor":25,"turns":2}],"seed_played":"7680771154681587412","potions_obtained":[{"floor":1.0,"key":"BlessingOfTheForge"},{"floor":6,"key":"DistilledChaos"},{"floor":16,"key":"LiquidBronze"},{"floor":24,"key":"Energy Potion"}],"is_trial":false,"path_per_floor":["M","?","M","$","M","E","$","?","T","?","R","M","?","M","R","B",null,"M","M","$","?","?","R","M","M"],"character_chosen":"THE_SILENT","items_purchased":[],"campfire_rested":1,"item_purchase_floors":[],"current_hp_per_floor":[59,59,60,60,61,11,11,11,11,16,36,36,36,36,36,18,58,39,22,22,22,22,22,9,0,0],"gold":152,"neow_bonus":"THREE_ENEMY_KILL","is_daily":false,"chose_seed":false,"campfire_upgraded":2,"win_rate":0.0,"timestamp":1612615151,"path_taken":["M","?","M","$","?","E","$","?","T","?","R","M","?","?","R","BOSS","M","?","$","?","?","R","M","M"],"items_purchased_type":[],"build_version":"2020-12-22","purchased_purges":3,"victory":false,"max_hp_per_floor":[66,66,67,67,68,69,69,63,63,68,68,69,69,70,70,71,71,72,73,73,73,73,73,74,74,74],"card_choices":[{"not_picked":["Choke","Acrobatics"],"picked":"Noxious Fumes","floor":1.0},{"not_picked":["Leg Sweep","Slice"],"picked":"Calculated Gamble","floor":3.0},{"not_picked":["Bane","Tactician"],"picked":"Dagger Spray","floor":5.0},{"not_picked":["Dodge and Roll","Dagger Throw"],"picked":"Crippling Poison","floor":6},{"not_picked":["Prepared","Finisher"],"picked":"Bouncing Flask","floor":12},{"not_picked":["Accuracy","Masterful Stab"],"picked":"Acrobatics","floor":14},{"not_picked":["Bullet Time","Wraith Form v2"],"picked":"Burst","floor":16},{"not_picked":["Quick Slash","Poisoned Stab","Flying Knee"],"picked":"SKIP","floor":18},{"not_picked":["Sucker Punch","Finisher"],"picked":"Prepared","floor":19},{"not_picked":["Backstab","Choke"],"picked":"Reflex","floor":24}],"player_experience":882120,"relics_obtained":[{"floor":6,"key":"Vajra"}],"event_choices":[{"damage_healed":0.0,"max_hp_gain":0.0,"max_hp_loss":0.0,"gold_gain":0.0,"event_name":"FaceTrader","player_choice":"Trade","floor":2.0,"gold_loss":0.0,"damage_taken":0.0,"relics_obtained":["FaceOfCleric"]},{"damage_healed":0,"gold_gain":0,"player_choice":"Lose Max HP","damage_taken":0,"relics_obtained":["Golden Idol"],"max_hp_gain":0,"max_hp_loss":6,"event_name":"Golden Idol","floor":8,"gold_loss":0},{"damage_healed":0,"gold_gain":0,"player_choice":"Donut","damage_taken":0,"max_hp_gain":5,"max_hp_loss":0,"event_name":"Big Fish","floor":10,"gold_loss":0},{"damage_healed":0,"gold_gain":50,"player_choice":"Pray","damage_taken":0,"max_hp_gain":0,"max_hp_loss":0,"event_name":"Golden Shrine","floor":13,"gold_loss":0},{"damage_healed":0,"gold_gain":50,"player_choice":"Stole From Cult","damage_taken":0,"max_hp_gain":0,"max_hp_loss":0,"event_name":"Nest","floor":21,"gold_loss":0},{"damage_healed":0,"gold_gain":0,"player_choice":"Gave Potion","damage_taken":0,"relics_obtained":["White Beast Statue"],"max_hp_gain":0,"max_hp_loss":0,"event_name":"WeMeetAgain","floor":22,"gold_loss":0}],"is_beta":false,"boss_relics":[{"not_picked":["Snecko Eye","Philosopher\u0027s Stone"],"picked":"Runic Pyramid"}],"items_purged_floors":[4,7,20],"is_endless":false,"potions_floor_spawned":[1,6,16,24],"killed_by":"Snake Plant","ascension_level":20}}