{"host":"1dyxbb4twitcdhlj","time":1612595322,"event":{"mods":["BaseMod","Bestiary","Minty Spire (QoL Compilation)","StSLib"],"gold_per_floor":[19,19,35,0,0,34,34,69,92,92,108,141,141,168,168,268,268,286,21,35,46,8,8,37,37,37,70,70,70,7,7,7],"floor_reached":31,"language":"ENG","playtime":4218,"items_purged":["Defend_B","Strike_B"],"score":471,"play_id":"fbec1ad3-6136-4406-ae7f-270948052dbb","local_time":"20210206020842","is_ascension_mode":true,"campfire_choices":[{"data":"Zap","floor":7.0,"key":"SMITH"},{"floor":15.0,"key":"REST"},{"data":"Defragment","floor":23.0,"key":"SMITH"},{"floor":25.0,"key":"REST"},{"data":"Fusion","floor":28.0,"key":"SMITH"}],"circlet_count":0,"master_deck":["AscendersBane","Strike_B","Strike_B","Strike_B","Defend_B","Defend_B","Defend_B","Zap+1","Dualcast","Glacier","Storm","Chill","Conserve Battery","Multi-Cast","Fusion+1","Compile Driver+1","Core Surge+1","Turbo+1","Skim","Defragment+1","Ball Lightning+1","Skim+1","Leap"],"relics":["Cracked Core","Potion Belt","Boot","Juzu Bracelet","Regal Pillow","Molten Egg 2","Black Star","Membership Card","White Beast Statue","Du-Vu Doll","Singing Bowl","DataDisk","Pen Nib","Turnip"],"acts_visited":["Exordium","TheCity"],"potions_floor_usage":[31],"damage_taken":[{"damage":5.0,"enemies":"2 Louse","floor":1.0,"turns":3.0},{"damage":1.0,"enemies":"Cultist","floor":3.0,"turns":3.0},{"damage":32.0,"enemies":"3 Sentries","floor":6.0,"turns":13.0},{"damage":16.0,"enemies":"Lagavulin","floor":8.0,"turns":10.0},{"damage":0.0,"enemies":"Jaw Worm","floor":11.0,"turns":5.0},{"damage":40.0,"enemies":"Gremlin Nob","floor":12.0,"turns":6.0},{"damage":15.0,"enemies":"3 Sentries","floor":14.0,"turns":14.0},{"damage":23.0,"enemies":"Hexaghost","floor":16.0,"turns":9.0},{"damage":22.0,"enemies":"3 Byrds","floor":18.0,"turns":6.0},{"damage":5.0,"enemies":"2 Thieves","floor":20.0,"turns":4.0},{"damage":20.0,"enemies":"Centurion and Healer","floor":21.0,"turns":16.0},{"damage":20.0,"enemies":"Slavers","floor":24.0,"turns":8.0},{"damage":44.0,"enemies":"Gremlin Leader","floor":27.0,"turns":7.0},{"damage":18,"enemies":"Book of Stabbing","floor":31,"turns":2}],"seed_played":"714436285186658329","potions_obtained":[{"floor":1.0,"key":"Ancient Potion"},{"floor":2.0,"key":"EntropicBrew"},{"floor":2.0,"key":"PotionOfCapacity"},{"floor":2.0,"key":"Regen Potion"},{"floor":3.0,"key":"Strength Potion"},{"floor":8.0,"key":"BlessingOfTheForge"},{"floor":12.0,"key":"PowerPotion"},{"floor":18.0,"key":"DistilledChaos"},{"floor":20.0,"key":"SteroidPotion"},{"floor":21.0,"key":"Explosive Potion"},{"floor":24.0,"key":"SneckoOil"},{"floor":27.0,"key":"Explosive Potion"}],"is_trial":false,"path_per_floor":["M","?","M","?","?","E","R","E","T","?","M","E","?","E","R","B",null,"M","$","M","M","$","R","E","R","T","E","R","?","$","E"],"character_chosen":"DEFECT","items_purchased":["Membership Card","White Beast Statue","Leap"],"campfire_rested":2,"item_purchase_floors":[19,19,30],"current_hp_per_floor":[77,77,76,89,89,72,72,56,56,61,61,21,21,21,64,41,81,59,59,54,34,34,34,14,57,57,13,13,13,13,0,0],"gold":7,"neow_bonus":"TWENTY_PERCENT_HP_BONUS","is_daily":false,"chose_seed":false,"campfire_upgraded":3,"win_rate":0.0,"timestamp":1612595322,"path_taken":["M","?","?","?","?","E","R","E","T","?","M","E","?","E","R","BOSS","M","?","M","M","$","R","E","R","T","E","R","?","$","E"],"items_purchased_type":["Relic","Relic","Card"],"build_version":"2020-12-22","purchased_purges":2,"victory":false,"max_hp_per_floor":[89,89,89,89,89,89,89,89,89,94,94,94,94,94,94,94,94,94,94,94,94,94,94,94,94,94,94,94,94,94,94,94],"card_choices":[{"not_picked":["BootSequence","Reinforced Body"],"picked":"Glacier","floor":1.0},{"not_picked":["Gash","Coolheaded"],"picked":"Storm","floor":3.0},{"not_picked":["Leap","Coolheaded"],"picked":"Chill","floor":6.0},{"not_picked":["Go for the Eyes","Rebound"],"picked":"Conserve Battery","floor":8.0},{"not_picked":["Double Energy","Hologram"],"picked":"Multi-Cast","floor":11.0},{"not_picked":["Doom and Gloom","Hologram"],"picked":"Fusion","floor":12.0},{"not_picked":["Gash+1","Steam Power"],"picked":"Compile Driver+1","floor":14.0},{"not_picked":["Thunder Strike+1","All For One+1"],"picked":"Core Surge+1","floor":16.0},{"not_picked":["Leap","Sweeping Beam+1"],"picked":"Turbo+1","floor":18.0},{"not_picked":["Chaos","Gash+1"],"picked":"Skim","floor":20.0},{"not_picked":["Turbo+1","Leap+1"],"picked":"Defragment","floor":21.0},{"not_picked":["Sweeping Beam+1","Darkness+1"],"picked":"Ball Lightning+1","floor":24.0},{"not_picked":["Turbo","Genetic Algorithm"],"picked":"Skim+1","floor":27.0}],"player_experience":582965,"relics_obtained":[{"floor":6.0,"key":"Potion Belt"},{"floor":8.0,"key":"Boot"},{"floor":9.0,"key":"Juzu Bracelet"},{"floor":12.0,"key":"Regal Pillow"},{"floor":14.0,"key":"Molten Egg 2"},{"floor":24.0,"key":"Du-Vu Doll"},{"floor":24.0,"key":"Singing Bowl"},{"floor":26.0,"key":"DataDisk"},{"floor":27.0,"key":"Pen Nib"},{"floor":27.0,"key":"Turnip"}],"event_choices":[{"damage_healed":0.0,"max_hp_gain":0.0,"max_hp_loss":0.0,"gold_gain":0.0,"event_name":"Lab","player_choice":"Got Potions","floor":2.0,"gold_loss":0.0,"damage_taken":0.0},{"damage_healed":22.0,"max_hp_gain":0.0,"max_hp_loss":0.0,"gold_gain":0.0,"event_name":"The Cleric","player_choice":"Healed","floor":4.0,"gold_loss":35.0,"damage_taken":0.0},{"damage_healed":0.0,"max_hp_gain":0.0,"max_hp_loss":0.0,"gold_gain":0.0,"event_name":"Wheel of Change","player_choice":"Cursed","floor":5.0,"gold_loss":0.0,"damage_taken":0.0,"cards_obtained":["Decay"]},{"damage_healed":0.0,"max_hp_gain":5.0,"max_hp_loss":0.0,"gold_gain":0.0,"event_name":"Big Fish","player_choice":"Donut","floor":10.0,"gold_loss":0.0,"damage_taken":0.0},{"cards_removed":["Decay"],"damage_healed":0.0,"max_hp_gain":0.0,"max_hp_loss":0.0,"gold_gain":0.0,"event_name":"Fountain of Cleansing","player_choice":"Removed Curses","floor":13.0,"gold_loss":0.0,"damage_taken":0.0},{"damage_healed":0.0,"max_hp_gain":0.0,"max_hp_loss":0.0,"gold_gain":0.0,"event_name":"Cursed Tome","player_choice":"Ignored","floor":29.0,"gold_loss":0.0,"damage_taken":0.0}],"is_beta":false,"boss_relics":[{"not_picked":["FrozenCore","Tiny House"],"picked":"Black Star"}],"items_purged_floors":[22,30],"is_endless":false,"potions_floor_spawned":[1,3,8,12,18,20,21,24,27],"killed_by":"Book of Stabbing","ascension_level":10}}