{"host":"3j2m8n0ywf988fwb","time":1612605975,"event":{"mods":["2.2 Compatiblity","AchievementEnabler","Act Like it!","Aspiration","Astrologer","BaseMod","Better Altar","Better Match","Better Note","Better Sensory Stone","Better Skull","Better Third Choice","CCEM2","ChefMod","Colored Map","Colored Powertips","Conspire","Dark Map","Energized Spire","GifTheSpireLib","Halation","Hallownest","Highlight Path","Hubris","Infinite Spire","Jedi Mod","Marisa????????","Marked Mod","Mimic Mod","Minty Spire (QoL Compilation)","Monster B Gone","Random Character Button","Relic Filter Mod","Relic Stats","Reliquary","Replay The Spire","Robot Space Explorer","Shade Mod","Shop Mod","Somnambulant","StS++","StSLib","Stuff the Spire","The Bug Knight","The Elementalist","The Hierophant","The Runesmith","TheBandit","TheFirefly","Unceasing Turn Reminder","Weighted Paths","everything is the same but u backflip on backflip"],"gold_per_floor":[113,113,132,132,82,107,14,39,63,81,81,131,166,198,198,198,198],"floor_reached":16,"language":"ENG","playtime":547,"items_purged":[],"score":107,"play_id":"ff3fd4f3-3d98-4fae-8183-97cbdcb54b89","local_time":"20210206040615","is_ascension_mode":true,"campfire_choices":[{"data":"TreasureHunter","floor":11,"key":"SMITH"},{"floor":15,"key":"REST"}],"circlet_count":0,"master_deck":["Strike_MRS","Strike_MRS+1","Strike_MRS","Strike_MRS","Defend_MRS","Defend_MRS","Defend_MRS","Defend_MRS","MasterSpark","UpSweep","WitchLeyline","OortCloud","Voices","SuperPerseids","MeteoricShower","WitchOfGreed","TreasureHunter+1","Orbital"],"relics":["MiniHakkero","CCEMRelics:IronFruit","Ring of Panic","Ring of Fury","Ancient Tea Set","reliquary:Knoch"],"acts_visited":["Exordium"],"potions_floor_usage":[13,14,16,16],"damage_taken":[{"damage":8,"enemies":"Jaw Worm","floor":1,"turns":4},{"damage":0,"enemies":"conspire:RoseBush","floor":3,"turns":3},{"damage":23,"enemies":"Lagavulin","floor":6,"turns":5},{"damage":0,"enemies":"2 Louse","floor":8,"turns":2},{"damage":0,"enemies":"Exordium Wildlife","floor":10,"turns":2},{"damage":1,"enemies":"Looter","floor":13,"turns":2},{"damage":14,"enemies":"Gremlin Gang","floor":14,"turns":5},{"damage":68,"enemies":"Slime Boss","floor":16,"turns":12}],"seed_played":"2307271711186397527","potions_obtained":[{"floor":1,"key":"Strength Potion"},{"floor":6,"key":"Energy Potion"},{"floor":8,"key":"Weak Potion"},{"floor":13,"key":"Block Potion"},{"floor":14,"key":"Toxic Potion"}],"is_trial":false,"path_per_floor":["M","?","M","?","?","E","$","M","T","M","R","?","M","M","R","B"],"character_chosen":"MARISA","items_purchased":["MeteoricShower","WitchOfGreed"],"campfire_rested":1,"item_purchase_floors":[7,7],"current_hp_per_floor":[72,76,76,76,76,53,53,53,53,53,53,53,52,38,62,0,0],"gold":198,"neow_bonus":"RANDOM_EVENT","is_daily":false,"chose_seed":false,"campfire_upgraded":1,"win_rate":0.0,"timestamp":1612605975,"path_taken":["M","?","?","?","?","E","$","M","T","M","R","?","?","M","R","BOSS"],"items_purchased_type":["Card","Card"],"build_version":"2020-12-22","purchased_purges":0,"victory":false,"max_hp_per_floor":[80,80,80,80,80,80,80,80,80,80,80,80,80,80,80,80,80],"relic_stats":{"counters":[8,35],"obtain_stats":[{"CCEMRelics:IronFruit":0,"Ring of Fury":4,"MiniHakkero":0,"reliquary:Knoch":9,"Ring of Panic":4,"Ancient Tea Set":6},{"CCEMRelics:IronFruit":0,"Ring of Fury":2,"MiniHakkero":0,"reliquary:Knoch":4,"Ring of Panic":2,"Ancient Tea Set":3},{"CCEMRelics:IronFruit":0,"Ring of Fury":7,"MiniHakkero":0,"reliquary:Knoch":14,"Ring of Panic":7,"Ancient Tea Set":12}]},"card_choices":[{"not_picked":["MilkyWay","UnstableBomb"],"picked":"WitchLeyline","floor":1},{"not_picked":["GravityBeat","AlicesGift"],"picked":"OortCloud","floor":3},{"not_picked":["MysteriousBeam","NonDirectionalLaser"],"picked":"SuperPerseids","floor":6},{"not_picked":["DC","SporeBomb"],"picked":"TreasureHunter","floor":8},{"not_picked":["SporeBomb","RefractionSpark"],"picked":"Orbital","floor":10},{"not_picked":["AlicesGift","EnergyRecoil","GrandCross"],"picked":"SKIP","floor":13},{"not_picked":["LuminesStrike","OrrerysSun","MilkyWay"],"picked":"SKIP","floor":14}],"player_experience":1071881,"relics_obtained":[{"floor":4,"key":"Ring of Panic"},{"floor":4,"key":"Ring of Fury"},{"floor":6,"key":"Ancient Tea Set"},{"floor":9,"key":"reliquary:Knoch"}],"event_choices":[{"damage_healed":0,"gold_gain":0,"player_choice":"Box","damage_taken":0,"relics_obtained":["CCEMRelics:IronFruit"],"max_hp_gain":0,"max_hp_loss":0,"event_name":"Big Fish","floor":0,"gold_loss":0,"cards_obtained":["Regret"]},{"damage_healed":4,"gold_gain":0,"player_choice":"LEAVE ","damage_taken":0,"relics_obtained":[],"max_hp_gain":0,"max_hp_loss":0,"event_name":"betterSkull:BetterSkull","floor":2,"gold_loss":0,"cards_upgraded":[]},{"cards_removed":["Regret"],"damage_healed":0,"gold_gain":0,"player_choice":"Card Removal","damage_taken":0,"max_hp_gain":0,"max_hp_loss":0,"event_name":"The Cleric","floor":5,"gold_loss":50},{"damage_healed":0,"gold_gain":50,"player_choice":"Gained Gold","damage_taken":0,"max_hp_gain":0,"max_hp_loss":0,"event_name":"Golden Wing","floor":12,"gold_loss":0}],"is_beta":false,"boss_relics":[],"items_purged_floors":[],"is_endless":false,"potions_floor_spawned":[1,6,8,13],"killed_by":"Slime Boss","ascension_level":1}}