{"host":"1mv6gj0zv8k9e9tz","time":1612626007,"event":{"mods":["AchievementEnabler","BaseMod","Better Third Choice","Colored Map","DeckTracker","Highlight Path","KOR Keyword Fix","Keyboard Shortcuts","Minty Spire (QoL Compilation)","Permanent Neow","Quick Restart","Rare Cards Sparkle","StSLib","SuperFastMode","everything is the same but u backflip on backflip"],"gold_per_floor":[115,134,150,163,175,175,210,210,233,246,153,170,170,170,170,170,170],"floor_reached":16,"language":"KOR","playtime":342,"items_purged":["Defend_B"],"score":198,"play_id":"c84f794e-ec8d-4579-be9f-a162bf5b3d1a","local_time":"20210207004007","is_ascension_mode":true,"campfire_choices":[{"data":"Defragment","floor":6.0,"key":"SMITH"},{"data":"Zap","floor":8.0,"key":"SMITH"},{"floor":13,"key":"REST"},{"data":"Tempest","floor":15,"key":"SMITH"}],"circlet_count":0,"master_deck":["AscendersBane","Strike_B","Strike_B","Strike_B","Strike_B","Defend_B","Defend_B","Defend_B","Zap+1","Dualcast","Core Surge","Glacier","Defragment+1","Cold Snap","Seek","Tempest+1","Self Repair","Double Energy"],"relics":["Cracked Core","Smiling Mask","Omamori"],"acts_visited":["Exordium"],"potions_floor_usage":[12,16,16],"damage_taken":[{"damage":0.0,"enemies":"Cultist","floor":1.0,"turns":3.0},{"damage":4.0,"enemies":"Small Slimes","floor":2.0,"turns":3.0},{"damage":0.0,"enemies":"2 Louse","floor":3.0,"turns":1.0},{"damage":4.0,"enemies":"Exordium Wildlife","floor":4.0,"turns":5.0},{"damage":8.0,"enemies":"Exordium Thugs","floor":5.0,"turns":6.0},{"damage":10.0,"enemies":"3 Sentries","floor":7.0,"turns":13.0},{"damage":27.0,"enemies":"Gremlin Gang","floor":10.0,"turns":5.0},{"damage":7,"enemies":"3 Louse","floor":12,"turns":2},{"damage":18,"enemies":"Slime Boss","floor":16,"turns":8}],"seed_played":"-3350658796085204779","potions_obtained":[{"floor":1.0,"key":"Explosive Potion"},{"floor":2.0,"key":"Weak Potion"},{"floor":3.0,"key":"Block Potion"},{"floor":10.0,"key":"SkillPotion"},{"floor":12,"key":"SpeedPotion"}],"is_trial":false,"path_per_floor":["M","M","M","M","M","R","E","R","T","M","$","M","R","?","R","B"],"character_chosen":"DEFECT","items_purchased":["Self Repair"],"campfire_rested":1,"item_purchase_floors":[11],"current_hp_per_floor":[64,60,60,56,48,48,38,38,38,11,11,4,25,15,15,0,0],"gold":170,"neow_bonus":"ONE_RANDOM_RARE_CARD","is_daily":false,"chose_seed":false,"campfire_upgraded":3,"win_rate":0.0,"timestamp":1612626007,"path_taken":["M","M","?","M","M","R","E","R","T","M","$","M","R","?","R","BOSS"],"items_purchased_type":["Card"],"build_version":"2020-12-22","purchased_purges":1,"victory":false,"max_hp_per_floor":[71,71,71,71,71,71,71,71,71,71,71,71,71,71,71,71,71],"card_choices":[{"not_picked":["Skim","Scrape","Compile Driver"],"picked":"SKIP","floor":1.0},{"not_picked":["Cold Snap","Turbo"],"picked":"Glacier","floor":2.0},{"not_picked":["Heatsinks","Cold Snap"],"picked":"Defragment","floor":3.0},{"not_picked":["Recycle","Streamline"],"picked":"Cold Snap","floor":4.0},{"not_picked":["Aggregate","Beam Cell","Redo"],"picked":"SKIP","floor":5.0},{"not_picked":["Turbo","Tempest"],"picked":"Seek","floor":7.0},{"not_picked":["Blizzard","Recycle"],"picked":"Tempest","floor":10.0},{"not_picked":["Cold Snap","Rebound"],"picked":"Double Energy","floor":12}],"player_experience":634416,"relics_obtained":[{"floor":7.0,"key":"Smiling Mask"},{"floor":9.0,"key":"Omamori"}],"event_choices":[{"damage_healed":0,"gold_gain":0,"player_choice":"Damaged","damage_taken":10,"max_hp_gain":0,"max_hp_loss":0,"event_name":"Wheel of Change","floor":14,"gold_loss":0}],"is_beta":false,"boss_relics":[],"items_purged_floors":[11],"is_endless":false,"potions_floor_spawned":[1,2,3,10,12],"killed_by":"Slime Boss","ascension_level":18}}