{"host":"msmkw03x1o7nq45i","time":1612638970,"event":{"mods":["AchievementEnabler","BaseMod","Bestiary","Colored Powertips","GifTheSpireLib","Highlight Path","Minty Spire (QoL Compilation)","Random Character Button","StSLib","everything is the same but u backflip on backflip"],"gold_per_floor":[112,128,74,149,149,149,177,200,225,225,255,273,292,292,292],"floor_reached":14,"language":"ENG","playtime":777,"items_purged":[],"score":181,"play_id":"9acac27e-b63a-49e9-916d-ee29bdf6db65","local_time":"20210206211610","is_ascension_mode":true,"campfire_choices":[{"data":"Eviscerate","floor":6,"key":"SMITH"},{"data":"Blade Dance","floor":10,"key":"SMITH"}],"circlet_count":0,"master_deck":["AscendersBane","Strike_G","Strike_G","Strike_G","Strike_G","Strike_G","Defend_G","Defend_G","Defend_G","Defend_G","Defend_G","Survivor","Neutralize","Eviscerate+1","Sucker Punch","Noxious Fumes","Blade Dance+1","Riddle With Holes","Poisoned Stab","Dodge and Roll"],"relics":["Ring of the Snake","Blood Vial","Boot","Odd Mushroom","Bag of Preparation","Nunchaku"],"acts_visited":["Exordium"],"potions_floor_usage":[7,7,8,14,14],"damage_taken":[{"damage":3,"enemies":"Cultist","floor":1,"turns":5},{"damage":5,"enemies":"Small Slimes","floor":2,"turns":6},{"damage":19,"enemies":"3 Sentries","floor":7,"turns":11},{"damage":12,"enemies":"The Mushroom Lair","floor":8,"turns":3},{"damage":13,"enemies":"Gremlin Nob","floor":11,"turns":4},{"damage":0,"enemies":"2 Louse","floor":12,"turns":3},{"damage":0,"enemies":"2 Fungi Beasts","floor":13,"turns":2},{"damage":20,"enemies":"Lagavulin","floor":14,"turns":3}],"seed_played":"6300261097438007934","potions_obtained":[{"floor":2,"key":"SpeedPotion"},{"floor":7,"key":"LiquidMemories"},{"floor":8,"key":"Ancient Potion"},{"floor":13,"key":"LiquidBronze"}],"is_trial":false,"path_per_floor":["M","M","$","?","?","R","E","?","T","R","E","M","M","E"],"character_chosen":"THE_SILENT","items_purchased":["Fire Potion"],"campfire_rested":0,"item_purchase_floors":[3],"current_hp_per_floor":[58,55,55,44,49,49,32,22,22,22,11,13,15,0,0],"gold":292,"neow_bonus":"RANDOM_COMMON_RELIC","is_daily":false,"chose_seed":false,"campfire_upgraded":2,"win_rate":0.0,"timestamp":1612638970,"path_taken":["M","M","?","?","?","R","E","?","T","R","E","M","M","E"],"items_purchased_type":["Potion"],"build_version":"2020-12-22","purchased_purges":0,"victory":false,"max_hp_per_floor":[66,66,66,66,71,71,71,71,71,71,71,71,71,71,71],"card_choices":[{"not_picked":["Cloak And Dagger","Underhanded Strike"],"picked":"Eviscerate","floor":1},{"not_picked":["Deadly Poison","Flechettes"],"picked":"Sucker Punch","floor":2},{"not_picked":["Choke","Footwork"],"picked":"Noxious Fumes","floor":7},{"not_picked":["Setup","Backflip"],"picked":"Blade Dance","floor":8},{"not_picked":["Acrobatics","Choke"],"picked":"Riddle With Holes","floor":11},{"not_picked":["Setup","Heel Hook"],"picked":"Poisoned Stab","floor":12},{"not_picked":["Acrobatics","Dagger Throw"],"picked":"Dodge and Roll","floor":13}],"player_experience":498636,"relics_obtained":[{"floor":7,"key":"Boot"},{"floor":8,"key":"Odd Mushroom"},{"floor":9,"key":"Bag of Preparation"},{"floor":11,"key":"Nunchaku"}],"event_choices":[{"damage_healed":0,"gold_gain":75,"player_choice":"Gather Gold","damage_taken":11,"max_hp_gain":0,"max_hp_loss":0,"event_name":"World of Goop","floor":4,"gold_loss":0},{"damage_healed":0,"gold_gain":0,"player_choice":"Donut","damage_taken":0,"max_hp_gain":5,"max_hp_loss":0,"event_name":"Big Fish","floor":5,"gold_loss":0},{"damage_healed":0,"gold_gain":0,"player_choice":"Fought Mushrooms","damage_taken":0,"max_hp_gain":0,"max_hp_loss":0,"event_name":"Mushrooms","floor":8,"gold_loss":0}],"is_beta":false,"boss_relics":[],"items_purged_floors":[],"is_endless":false,"potions_floor_spawned":[2,7,8,13],"killed_by":"Lagavulin","ascension_level":17}}