{"host":"mhzgc0zma59jtmoj","time":1612651420,"event":{"mods":["BaseMod","BetterRewards","Custom Start","Glutton Mod","Ironclad Rager","Minty Spire (QoL Compilation)","Replay The Spire","Somnambulant","StSLib","The Cursed","The Hierophant","The Jungle","The Marked","The Necromancer"],"gold_per_floor":[12,12,28,28,39,64,64,64,87,87,87],"floor_reached":10,"language":"ENG","playtime":379,"items_purged":[],"score":66,"play_id":"4a63e08e-8088-4868-a006-7764c355a6a9","local_time":"20210206174340","is_ascension_mode":false,"campfire_choices":[{"data":"Eruption","floor":7,"key":"SMITH"}],"circlet_count":0,"master_deck":["Eruption+1","Vigilance","FollowUp","FollowUp","FollowUp","FollowUp","ThirdEye","ThirdEye","ThirdEye","ThirdEye","Weave","Pot Of Greed","JustLucky","Pot Of Greed"],"relics":["PureWater","Grinning Jar","Shovel"],"acts_visited":["Exordium"],"potions_floor_usage":[],"damage_taken":[{"damage":0,"enemies":"2 Louse","floor":1,"turns":2},{"damage":0,"enemies":"Small Slimes","floor":3,"turns":2},{"damage":5,"enemies":"Cultist","floor":5,"turns":3},{"damage":6,"enemies":"Gremlin Nob","floor":6,"turns":3},{"damage":36,"enemies":"Lagavulin","floor":10,"turns":2}],"seed_played":"6886773869309255186","potions_obtained":[{"floor":1,"key":"Fire Potion"},{"floor":5,"key":"BlessingOfTheForge"}],"is_trial":false,"path_per_floor":["M","?","M","$","M","E","R","?","T","E"],"character_chosen":"WATCHER","items_purchased":[],"campfire_rested":0,"item_purchase_floors":[],"current_hp_per_floor":[47,47,47,47,42,36,36,29,29,0,0],"gold":87,"neow_bonus":"WATCHER_SHAOLIN","is_daily":false,"chose_seed":false,"campfire_upgraded":1,"win_rate":0.0,"timestamp":1612651420,"path_taken":["M","?","M","$","M","E","R","?","T","E"],"items_purchased_type":[],"build_version":"2020-12-22","purchased_purges":0,"victory":false,"max_hp_per_floor":[65,62,62,62,62,62,62,62,62,62,62],"card_choices":[{"not_picked":["FlurryOfBlows","BattleHymn"],"picked":"Weave","floor":1},{"not_picked":["LikeWater","Evaluate","ThirdEye"],"picked":"SKIP","floor":3},{"not_picked":["Fasting2","CrushJoints","Perseverance"],"picked":"SKIP","floor":5},{"not_picked":["Swivel","Evaluate"],"picked":"JustLucky","floor":6}],"player_experience":252911,"relics_obtained":[{"floor":6,"key":"Grinning Jar"}],"event_choices":[{"cards_removed":["Parasite"],"damage_healed":0,"gold_gain":0,"player_choice":"Forget","damage_taken":0,"max_hp_gain":0,"max_hp_loss":0,"event_name":"Living Wall","floor":2,"gold_loss":0},{"damage_healed":0,"gold_gain":0,"player_choice":"Success","damage_taken":7,"relics_obtained":["Shovel"],"max_hp_gain":0,"max_hp_loss":0,"event_name":"Scrap Ooze","floor":8,"gold_loss":0}],"is_beta":false,"boss_relics":[],"items_purged_floors":[],"is_endless":false,"potions_floor_spawned":[1,5],"killed_by":"Lagavulin","ascension_level":0}}