{"host":"6qo42zgaknezulyg","time":1612615551,"event":{"mods":["2.2 Compatiblity","BaseMod","Faster Ascension Climbing","Keyboard Shortcuts","Minty Spire (QoL Compilation)","Permanent Neow","Quick Restart","StSLib","SuperFastMode","The Mystic"],"gold_per_floor":[118,43,54,66,66,66,93,93,93,122,139,149,149,49,49,49,49],"floor_reached":16,"language":"ENG","playtime":752,"items_purged":["mysticmod:Strike_Mystic","mysticmod:Strike_Mystic"],"score":110,"play_id":"f3a3ccab-51c2-42b5-9e95-8b1491e4c16b","local_time":"20210206214551","is_ascension_mode":false,"campfire_choices":[{"data":"mysticmod:Feint","floor":6.0,"key":"SMITH"},{"floor":8.0,"key":"REST"},{"data":"mysticmod:PreparedCaster","floor":13.0,"key":"SMITH"},{"data":"mysticmod:MightyMagic","floor":15.0,"key":"SMITH"}],"circlet_count":0,"master_deck":["mysticmod:Strike_Mystic","mysticmod:Strike_Mystic","mysticmod:Defend_Mystic","mysticmod:Defend_Mystic","mysticmod:Defend_Mystic","mysticmod:Defend_Mystic","mysticmod:ArcaneDodge","mysticmod:ShockingGrasp","mysticmod:MightyMagic+1","mysticmod:PreparedCaster+1","mysticmod:Feint+1","mysticmod:Doublecast","mysticmod:Snowball","mysticmod:ChargedParry"],"relics":["mysticmod:SpellBook","mysticmod:RabbitsFoot","Regal Pillow","Vajra"],"acts_visited":[],"potions_floor_usage":[],"damage_taken":[{"damage":0.0,"enemies":"2 Louse","floor":1.0,"turns":3.0},{"damage":4.0,"enemies":"Cultist","floor":3.0,"turns":4.0},{"damage":6.0,"enemies":"Jaw Worm","floor":4.0,"turns":5.0},{"damage":26.0,"enemies":"Gremlin Nob","floor":7.0,"turns":4.0},{"damage":20.0,"enemies":"Lagavulin","floor":10.0,"turns":8.0},{"damage":8.0,"enemies":"Looter","floor":11.0,"turns":4.0},{"damage":10.0,"enemies":"Red Slaver","floor":12.0,"turns":2.0},{"damage":16,"enemies":"The Guardian","floor":16,"turns":4}],"seed_played":"5700058308509974519","potions_obtained":[{"floor":1.0,"key":"DistilledChaos"},{"floor":11.0,"key":"PowerPotion"}],"is_trial":false,"path_per_floor":["M","$","M","M","?","R","E","R","T","E","M","M","R","$","R","B"],"character_chosen":"MYSTIC_CLASS","items_purchased":[],"campfire_rested":1,"item_purchase_floors":[],"current_hp_per_floor":[84,84,80,74,74,74,48,73,73,53,45,35,35,35,35,19,19],"gold":49,"neow_bonus":"TEN_PERCENT_HP_BONUS","is_daily":false,"chose_seed":false,"campfire_upgraded":3,"win_rate":0.0,"timestamp":1612615551,"path_taken":["M","$","M","M","?","R","E","R","T","E","M","M","R","$","R","BOSS"],"items_purchased_type":[],"build_version":"2020-12-22","purchased_purges":2,"victory":false,"max_hp_per_floor":[84,84,84,84,84,84,84,84,84,84,84,84,84,84,84,84,84],"card_choices":[{"not_picked":["mysticmod:HunkerDown","mysticmod:Riposte"],"picked":"mysticmod:MightyMagic","floor":1.0},{"not_picked":["mysticmod:PowerSlash","mysticmod:TomeOfSpells"],"picked":"mysticmod:PreparedCaster","floor":3.0},{"not_picked":["mysticmod:EbbAndFlow","mysticmod:Riposte"],"picked":"mysticmod:Feint","floor":4.0},{"not_picked":["mysticmod:ArcaneAccuracy","mysticmod:EnergizedRift"],"picked":"mysticmod:Doublecast","floor":7.0},{"not_picked":["mysticmod:Snowball","mysticmod:RapidCaster","mysticmod:Probe"],"picked":"SKIP","floor":10.0},{"not_picked":["mysticmod:HeavyStrike","mysticmod:CorrosiveTouch"],"picked":"mysticmod:Snowball","floor":11.0},{"not_picked":["mysticmod:ClosingBarrage","mysticmod:Sideswipe"],"picked":"mysticmod:ChargedParry","floor":12.0}],"player_experience":729297,"relics_obtained":[{"floor":7.0,"key":"mysticmod:RabbitsFoot"},{"floor":9.0,"key":"Regal Pillow"},{"floor":10.0,"key":"Vajra"}],"event_choices":[{"damage_healed":0.0,"max_hp_gain":0.0,"max_hp_loss":0.0,"gold_gain":0.0,"event_name":"The Woman in Blue","player_choice":"Bought 0 Potions","floor":5.0,"gold_loss":0.0,"damage_taken":0.0}],"is_beta":false,"boss_relics":[],"items_purged_floors":[2,14],"is_endless":false,"potions_floor_spawned":[1,11],"killed_by":"The Guardian","ascension_level":0}}