{"host":"pmmuxs046gii331m","time":1612985638,"event":{"mods":["AchievementEnabler","BaseMod","Colored Powertips","Downfall","Gold Saver","Infinite Spire","Minty Spire (QoL Compilation)","Permanent Neow","Quick Restart","StSLib"],"gold_per_floor":[378,398,398,412,422,422,422,449,504,522,548,559,573,606,606,701,701,719,493,510,110,130,130,130,130],"floor_reached":24,"language":"ENG","playtime":2782,"items_purged":["Strike_R","Defend_R"],"score":338,"play_id":"0e102197-93ad-401a-be19-a8dbc5a7092a","local_time":"20210210143358","is_ascension_mode":true,"campfire_choices":[{"data":"Iron Wave","floor":6.0,"key":"SMITH"},{"data":"Barricade","floor":15.0,"key":"SMITH"},{"data":"Limit Break","floor":23,"key":"SMITH"}],"circlet_count":0,"master_deck":["Strike_R","Strike_R","Defend_R","Defend_R","Defend_R","Bash+1","Iron Wave+1","Dropkick+1","Iron Wave+1","Metallicize","Burning Pact","Twin Strike","Entrench","Rampage","Flex","Thunderclap","Barricade+1","Limit Break+1","Whirlwind"],"relics":["Burning Blood","Question Card","Orichalcum","Whetstone","Mercury Hourglass","Mark of Pain","Anchor","hexamod:BolsterEngine","Potion Belt"],"acts_visited":["Exordium","TheCity"],"potions_floor_usage":[22,24],"damage_taken":[{"damage":12.0,"enemies":"Small Slimes","floor":1.0,"turns":4.0},{"damage":9.0,"enemies":"infinitespire:Voidling","floor":2.0,"turns":3.0},{"damage":7.0,"enemies":"2 Louse","floor":4.0,"turns":3.0},{"damage":20.0,"enemies":"Exordium Wildlife","floor":5.0,"turns":7.0},{"damage":18.0,"enemies":"Lagavulin","floor":8.0,"turns":8.0},{"damage":13.0,"enemies":"Gremlin Gang","floor":10.0,"turns":6.0},{"damage":18.0,"enemies":"Gremlin Nob","floor":11.0,"turns":5.0},{"damage":3.0,"enemies":"2 Fungi Beasts","floor":12.0,"turns":3.0},{"damage":9.0,"enemies":"Exordium Wildlife","floor":13.0,"turns":5.0},{"damage":16.0,"enemies":"3 Sentries","floor":14.0,"turns":6.0},{"damage":0.0,"enemies":"The Guardian","floor":16.0,"turns":13.0},{"damage":18.0,"enemies":"3 Byrds","floor":18.0,"turns":5.0},{"damage":29,"enemies":"Shell Parasite","floor":20,"turns":6},{"damage":3,"enemies":"Centurion and Healer","floor":22,"turns":6},{"damage":35,"enemies":"Book of Stabbing","floor":24,"turns":5}],"seed_played":"-5944446576062321417","potions_obtained":[{"floor":1.0,"key":"Block Potion"},{"floor":8.0,"key":"ElixirPotion"},{"floor":11.0,"key":"SkillPotion"},{"floor":14.0,"key":"Energy Potion"},{"floor":16.0,"key":"Block Potion"},{"floor":22,"key":"BlessingOfTheForge"}],"is_trial":false,"path_per_floor":["M","M","?","M","M","R","?","E","T","M","E","M","M","E","R","B",null,"M","$","M","$","M","R","E"],"character_chosen":"IRONCLAD","items_purchased":["Anchor","hexamod:BolsterEngine","Potion Belt"],"campfire_rested":0,"item_purchase_floors":[19,21,21],"current_hp_per_floor":[74,71,71,70,56,56,56,44,44,37,25,28,25,15,15,21,65,53,53,30,30,33,33,0,0],"gold":130,"neow_bonus":"UPGRADE_CARD","is_daily":false,"chose_seed":false,"campfire_upgraded":3,"win_rate":0.0,"timestamp":1612985638,"path_taken":["M","M","?","M","?","R","?","E","T","M","E","M","M","E","R","BOSS","M","$","M","$","M","R","E"],"items_purchased_type":["Relic","Relic","Relic"],"build_version":"2020-12-22","purchased_purges":2,"victory":false,"max_hp_per_floor":[80,80,80,80,80,80,80,80,80,80,80,80,80,80,80,80,80,80,80,80,80,80,80,80,80],"card_choices":[{"not_picked":["Dropkick","Clash"],"picked":"Iron Wave","floor":1.0},{"not_picked":["Headbutt","Perfected Strike"],"picked":"Dropkick","floor":2.0},{"not_picked":["Warcry","Thunderclap"],"picked":"Iron Wave","floor":4.0},{"not_picked":["Dark Embrace","Fire Breathing"],"picked":"Metallicize","floor":5.0},{"not_picked":["Wild Strike","Dropkick"],"picked":"Twin Strike","floor":8.0},{"not_picked":["Seeing Red","Power Through","Anger"],"picked":"Entrench","floor":10.0},{"not_picked":["Headbutt","Sword Boomerang","Thunderclap"],"picked":"Rampage","floor":11.0},{"not_picked":["Combust","Headbutt","Searing Blow"],"picked":"Flex","floor":12.0},{"not_picked":["Sword Boomerang","Bloodletting","Clothesline"],"picked":"Thunderclap","floor":13.0},{"not_picked":["Flame Barrier","Seeing Red","Iron Wave"],"picked":"Barricade","floor":14.0},{"not_picked":["Berserk","Feed","Brutality"],"picked":"Limit Break","floor":16.0},{"not_picked":["Havoc+1","Sword Boomerang+1","Perfected Strike"],"picked":"Whirlwind","floor":18.0},{"not_picked":["Headbutt+1","Clothesline","Pommel Strike","Cleave"],"picked":"SKIP","floor":20},{"not_picked":["Cleave","Dropkick+1","Intimidate+1","Sword Boomerang"],"picked":"SKIP","floor":22}],"player_experience":499375,"relics_obtained":[{"floor":8.0,"key":"Question Card"},{"floor":9.0,"key":"Orichalcum"},{"floor":11.0,"key":"Whetstone"},{"floor":14.0,"key":"Mercury Hourglass"}],"event_choices":[{"cards_removed":["Strike_R"],"damage_healed":0.0,"max_hp_gain":0.0,"max_hp_loss":0.0,"gold_gain":0.0,"event_name":"Purifier","player_choice":"Purged","floor":3.0,"gold_loss":0.0,"damage_taken":0.0},{"damage_healed":0.0,"max_hp_gain":0.0,"max_hp_loss":0.0,"gold_gain":0.0,"cards_transformed":["Strike_R"],"event_name":"Transmorgrifier","player_choice":"Transformed","floor":7.0,"gold_loss":0.0,"damage_taken":0.0,"cards_obtained":["Burning Pact"]}],"is_beta":false,"boss_relics":[{"not_picked":["Sozu","Black Blood"],"picked":"Mark of Pain"}],"items_purged_floors":[19,21],"is_endless":false,"potions_floor_spawned":[1,8,11,14,16,22],"killed_by":"Book of Stabbing","ascension_level":5}}