{"host":"665g8wmplxs7g59h","time":1612970583,"event":{"mods":["AchievementEnabler","BaseMod","Colored Map","DeckTracker","Minty Spire (QoL Compilation)","Permanent Neow","SuperFastMode"],"gold_per_floor":[214,214,225,225,150,150,150,166,166,166,178,213,67,83,83,83,83],"floor_reached":16,"language":"KOR","playtime":476,"items_purged":["Strike_G","Strike_G"],"score":100,"play_id":"2711f325-2763-4308-82d0-1bc9ca7efc82","local_time":"20210211002303","is_ascension_mode":false,"campfire_choices":[{"data":"Reflex","floor":6,"key":"SMITH"},{"data":"Tactician","floor":10,"key":"SMITH"},{"data":"Acrobatics","floor":15,"key":"SMITH"}],"circlet_count":0,"master_deck":["Strike_G","Strike_G","Strike_G","Defend_G","Defend_G","Defend_G","Defend_G","Defend_G","Survivor+1","Neutralize","Reflex+1","Quick Slash","Tactician+1","Acrobatics+1"],"relics":["Ring of the Snake","Vajra","Shuriken"],"acts_visited":["Exordium"],"potions_floor_usage":[16,16,16],"damage_taken":[{"damage":2,"enemies":"2 Louse","floor":1,"turns":3},{"damage":0,"enemies":"Cultist","floor":3,"turns":4},{"damage":0,"enemies":"Jaw Worm","floor":8,"turns":5},{"damage":4,"enemies":"Blue Slaver","floor":11,"turns":3},{"damage":39,"enemies":"3 Sentries","floor":12,"turns":15},{"damage":3,"enemies":"Exordium Thugs","floor":14,"turns":6},{"damage":25,"enemies":"Slime Boss","floor":16,"turns":7}],"seed_played":"-1415295135919034391","potions_obtained":[{"floor":3,"key":"Weak Potion"},{"floor":11,"key":"GhostInAJar"},{"floor":12,"key":"ColorlessPotion"}],"is_trial":false,"path_per_floor":["M","?","M","?","$","R","?","M","T","R","M","E","$","M","R","B"],"character_chosen":"THE_SILENT","items_purchased":["Acrobatics"],"campfire_rested":0,"item_purchase_floors":[13],"current_hp_per_floor":[68,68,68,65,65,65,70,70,70,70,66,27,27,24,24,0,0],"gold":83,"neow_bonus":"HUNDRED_GOLD","is_daily":false,"chose_seed":false,"campfire_upgraded":3,"win_rate":0.0,"timestamp":1612970583,"path_taken":["M","?","?","?","$","R","?","M","T","R","M","E","?","M","R","BOSS"],"items_purchased_type":["Card"],"build_version":"2020-12-22","purchased_purges":2,"victory":false,"max_hp_per_floor":[70,70,70,70,70,70,75,75,75,75,75,75,75,75,75,75,75],"card_choices":[{"not_picked":["Poisoned Stab","Dagger Spray"],"picked":"Reflex","floor":1},{"not_picked":["Reflex","Sucker Punch"],"picked":"Quick Slash","floor":3},{"not_picked":["Distraction","Backflip"],"picked":"Tactician","floor":8},{"not_picked":["Setup","Distraction","Slice"],"picked":"SKIP","floor":11},{"not_picked":["Reflex","Slice","Flying Knee"],"picked":"SKIP","floor":12},{"not_picked":["Outmaneuver","Cloak And Dagger","Malaise"],"picked":"SKIP","floor":14}],"player_experience":86853,"relics_obtained":[{"floor":12,"key":"Shuriken"}],"event_choices":[{"damage_healed":0,"gold_gain":0,"player_choice":"Upgraded","damage_taken":0,"max_hp_gain":0,"max_hp_loss":0,"event_name":"Upgrade Shrine","floor":2,"gold_loss":0,"cards_upgraded":["Survivor"]},{"damage_healed":0,"gold_gain":0,"player_choice":"Success","damage_taken":3,"relics_obtained":["Vajra"],"max_hp_gain":0,"max_hp_loss":0,"event_name":"Scrap Ooze","floor":4,"gold_loss":0},{"damage_healed":0,"gold_gain":0,"player_choice":"Donut","damage_taken":0,"max_hp_gain":5,"max_hp_loss":0,"event_name":"Big Fish","floor":7,"gold_loss":0}],"is_beta":false,"boss_relics":[],"items_purged_floors":[5,13],"is_endless":false,"potions_floor_spawned":[3,11,12,14],"killed_by":"Slime Boss","ascension_level":0}}