{"host":"mytek2nu1hrzdnew","time":1612918432,"event":{"mods":["AchievementEnabler","Aspiration","BaseMod","Bossed Relics","Conspire","GifTheSpireLib","Gold Saver","Hubris","Infinite Spire","Minty Spire (QoL Compilation)","Replay The Spire","StSLib","Stuff the Spire","Uncapped"],"gold_per_floor":[119,119,194,50,69,109,130,130,180,211,211,235,161,247,247,247,247],"floor_reached":16,"language":"ENG","playtime":752,"items_purged":["Strike_G"],"score":148,"play_id":"1a8300fb-afe1-478d-b83b-f01d3a11edbe","local_time":"20210209195352","is_ascension_mode":true,"campfire_choices":[{"floor":15,"key":"REST"}],"circlet_count":0,"master_deck":["Strike_G","Strike_G","Strike_G","Strike_G","Defend_G","Defend_G","Defend_G","Defend_G","Survivor","Neutralize","Slice","Noxious Fumes","Backflip","Cloak And Dagger","Slice","ReplayTheSpireMod:Scrap Shanks","StuffTheSpire:Python"],"relics":["Ring of the Snake","Golden Idol","White Beast Statue","hubris:MobiusCoin","Letter Opener","Replay:WaspNest"],"acts_visited":["Exordium"],"potions_floor_usage":[6,10,14,14,16],"damage_taken":[{"damage":9,"enemies":"Cultist","floor":1,"turns":5},{"damage":0,"enemies":"2 Louse","floor":5,"turns":4},{"damage":22,"enemies":"3 Sentries","floor":6,"turns":9},{"damage":0,"enemies":"Jaw Worm","floor":7,"turns":4},{"damage":28,"enemies":"Gremlin Nob","floor":10,"turns":5},{"damage":8,"enemies":"Blue Slaver","floor":12,"turns":5},{"damage":16,"enemies":"3 Sentries","floor":14,"turns":6},{"damage":27,"enemies":"The Guardian","floor":16,"turns":5}],"seed_played":"9059585662302673350","potions_obtained":[{"floor":1,"key":"Adrenaline Potion"},{"floor":6,"key":"PowerPotion"},{"floor":7,"key":"Poison Potion"},{"floor":12,"key":"PowerPotion"},{"floor":14,"key":"DistilledChaos"}],"is_trial":false,"path_per_floor":["M","?","?","$","M","E","M","?","T","E","$","M","$","E","R","B"],"character_chosen":"THE_SILENT","items_purchased":["Noxious Fumes","FairyPotion","ReplayTheSpireMod:Scrap Shanks"],"campfire_rested":1,"item_purchase_floors":[4,11,13],"current_hp_per_floor":[68,68,57,57,57,35,35,35,35,7,1,21,21,5,26,0,0],"gold":247,"neow_bonus":"TEN_PERCENT_HP_BONUS","is_daily":false,"chose_seed":false,"campfire_upgraded":0,"win_rate":0.0,"timestamp":1612918432,"path_taken":["M","?","?","$","M","E","M","?","T","E","?","M","$","E","R","BOSS"],"items_purchased_type":["Card","Potion","Card"],"build_version":"2020-12-22","purchased_purges":1,"victory":false,"max_hp_per_floor":[77,71,71,71,71,71,71,71,71,71,71,71,71,71,71,71,71],"card_choices":[{"not_picked":["StuffTheSpire:Incursion","Reflex"],"picked":"Slice","floor":1},{"not_picked":["PiercingWail","hubris:Counter","StuffTheSpire:Injection"],"picked":"SKIP","floor":5},{"not_picked":["Well Laid Plans","Dodge and Roll"],"picked":"Backflip","floor":6},{"not_picked":["Dodge and Roll","Replay:Bag of Tricks"],"picked":"Cloak And Dagger","floor":7},{"not_picked":["Sucker Punch","Outmaneuver","StuffTheSpire:ClusterCrunch"],"picked":"SKIP","floor":10},{"not_picked":["StuffTheSpire:Python","Leg Sweep"],"picked":"Slice","floor":12},{"not_picked":["Poison Darts","Blur"],"picked":"StuffTheSpire:Python","floor":14}],"player_experience":1060615,"relics_obtained":[{"floor":6,"key":"White Beast Statue"},{"floor":9,"key":"hubris:MobiusCoin"},{"floor":10,"key":"Letter Opener"},{"floor":14,"key":"Replay:WaspNest"}],"event_choices":[{"damage_healed":0,"gold_gain":0,"player_choice":"Lose Max HP","damage_taken":0,"relics_obtained":["Golden Idol"],"max_hp_gain":0,"max_hp_loss":6,"event_name":"Golden Idol","floor":2,"gold_loss":0},{"damage_healed":0,"gold_gain":75,"player_choice":"Gather Gold","damage_taken":11,"max_hp_gain":0,"max_hp_loss":0,"event_name":"World of Goop","floor":3,"gold_loss":0},{"cards_removed":["Defend_G"],"damage_healed":0,"gold_gain":0,"player_choice":"Forget","damage_taken":0,"max_hp_gain":0,"max_hp_loss":0,"event_name":"Living Wall","floor":8,"gold_loss":0}],"is_beta":false,"boss_relics":[],"items_purged_floors":[4],"is_endless":false,"potions_floor_spawned":[1,6,7,10,12,14],"killed_by":"The Guardian","ascension_level":5}}