{"host":"4jj9j1v1tx707ann","time":1612945425,"event":{"mods":["AchievementEnabler","BaseMod","Colored Map","Keyboard Shortcuts","Minty Spire (QoL Compilation)","Permanent Neow","Quick Restart","Rare Cards Sparkle","StSLib","SuperFastMode","everything is the same but u backflip on backflip"],"gold_per_floor":[115,129,142,142,67,95,106,120,120,120,81,109,121,163,175,187,187],"floor_reached":16,"language":"KOR","playtime":428,"items_purged":["Regret"],"score":189,"play_id":"f403b8cf-7ba7-4f46-8edb-24d6bc07fa3e","local_time":"20210210172345","is_ascension_mode":true,"campfire_choices":[{"floor":10,"key":"REST"},{"data":"Apotheosis","floor":15,"key":"SMITH"}],"circlet_count":0,"master_deck":["Strike_B","Strike_B","Defend_B","Defend_B","Defend_B","Defend_B","Zap","Dualcast","Apotheosis+1","Hologram","Chill","Biased Cognition","Sweeping Beam","Genetic Algorithm","Glacier"],"relics":["Cracked Core","MealTicket","Gremlin Horn","MawBank","Bottled Flame"],"acts_visited":["Exordium"],"potions_floor_usage":[3,16],"damage_taken":[{"damage":9,"enemies":"Jaw Worm","floor":1,"turns":3},{"damage":9,"enemies":"Cultist","floor":2,"turns":3},{"damage":9,"enemies":"Small Slimes","floor":3,"turns":3},{"damage":25,"enemies":"Gremlin Nob","floor":6,"turns":4},{"damage":2,"enemies":"Red Slaver","floor":7,"turns":3},{"damage":2,"enemies":"Lots of Slimes","floor":8,"turns":4},{"damage":1,"enemies":"Lagavulin","floor":12,"turns":6},{"damage":0,"enemies":"3 Sentries","floor":14,"turns":8},{"damage":43,"enemies":"Hexaghost","floor":16,"turns":11}],"seed_played":"-348396859962903267","potions_obtained":[{"floor":2,"key":"Block Potion"},{"floor":6,"key":"FearPotion"},{"floor":14,"key":"Swift Potion"}],"is_trial":false,"path_per_floor":["M","M","M","?","$","E","M","M","T","R","$","E","?","E","R","B"],"character_chosen":"DEFECT","items_purchased":["Genetic Algorithm"],"campfire_rested":1,"item_purchase_floors":[11],"current_hp_per_floor":[59,50,41,41,41,16,14,12,12,34,49,48,41,41,41,0,0],"gold":187,"neow_bonus":"RANDOM_COLORLESS_2","is_daily":false,"chose_seed":false,"campfire_upgraded":1,"win_rate":0.0,"timestamp":1612945425,"path_taken":["M","M","M","?","$","E","M","?","T","R","?","E","?","E","R","BOSS"],"items_purchased_type":["Card"],"build_version":"2020-12-22","purchased_purges":1,"victory":false,"max_hp_per_floor":[75,75,75,75,75,75,75,75,75,75,75,75,75,75,75,75,75],"card_choices":[{"not_picked":["Sadistic Nature","Metamorphosis"],"picked":"Apotheosis","floor":0},{"not_picked":["Steam","Stack","Barrage"],"picked":"SKIP","floor":1},{"not_picked":["Tempest","Barrage","Gash"],"picked":"SKIP","floor":2},{"not_picked":["Tempest","Barrage","Gash"],"picked":"SKIP","floor":2},{"not_picked":["Coolheaded","Aggregate"],"picked":"Hologram","floor":3},{"not_picked":["Static Discharge","Skim","Scrape"],"picked":"SKIP","floor":6},{"not_picked":["Streamline","Compile Driver"],"picked":"Biased Cognition","floor":7},{"not_picked":["Coolheaded","Conserve Battery"],"picked":"Sweeping Beam","floor":8},{"not_picked":["Coolheaded","Gash","Chaos"],"picked":"SKIP","floor":12},{"not_picked":["Coolheaded","Static Discharge"],"picked":"Glacier","floor":14}],"player_experience":182136,"relics_obtained":[{"floor":6,"key":"MealTicket"},{"floor":9,"key":"Gremlin Horn"},{"floor":12,"key":"MawBank"},{"floor":14,"key":"Bottled Flame"}],"event_choices":[{"damage_healed":0,"gold_gain":0,"cards_transformed":["Strike_B"],"player_choice":"Transformed","damage_taken":0,"max_hp_gain":0,"max_hp_loss":0,"event_name":"Transmorgrifier","floor":4,"gold_loss":0,"cards_obtained":["Chill"]},{"cards_removed":["Strike_B"],"damage_healed":0,"gold_gain":0,"player_choice":"Card Removal","damage_taken":7,"max_hp_gain":0,"max_hp_loss":0,"event_name":"Golden Wing","floor":13,"gold_loss":0}],"is_beta":false,"boss_relics":[],"items_purged_floors":[5],"is_endless":false,"potions_floor_spawned":[2,6,14],"killed_by":"Hexaghost","ascension_level":6}}