{"host":"fc5kl670efuhtomy","time":1612977653,"event":{"mods":["AchievementEnabler","BaseMod","Colored Powertips","Downfall","Marisa（F雨　魔理沙）","Minty Spire (QoL Compilation)","Quick Restart","Rare Cards Sparkle","Relic Stats","Replay The Spire","StSLib","The Bug Knight","The Construct","The Cursed","The Servant 0.9.4","WarShipGirlsR/战舰少女R mod"],"gold_per_floor":[112,125,125,140,140,169,179,207,207,207,218,252,268,288,288,384,384,402,402,413,338,358,368,368,403,403,433,433,451,203,221,221,318,318,330,330,385,438,451,482,49,77,101,101,113,129,129,144,144,144,144,144,144,177,177],"floor_reached":56,"language":"ZHS","playtime":2909,"items_purged":["rmod:strick","rmod:strick","Pain"],"score":1401,"play_id":"fad444d1-43c6-4511-96f7-05d69c7c7b9c","local_time":"20210211012053","is_ascension_mode":true,"campfire_choices":[{"data":"rmod:basicallowance","floor":10,"key":"SMITH"},{"floor":15,"key":"REST"},{"floor":24,"key":"RECALL"},{"data":"rmod:goodfighter","floor":28,"key":"SMITH"},{"data":"rmod:smokecover","floor":32,"key":"SMITH"},{"floor":44,"key":"REST"},{"data":"Pot Of Greed","floor":47,"key":"SMITH"},{"data":"Pot Of Greed","floor":49,"key":"SMITH"},{"data":"rmod:diamondstrike","floor":52,"key":"SMITH"}],"circlet_count":0,"master_deck":["rmod:strick","rmod:strick","rmod:defend","rmod:defend","rmod:defend","rmod:defend","rmod:basicallowance+1","rmod:maingunfire","rmod:intelligenceanalysis","rmod:intelligenceanalysis","rmod:wasp+1","rmod:smokecover+1","rmod:supportaircraftcarrier","rmod:secretscript+1","rmod:goodfighter+1","rmod:robin","rmod:fuelsupply","rmod:abidefaith+1","AbeCurse","rmod:generalist+1","rmod:fuelsupply+1","rmod:diamondstrike+1","rmod:maintain+1","rmod:supportaircraftcarrier","rmod:luckystar+1","rmod:diaomin+1","rmod:smokecover+1","rmod:smokecover+1","Pot Of Greed+1","Pot Of Greed+1","Pot Of Greed","Writhe"],"relics":["rmod:firstchargereward","NeowsBlessing","Frozen Egg 2","Pantograph","construct:FoamFinger","ReplayTheSpireMod:TigerMarble","Regal Pillow","Abe\u0027s Treasure","BranchBurnRelic","Red Mask","Question Card","Singing Bowl","Vajra","Replay:Grab Bag","Cursed Key","Philosopher\u0027s Stone","Snecko Heart","Replay:Mystery Machine","CatCart","ReplayTheSpireMod:Ninjato","Grinning Jar","HandDrill","ReplayFunnel","Nunchaku","InkBottle"],"acts_visited":["Exordium","TheCity","TheBeyond","TheEnding"],"potions_floor_usage":[12,12,29,42,55],"damage_taken":[{"damage":0,"enemies":"Cultist","floor":1,"turns":1},{"damage":0,"enemies":"Small Slimes","floor":2,"turns":1},{"damage":0,"enemies":"Jaw Worm","floor":4,"turns":1},{"damage":16,"enemies":"3 Sentries","floor":6,"turns":7},{"damage":9,"enemies":"Exordium Thugs","floor":7,"turns":7},{"damage":6,"enemies":"Gremlin Nob","floor":8,"turns":4},{"damage":4,"enemies":"Red Slaver","floor":11,"turns":4},{"damage":11,"enemies":"3 Sentries","floor":12,"turns":9},{"damage":1,"enemies":"Exordium Wildlife","floor":13,"turns":3},{"damage":0,"enemies":"3 Louse","floor":14,"turns":3},{"damage":40,"enemies":"The Guardian","floor":16,"turns":8},{"damage":4,"enemies":"3 Byrds","floor":18,"turns":5},{"damage":7,"enemies":"Chosen","floor":20,"turns":4},{"damage":0,"enemies":"Snake Plant","floor":22,"turns":3},{"damage":17,"enemies":"Centurion and Healer","floor":23,"turns":6},{"damage":6,"enemies":"Masked Bandits","floor":25,"turns":3},{"damage":0,"enemies":"Gremlin Leader","floor":27,"turns":6},{"damage":24,"enemies":"Snecko","floor":29,"turns":5},{"damage":3,"enemies":"Snake Plant","floor":31,"turns":2},{"damage":5,"enemies":"Pondfish","floor":33,"turns":11},{"damage":0,"enemies":"Orb Walker","floor":35,"turns":1},{"damage":10,"enemies":"Orin","floor":38,"turns":11},{"damage":6,"enemies":"3 Darklings","floor":39,"turns":3},{"damage":30,"enemies":"Nemesis","floor":40,"turns":8},{"damage":10,"enemies":"Giant Head","floor":42,"turns":6},{"damage":0,"enemies":"Maw","floor":45,"turns":8},{"damage":0,"enemies":"Jaw Worm Horde","floor":46,"turns":2},{"damage":0,"enemies":"Spire Growth","floor":48,"turns":3},{"damage":0,"enemies":"Replay:Hell Engine","floor":50,"turns":9},{"damage":0,"enemies":"Shield and Spear","floor":54,"turns":4},{"damage":76,"enemies":"The Heart","floor":55,"turns":8}],"seed_played":"6876865724564066124","potions_obtained":[{"floor":1,"key":"Elixir"},{"floor":7,"key":"LifebloodPotion"},{"floor":8,"key":"Cursed Concoction"},{"floor":11,"key":"Block Potion"},{"floor":14,"key":"Strength Potion"},{"floor":16,"key":"Explosive Potion"},{"floor":18,"key":"PowerPotion"},{"floor":29,"key":"PowerPotion"},{"floor":45,"key":"PowerPotion"},{"floor":46,"key":"FearPotion"}],"is_trial":false,"path_per_floor":["M","M","?","M","T","E","M","E","T","R","M","E","M","M","R","B",null,"M","T","M","$","M","M","R","?","T","E","R","M","$","M","R","B",null,"M","?","T","?","M","E","$","E","T","R","M","M","R","M","R","B",null,"R","$","E","B",null],"character_chosen":"PRAEFECT","items_purchased":["Vajra","Grinning Jar","HandDrill"],"campfire_rested":2,"item_purchase_floors":[30,41,41],"current_hp_per_floor":[75,75,72,72,72,56,47,41,41,41,37,26,25,25,62,39,75,71,71,64,64,64,47,47,50,50,52,52,42,42,39,39,76,79,79,79,79,71,67,37,37,29,29,69,86,88,88,91,91,91,91,91,91,93,17],"gold":177,"neow_bonus":"THREE_ENEMY_KILL","is_daily":false,"chose_seed":false,"campfire_upgraded":6,"win_rate":0.0,"timestamp":1612977653,"path_taken":["M","?","?","M","?","E","M","E","T","R","M","E","?","M","R","BOSS","M","?","M","$","M","M","R","?","T","E","R","M","?","M","R","BOSS","M","?","?","?","M","E","$","E","T","R","M","M","R","?","R","BOSS","R","$","E","BOSS"],"items_purchased_type":["Relic","Relic","Relic"],"build_version":"2020-12-22","purchased_purges":3,"victory":true,"max_hp_per_floor":[75,75,75,75,75,75,75,75,75,75,75,75,75,75,75,75,75,75,75,75,75,75,75,75,75,75,77,77,77,77,77,77,79,79,79,79,79,81,83,83,83,85,85,85,87,89,89,91,91,91,91,91,91,93,93],"relic_stats":{"Regal Pillow":30,"Nunchaku":[9],"Singing Bowl":18,"counters":[31,156],"Pantograph":38,"HandDrill":[20],"Question Card":13,"Cursed Key":2,"obtain_stats":[{"ReplayFunnel":42,"Regal Pillow":12,"construct:FoamFinger":8,"Snecko Heart":34,"Singing Bowl":27,"Vajra":30,"Replay:Mystery Machine":37,"Cursed Key":34,"BranchBurnRelic":24,"Nunchaku":43,"Pantograph":6,"Philosopher\u0027s Stone":34,"Red Mask":25,"HandDrill":41,"InkBottle":54,"ReplayTheSpireMod:Ninjato":40,"NeowsBlessing":0,"Dead Branch":19,"Replay:Grab Bag":34,"Frozen Egg 2":3,"Question Card":26,"rmod:firstchargereward":0,"ReplayTheSpireMod:TigerMarble":9,"CatCart":38,"Grinning Jar":41,"Abe\u0027s Treasure":17},{"ReplayFunnel":25,"Regal Pillow":8,"construct:FoamFinger":6,"Snecko Heart":20,"Singing Bowl":17,"Vajra":18,"Replay:Mystery Machine":21,"Cursed Key":20,"BranchBurnRelic":15,"Nunchaku":25,"Pantograph":4,"Philosopher\u0027s Stone":20,"Red Mask":16,"HandDrill":24,"InkBottle":30,"ReplayTheSpireMod:Ninjato":24,"NeowsBlessing":0,"Dead Branch":12,"Replay:Grab Bag":20,"Frozen Egg 2":2,"Question Card":16,"rmod:firstchargereward":0,"ReplayTheSpireMod:TigerMarble":6,"CatCart":22,"Grinning Jar":24,"Abe\u0027s Treasure":11},{"ReplayFunnel":122,"Regal Pillow":34,"construct:FoamFinger":21,"Snecko Heart":93,"Singing Bowl":75,"Vajra":80,"Replay:Mystery Machine":94,"Cursed Key":93,"BranchBurnRelic":66,"Nunchaku":122,"Pantograph":10,"Philosopher\u0027s Stone":93,"Red Mask":69,"HandDrill":116,"InkBottle":148,"ReplayTheSpireMod:Ninjato":116,"NeowsBlessing":0,"Dead Branch":53,"Replay:Grab Bag":93,"Frozen Egg 2":2,"Question Card":69,"rmod:firstchargereward":0,"ReplayTheSpireMod:TigerMarble":21,"CatCart":105,"Grinning Jar":116,"Abe\u0027s Treasure":48}],"InkBottle":[7]},"card_choices":[{"not_picked":["rmod:ring","rmod:aluminumsupply"],"picked":"rmod:intelligenceanalysis","floor":1},{"not_picked":["rmod:highspeedshooting","rmod:unsinkable"],"picked":"rmod:intelligenceanalysis","floor":2},{"not_picked":["rmod:overbreakdown","rmod:intelligenceanalysis"],"picked":"rmod:wasp+1","floor":4},{"not_picked":["rmod:shuttlebombing","rmod:ring"],"picked":"rmod:smokecover","floor":6},{"not_picked":["rmod:advancebysurprise","rmod:openingtorpedo"],"picked":"rmod:supportaircraftcarrier","floor":7},{"not_picked":["rmod:timeschanged","rmod:supportaircraftcarrier"],"picked":"rmod:secretscript+1","floor":8},{"not_picked":["rmod:luckystar","rmod:spoils"],"picked":"rmod:goodfighter","floor":11},{"not_picked":["rmod:overbreakdown","rmod:gendarmerie"],"picked":"rmod:robin","floor":12},{"not_picked":["rmod:concentratefire","rmod:highspeedshooting","rmod:firesupport"],"picked":"SKIP","floor":13},{"not_picked":["rmod:tearstotiara","rmod:highspeedshooting"],"picked":"rmod:fuelsupply","floor":14},{"not_picked":["rmod:windflower","rmod:secretscript+1"],"picked":"rmod:abidefaith+1","floor":16},{"not_picked":["rmod:combined","rmod:diamondstrike"],"picked":"rmod:generalist+1","floor":18},{"not_picked":["rmod:selfconfidence","rmod:highspeedshooting"],"picked":"rmod:fuelsupply+1","floor":20},{"not_picked":["rmod:circuitoustactics","rmod:aggressivemary"],"picked":"rmod:diamondstrike","floor":22},{"not_picked":["rmod:victimresponsibility","rmod:supportescort"],"picked":"rmod:maintain+1","floor":23},{"not_picked":["rmod:ring","rmod:fletcherpendant"],"picked":"rmod:supportaircraftcarrier","floor":25},{"not_picked":["rmod:aluminumsupply","rmod:steelsupply","rmod:supportescort+1","rmod:luckystar"],"picked":"Singing Bowl","floor":27},{"not_picked":["rmod:lonelyqueen","rmod:chargemoney+1","rmod:supportaircraftcarrier"],"picked":"rmod:luckystar+1","floor":29},{"not_picked":["rmod:fletcherpendant","rmod:openingtorpedo","rmod:fuelsupply"],"picked":"rmod:diaomin+1","floor":31},{"not_picked":["rmod:saltedfish","rmod:desperatesituation+1","rmod:auspiciousomen","rmod:ridicule"],"picked":"Singing Bowl","floor":33},{"not_picked":["rmod:highspeedshooting+1","rmod:concentratefire+1","rmod:intelligenceanalysis+1"],"picked":"rmod:smokecover+1","floor":35},{"not_picked":["rmod:unsinkable+1","rmod:ammunitionsupply","rmod:diamondstrike","rmod:combined+1"],"picked":"Singing Bowl","floor":38},{"not_picked":["rmod:overbreakdown+1","rmod:highspeedshooting","rmod:combined","rmod:unsinkable"],"picked":"Singing Bowl","floor":39},{"not_picked":["rmod:ammunitionsupply","rmod:supportescort","rmod:intelligenceanalysis+1"],"picked":"rmod:smokecover+1","floor":40},{"not_picked":["rmod:overbreakdown","rmod:ammunitionsupply+1","rmod:guardianhero+1","rmod:sl"],"picked":"Singing Bowl","floor":42},{"not_picked":["rmod:advancebysurprise","rmod:steelsupply+1","rmod:intelligenceanalysis+1","rmod:slowdown"],"picked":"Singing Bowl","floor":45},{"not_picked":["rmod:intelligenceanalysis+1","rmod:abidefaith+1","rmod:highspeedshooting","rmod:steelsupply+1"],"picked":"Singing Bowl","floor":46},{"not_picked":["rmod:capitalist+1","rmod:heivgo+1","rmod:fletcherpendant+1","rmod:openingtorpedo"],"picked":"Singing Bowl","floor":48},{"not_picked":["rmod:shuttlebombing+1","rmod:luckystar+1","rmod:advancebysurprise+1","rmod:lonelyqueen"],"picked":"Singing Bowl","floor":54}],"player_experience":212132,"relics_obtained":[{"floor":6,"key":"Pantograph"},{"floor":8,"key":"construct:FoamFinger"},{"floor":9,"key":"ReplayTheSpireMod:TigerMarble"},{"floor":12,"key":"Regal Pillow"},{"floor":19,"key":"Dead Branch"},{"floor":25,"key":"Red Mask"},{"floor":26,"key":"Question Card"},{"floor":27,"key":"Singing Bowl"},{"floor":37,"key":"Replay:Mystery Machine"},{"floor":38,"key":"CatCart"},{"floor":40,"key":"ReplayTheSpireMod:Ninjato"},{"floor":42,"key":"ReplayFunnel"},{"floor":43,"key":"Nunchaku"},{"floor":54,"key":"InkBottle"}],"event_choices":[{"damage_healed":0,"gold_gain":0,"player_choice":"Success","damage_taken":3,"relics_obtained":["Frozen Egg 2"],"max_hp_gain":0,"max_hp_loss":0,"event_name":"Scrap Ooze","floor":3,"gold_loss":0},{"damage_healed":0,"gold_gain":0,"player_choice":"Fought Bandits","damage_taken":0,"max_hp_gain":0,"max_hp_loss":0,"event_name":"Masked Bandits","floor":25,"gold_loss":0},{"damage_healed":0,"gold_gain":0,"player_choice":"Fight","damage_taken":0,"max_hp_gain":0,"max_hp_loss":0,"event_name":"OrinTheCat","floor":38,"gold_loss":0}],"is_beta":false,"boss_relics":[{"not_picked":["Tiny House","construct:WeddingRing"],"picked":"Abe\u0027s Treasure"},{"not_picked":["rmod:mogul","Fusion Hammer"],"picked":"Replay:Grab Bag"},{"not_picked":["SlaversCollar","Coffee Dripper"],"picked":"Cursed Key"},{"not_picked":["Runic Dome","ChewingGum"],"picked":"Philosopher\u0027s Stone"},{"not_picked":["Kintsugi","SacredBark"],"picked":"Snecko Heart"}],"items_purged_floors":[21,30,41],"is_endless":false,"potions_floor_spawned":[1,7,8,11,14,16,18,22,27,29,38,39,45,46],"ascension_level":1}}