{"host":"bxn2em57qlx5u4i0","time":1612978421,"event":{"mods":["BaseMod","Colored Map","Colored Powertips","Highlight Path","Minty Spire (QoL Compilation)","Random Character Button","Relic Sorter","Relic Stats","StSLib","SuperFastMode"],"gold_per_floor":[114,114,114,128,128,463,220,4,14,14,14,42,42,42,60,60,60,60],"floor_reached":17,"language":"ENG","playtime":313,"items_purged":["Strike_G"],"score":226,"play_id":"36d964a9-2d5a-4133-9fd4-1693925c8e35","local_time":"20210210123341","is_ascension_mode":true,"campfire_choices":[{"floor":11,"key":"REST"},{"data":"Bullet Time","floor":14,"key":"SMITH"},{"data":"Noxious Fumes","floor":16,"key":"SMITH"}],"circlet_count":0,"master_deck":["AscendersBane","Strike_G+1","Strike_G","Strike_G","Defend_G","Defend_G","Defend_G","Defend_G","Defend_G","Survivor","Neutralize+1","Flying Knee","Poisoned Stab","Noxious Fumes+1","Bullet Time+1","Crippling Poison","PiercingWail","Backflip","Bouncing Flask"],"relics":["Ring of the Snake","Old Coin","ClockworkSouvenir","PreservedInsect","Kunai","Question Card"],"acts_visited":["Exordium"],"potions_floor_usage":[17],"damage_taken":[{"damage":0.0,"enemies":"2 Louse","floor":1.0,"turns":3.0},{"damage":7.0,"enemies":"Jaw Worm","floor":4.0,"turns":4.0},{"damage":18.0,"enemies":"Gremlin Nob","floor":6.0,"turns":5.0},{"damage":7,"enemies":"Small Slimes","floor":9,"turns":4},{"damage":8,"enemies":"Lagavulin","floor":12,"turns":5},{"damage":3,"enemies":"Blue Slaver","floor":15,"turns":4},{"damage":29,"enemies":"Slime Boss","floor":17,"turns":8}],"seed_played":"412993843991216966","potions_obtained":[{"floor":4.0,"key":"GhostInAJar"},{"floor":15,"key":"AttackPotion"}],"is_trial":false,"path_per_floor":["M","?","?","M","?","E","$","$","M","T","R","E","$","R","M","R","B"],"character_chosen":"THE_SILENT","items_purchased":["ClockworkSouvenir","PreservedInsect","Crippling Poison"],"campfire_rested":1,"item_purchase_floors":[7,8,8],"current_hp_per_floor":[59,52,66,59,39,21,21,21,14,14,33,25,25,25,22,22,0,0],"gold":60,"neow_bonus":"THREE_CARDS","is_daily":false,"chose_seed":false,"campfire_upgraded":2,"win_rate":0.0,"timestamp":1612978421,"path_taken":["M","?","?","M","?","E","$","$","M","T","R","E","?","R","?","R","BOSS"],"items_purchased_type":["Relic","Relic","Card"],"build_version":"2020-12-22","purchased_purges":1,"victory":false,"max_hp_per_floor":[66,66,66,66,66,66,66,66,66,66,66,66,66,66,66,66,66,66],"relic_stats":{"counters":[7,33],"PreservedInsect":29,"Kunai":[4],"Question Card":1,"obtain_stats":[{"PreservedInsect":8,"Kunai":10,"Question Card":12,"Ring of the Snake":0,"Old Coin":6,"ClockworkSouvenir":7},{"PreservedInsect":3,"Kunai":4,"Question Card":5,"Ring of the Snake":0,"Old Coin":3,"ClockworkSouvenir":3},{"PreservedInsect":12,"Kunai":16,"Question Card":21,"Ring of the Snake":0,"Old Coin":12,"ClockworkSouvenir":12}],"Ring of the Snake":[14]},"card_choices":[{"not_picked":["Deflect","Caltrops"],"picked":"Flying Knee","floor":0.0},{"not_picked":["Deflect","Acrobatics"],"picked":"Poisoned Stab","floor":1.0},{"not_picked":["Flying Knee","Reflex"],"picked":"Noxious Fumes","floor":4.0},{"not_picked":["Noxious Fumes","Concentrate"],"picked":"Bullet Time","floor":6.0},{"not_picked":["Flying Knee","Bane"],"picked":"PiercingWail","floor":9},{"not_picked":["Distraction","Dagger Throw"],"picked":"Backflip","floor":12},{"not_picked":["Underhanded Strike","Dodge and Roll","Terror"],"picked":"Bouncing Flask","floor":15}],"player_experience":3025593,"relics_obtained":[{"floor":6.0,"key":"Old Coin"},{"floor":10,"key":"Kunai"},{"floor":12,"key":"Question Card"}],"event_choices":[{"cards_removed":["Strike_G"],"damage_healed":0.0,"max_hp_gain":0.0,"max_hp_loss":0.0,"gold_gain":0.0,"event_name":"Golden Wing","player_choice":"Card Removal","floor":2.0,"gold_loss":0.0,"damage_taken":7.0},{"damage_healed":22.0,"max_hp_gain":0.0,"max_hp_loss":0.0,"gold_gain":0.0,"event_name":"Big Fish","player_choice":"Banana","floor":3.0,"gold_loss":0.0,"damage_taken":0.0},{"damage_healed":0.0,"max_hp_gain":0.0,"max_hp_loss":0.0,"gold_gain":0.0,"event_name":"Shining Light","player_choice":"Entered Light","floor":5.0,"gold_loss":0.0,"damage_taken":20.0,"cards_upgraded":["Neutralize","Strike_G"]}],"is_beta":false,"boss_relics":[],"items_purged_floors":[7],"is_endless":false,"potions_floor_spawned":[4,15],"killed_by":"Slime Boss","ascension_level":20}}