{"host":"j14jowy3nc3m7wd7","time":1612915480,"event":{"mods":["AchievementEnabler","BaseMod","Bestiary","Curses Come First","Minty Spire (QoL Compilation)","Permanent Neow","Relic Stats","StSLib"],"gold_per_floor":[111,126,76,87,237,237,262,262,262,272,287,287,314,257,257,257,257],"floor_reached":16,"language":"ENG","playtime":544,"items_purged":[],"score":220,"play_id":"695afa19-393e-4037-84fe-73ea096a9a99","local_time":"20210209160440","is_ascension_mode":true,"campfire_choices":[{"data":"Skewer","floor":8.0,"key":"SMITH"},{"floor":12.0,"key":"REST"},{"floor":15,"key":"REST"}],"circlet_count":0,"master_deck":["AscendersBane","Strike_G","Strike_G","Strike_G","Strike_G","Defend_G","Defend_G","Defend_G","Defend_G","Survivor","Neutralize","Blade Dance","Blade Dance","Skewer+1","Doubt","Blur","Calculated Gamble","Acrobatics"],"relics":["Empty Cage","StoneCalendar","InkBottle","Prayer Wheel","Gambling Chip"],"acts_visited":["Exordium"],"potions_floor_usage":[16],"damage_taken":[{"damage":2.0,"enemies":"Small Slimes","floor":1.0,"turns":5.0},{"damage":0.0,"enemies":"2 Louse","floor":2.0,"turns":3.0},{"damage":1.0,"enemies":"Cultist","floor":4.0,"turns":3.0},{"damage":22.0,"enemies":"Lagavulin","floor":7.0,"turns":6.0},{"damage":14.0,"enemies":"Red Slaver","floor":10.0,"turns":5.0},{"damage":5.0,"enemies":"3 Louse","floor":11.0,"turns":4.0},{"damage":25,"enemies":"3 Sentries","floor":13,"turns":7},{"damage":18,"enemies":"Hexaghost","floor":16,"turns":9}],"seed_played":"8620275388745492115","potions_obtained":[{"floor":4.0,"key":"Strength Potion"},{"floor":11.0,"key":"SpeedPotion"}],"is_trial":false,"path_per_floor":["M","M","$","M","?","?","E","R","T","M","M","R","E","$","R","B"],"character_chosen":"THE_SILENT","items_purchased":["Blade Dance","SteroidPotion"],"campfire_rested":2,"item_purchase_floors":[3,14],"current_hp_per_floor":[57,57,57,56,56,56,34,34,34,20,15,34,9,9,28,10,10],"gold":257,"neow_bonus":"BOSS_RELIC","is_daily":false,"chose_seed":false,"campfire_upgraded":1,"win_rate":0.0,"timestamp":1612915480,"path_taken":["M","M","$","M","?","?","E","R","T","?","M","R","E","?","R","BOSS"],"items_purchased_type":["Card","Potion"],"build_version":"2020-12-22","purchased_purges":0,"victory":false,"max_hp_per_floor":[66,66,66,66,66,66,66,66,66,66,66,66,66,66,66,66,66],"relic_stats":{"counters":[8,42],"Gambling Chip":[2],"StoneCalendar":[78],"Prayer Wheel":2,"obtain_stats":[{"Gambling Chip":13,"StoneCalendar":6,"Prayer Wheel":9,"Empty Cage":0,"InkBottle":7,"Ring of the Snake":0},{"Gambling Chip":7,"StoneCalendar":3,"Prayer Wheel":4,"Empty Cage":0,"InkBottle":4,"Ring of the Snake":0},{"Gambling Chip":33,"StoneCalendar":11,"Prayer Wheel":17,"Empty Cage":0,"InkBottle":17,"Ring of the Snake":0}],"InkBottle":[9]},"card_choices":[{"not_picked":["Underhanded Strike","Slice"],"picked":"Blade Dance","floor":1.0},{"not_picked":["Deflect","Dagger Spray"],"picked":"Poisoned Stab","floor":2.0},{"not_picked":["Dodge and Roll","Underhanded Strike"],"picked":"Skewer","floor":4.0},{"not_picked":["Dodge and Roll","Dagger Throw"],"picked":"Blur","floor":7.0},{"not_picked":["Heel Hook","Choke"],"picked":"Calculated Gamble","floor":10.0},{"not_picked":["PiercingWail","Choke","Deflect"],"picked":"SKIP","floor":10.0},{"not_picked":["Glass Knife","Poisoned Stab"],"picked":"Acrobatics","floor":11.0},{"not_picked":["Quick Slash","Bane","Tactician"],"picked":"SKIP","floor":11.0},{"not_picked":["Blade Dance","Caltrops","Glass Knife"],"picked":"SKIP","floor":13}],"player_experience":10709,"relics_obtained":[{"floor":7.0,"key":"InkBottle"},{"floor":9.0,"key":"Prayer Wheel"},{"floor":13,"key":"Gambling Chip"}],"event_choices":[{"damage_healed":0.0,"max_hp_gain":0.0,"max_hp_loss":0.0,"gold_gain":150.0,"event_name":"Liars Game","player_choice":"AGREE","floor":5.0,"gold_loss":0.0,"damage_taken":0.0,"cards_obtained":["Doubt"]},{"cards_removed":["Poisoned Stab"],"damage_healed":0.0,"max_hp_gain":0.0,"max_hp_loss":0.0,"gold_gain":0.0,"event_name":"WeMeetAgain","player_choice":"Gave Card","floor":6.0,"gold_loss":0.0,"damage_taken":0.0,"relics_obtained":["StoneCalendar"]}],"is_beta":false,"boss_relics":[],"items_purged_floors":[],"is_endless":false,"potions_floor_spawned":[4,11],"killed_by":"Hexaghost","ascension_level":20}}