{"host":"u0qetpmu4y58k1tf","time":1612969094,"event":{"mods":["AchievementEnabler","BaseMod","CapriCore","Colored Map","Colored Powertips","Hermit","Marisa£¨Ùöéë¡¡Øª×âÞÞ£©","Minty Spire (QoL Compilation)","Reliquary","Replay The Spire","StSLib","SuperFastMode","The Bug Knight","The Cursed","The Gatherer","The Hierophant","The Immortal","The Runesmith"],"gold_per_floor":[116,116,166,185,135,135,166,247,298,310,310,323,323,47,47,150,150,169,169,169,189,189,189,216,216,263,281,281,281],"floor_reached":28,"language":"KOR","playtime":957,"items_purged":["Shame"],"score":281,"play_id":"a1fe6aa2-d62f-4594-9bfd-2d74effda4e6","local_time":"20210210235814","is_ascension_mode":true,"campfire_choices":[{"data":"Zap","floor":6,"key":"SMITH"},{"floor":11,"key":"REST"},{"data":"Dualcast","floor":13,"key":"SMITH"},{"floor":15,"key":"DIG"},{"floor":23,"key":"REST"}],"circlet_count":0,"master_deck":["Strike_B","Defend_B","Defend_B","Zap+1","Dualcast+1","Consume","Force Field","Redo","ReplayTheSpireMod:Splinters","ReplayTheSpireMod:Calculation Training","FTL","Crystallizer","Echo Form","Echo Form","Bandage Up","Hallucinations","Creative AI","Thunder Strike+1","FIFO Queue+1","FIFO Queue+1","Conserve Battery","Conserve Battery","Writhe","Machine Learning","ReplayTheSpireMod:Restless Dread","Ball Lightning+1"],"relics":["Cracked Core","Akabeko","ReplayTheSpireMod:Ring of Exchange","Ring of Greed","Blue Doll","MealTicket","Runesmith:Nanobots","reliquary:Knoch","Cables","Astrolabe","Nilry\u0027s Codex","Peace Pipe","Geode","Anchor"],"acts_visited":["Exordium","TheCity"],"potions_floor_usage":[7,16,28],"damage_taken":[{"damage":0,"enemies":"Small Slimes","floor":1,"turns":2},{"damage":7,"enemies":"Jaw Worm","floor":4,"turns":3},{"damage":45,"enemies":"3 Sentries","floor":7,"turns":9},{"damage":0,"enemies":"2 Louse","floor":10,"turns":2},{"damage":0,"enemies":"Large Slime","floor":12,"turns":4},{"damage":26,"enemies":"Hexaghost","floor":16,"turns":8},{"damage":46,"enemies":"2 Thieves","floor":18,"turns":4},{"damage":12,"enemies":"Chosen","floor":21,"turns":5},{"damage":10,"enemies":"Replay:Snechameleon","floor":24,"turns":7},{"damage":15,"enemies":"Snecko","floor":27,"turns":4},{"damage":26,"enemies":"Gremlin Leader","floor":28,"turns":3}],"seed_played":"-6740296458343883118","potions_obtained":[{"floor":4,"key":"FocusPotion"},{"floor":12,"key":"Fire Potion"},{"floor":24,"key":"LiquidBronze"},{"floor":27,"key":"SpeedPotion"}],"is_trial":false,"path_per_floor":["M","?","?","M","?","R","E","?","T","M","R","M","R","$","R_BF","B",null,"M","?","?","M","?","R","E","?","T","M","E"],"character_chosen":"DEFECT","items_purchased":["Echo Form","Bandage Up"],"campfire_rested":2,"item_purchase_floors":[14,14],"current_hp_per_floor":[75,68,68,61,61,61,16,16,16,16,38,38,38,53,53,31,75,33,33,17,13,13,35,33,33,33,22,0,0],"gold":281,"neow_bonus":"RANDOM_COMMON_RELIC","is_daily":false,"chose_seed":false,"campfire_upgraded":2,"win_rate":0.0,"timestamp":1612969094,"path_taken":["M","?","?","M","?","R","E","?","T","M","R","M","R","?","R_BF","BOSS","M","?","?","?","?","R","E","?","T","M","E"],"items_purchased_type":["Card","Card"],"build_version":"2020-12-22","purchased_purges":1,"victory":false,"max_hp_per_floor":[75,75,75,75,75,75,75,75,75,75,75,75,75,75,75,75,75,75,75,75,75,75,75,75,75,75,75,75,75],"card_choices":[{"not_picked":["Barrage","Skim"],"picked":"Consume","floor":1},{"not_picked":["Stack","Gash"],"picked":"Force Field","floor":4},{"not_picked":["Conserve Battery","Turbo"],"picked":"Redo","floor":7},{"not_picked":["FIFO Queue","Capacitor"],"picked":"ReplayTheSpireMod:Calculation Training","floor":8},{"not_picked":["BasicCrystalCard","Sweeping Beam"],"picked":"FTL","floor":8},{"not_picked":["Blizzard","Go for the Eyes"],"picked":"Crystallizer","floor":10},{"not_picked":["Go for the Eyes","Barrage","Gash"],"picked":"SKIP","floor":12},{"not_picked":["Core Surge","Multi-Cast"],"picked":"Creative AI","floor":16},{"not_picked":["FTL","Gash"],"picked":"Conserve Battery","floor":18},{"not_picked":["Hologram","Turbo"],"picked":"Conserve Battery","floor":21},{"not_picked":["Beam Cell","Hologram"],"picked":"Machine Learning","floor":24},{"not_picked":["Genetic Algorithm","Biased Cognition"],"picked":"Ball Lightning+1","floor":27}],"player_experience":91371,"relics_obtained":[{"floor":3,"key":"ReplayTheSpireMod:Ring of Exchange"},{"floor":3,"key":"Ring of Greed"},{"floor":3,"key":"Blue Doll"},{"floor":3,"key":"MealTicket"},{"floor":7,"key":"Runesmith:Nanobots"},{"floor":8,"key":"reliquary:Knoch"},{"floor":15,"key":"Cables"},{"floor":20,"key":"Nilry\u0027s Codex"},{"floor":24,"key":"Geode"},{"floor":26,"key":"Anchor"}],"event_choices":[{"cards_removed":["Strike_B"],"damage_healed":0,"gold_gain":0,"player_choice":"Card Removal","damage_taken":7,"max_hp_gain":0,"max_hp_loss":0,"event_name":"Golden Wing","floor":2,"gold_loss":0},{"cards_removed":["Strike_B"],"damage_healed":0,"gold_gain":0,"player_choice":"Card Removal","damage_taken":0,"max_hp_gain":0,"max_hp_loss":0,"event_name":"The Cleric","floor":5,"gold_loss":50},{"damage_healed":0,"gold_gain":0,"player_choice":"Ignored","damage_taken":0,"max_hp_gain":0,"max_hp_loss":0,"event_name":"Vampires","floor":19,"gold_loss":0},{"damage_healed":0,"gold_gain":0,"player_choice":"Obtained Book","damage_taken":16,"max_hp_gain":0,"max_hp_loss":0,"event_name":"Cursed Tome","floor":20,"gold_loss":0},{"damage_healed":0,"gold_gain":0,"player_choice":"Opened","damage_taken":0,"relics_obtained":["Peace Pipe"],"max_hp_gain":0,"max_hp_loss":0,"event_name":"The Mausoleum","floor":22,"gold_loss":0,"cards_obtained":["Writhe"]}],"is_beta":false,"boss_relics":[{"not_picked":["reliquary:Ember","Chemical X"],"picked":"Astrolabe"}],"items_purged_floors":[14],"is_endless":false,"potions_floor_spawned":[4,12,24,27],"killed_by":"Gremlin Leader","ascension_level":4}}