{"host":"am0cr9xwekqmrere","time":1612973965,"event":{"mods":["AchievementEnabler","Act Like it!","BaseMod","Better Altar","Better Match","Better Note","Better Sensory Stone","Better Skull","Better Third Choice","BetterRewards","Conspire","Downfall","Hubris","Infinite Spire","Minty Spire (QoL Compilation)","Rare Cards Sparkle","Spicy Shops","StSLib","Unceasing Turn Reminder"],"gold_per_floor":[99,114,126,126,141,156,231,264,164,21,41,61,77,77,97,196,196,196,216,235,249,249,249,249,249,265,265,265,265],"floor_reached":27,"language":"ENG","playtime":1183,"items_purged":[],"score":256,"play_id":"5d2e3606-2cf8-4e8a-a921-c7d55492829b","local_time":"20210210101925","is_ascension_mode":true,"campfire_choices":[{"data":"bronze:Replicate","floor":1,"key":"SMITH"},{"data":"bronze:BurnOut","floor":9,"key":"SMITH"},{"data":"bronze:Mutator","floor":18,"key":"SMITH"},{"floor":25,"key":"REST"}],"circlet_count":0,"master_deck":["bronze:Strike+1","bronze:Strike+1","bronze:Strike+1","bronze:Defend+1","bronze:Defend+1","bronze:Defend+1","bronze:Replicate+1","bronze:Goto","Finesse","bronze:BronzeArmor","bronze:FineTuning","bronze:Shell","bronze:WhirlingStrike","bronze:BurnOut+1","bronze:DelayedSlice","bronze:ChosenStrike","bronze:WhirlingStrike","bronze:Shield","bronze:Overheat","bronze:Virus","bronze:Constructor","bronze:Mutator+1","bronze:ForceShield","bronze:WildBeam","bronze:InfiniteBeams+1","bronze:Shell+1"],"relics":["bronze:BronzeCore","Pantograph","conspire:BottledYoYo","downfall:HeartBlessingGreen","SacredBark","StrikeDummy"],"acts_visited":["Exordium","TheCity"],"potions_floor_usage":[8,10,16,20,20,20,26],"damage_taken":[{"damage":6,"enemies":"Jaw Worm","floor":2,"turns":3},{"damage":0,"enemies":"Cultist","floor":3,"turns":4},{"damage":0,"enemies":"Small Slimes","floor":5,"turns":3},{"damage":0,"enemies":"Blue Slaver","floor":6,"turns":4},{"damage":0,"enemies":"Lagavulin","floor":8,"turns":2},{"damage":2,"enemies":"downfall:FleeingMerchant","floor":10,"turns":4},{"damage":16,"enemies":"Exordium Thugs","floor":11,"turns":3},{"damage":12,"enemies":"Exordium Wildlife","floor":12,"turns":4},{"damage":1,"enemies":"Gremlin Gang","floor":13,"turns":3},{"damage":7,"enemies":"Exordium Thugs","floor":15,"turns":3},{"damage":48,"enemies":"WA_ARCHETYPE_RETAIN","floor":16,"turns":8},{"damage":48,"enemies":"conspire:FuzzyDice","floor":19,"turns":6},{"damage":12,"enemies":"Shell Parasite","floor":20,"turns":4},{"damage":28,"enemies":"Snecko","floor":21,"turns":8},{"damage":21,"enemies":"Snake Plant","floor":26,"turns":4},{"damage":22,"enemies":"conspire:HollyBat","floor":27,"turns":6}],"seed_played":"6252296616355418831","potions_obtained":[{"floor":2,"key":"infinitespire:BlackPotion"},{"floor":8,"key":"Fire Potion"},{"floor":12,"key":"Strength Potion"},{"floor":15,"key":"sneckomod:MuddlingPotion"},{"floor":16,"key":"EntropicBrew"},{"floor":19,"key":"Regen Potion"},{"floor":20,"key":"bronze:BurnAndBuffPotion"}],"is_trial":false,"path_per_floor":["R","M","M","?","M","M","T","E","R","$","M","M","M","?","M","B",null,"R","M","M","M","?","?","T","R","M","M"],"character_chosen":"THE_AUTOMATON","items_purchased":["bronze:ChosenStrike","bronze:WhirlingStrike"],"campfire_rested":1,"item_purchase_floors":[10,10],"current_hp_per_floor":[70,64,64,64,64,64,64,64,64,62,46,34,33,33,26,3,70,70,22,44,16,16,16,16,37,16,0,0,0],"gold":265,"neow_bonus":"RANDOM_COLORLESS","is_daily":false,"chose_seed":false,"campfire_upgraded":3,"win_rate":0.0,"timestamp":1612973965,"path_taken":["R","M","M","?","M","?","T","E","R","$","M","M","M","?","M","BOSS","R","M","?","M","?","?","T","R","M","M"],"items_purchased_type":["Card","Card"],"build_version":"2020-12-22","purchased_purges":0,"victory":false,"max_hp_per_floor":[70,70,70,70,70,70,70,70,70,70,70,70,70,70,70,70,70,70,70,70,70,70,70,70,70,70,70,70,70],"card_choices":[{"not_picked":["hubris:Insight","Deep Breath"],"picked":"Finesse","floor":0},{"not_picked":["bronze:BuggyMess","bronze:WildBeam"],"picked":"bronze:BronzeArmor","floor":2},{"not_picked":["bronze:Refactor","bronze:CutThrough"],"picked":"bronze:FineTuning","floor":3},{"not_picked":["bronze:DigitalCarnage","bronze:Branch"],"picked":"bronze:Shell","floor":5},{"not_picked":["bronze:Branch","bronze:BuggyMess"],"picked":"bronze:WhirlingStrike","floor":6},{"not_picked":["bronze:Overload","bronze:Frontload"],"picked":"bronze:BurnOut","floor":8},{"not_picked":["bronze:Overload","bronze:Invalidate"],"picked":"bronze:DelayedSlice","floor":10},{"not_picked":["bronze:FineTuning","bronze:BronzeArmor","bronze:Invalidate"],"picked":"SKIP","floor":11},{"not_picked":["bronze:Overload","bronze:DelayedGuard"],"picked":"bronze:Shield","floor":12},{"not_picked":["bronze:Branch","bronze:Invalidate"],"picked":"bronze:Overheat","floor":13},{"not_picked":["bronze:CloningBeam","bronze:ChosenStrike"],"picked":"bronze:Constructor","floor":15},{"not_picked":["bronze:ShipIt","bronze:InfiniteLoop"],"picked":"bronze:Mutator","floor":16},{"not_picked":["bronze:CutThrough+1","bronze:ItsAFeature"],"picked":"bronze:ForceShield","floor":19},{"not_picked":["bronze:BitShift","bronze:BugBarrage+1"],"picked":"bronze:WildBeam","floor":20},{"not_picked":["bronze:WildBeam","bronze:BuggyMess"],"picked":"bronze:InfiniteBeams+1","floor":21},{"not_picked":["bronze:CloningBeam","bronze:BuggyMess+1"],"picked":"bronze:Shell+1","floor":26}],"player_experience":2761512,"relics_obtained":[{"floor":7,"key":"Pantograph"},{"floor":8,"key":"conspire:BottledYoYo"},{"floor":24,"key":"StrikeDummy"}],"event_choices":[{"cards_removed":["bronze:Strike"],"damage_healed":0,"gold_gain":0,"player_choice":"Offered Basic","damage_taken":0,"max_hp_gain":0,"max_hp_loss":0,"event_name":"Bonfire Elementals","floor":4,"gold_loss":0}],"is_beta":false,"boss_relics":[{"not_picked":["Black Star","hubris:RunicObelisk"],"picked":"SacredBark"}],"items_purged_floors":[],"is_endless":false,"potions_floor_spawned":[2,8,12,15,16,19,20],"killed_by":"conspire:HollyBat","ascension_level":1}}