{"host":"9xq257ad8931sio9","time":1612967733,"event":{"mods":["BaseMod","Better Third Choice","BetterRewards","Card Forge","Custom Start","Minty Spire (QoL Compilation)","StSLib","SuperFastMode","Uncapped"],"gold_per_floor":[113,130,130,143,155,155,189,205,254,287,316,316,336,511,511,614,614,628,628,643,661,661,661,672,672,672,30,65,81,30,56,56,157,157,176,176,187,1186,361,393,32,32,32,32,44,44,266,283,283,283],"floor_reached":51,"language":"ENG","playtime":3705,"items_purged":[],"score":880,"play_id":"f4848be8-de62-4711-8dde-7ed1f17f75c5","local_time":"20210210063533","is_ascension_mode":false,"campfire_choices":[{"floor":6,"key":"REST"},{"floor":12,"key":"REST"},{"floor":15,"key":"REST"},{"floor":23,"key":"REST"},{"floor":32,"key":"REST"},{"floor":44,"key":"REST"},{"floor":49,"key":"REST"}],"circlet_count":0,"master_deck":["Strike_R+1","Strike_R+1","Strike_R+1","Strike_R+1","Strike_R+1","Defend_R+1","Defend_R+1","Defend_R+1","Bash+1","Cleave+1","Feel No Pain+1","Flex+1","Perfected Strike+1","Thunderclap+1","Spot Weakness+1","Warcry+1","Flex+1","Shockwave+1","Corruption+1","Dropkick+1","Ghostly Armor+1","Flex+1","Flex+1","Flex+1","Flex+1","Flex+1","Flex+1","Flex+1","Flex+1","Iron Wave+1","Second Wind+1","Offering+1","Ghostly Armor+1","Clash+1","Flex+1","Intimidate+1","Warcry+1","Blind+1","Panacea+1","Sadistic Nature+1","Secret Weapon+1","Violence+1","Clash+1","Bludgeon+1","Rupture+1","Pain","Perfected Strike+1","Flame Barrier+1","Flex+1","Insight+1","Intimidate+1","Infernal Blade+1","Whirlwind+1","Feed+1","Anger+1","Pommel Strike+1","Anger+1","Flash of Steel+1","Entrench+1","Whirlwind+1","Madness+1","Madness+1","Sword Boomerang+1","Reaper+1"],"relics":["Burning Blood","Hammer of Thor","Seething Fire","Anvil of the Gods","Potion Belt","Lantern","Mercury Hourglass","Odd Mushroom","Cursed Key","WarpedTongs","Nilry\u0027s Codex","InkBottle","Letter Opener","Lee\u0027s Waffle","Question Card","Red Mask","Bag of Marbles","Fusion Hammer","Frozen Egg 2","Matryoshka","Vajra","Sling","Bottled Lightning","Red Skull","DollysMirror","Happy Flower","HornCleat","Kunai","Self Forming Clay"],"acts_visited":["Exordium","TheCity","TheBeyond"],"potions_floor_usage":[8,10,11,20,29,31,33,40,40,40,45,50,50],"damage_taken":[{"damage":6,"enemies":"2 Louse","floor":1,"turns":2},{"damage":11,"enemies":"Jaw Worm","floor":2,"turns":2},{"damage":0,"enemies":"Cultist","floor":4,"turns":2},{"damage":10,"enemies":"Looter","floor":5,"turns":2},{"damage":30,"enemies":"Gremlin Nob","floor":7,"turns":4},{"damage":0,"enemies":"Blue Slaver","floor":8,"turns":1},{"damage":11,"enemies":"Lagavulin","floor":10,"turns":5},{"damage":0,"enemies":"The Mushroom Lair","floor":11,"turns":2},{"damage":7,"enemies":"Red Slaver","floor":13,"turns":3},{"damage":44,"enemies":"Hexaghost","floor":16,"turns":8},{"damage":6,"enemies":"Shell Parasite","floor":18,"turns":3},{"damage":0,"enemies":"3 Byrds","floor":20,"turns":3},{"damage":8,"enemies":"Snake Plant","floor":21,"turns":2},{"damage":6,"enemies":"Shelled Parasite and Fungi","floor":24,"turns":2},{"damage":0,"enemies":"Masked Bandits","floor":28,"turns":2},{"damage":10,"enemies":"Centurion and Healer","floor":29,"turns":3},{"damage":0,"enemies":"Slavers","floor":31,"turns":2},{"damage":12,"enemies":"Automaton","floor":33,"turns":4},{"damage":0,"enemies":"Orb Walker","floor":35,"turns":1},{"damage":0,"enemies":"3 Darklings","floor":37,"turns":5},{"damage":24,"enemies":"Nemesis","floor":40,"turns":3},{"damage":17,"enemies":"Spire Growth","floor":45,"turns":2},{"damage":0,"enemies":"Jaw Worm Horde","floor":48,"turns":2},{"damage":29,"enemies":"Donu and Deca","floor":50,"turns":5}],"seed_played":"189100990929251865","potions_obtained":[{"floor":7,"key":"Swift Potion"},{"floor":8,"key":"Weak Potion"},{"floor":10,"key":"AttackPotion"},{"floor":16,"key":"SmokeBomb"},{"floor":18,"key":"SneckoOil"},{"floor":20,"key":"DuplicationPotion"},{"floor":29,"key":"Regen Potion"},{"floor":33,"key":"FearPotion"},{"floor":35,"key":"Weak Potion"},{"floor":45,"key":"Fire Potion"}],"is_trial":false,"path_per_floor":["M","M","?","M","M","R","E","M","T","E","?","R","M","?","R","B",null,"M","?","M","M","?","R","M","?","T","$","?","M","$","E","R","B",null,"M","T","M","?","$","E","$","?","T","R","M","T","?","M","R","B",null],"character_chosen":"IRONCLAD","items_purchased":["Letter Opener","Lee\u0027s Waffle","Question Card","Swift Potion","Matryoshka","Vajra","Sling","Anger","Flash of Steel","SteroidPotion","LiquidBronze","Red Skull","DollysMirror","Weak Potion"],"campfire_rested":7,"item_purchase_floors":[27,27,27,30,39,39,39,39,39,39,39,41,41,41],"current_hp_per_floor":[88,83,83,88,84,88,64,70,70,65,71,88,87,87,88,50,88,88,88,88,86,70,88,88,88,88,95,95,91,91,95,95,93,95,99,96,96,96,96,78,78,66,66,94,83,83,83,89,93,70],"gold":283,"neow_bonus":"TEN_PERCENT_HP_BONUS","is_daily":false,"chose_seed":false,"campfire_upgraded":0,"win_rate":0.0,"timestamp":1612967733,"path_taken":["M","M","?","M","M","R","E","M","T","E","?","R","M","?","R","BOSS","M","?","?","M","?","R","M","?","T","$","?","?","$","E","R","BOSS","M","?","M","?","$","E","?","?","T","R","M","?","?","M","R","BOSS"],"items_purchased_type":["Relic","Relic","Relic","Potion","Relic","Relic","Relic","Card","Card","Potion","Potion","Relic","Relic","Potion"],"build_version":"2020-12-22","purchased_purges":0,"victory":true,"max_hp_per_floor":[88,88,88,88,88,88,88,88,88,88,88,88,88,88,88,88,88,88,88,88,88,88,88,88,88,88,95,95,95,95,95,95,95,95,99,96,96,96,96,96,96,96,96,96,96,93,93,93,93,93],"card_choices":[{"not_picked":["True Grit","Intimidate"],"picked":"Flex","floor":1},{"not_picked":["Twin Strike","Combust"],"picked":"Shockwave","floor":2},{"not_picked":["Armaments","Fire Breathing"],"picked":"Dropkick","floor":4},{"not_picked":["Metallicize","Inflame"],"picked":"Ghostly Armor","floor":5},{"not_picked":["Fiend Fire","Thunderclap"],"picked":"Iron Wave","floor":7},{"not_picked":["Armaments","True Grit"],"picked":"Second Wind","floor":8},{"not_picked":["Twin Strike","Fiend Fire"],"picked":"Offering","floor":10},{"not_picked":["Pummel","Body Slam"],"picked":"Ghostly Armor","floor":11},{"not_picked":["Burning Pact","Perfected Strike"],"picked":"Clash","floor":13},{"not_picked":["Berserk","Brutality"],"picked":"Bludgeon","floor":16},{"not_picked":["Dark Embrace","Twin Strike"],"picked":"Rupture","floor":18},{"not_picked":["Headbutt","Carnage"],"picked":"Perfected Strike+1","floor":20},{"not_picked":["Headbutt","Anger"],"picked":"Flame Barrier","floor":21},{"not_picked":["Armaments","Shrug It Off"],"picked":"Flex+1","floor":24},{"not_picked":["Pummel","Fire Breathing+1","Corruption"],"picked":"Intimidate","floor":28},{"not_picked":["Shockwave","Perfected Strike+1","Warcry+1"],"picked":"Infernal Blade","floor":29},{"not_picked":["Infernal Blade","Uppercut","Twin Strike"],"picked":"Whirlwind","floor":31},{"not_picked":["Corruption","Juggernaut","Demon Form"],"picked":"Feed","floor":33},{"not_picked":["Dual Wield+1","Rampage","Cleave+1"],"picked":"Anger","floor":35},{"not_picked":["Burning Pact+1","Iron Wave","Combust+1"],"picked":"Pommel Strike+1","floor":37},{"not_picked":["Intimidate","Shockwave+1","Pummel"],"picked":"Entrench+1","floor":40},{"not_picked":["Sever Soul+1","Armaments+1","Pommel Strike+1"],"picked":"Sword Boomerang+1","floor":45},{"not_picked":["Carnage+1","Iron Wave","True Grit"],"picked":"Reaper","floor":48}],"player_experience":4887,"relics_obtained":[{"floor":7,"key":"Potion Belt"},{"floor":9,"key":"Lantern"},{"floor":10,"key":"Mercury Hourglass"},{"floor":11,"key":"Odd Mushroom"},{"floor":22,"key":"Nilry\u0027s Codex"},{"floor":26,"key":"InkBottle"},{"floor":28,"key":"Red Mask"},{"floor":31,"key":"Bag of Marbles"},{"floor":36,"key":"Frozen Egg 2"},{"floor":40,"key":"Bottled Lightning"},{"floor":43,"key":"Happy Flower"},{"floor":43,"key":"HornCleat"},{"floor":46,"key":"Kunai"},{"floor":46,"key":"Self Forming Clay"}],"event_choices":[{"damage_healed":0,"gold_gain":0,"cards_transformed":["Defend_R"],"player_choice":"Change","damage_taken":0,"max_hp_gain":0,"max_hp_loss":0,"event_name":"Living Wall","floor":3,"gold_loss":0,"cards_obtained":["Corruption"]},{"damage_healed":0,"gold_gain":0,"player_choice":"Fought Mushrooms","damage_taken":0,"max_hp_gain":0,"max_hp_loss":0,"event_name":"Mushrooms","floor":11,"gold_loss":0},{"damage_healed":0,"gold_gain":175,"player_choice":"AGREE","damage_taken":336,"max_hp_gain":0,"max_hp_loss":0,"event_name":"betterThird:BetterSerpent","floor":14,"gold_loss":0},{"damage_healed":0,"gold_gain":0,"player_choice":"Rummage","damage_taken":0,"relics_obtained":["WarpedTongs"],"max_hp_gain":0,"max_hp_loss":0,"event_name":"Accursed Blacksmith","floor":19,"gold_loss":0,"cards_obtained":["Pain"]},{"damage_healed":0,"gold_gain":0,"player_choice":"Obtained Book","damage_taken":16,"max_hp_gain":0,"max_hp_loss":0,"event_name":"Cursed Tome","floor":22,"gold_loss":0},{"damage_healed":0,"gold_gain":0,"player_choice":"Insight","damage_taken":0,"max_hp_gain":0,"max_hp_loss":0,"event_name":"betterThird:BetterWriting","floor":25,"gold_loss":0,"cards_obtained":["Insight"]},{"damage_healed":0,"gold_gain":0,"player_choice":"Fought Bandits","damage_taken":0,"max_hp_gain":0,"max_hp_loss":0,"event_name":"Masked Bandits","floor":28,"gold_loss":0},{"damage_healed":0,"gold_gain":999,"player_choice":"Gold","damage_taken":0,"max_hp_gain":0,"max_hp_loss":0,"event_name":"MindBloom","floor":38,"gold_loss":0,"cards_obtained":["Normality","Normality"]},{"damage_healed":0,"gold_gain":0,"player_choice":"Embrace Madness","damage_taken":12,"max_hp_gain":0,"max_hp_loss":0,"event_name":"Winding Halls","floor":42,"gold_loss":0,"cards_obtained":["Madness","Madness"]},{"damage_healed":0,"gold_gain":222,"player_choice":"Wore Mask","damage_taken":0,"max_hp_gain":0,"max_hp_loss":0,"event_name":"Tomb of Lord Red Mask","floor":47,"gold_loss":0}],"is_beta":false,"boss_relics":[{"not_picked":["Runic Pyramid","SlaversCollar"],"picked":"Cursed Key"},{"not_picked":["Runic Dome","Mark of Pain"],"picked":"Fusion Hammer"}],"items_purged_floors":[],"is_endless":false,"potions_floor_spawned":[7,8,10,16,18,20,29,33,35,45],"ascension_level":0}}