{"host":"aqym1xxr3lb31d9m","time":1612952906,"event":{"mods":["BaseMod","Block Reminder","Colored Map","Colored Powertips","DeckTracker","Highlight Path","Minty Spire (QoL Compilation)","Quick Restart","Random Character Button","StSLib","SuperFastMode","UnlockEverythingMod"],"gold_per_floor":[117,132,132,132,132,132,145,198,252,265,265,315,328,353,353,444,444,458,458,5,29,29,29,29],"floor_reached":23,"language":"JPN","playtime":670,"items_purged":["Writhe"],"score":382,"play_id":"c06fed72-96e6-493d-91c9-8e721d722d4b","local_time":"20210210192826","is_ascension_mode":true,"campfire_choices":[{"data":"Bash","floor":6,"key":"SMITH"},{"data":"Inflame","floor":11,"key":"SMITH"},{"data":"Clothesline","floor":15,"key":"SMITH"}],"circlet_count":0,"master_deck":["AscendersBane","Strike_R","Strike_R","Strike_R","Strike_R","Strike_R","Defend_R","Defend_R","Defend_R","Defend_R","Bash+1","Transmutation","Inflame+1","Wild Strike","Sever Soul","Clothesline+1","Pummel","Reckless Charge","Dropkick","Demon Form","Whirlwind"],"relics":["Burning Blood","Centennial Puzzle","Bloody Idol","Blood Vial","Toy Ornithopter","Coffee Dripper","Frozen Egg 2","MealTicket","Frozen Eye"],"acts_visited":["Exordium","TheCity"],"potions_floor_usage":[10,14,16,21,23],"damage_taken":[{"damage":7,"enemies":"Cultist","floor":1,"turns":4},{"damage":4,"enemies":"Small Slimes","floor":2,"turns":4},{"damage":12,"enemies":"Jaw Worm","floor":7,"turns":2},{"damage":33,"enemies":"Lagavulin","floor":8,"turns":7},{"damage":6,"enemies":"Blue Slaver","floor":10,"turns":3},{"damage":6,"enemies":"3 Louse","floor":13,"turns":2},{"damage":7,"enemies":"Lots of Slimes","floor":14,"turns":3},{"damage":8,"enemies":"The Guardian","floor":16,"turns":6},{"damage":49,"enemies":"Shell Parasite","floor":18,"turns":4},{"damage":25,"enemies":"2 Thieves","floor":21,"turns":4},{"damage":17,"enemies":"Gremlin Leader","floor":23,"turns":1}],"seed_played":"8773381139157671804","potions_obtained":[{"floor":1,"key":"BlessingOfTheForge"},{"floor":8,"key":"AttackPotion"},{"floor":13,"key":"Block Potion"},{"floor":14,"key":"PowerPotion"},{"floor":18,"key":"BlessingOfTheForge"}],"is_trial":false,"path_per_floor":["M","M","?","T","?","R","M","E","T","M","R","?","M","M","R","B",null,"M","?","$","M","?","E"],"character_chosen":"IRONCLAD","items_purchased":["MealTicket","PowerPotion","Frozen Eye"],"campfire_rested":0,"item_purchase_floors":[20,20,20],"current_hp_per_floor":[49,51,51,51,51,51,45,18,18,25,25,25,27,33,33,38,61,20,20,20,8,8,0,0],"gold":29,"neow_bonus":"RANDOM_COLORLESS_2","is_daily":false,"chose_seed":false,"campfire_upgraded":3,"win_rate":0.0,"timestamp":1612952906,"path_taken":["M","?","?","?","?","R","M","E","T","M","R","?","?","M","R","BOSS","M","?","$","M","?","E"],"items_purchased_type":["Relic","Potion","Relic"],"build_version":"2020-12-22","purchased_purges":1,"victory":false,"max_hp_per_floor":[75,75,75,75,68,68,68,68,68,68,68,68,68,68,68,68,68,68,68,68,68,68,68,68],"card_choices":[{"not_picked":["Panache","Secret Technique"],"picked":"Transmutation","floor":0},{"not_picked":["Iron Wave","Pummel"],"picked":"Inflame","floor":1},{"not_picked":["Warcry","Twin Strike"],"picked":"Wild Strike","floor":2},{"not_picked":["Headbutt","Juggernaut"],"picked":"Sever Soul","floor":7},{"not_picked":["Sever Soul","Exhume"],"picked":"Clothesline","floor":8},{"not_picked":["Rampage","Anger"],"picked":"Pummel","floor":10},{"not_picked":["Flex","Twin Strike"],"picked":"Reckless Charge","floor":13},{"not_picked":["Heavy Blade","Rampage"],"picked":"Dropkick","floor":14},{"not_picked":["Limit Break","Reaper"],"picked":"Demon Form","floor":16},{"not_picked":["Spot Weakness","Rupture","Sever Soul"],"picked":"SKIP","floor":18},{"not_picked":["Armaments","Clothesline"],"picked":"Whirlwind","floor":21}],"player_experience":4197495,"relics_obtained":[{"floor":4,"key":"Centennial Puzzle"},{"floor":8,"key":"Blood Vial"},{"floor":9,"key":"Toy Ornithopter"}],"event_choices":[{"damage_healed":0,"gold_gain":0,"player_choice":"Ignored","damage_taken":0,"max_hp_gain":0,"max_hp_loss":0,"event_name":"Liars Game","floor":3,"gold_loss":0},{"damage_healed":0,"gold_gain":0,"player_choice":"Lose Max HP","damage_taken":0,"relics_obtained":["Golden Idol"],"max_hp_gain":0,"max_hp_loss":7,"event_name":"Golden Idol","floor":5,"gold_loss":0},{"damage_healed":0,"gold_gain":50,"player_choice":"Pray","damage_taken":0,"max_hp_gain":0,"max_hp_loss":0,"event_name":"Golden Shrine","floor":12,"gold_loss":0},{"damage_healed":0,"gold_gain":0,"player_choice":"Opened","damage_taken":0,"relics_obtained":["Frozen Egg 2"],"max_hp_gain":0,"max_hp_loss":0,"event_name":"The Mausoleum","floor":19,"gold_loss":0,"cards_obtained":["Writhe"]},{"damage_healed":0,"gold_gain":0,"player_choice":"Gave Idol","damage_taken":0,"relics_obtained":["Bloody Idol"],"max_hp_gain":0,"max_hp_loss":0,"event_name":"Forgotten Altar","floor":22,"relics_lost":["Golden Idol"],"gold_loss":0}],"is_beta":false,"boss_relics":[{"not_picked":["Calling Bell","Empty Cage"],"picked":"Coffee Dripper"}],"items_purged_floors":[20],"is_endless":false,"potions_floor_spawned":[1,8,13,14,18],"killed_by":"Gremlin Leader","ascension_level":20}}