{"host":"4rvakrj1idbgia3f","time":1612985839,"event":{"mods":["BaseMod","Colored Map","Colored Powertips","DeckTracker","Highlight Path","Minty Spire (QoL Compilation)","Random Character Button","StSLib"],"gold_per_floor":[116,126,140,215,215,215,55,55,79,79,95,95,95],"floor_reached":12,"language":"JPN","playtime":398,"items_purged":["Strike_B"],"score":136,"play_id":"da2bc89b-5f7d-49f2-9eb6-8fd9210d5286","local_time":"20210211043719","is_ascension_mode":true,"campfire_choices":[{"data":"Streamline","floor":6.0,"key":"SMITH"},{"data":"Loop","floor":8.0,"key":"SMITH"},{"data":"Zap","floor":10.0,"key":"SMITH"}],"circlet_count":0,"master_deck":["AscendersBane","Strike_B","Strike_B","Strike_B","Defend_B","Defend_B","Defend_B","Defend_B","Zap+1","Dualcast","Rebound","Streamline+1","Ball Lightning","Coolheaded","Loop+1","Defragment"],"relics":["Cracked Core","CultistMask","Nunchaku"],"acts_visited":["Exordium"],"potions_floor_usage":[],"damage_taken":[{"damage":7.0,"enemies":"Small Slimes","floor":1.0,"turns":2.0},{"damage":1.0,"enemies":"Cultist","floor":2.0,"turns":3.0},{"damage":3.0,"enemies":"2 Louse","floor":3.0,"turns":2.0},{"damage":14,"enemies":"Exordium Thugs","floor":11,"turns":4},{"damage":33,"enemies":"3 Sentries","floor":12,"turns":4}],"seed_played":"-7850532627844824298","potions_obtained":[],"is_trial":false,"path_per_floor":["M","M","M","?","?","R","$","R","T","R","M","E"],"character_chosen":"DEFECT","items_purchased":["Loop"],"campfire_rested":0,"item_purchase_floors":[7],"current_hp_per_floor":[57,56,53,42,42,42,42,42,42,42,28,0,0],"gold":95,"neow_bonus":"THREE_CARDS","is_daily":false,"chose_seed":false,"campfire_upgraded":3,"win_rate":0.0,"timestamp":1612985839,"path_taken":["M","M","M","?","?","R","$","R","T","R","M","E"],"items_purchased_type":["Card"],"build_version":"2020-12-22","purchased_purges":1,"victory":false,"max_hp_per_floor":[71,71,71,71,71,71,71,71,71,71,71,71,71],"card_choices":[{"not_picked":["Reprogram","Fusion"],"picked":"Rebound","floor":0.0},{"not_picked":["Conserve Battery","Auto Shields"],"picked":"Streamline","floor":1.0},{"not_picked":["Rebound","FTL"],"picked":"Ball Lightning","floor":2.0},{"not_picked":["Heatsinks","Go for the Eyes"],"picked":"Coolheaded","floor":3.0},{"not_picked":["Cold Snap","Darkness"],"picked":"Defragment","floor":11}],"player_experience":2257004,"relics_obtained":[{"floor":9.0,"key":"Nunchaku"}],"event_choices":[{"damage_healed":0.0,"max_hp_gain":0.0,"max_hp_loss":0.0,"gold_gain":75.0,"event_name":"World of Goop","player_choice":"Gather Gold","floor":4.0,"gold_loss":0.0,"damage_taken":11.0},{"damage_healed":0.0,"max_hp_gain":0.0,"max_hp_loss":0.0,"gold_gain":0.0,"event_name":"FaceTrader","player_choice":"Trade","floor":5.0,"gold_loss":0.0,"damage_taken":0.0,"relics_obtained":["CultistMask"]}],"is_beta":false,"boss_relics":[],"items_purged_floors":[7],"is_endless":false,"potions_floor_spawned":[],"killed_by":"3 Sentries","ascension_level":20}}