{"host":"qxeepl7ydvsgmfdb","time":1612978472,"event":{"mods":["AchievementEnabler","BaseMod","Colored Powertips","Minty Spire (QoL Compilation)","Quick Restart","slay the spire mod where everything is the same but ironclad has a cowboy hat"],"gold_per_floor":[114,189,122,222,240,240,268,268,294,294,325,335,300,311,311,408,408,422,442,278,278,278,278,290,290,315,315,315,24,56,56,56,56,56],"floor_reached":33,"language":"ENG","playtime":786,"items_purged":["Strike_G"],"score":506,"play_id":"df641b17-1837-4a7b-b929-8594b159a32e","local_time":"20210210123432","is_ascension_mode":true,"campfire_choices":[{"data":"Noxious Fumes","floor":6,"key":"SMITH"},{"data":"Slice","floor":10,"key":"SMITH"},{"floor":15,"key":"REST"},{"floor":23,"key":"REST"},{"floor":25,"key":"REST"},{"floor":32,"key":"REST"}],"circlet_count":0,"master_deck":["AscendersBane","Strike_G","Strike_G","Defend_G","Defend_G","Defend_G","Defend_G","Defend_G","Survivor","Neutralize","Noxious Fumes+1","Slice+1","Cloak And Dagger","Backstab","Venomology","Blade Dance","Noxious Fumes","Deadly Poison","Writhe","Footwork"],"relics":["Ring of the Snake","NeowsBlessing","Regal Pillow","Pen Nib","Toy Ornithopter","Black Star","HornCleat","MealTicket","The Specimen","Happy Flower","Letter Opener"],"acts_visited":["Exordium","TheCity"],"potions_floor_usage":[11,16,18,19,28,28,30,31,33],"damage_taken":[{"damage":0,"enemies":"Jaw Worm","floor":1,"turns":1},{"damage":0,"enemies":"Cultist","floor":5,"turns":1},{"damage":0,"enemies":"Gremlin Nob","floor":7,"turns":1},{"damage":35,"enemies":"Lagavulin","floor":11,"turns":7},{"damage":1,"enemies":"2 Louse","floor":12,"turns":4},{"damage":1,"enemies":"Looter","floor":14,"turns":3},{"damage":55,"enemies":"Hexaghost","floor":16,"turns":13},{"damage":13,"enemies":"Chosen","floor":18,"turns":5},{"damage":30,"enemies":"Shell Parasite","floor":19,"turns":6},{"damage":29,"enemies":"Snake Plant","floor":24,"turns":6},{"damage":0,"enemies":"Slavers","floor":28,"turns":1},{"damage":42,"enemies":"Book of Stabbing","floor":30,"turns":7},{"damage":0,"enemies":"Centurion and Healer","floor":31,"turns":1},{"damage":92,"enemies":"Champ","floor":33,"turns":11}],"seed_played":"-3955980244121814995","potions_obtained":[{"floor":5,"key":"Dexterity Potion"},{"floor":7,"key":"ColorlessPotion"},{"floor":11,"key":"SpeedPotion"},{"floor":18,"key":"Block Potion"},{"floor":24,"key":"PowerPotion"}],"is_trial":false,"path_per_floor":["M","?","$","?","M","R","E","?","T","R","E","M","?","M","R","B",null,"M","M","$","?","?","R","M","R","T","?","E","$","E","M","R","B"],"character_chosen":"THE_SILENT","items_purchased":["Noxious Fumes","Noxious Fumes","Deadly Poison","The Specimen"],"campfire_rested":4,"item_purchase_floors":[3,20,20,29],"current_hp_per_floor":[63,52,52,52,52,52,52,52,52,52,17,16,33,32,68,15,56,48,23,23,23,23,59,30,66,66,53,63,75,38,43,75,0,0],"gold":56,"neow_bonus":"THREE_ENEMY_KILL","is_daily":false,"chose_seed":false,"campfire_upgraded":2,"win_rate":0.0,"timestamp":1612978472,"path_taken":["M","?","$","?","?","R","E","?","T","R","E","?","?","M","R","BOSS","M","M","$","?","?","R","?","R","T","?","E","$","E","M","R","BOSS"],"items_purchased_type":["Card","Card","Card","Relic"],"build_version":"2020-12-22","purchased_purges":1,"victory":false,"max_hp_per_floor":[70,70,70,70,70,70,70,70,70,70,70,70,70,70,70,70,70,70,70,70,70,70,70,70,70,70,75,75,75,75,75,75,75,75],"card_choices":[{"not_picked":["Sucker Punch","Underhanded Strike","Concentrate"],"picked":"SKIP","floor":1},{"not_picked":["Prepared","PiercingWail","Infinite Blades"],"picked":"SKIP","floor":5},{"not_picked":["Flying Knee","Heel Hook"],"picked":"Slice","floor":7},{"not_picked":["Leg Sweep","Choke"],"picked":"Cloak And Dagger","floor":11},{"not_picked":["Cloak And Dagger","Slice"],"picked":"Backstab","floor":12},{"not_picked":["Concentrate","Outmaneuver","Dagger Throw"],"picked":"SKIP","floor":14},{"not_picked":["A Thousand Cuts","Malaise"],"picked":"Venomology","floor":16},{"not_picked":["Acrobatics","Masterful Stab+1"],"picked":"Blade Dance","floor":18},{"not_picked":["Acrobatics","Quick Slash+1","Sucker Punch"],"picked":"SKIP","floor":19},{"not_picked":["Flying Knee+1","Concentrate","Expertise"],"picked":"SKIP","floor":24},{"not_picked":["Setup","Crippling Poison","Well Laid Plans"],"picked":"SKIP","floor":30}],"player_experience":152586,"relics_obtained":[{"floor":7,"key":"Regal Pillow"},{"floor":9,"key":"Pen Nib"},{"floor":11,"key":"Toy Ornithopter"},{"floor":26,"key":"MealTicket"},{"floor":30,"key":"Happy Flower"},{"floor":30,"key":"Letter Opener"}],"event_choices":[{"damage_healed":0,"gold_gain":75,"player_choice":"Gather Gold","damage_taken":11,"max_hp_gain":0,"max_hp_loss":0,"event_name":"World of Goop","floor":2,"gold_loss":0},{"damage_healed":0,"gold_gain":100,"player_choice":"Gold","damage_taken":0,"max_hp_gain":0,"max_hp_loss":0,"event_name":"Wheel of Change","floor":4,"gold_loss":0},{"cards_removed":["Strike_G"],"damage_healed":0,"gold_gain":0,"player_choice":"Purged","damage_taken":0,"max_hp_gain":0,"max_hp_loss":0,"event_name":"Purifier","floor":8,"gold_loss":0},{"damage_healed":17,"gold_gain":0,"player_choice":"Healed","damage_taken":0,"max_hp_gain":0,"max_hp_loss":0,"event_name":"The Cleric","floor":13,"gold_loss":35},{"damage_healed":0,"gold_gain":0,"player_choice":"Opened","damage_taken":0,"relics_obtained":["HornCleat"],"max_hp_gain":0,"max_hp_loss":0,"event_name":"The Mausoleum","floor":21,"gold_loss":0,"cards_obtained":["Writhe"]},{"damage_healed":0,"gold_gain":0,"cards_transformed":["Strike_G"],"player_choice":"Transformed","damage_taken":0,"max_hp_gain":0,"max_hp_loss":0,"event_name":"Transmorgrifier","floor":22,"gold_loss":0,"cards_obtained":["Footwork"]},{"damage_healed":0,"gold_gain":0,"player_choice":"Shed Blood","damage_taken":18,"max_hp_gain":5,"max_hp_loss":0,"event_name":"Forgotten Altar","floor":27,"gold_loss":0}],"is_beta":false,"boss_relics":[{"not_picked":["Velvet Choker","HoveringKite"],"picked":"Black Star"}],"items_purged_floors":[20],"is_endless":false,"potions_floor_spawned":[5,7,11,18,24,28,31],"killed_by":"Champ","ascension_level":12}}