{"host":"mqhvlr3kpxebko0t","time":1612967045,"event":{"mods":["AchievementEnabler","BaseMod","Colored Map","Colored Powertips","KOR Keyword Fix","Keyboard Shortcuts","Minty Spire (QoL Compilation)","StSLib","SuperFastMode"],"gold_per_floor":[115,129,204,223,59,59,69,41,66,76,91,91,107,127,127,127,127],"floor_reached":16,"language":"KOR","playtime":325,"items_purged":["Strike_R"],"score":192,"play_id":"5879b3a1-6a38-4331-aab6-a1029215471e","local_time":"20210210232405","is_ascension_mode":true,"campfire_choices":[{"data":"Pommel Strike","floor":6,"key":"SMITH"},{"floor":15,"key":"REST"}],"circlet_count":0,"master_deck":["AscendersBane","Strike_R","Strike_R","Strike_R","Defend_R","Defend_R","Defend_R","Defend_R","Bash","Second Wind","Pommel Strike+1","Evolve","Shrug It Off","Warcry","Uppercut"],"relics":["Burning Blood","Akabeko"],"acts_visited":["Exordium"],"potions_floor_usage":[11,11,14,16],"damage_taken":[{"damage":11,"enemies":"Small Slimes","floor":1,"turns":4},{"damage":0,"enemies":"2 Louse","floor":2,"turns":3},{"damage":12,"enemies":"Cultist","floor":4,"turns":4},{"damage":47,"enemies":"Exordium Thugs","floor":7,"turns":7},{"damage":16,"enemies":"2 Fungi Beasts","floor":10,"turns":4},{"damage":8,"enemies":"3 Louse","floor":11,"turns":3},{"damage":6,"enemies":"Blue Slaver","floor":13,"turns":4},{"damage":29,"enemies":"Gremlin Gang","floor":14,"turns":5},{"damage":26,"enemies":"The Guardian","floor":16,"turns":6}],"seed_played":"1613256895941467616","potions_obtained":[{"floor":2,"key":"BloodPotion"},{"floor":4,"key":"Energy Potion"},{"floor":10,"key":"Regen Potion"},{"floor":13,"key":"Explosive Potion"},{"floor":14,"key":"SkillPotion"}],"is_trial":false,"path_per_floor":["M","M","?","M","$","R","M","$","T","M","M","?","M","M","R","B"],"character_chosen":"IRONCLAD","items_purchased":["Evolve","Warcry"],"campfire_rested":1,"item_purchase_floors":[5,8],"current_hp_per_floor":[70,76,65,59,59,59,18,18,18,8,31,31,31,8,32,6,6],"gold":127,"neow_bonus":"TEN_PERCENT_HP_BONUS","is_daily":false,"chose_seed":false,"campfire_upgraded":1,"win_rate":0.0,"timestamp":1612967045,"path_taken":["M","M","?","M","$","R","M","$","T","M","M","?","M","M","R","BOSS"],"items_purchased_type":["Card","Card"],"build_version":"2020-12-22","purchased_purges":1,"victory":false,"max_hp_per_floor":[82,82,82,82,82,82,82,82,82,82,82,82,82,82,82,82,82],"card_choices":[{"not_picked":["Iron Wave","Evolve"],"picked":"Second Wind","floor":1},{"not_picked":["Reckless Charge","Sentinel","Clash"],"picked":"SKIP","floor":2},{"not_picked":["Sword Boomerang","Armaments"],"picked":"Pommel Strike","floor":4},{"not_picked":["Bludgeon","Twin Strike"],"picked":"Shrug It Off","floor":7},{"not_picked":["Heavy Blade","Combust"],"picked":"Uppercut","floor":10},{"not_picked":["Burning Pact","Wild Strike","Clash"],"picked":"SKIP","floor":11},{"not_picked":["Perfected Strike","Feel No Pain","Body Slam"],"picked":"SKIP","floor":13},{"not_picked":["Pummel","Ghostly Armor","Fire Breathing"],"picked":"SKIP","floor":14}],"player_experience":704099,"relics_obtained":[{"floor":9,"key":"Akabeko"}],"event_choices":[{"damage_healed":0,"gold_gain":75,"player_choice":"Gather Gold","damage_taken":11,"max_hp_gain":0,"max_hp_loss":0,"event_name":"World of Goop","floor":3,"gold_loss":0},{"cards_removed":["Strike_R"],"damage_healed":0,"gold_gain":0,"player_choice":"Purged","damage_taken":0,"max_hp_gain":0,"max_hp_loss":0,"event_name":"Purifier","floor":12,"gold_loss":0}],"is_beta":false,"boss_relics":[],"items_purged_floors":[5],"is_endless":false,"potions_floor_spawned":[2,4,10,13,14],"killed_by":"The Guardian","ascension_level":20}}