{"host":"f9ntswufr8mq3t4y","time":1612957272,"event":{"mods":["AchievementEnabler","BaseMod","Best Route Mod","Block Reminder","Colored Map","Colored Powertips","Curses Come First","DeckTracker","Displayed Cursed Tome","Highlight Path","Minty Spire (QoL Compilation)","Permanent Neow","Quick Restart","Slay-I","StSLib"],"gold_per_floor":[138,178,217,291,50,50,92,92,165,165,199,238,238,306,306,422,422,456,305,316,336,336],"floor_reached":21,"language":"ENG","playtime":1067,"items_purged":[],"score":228,"play_id":"dc1cdda0-49f8-46fe-a112-0bce636b2b17","local_time":"20210210144112","is_ascension_mode":true,"campfire_choices":[{"data":"Armaments","floor":6,"key":"SMITH"},{"floor":8,"key":"REST"},{"data":"True Grit","floor":15,"key":"SMITH"}],"circlet_count":0,"master_deck":["Strike_R","Strike_R","Strike_R","Defend_R","Defend_R","Defend_R","Defend_R","Bash","HandOfGreed","Clash","Armaments+1","Bloodletting","Cleave","True Grit+1","Reaper","Infernal Blade","Uppercut"],"relics":["Burning Blood","Toy Ornithopter","The Courier","Black Star","Strange Spoon"],"acts_visited":["TheCity"],"potions_floor_usage":[16,16,20],"damage_taken":[{"damage":1,"enemies":"Cultist","floor":1,"turns":3},{"damage":7,"enemies":"Jaw Worm","floor":2,"turns":3},{"damage":0,"enemies":"Small Slimes","floor":3,"turns":2},{"damage":18,"enemies":"Gremlin Gang","floor":4,"turns":5},{"damage":8,"enemies":"Blue Slaver","floor":7,"turns":3},{"damage":12,"enemies":"3 Louse","floor":11,"turns":3},{"damage":6,"enemies":"Looter","floor":12,"turns":2},{"damage":16,"enemies":"Lots of Slimes","floor":14,"turns":5},{"damage":48,"enemies":"Hexaghost","floor":16,"turns":13},{"damage":62,"enemies":"3 Byrds","floor":18,"turns":8},{"damage":25,"enemies":"Shell Parasite","floor":20,"turns":6},{"damage":31,"enemies":"Shelled Parasite and Fungi","floor":21,"turns":2}],"seed_played":"4588274706058039017","potions_obtained":[{"floor":4,"key":"AttackPotion"},{"floor":11,"key":"AttackPotion"},{"floor":16,"key":"SkillPotion"},{"floor":20,"key":"SpeedPotion"}],"is_trial":false,"path_per_floor":["M","M","M","M","$","R","M","R","T","?","M","M","?","M","R","B",null,"M","$","M","M"],"character_chosen":"IRONCLAD","items_purchased":["Toy Ornithopter","FairyPotion","Uppercut","Strange Spoon"],"campfire_rested":1,"item_purchase_floors":[5,5,19,19],"current_hp_per_floor":[72,71,72,60,60,60,58,72,72,65,59,59,59,49,49,17,58,8,8,21,0,0],"gold":336,"neow_bonus":"RANDOM_COLORLESS_2","is_daily":false,"chose_seed":false,"campfire_upgraded":2,"win_rate":0.0,"timestamp":1612957272,"path_taken":["M","M","M","M","$","R","?","R","T","?","M","M","?","M","R","BOSS","M","$","M","?"],"items_purchased_type":["Relic","Potion","Card","Relic"],"build_version":"2020-12-22","purchased_purges":0,"victory":false,"max_hp_per_floor":[72,72,72,72,72,72,72,72,72,72,72,72,72,72,72,72,72,72,72,72,72,72],"card_choices":[{"not_picked":["Violence","Panache"],"picked":"HandOfGreed","floor":0},{"not_picked":["Heavy Blade","Armaments"],"picked":"Clash","floor":1},{"not_picked":["Sword Boomerang","Pummel"],"picked":"Armaments","floor":2},{"not_picked":["Disarm","Headbutt"],"picked":"Bloodletting","floor":3},{"not_picked":["Sever Soul","Anger","Wild Strike"],"picked":"SKIP","floor":4},{"not_picked":["Body Slam","Havoc","Seeing Red"],"picked":"SKIP","floor":7},{"not_picked":["Pummel","Clothesline"],"picked":"Cleave","floor":11},{"not_picked":["Evolve","Fiend Fire","Sever Soul"],"picked":"SKIP","floor":12},{"not_picked":["Reckless Charge","Burning Pact"],"picked":"True Grit","floor":14},{"not_picked":["Limit Break","Barricade"],"picked":"Reaper","floor":16},{"not_picked":["Anger","Battle Trance"],"picked":"Infernal Blade","floor":18},{"not_picked":["Havoc","Wild Strike","Armaments"],"picked":"SKIP","floor":20}],"player_experience":422977,"relics_obtained":[{"floor":9,"key":"The Courier"}],"event_choices":[{"cards_removed":["Strike_R"],"damage_healed":0,"gold_gain":0,"player_choice":"Card Removal","damage_taken":7,"max_hp_gain":0,"max_hp_loss":0,"event_name":"Golden Wing","floor":10,"gold_loss":0},{"cards_removed":["Strike_R"],"damage_healed":0,"gold_gain":0,"player_choice":"Card Removal","damage_taken":0,"max_hp_gain":0,"max_hp_loss":0,"event_name":"Wheel of Change","floor":13,"gold_loss":0}],"is_beta":false,"boss_relics":[{"not_picked":["Pandora\u0027s Box","Snecko Eye"],"picked":"Black Star"}],"items_purged_floors":[],"is_endless":false,"potions_floor_spawned":[4,11,16,20],"killed_by":"Shelled Parasite and Fungi","ascension_level":6}}