{"host":"6pgtslebjnyv5xmi","time":1612964499,"event":{"mods":["AchievementEnabler","BaseMod","Colored Map","Minty Spire (QoL Compilation)","Rare Cards Sparkle","StSLib","SuperFastMode","The Cursed","everything is the same but u backflip on backflip"],"gold_per_floor":[113,188,188,188,208,208,220,200,223,243,259,22,48,59,59,59,59],"floor_reached":16,"language":"KOR","playtime":594,"items_purged":["Strike_R"],"score":194,"play_id":"694d924d-4ea6-402c-b898-f7cab13f1a8b","local_time":"20210210224139","is_ascension_mode":true,"campfire_choices":[{"data":"Entrench","floor":6,"key":"SMITH"},{"floor":15,"key":"REST"}],"circlet_count":0,"master_deck":["AscendersBane","Strike_R","Strike_R","Strike_R","Defend_R","Defend_R","Defend_R","Defend_R","Bash","Entrench+1","Thunderclap","Entrench","Body Slam","Juggernaut","Shrug It Off"],"relics":["Burning Blood","Nunchaku","Bag of Marbles","Oddly Smooth Stone","Mercury Hourglass"],"acts_visited":["Exordium"],"potions_floor_usage":[11,13,14],"damage_taken":[{"damage":9,"enemies":"Small Slimes","floor":1,"turns":5},{"damage":21,"enemies":"Jaw Worm","floor":5,"turns":6},{"damage":10,"enemies":"2 Louse","floor":7,"turns":3},{"damage":23,"enemies":"Lots of Slimes","floor":10,"turns":4},{"damage":13,"enemies":"2 Fungi Beasts","floor":11,"turns":4},{"damage":32,"enemies":"Gremlin Nob","floor":13,"turns":4},{"damage":0,"enemies":"Red Slaver","floor":14,"turns":3},{"damage":46,"enemies":"Slime Boss","floor":16,"turns":8}],"seed_played":"4874267224967767145","potions_obtained":[{"floor":5,"key":"ColorlessPotion"},{"floor":8,"key":"Weak Potion"},{"floor":10,"key":"AttackPotion"},{"floor":11,"key":"Fruit Juice"},{"floor":13,"key":"Block Potion"},{"floor":14,"key":"LiquidMemories"}],"is_trial":false,"path_per_floor":["M","?","?","?","M","R","M","?","T","M","M","$","E","M","R","B"],"character_chosen":"IRONCLAD","items_purchased":["Oddly Smooth Stone"],"campfire_rested":1,"item_purchase_floors":[12],"current_hp_per_floor":[65,54,75,75,60,60,56,56,56,39,37,37,11,17,41,0,0],"gold":59,"neow_bonus":"RANDOM_COMMON_RELIC","is_daily":false,"chose_seed":false,"campfire_upgraded":1,"win_rate":0.0,"timestamp":1612964499,"path_taken":["M","?","?","?","?","R","M","?","T","?","M","$","E","M","R","BOSS"],"items_purchased_type":["Relic"],"build_version":"2020-12-22","purchased_purges":1,"victory":false,"max_hp_per_floor":[75,75,75,75,75,75,75,75,75,75,80,80,80,80,80,80,80],"card_choices":[{"not_picked":["Cleave","Body Slam"],"picked":"Entrench","floor":1},{"not_picked":["True Grit","Wild Strike"],"picked":"Thunderclap","floor":5},{"not_picked":["Inflame","Rampage","Infernal Blade"],"picked":"SKIP","floor":7},{"not_picked":["Shrug It Off","Evolve"],"picked":"Entrench","floor":10},{"not_picked":["Pommel Strike","Dark Embrace"],"picked":"Body Slam","floor":11},{"not_picked":["Entrench","Anger"],"picked":"Juggernaut","floor":13},{"not_picked":["Sword Boomerang","Anger"],"picked":"Shrug It Off","floor":14}],"player_experience":1114215,"relics_obtained":[{"floor":9,"key":"Bag of Marbles"},{"floor":13,"key":"Mercury Hourglass"}],"event_choices":[{"damage_healed":0,"gold_gain":75,"player_choice":"Gather Gold","damage_taken":11,"max_hp_gain":0,"max_hp_loss":0,"event_name":"World of Goop","floor":2,"gold_loss":0},{"damage_healed":25,"gold_gain":0,"player_choice":"Banana","damage_taken":0,"max_hp_gain":0,"max_hp_loss":0,"event_name":"Big Fish","floor":3,"gold_loss":0},{"cards_removed":["Strike_R"],"damage_healed":0,"gold_gain":0,"player_choice":"Purged","damage_taken":0,"max_hp_gain":0,"max_hp_loss":0,"event_name":"Purifier","floor":4,"gold_loss":0},{"damage_healed":0,"gold_gain":0,"player_choice":"Bought 1 Potion","damage_taken":0,"max_hp_gain":0,"max_hp_loss":0,"event_name":"The Woman in Blue","floor":8,"gold_loss":0}],"is_beta":false,"boss_relics":[],"items_purged_floors":[12],"is_endless":false,"potions_floor_spawned":[5,10,11,13,14],"killed_by":"Slime Boss","ascension_level":18}}