{"host":"3po7ngt2j61s4rmj","time":1612986948,"event":{"mods":["Act Like it!","BaseMod","Elementarium","Minty Spire (QoL Compilation)","Relic Stats","Shade Mod","StSLib","The Cursed"],"gold_per_floor":[12,12,32,56,56,56,80,105,105,105,139,414,414,414],"floor_reached":13,"language":"ENG","playtime":698,"items_purged":[],"score":123,"play_id":"b783726a-bf1a-41b4-84fa-1cb2455ea8a8","local_time":"20210210125548","is_ascension_mode":true,"campfire_choices":[{"data":"TheCursedMod:CursedWand","floor":6,"key":"SMITH"},{"data":"TheCursedMod:RavingStaff","floor":10,"key":"SMITH"}],"circlet_count":0,"master_deck":["TheCursedMod:Strike_TheCursed","TheCursedMod:Strike_TheCursed","TheCursedMod:Strike_TheCursed","TheCursedMod:Strike_TheCursed","TheCursedMod:Defend_TheCursed","TheCursedMod:Defend_TheCursed","TheCursedMod:Defend_TheCursed","TheCursedMod:Defend_TheCursed","TheCursedMod:CursedWand+1","TheCursedMod:CleanUpWorkshop","TheCursedMod:Dregs","TheCursedMod:RavingStaff+1","Injury","TheCursedMod:CircleOfFocus+1","TheCursedMod:CursedShiv","TheCursedMod:Mangle","TheCursedMod:HellfireBreathing","TheCursedMod:ParallelWorld","Regret"],"relics":["TheCursedMod:BlackMagic101","Golden Idol","Molten Egg 2","Nunchaku"],"acts_visited":["Exordium"],"potions_floor_usage":[11],"damage_taken":[{"damage":4,"enemies":"Jaw Worm","floor":1,"turns":7},{"damage":8,"enemies":"2 Louse","floor":3,"turns":2},{"damage":1,"enemies":"Cultist","floor":4,"turns":4},{"damage":10,"enemies":"3 Louse","floor":7,"turns":4},{"damage":6,"enemies":"Lots of Slimes","floor":8,"turns":4},{"damage":29,"enemies":"Lagavulin","floor":11,"turns":7},{"damage":26,"enemies":"Gremlin Nob","floor":13,"turns":3}],"seed_played":"5078309807792334511","potions_obtained":[{"floor":3,"key":"DistilledChaos"},{"floor":11,"key":"Fire Potion"}],"is_trial":false,"path_per_floor":["M","?","M","M","?","R","M","M","T","R","E","?","E"],"character_chosen":"THE_CURSED","items_purchased":[],"campfire_rested":0,"item_purchase_floors":[],"current_hp_per_floor":[78,78,70,69,69,69,59,53,53,53,24,24,0,0],"gold":414,"neow_bonus":"TWENTY_PERCENT_HP_BONUS","is_daily":false,"chose_seed":false,"campfire_upgraded":2,"win_rate":0.0,"timestamp":1612986948,"path_taken":["M","?","M","M","?","R","M","?","T","R","E","?","E"],"items_purchased_type":[],"build_version":"2020-12-22","purchased_purges":0,"victory":false,"max_hp_per_floor":[89,89,89,89,89,89,89,89,89,89,89,89,89,89],"relic_stats":{"Nunchaku":[0],"counters":[7,30],"Golden Idol":26,"obtain_stats":[{"TheCursedMod:BlackMagic101":0,"Nunchaku":11,"Golden Idol":2,"Molten Egg 2":9},{"TheCursedMod:BlackMagic101":0,"Nunchaku":6,"Golden Idol":1,"Molten Egg 2":5},{"TheCursedMod:BlackMagic101":0,"Nunchaku":27,"Golden Idol":7,"Molten Egg 2":21}]},"card_choices":[{"not_picked":["TheCursedMod:SmokeScreen","TheCursedMod:Stretching"],"picked":"TheCursedMod:RavingStaff","floor":1},{"not_picked":["TheCursedMod:CursedShiv","TheCursedMod:BloodBarrier"],"picked":"TheCursedMod:CircleOfFocus","floor":3},{"not_picked":["TheCursedMod:Torture","TheCursedMod:CircleOfAmplification"],"picked":"TheCursedMod:CursedShiv","floor":4},{"not_picked":["TheCursedMod:RavingStaff","TheCursedMod:CursedShiv"],"picked":"TheCursedMod:Mangle","floor":7},{"not_picked":["TheCursedMod:RavingStaff","TheCursedMod:RapidMovement"],"picked":"TheCursedMod:HellfireBreathing","floor":8},{"not_picked":["TheCursedMod:CursedBoomerang+1","TheCursedMod:CircleOfCorruption"],"picked":"TheCursedMod:ParallelWorld","floor":11}],"player_experience":1103090,"relics_obtained":[{"floor":9,"key":"Molten Egg 2"},{"floor":11,"key":"Nunchaku"}],"event_choices":[{"damage_healed":0,"gold_gain":0,"player_choice":"Take Wound","damage_taken":0,"relics_obtained":["Golden Idol"],"max_hp_gain":0,"max_hp_loss":0,"event_name":"Golden Idol","floor":2,"gold_loss":0,"cards_obtained":["Injury"]},{"damage_healed":0,"gold_gain":0,"player_choice":"Upgraded","damage_taken":0,"max_hp_gain":0,"max_hp_loss":0,"event_name":"Upgrade Shrine","floor":5,"gold_loss":0,"cards_upgraded":["TheCursedMod:CircleOfFocus"]},{"damage_healed":0,"gold_gain":275,"player_choice":"Desecrate","damage_taken":0,"max_hp_gain":0,"max_hp_loss":0,"event_name":"Golden Shrine","floor":12,"gold_loss":0,"cards_obtained":["Regret"]}],"is_beta":false,"boss_relics":[],"items_purged_floors":[],"is_endless":false,"potions_floor_spawned":[3,11],"killed_by":"Gremlin Nob","ascension_level":9}}