{"host":"5kirneupyg4uzd3w","time":1612959226,"event":{"mods":["BaseMod","Colored Map","Custom Start","Minty Spire (QoL Compilation)","StSLib","SuperFastMode"],"gold_per_floor":[113,113,113,136,51,51,92,92,92,112,155,168,168,212,212,212,212],"floor_reached":16,"language":"KOR","playtime":429,"items_purged":[],"score":236,"play_id":"673496dd-2c58-466d-94b8-7c367fc2d166","local_time":"20210210211346","is_ascension_mode":true,"campfire_choices":[{"data":"Feed","floor":6.0,"key":"SMITH"},{"data":"Berserk","floor":8.0,"key":"SMITH"},{"floor":15.0,"key":"REST"}],"circlet_count":0,"master_deck":["AscendersBane","Strike_R","Strike_R","Strike_R","Strike_R","Defend_R","Defend_R","Defend_R","Defend_R","Bash","Shrug It Off","Feed+1","Berserk+1","Power Through","Wild Strike+1","Pommel Strike","Exhume"],"relics":["Burning Blood","NeowsBlessing","Golden Idol","Mummified Hand","Gremlin Horn","Art of War","Toy Ornithopter"],"acts_visited":["Exordium"],"potions_floor_usage":[16,16],"damage_taken":[{"damage":0.0,"enemies":"Jaw Worm","floor":1.0,"turns":1.0},{"damage":0.0,"enemies":"2 Louse","floor":4.0,"turns":2.0},{"damage":5.0,"enemies":"3 Sentries","floor":7.0,"turns":3.0},{"damage":1.0,"enemies":"Cultist","floor":10.0,"turns":3.0},{"damage":41.0,"enemies":"Gremlin Nob","floor":11.0,"turns":5.0},{"damage":10.0,"enemies":"Blue Slaver","floor":12.0,"turns":7.0},{"damage":27.0,"enemies":"3 Sentries","floor":14.0,"turns":8.0},{"damage":58,"enemies":"Slime Boss","floor":16,"turns":10}],"seed_played":"-7434805999288624426","potions_obtained":[{"floor":1.0,"key":"GamblersBrew"},{"floor":7.0,"key":"Block Potion"},{"floor":11.0,"key":"DistilledChaos"}],"is_trial":false,"path_per_floor":["M","?","?","M","$","R","E","R","T","M","E","M","?","E","R","B"],"character_chosen":"IRONCLAD","items_purchased":["Feed"],"campfire_rested":1,"item_purchase_floors":[5],"current_hp_per_floor":[74,48,48,54,54,54,59,59,59,68,33,33,33,16,43,0,0],"gold":212,"neow_bonus":"THREE_ENEMY_KILL","is_daily":false,"chose_seed":false,"campfire_upgraded":2,"win_rate":0.0,"timestamp":1612959226,"path_taken":["M","?","?","M","$","R","E","R","T","M","E","?","?","E","R","BOSS"],"items_purchased_type":["Card"],"build_version":"2020-12-22","purchased_purges":0,"victory":false,"max_hp_per_floor":[75,75,75,75,75,75,79,79,79,83,83,87,87,91,91,91,91],"card_choices":[{"not_picked":["Whirlwind","True Grit"],"picked":"Shrug It Off","floor":1.0},{"not_picked":["Cleave","Heavy Blade","Havoc"],"picked":"SKIP","floor":4.0},{"not_picked":["Burning Pact","Dark Embrace"],"picked":"Berserk","floor":7.0},{"not_picked":["Burning Pact","Reckless Charge"],"picked":"Power Through","floor":10.0},{"not_picked":["Shrug It Off","Thunderclap"],"picked":"Wild Strike","floor":11.0},{"not_picked":["Wild Strike","Rage"],"picked":"Pommel Strike","floor":12.0},{"not_picked":["Disarm","Cleave"],"picked":"Exhume","floor":14.0}],"player_experience":316592,"relics_obtained":[{"floor":7.0,"key":"Mummified Hand"},{"floor":9.0,"key":"Gremlin Horn"},{"floor":11.0,"key":"Art of War"},{"floor":14.0,"key":"Toy Ornithopter"}],"event_choices":[{"damage_healed":0.0,"max_hp_gain":0.0,"max_hp_loss":0.0,"gold_gain":0.0,"event_name":"Golden Idol","player_choice":"Take Damage","floor":2.0,"gold_loss":0.0,"damage_taken":26.0,"relics_obtained":["Golden Idol"]},{"cards_removed":["Strike_R"],"damage_healed":0.0,"max_hp_gain":0.0,"max_hp_loss":0.0,"gold_gain":0.0,"event_name":"Bonfire Elementals","player_choice":"Offered Basic","floor":3.0,"gold_loss":0.0,"damage_taken":0.0},{"damage_healed":0.0,"max_hp_gain":0.0,"max_hp_loss":0.0,"gold_gain":0.0,"event_name":"Living Wall","player_choice":"Grow","floor":13.0,"gold_loss":0.0,"damage_taken":0.0,"cards_upgraded":["Wild Strike"]}],"is_beta":false,"boss_relics":[],"items_purged_floors":[],"is_endless":false,"potions_floor_spawned":[1,7,11],"killed_by":"Slime Boss","ascension_level":20}}