{"host":"o9lehcdjc4u6j9un","time":1612998297,"event":{"mods":["Aspiration","BaseMod","Colored Map","Downfall","Gremlin Mod","Hermit","LagranYue(¿≠∏Ò¿ °§‘¬)","Marisa£®ÏF”Í°°ƒß¿Ì…≥£©","Minty Spire (QoL Compilation)","Reimu£®≤©¿ˆ¡È√Œ£©","Remilia£®¿Ÿ√◊¿Ú—«£©","StSLib","The Alterego","The Runesmith","The Senshi","The Servant 0.9.4","Yakumo Yukari mod","Youmu£®ªÍ∆«—˝√Œ£©"],"gold_per_floor":[112,126,136,154,171,205,205,216,216,243,255,274,174,189,189,286,286,301,321,321,321,321,352,362,362,362,382,415,432,450,470,470,571,571,586,597,617,4,15,15,65,77,77,109,109,127,147,157,157,157,157,157,1,28,28],"floor_reached":56,"language":"ZHS","playtime":6217,"items_purged":["Strike_S","Strike_S"],"score":1293,"play_id":"c3673dd3-5408-44f7-a4df-cf3b2d65fb7c","local_time":"20210211070457","is_ascension_mode":false,"campfire_choices":[{"data":"Spin","floor":7,"key":"SMITH"},{"data":"Ricochet","floor":15,"key":"SMITH"},{"floor":25,"key":"REST"},{"floor":32,"key":"RECALL"},{"floor":40,"key":"REST"},{"data":"Potential","floor":45,"key":"SMITH"},{"data":"Potential","floor":49,"key":"SMITH"},{"data":"ShatteredReality","floor":52,"key":"SMITH"}],"circlet_count":0,"master_deck":["Strike_S","Strike_S","Defend_S","Defend_S","Defend_S","Defend_S","KidneyShot","Exchange","Ricochet","Starlight","Reset","Spin+1","ShatteredReality+1","Replace+1","SpecialFormula+1","Luminosity","Replace+1","Ricochet+1","Potential+1","Initiator+1","Misdirection+1","Rewind+1","Revamp+1","TimeWarp","Misdirection+1","Misdirection+1","TimeWarp","ShatteredReality+1","Potential+1","Defy+1","FastForward+1","Rewind+1","FastForward+1","BottledTime+1","Replace+1","Advance+1"],"relics":["SplendidAttire","LagranYue:RandomDrawCardRelic","aspiration:Nostalgia","Burning Blood","Toxic Egg 2","Lizard Tail","MealTicket","aspiration:RitualStick","LagranYue:MagicReflectiveArmorRelic","Shuriken","Bottled Lightning","aspiration:FutureDiary","Toolbox","LagranYue:WskJewelryRelic","LagranYue:ReturningEmperorRelic","aspiration:FetidBarrel","LagranYue:NewUniverseRelic","aspiration:SeaSaltIceCream","aspiration:Nostalgia","champ:ChampionCrown"],"acts_visited":["Exordium","TheCity","TheBeyond","TheEnding"],"potions_floor_usage":[6,16,16,18,18,27,29,33,33,39,39,44,44,50],"damage_taken":[{"damage":12,"enemies":"Small Slimes","floor":1,"turns":5},{"damage":0,"enemies":"2 Louse","floor":2,"turns":2},{"damage":0,"enemies":"Cultist","floor":3,"turns":3},{"damage":5,"enemies":"3 Louse","floor":4,"turns":2},{"damage":0,"enemies":"Large Slime","floor":5,"turns":5},{"damage":0,"enemies":"3 Sentries","floor":6,"turns":2},{"damage":11,"enemies":"Gremlin Gang","floor":8,"turns":3},{"damage":15,"enemies":"Gremlin Nob","floor":10,"turns":3},{"damage":0,"enemies":"2 Fungi Beasts","floor":11,"turns":2},{"damage":14,"enemies":"Exordium Thugs","floor":12,"turns":4},{"damage":0,"enemies":"Large Slime","floor":14,"turns":3},{"damage":61,"enemies":"The Guardian","floor":16,"turns":10},{"damage":8,"enemies":"Shell Parasite","floor":18,"turns":3},{"damage":3,"enemies":"Spheric Guardian","floor":19,"turns":3},{"damage":33,"enemies":"Book of Stabbing","floor":23,"turns":5},{"damage":28,"enemies":"Snake Plant","floor":24,"turns":3},{"damage":0,"enemies":"Snecko","floor":27,"turns":4},{"damage":0,"enemies":"Gremlin Leader","floor":28,"turns":4},{"damage":10,"enemies":"Centurion and Healer","floor":29,"turns":4},{"damage":5,"enemies":"3 Cultists","floor":30,"turns":4},{"damage":4,"enemies":"Cultist and Chosen","floor":31,"turns":4},{"damage":4,"enemies":"Collector","floor":33,"turns":7},{"damage":32,"enemies":"3 Shapes","floor":35,"turns":2},{"damage":3,"enemies":"3 Darklings","floor":36,"turns":3},{"damage":33,"enemies":"4 Shapes","floor":37,"turns":2},{"damage":38,"enemies":"Transient","floor":39,"turns":5},{"damage":0,"enemies":"Mind Bloom Boss Battle","floor":41,"turns":6},{"damage":0,"enemies":"3 Darklings","floor":42,"turns":2},{"damage":0,"enemies":"Nemesis","floor":44,"turns":7},{"damage":36,"enemies":"4 Shapes","floor":46,"turns":2},{"damage":0,"enemies":"Transient","floor":47,"turns":5},{"damage":0,"enemies":"Jaw Worm Horde","floor":48,"turns":2},{"damage":31,"enemies":"Time Eater","floor":50,"turns":9},{"damage":0,"enemies":"Shield and Spear","floor":54,"turns":4},{"damage":53,"enemies":"The Heart","floor":55,"turns":8}],"seed_played":"8599402384898407771","potions_obtained":[{"floor":4,"key":"LiquidMemories"},{"floor":8,"key":"Weak Potion"},{"floor":10,"key":"AttackPotion"},{"floor":12,"key":"EssenceOfSteel"},{"floor":16,"key":"ColorlessPotion"},{"floor":19,"key":"Ancient Potion"},{"floor":23,"key":"Weak Potion"},{"floor":28,"key":"ZuzhouPotion:ReiMu"},{"floor":29,"key":"SpeedPotion"},{"floor":30,"key":"PowerPotion"},{"floor":33,"key":"FearPotion"},{"floor":35,"key":"Dexterity Potion"},{"floor":41,"key":"Strength Potion"},{"floor":42,"key":"AttackPotion"},{"floor":48,"key":"PowerPotion"}],"is_trial":false,"path_per_floor":["M","M","M","M","M","E","R","M","T","E","M","M","$","M","R","B",null,"M","M","?","?","?","E","M","R","T","M","E","M","M","M","R","B",null,"M","M","M","$","M","R","?","M","T","E","R","M","M","M","R","B",null,"R","$","E","B",null],"character_chosen":"THE_SERVANT","items_purchased":["Ricochet","Toolbox","FastForward+1","LagranYue:WskJewelryRelic","LagranYue:NewUniverseRelic"],"campfire_rested":2,"item_purchase_floors":[13,38,38,38,53],"current_hp_per_floor":[59,65,65,65,65,65,65,60,60,51,57,57,65,65,65,18,65,63,65,52,52,52,33,19,38,38,44,58,62,65,65,65,65,65,47,58,31,46,22,41,55,61,61,65,65,35,49,55,55,38,65,65,65,65,26],"gold":28,"neow_bonus":"NOSTALGIA","is_daily":false,"chose_seed":false,"campfire_upgraded":5,"win_rate":0.0,"timestamp":1612998297,"path_taken":["M","M","M","M","M","E","R","M","T","E","M","M","$","M","R","BOSS","M","M","?","?","?","E","M","R","T","M","E","M","M","M","R","BOSS","M","M","?","$","M","R","?","M","T","E","R","M","M","M","R","BOSS","R","$","E","BOSS"],"items_purchased_type":["Card","Relic","Card","Relic","Relic"],"build_version":"2020-12-22","purchased_purges":2,"victory":true,"max_hp_per_floor":[65,65,65,65,65,65,65,65,65,65,65,65,65,65,65,65,65,65,65,65,65,65,65,65,65,65,65,65,65,65,65,65,65,65,65,65,65,65,65,65,65,65,65,65,65,65,65,65,65,65,65,65,65,65,65],"card_choices":[{"not_picked":["BottledTime","Alleviate"],"picked":"Ricochet","floor":1},{"not_picked":["Potential","Embodiment"],"picked":"Starlight","floor":2},{"not_picked":["Alleviate","Unruled"],"picked":"Reset","floor":3},{"not_picked":["DoubleEdge","Unruled"],"picked":"Spin","floor":4},{"not_picked":["Read","MoonPhase","RealityMarble"],"picked":"SKIP","floor":5},{"not_picked":["Duplication+1","DualDimension+1"],"picked":"ShatteredReality","floor":6},{"not_picked":["Rewind+1","Potential"],"picked":"Replace+1","floor":8},{"not_picked":["DoubleEdge","Hightail+1"],"picked":"SpecialFormula+1","floor":10},{"not_picked":["Sabotage","Gouge"],"picked":"Luminosity","floor":11},{"not_picked":["RealityMarble","WasteNot"],"picked":"Replace+1","floor":12},{"not_picked":["WasteNot","Starlight"],"picked":"Potential","floor":14},{"not_picked":["SoulSculpture","MurderousAura"],"picked":"Initiator","floor":16},{"not_picked":["Spin","Desolation"],"picked":"Misdirection+1","floor":18},{"not_picked":["Gouge","DualDimension+1"],"picked":"Rewind+1","floor":19},{"not_picked":["Ricochet","FanOfKnives+1"],"picked":"Revamp+1","floor":23},{"not_picked":["Spin","Alleviate+1"],"picked":"TimeWarp","floor":24},{"not_picked":["StarChef","Embodiment"],"picked":"Misdirection+1","floor":27},{"not_picked":["Moondial+1","Embodiment"],"picked":"Misdirection+1","floor":28},{"not_picked":["FanOfKnives","Spin"],"picked":"TimeWarp","floor":29},{"not_picked":["SpecialFormula+1","Unruled"],"picked":"ShatteredReality+1","floor":30},{"not_picked":["Alleviate+1","Manipulate+1"],"picked":"Potential","floor":31},{"not_picked":["Rearm+1","Shuttle+1","Alleviate+1"],"picked":"SKIP","floor":35},{"not_picked":["Starlight","SoulSculpture","Ricochet"],"picked":"SKIP","floor":36},{"not_picked":["BottledTime+1","ShatteredReality+1"],"picked":"Defy+1","floor":37},{"not_picked":["Starlight","Spin+1","Ricochet+1"],"picked":"SKIP","floor":39},{"not_picked":["Ricochet","FloweringNight"],"picked":"Rewind+1","floor":42},{"not_picked":["SoulSculpture","Deny+1"],"picked":"FastForward+1","floor":44},{"not_picked":["Reset+1","SilverBlades+1"],"picked":"BottledTime+1","floor":46},{"not_picked":["GearUp+1","SurpressingFire"],"picked":"Replace+1","floor":47},{"not_picked":["MoonPhase+1","Shuttle+1","Collapse+1"],"picked":"SKIP","floor":48},{"not_picked":["FastForward+1","WasteNot"],"picked":"Advance+1","floor":54}],"player_experience":228416,"relics_obtained":[{"floor":6,"key":"Toxic Egg 2"},{"floor":9,"key":"Lizard Tail"},{"floor":10,"key":"MealTicket"},{"floor":23,"key":"LagranYue:MagicReflectiveArmorRelic"},{"floor":26,"key":"Shuriken"},{"floor":28,"key":"Bottled Lightning"},{"floor":41,"key":"LagranYue:ReturningEmperorRelic"},{"floor":44,"key":"aspiration:FetidBarrel"},{"floor":54,"key":"aspiration:SeaSaltIceCream"}],"event_choices":[{"damage_healed":0,"gold_gain":0,"player_choice":"Ignored","damage_taken":0,"max_hp_gain":0,"max_hp_loss":0,"event_name":"Vampires","floor":21,"gold_loss":0},{"damage_healed":0,"gold_gain":0,"player_choice":"Upgraded","damage_taken":0,"max_hp_gain":0,"max_hp_loss":0,"event_name":"Upgrade Shrine","floor":22,"gold_loss":0,"cards_upgraded":["Initiator"]},{"damage_healed":0,"gold_gain":0,"player_choice":"Fight","damage_taken":0,"max_hp_gain":0,"max_hp_loss":0,"event_name":"MindBloom","floor":41,"gold_loss":0}],"is_beta":false,"boss_relics":[{"not_picked":["Black Star","aspiration:RunicSpoon"],"picked":"SplendidAttire"},{"not_picked":["Tiny House","Fusion Hammer"],"picked":"aspiration:FutureDiary"}],"items_purged_floors":[13,38],"is_endless":false,"potions_floor_spawned":[4,8,10,12,16,19,23,28,29,30,33,35,41,42,48],"ascension_level":0}}