{"host":"sum4dy402bbv9y4o","time":1612993858,"event":{"mods":["Aspiration","BaseMod","Conspire","Highlight Path","Minty Spire (QoL Compilation)","StSLib"],"gold_per_floor":[119,133,133,153,153,187,187,214,241,266,27,27,43,58,58,130,130,145,145,145,155,45,89,89,115,140,140,164,164,164,174,174,174,174],"floor_reached":33,"language":"ENG","playtime":1064,"items_purged":["Strike_P"],"score":731,"play_id":"ce6675cc-6845-416d-9e9c-cd96efb4a8a7","local_time":"20210211005058","is_ascension_mode":true,"campfire_choices":[{"data":"CrushJoints","floor":7,"key":"SMITH"},{"data":"MentalFortress","floor":15,"key":"SMITH"},{"data":"Armaments","floor":24,"key":"SMITH"},{"data":"Vigilance","floor":27,"key":"SMITH"},{"data":"SandsOfTime","floor":29,"key":"SMITH"},{"floor":32,"key":"REST"}],"circlet_count":0,"master_deck":["AscendersBane","conspire:GhostlyStrike","conspire:GhostlyStrike","conspire:GhostlyStrike","conspire:GhostlyDefend","conspire:GhostlyDefend","conspire:GhostlyDefend","conspire:GhostlyDefend","Eruption+1","Vigilance+1","BowlingBash","Consecrate","FlurryOfBlows","CrushJoints+1","EmptyBody","WheelKick","MentalFortress+1","Conclude","FlurryOfBlows","SandsOfTime+1","RitualDagger","Tantrum+1","conspire:Charge","Armaments+1","FlurryOfBlows","Metallicize+1"],"relics":["PureWater","aspiration:Nostalgia","Ring of the Snake","aspiration:StickyExplosives","TungstenRod","Oddly Smooth Stone","conspire:Dentures","aspiration:IroncladSkillbook","CeramicFish","Pen Nib","Dream Catcher","Enchiridion"],"acts_visited":["Exordium","TheCity"],"potions_floor_usage":[18,23,23,33],"damage_taken":[{"damage":2,"enemies":"Jaw Worm","floor":1,"turns":3},{"damage":0,"enemies":"Small Slimes","floor":2,"turns":2},{"damage":0,"enemies":"2 Louse","floor":4,"turns":2},{"damage":22,"enemies":"Lagavulin","floor":6,"turns":6},{"damage":0,"enemies":"3 Sentries","floor":8,"turns":2},{"damage":0,"enemies":"Gremlin Nob","floor":10,"turns":2},{"damage":0,"enemies":"Looter","floor":13,"turns":1},{"damage":0,"enemies":"2 Fungi Beasts","floor":14,"turns":2},{"damage":8,"enemies":"The Guardian","floor":16,"turns":6},{"damage":1,"enemies":"3 Byrds","floor":18,"turns":3},{"damage":0,"enemies":"Spheric Guardian","floor":21,"turns":1},{"damage":14,"enemies":"Book of Stabbing","floor":23,"turns":2},{"damage":18,"enemies":"Slavers","floor":25,"turns":3},{"damage":1,"enemies":"Shelled Parasite and Fungi","floor":28,"turns":2},{"damage":0,"enemies":"Cultist and Chosen","floor":31,"turns":2},{"damage":65,"enemies":"conspire:MysteriousRune","floor":33,"turns":3}],"seed_played":"-8594002110004927547","potions_obtained":[{"floor":1,"key":"SmokeBomb"},{"floor":10,"key":"BlessingOfTheForge"},{"floor":16,"key":"LiquidMemories"},{"floor":21,"key":"Block Potion"},{"floor":31,"key":"Strength Potion"}],"is_trial":false,"path_per_floor":["M","M","?","M","?","E","R","E","T","E","$","?","M","M","R","B",null,"M","?","?","M","$","E","R","E","T","R","M","R","?","M","R","B"],"character_chosen":"WATCHER","items_purchased":["MentalFortress","Conclude","conspire:Charge","Armaments"],"campfire_rested":1,"item_purchase_floors":[11,11,22,22],"current_hp_per_floor":[59,59,59,59,55,33,33,33,33,33,33,33,33,33,33,25,57,60,55,55,59,59,49,49,35,35,35,38,38,21,25,45,0,0],"gold":174,"neow_bonus":"NOSTALGIA","is_daily":false,"chose_seed":false,"campfire_upgraded":5,"win_rate":0.0,"timestamp":1612993858,"path_taken":["M","M","?","M","?","E","R","E","T","E","$","?","M","M","R","BOSS","M","?","?","M","$","E","R","E","T","R","M","R","?","?","R","BOSS"],"items_purchased_type":["Card","Card","Card","Card"],"build_version":"2020-12-22","purchased_purges":1,"victory":false,"max_hp_per_floor":[68,68,68,68,68,68,68,68,68,68,68,68,68,68,68,68,68,68,68,68,68,68,68,68,68,68,68,68,68,68,68,68,68,68],"card_choices":[{"not_picked":["Pray","ThirdEye"],"picked":"BowlingBash","floor":1},{"not_picked":["PathToVictory","Prostrate"],"picked":"Consecrate","floor":2},{"not_picked":["BowlingBash","WheelKick"],"picked":"FlurryOfBlows","floor":4},{"not_picked":["Prostrate","SandsOfTime"],"picked":"CrushJoints","floor":6},{"not_picked":["Swivel","Wish"],"picked":"EmptyBody","floor":8},{"not_picked":["WaveOfTheHand","FollowUp"],"picked":"WheelKick","floor":10},{"not_picked":["Sanctity","CutThroughFate"],"picked":"FlurryOfBlows","floor":13},{"not_picked":["EmptyMind","Conclude"],"picked":"SandsOfTime","floor":14},{"not_picked":["Iron Wave","SashWhip","Pommel Strike","EmptyFist"],"picked":"SKIP","floor":18},{"not_picked":["Seeing Red","Protect","Headbutt"],"picked":"Tantrum+1","floor":21},{"not_picked":["ClearTheMind","Cleave","Indignation"],"picked":"FlurryOfBlows","floor":23},{"not_picked":["Indignation","Tantrum","BowlingBash","Headbutt"],"picked":"SKIP","floor":25},{"not_picked":["FlyingSleeves","Whirlwind","Meditate"],"picked":"Metallicize+1","floor":28},{"not_picked":["Havoc","Alpha","Heavy Blade","BowlingBash"],"picked":"SKIP","floor":31}],"player_experience":3092061,"relics_obtained":[{"floor":6,"key":"aspiration:StickyExplosives"},{"floor":8,"key":"TungstenRod"},{"floor":9,"key":"Oddly Smooth Stone"},{"floor":10,"key":"conspire:Dentures"},{"floor":23,"key":"CeramicFish"},{"floor":25,"key":"Pen Nib"},{"floor":26,"key":"Dream Catcher"},{"floor":30,"key":"Enchiridion"}],"event_choices":[{"damage_healed":0,"gold_gain":0,"player_choice":"Grow","damage_taken":0,"max_hp_gain":0,"max_hp_loss":0,"event_name":"Living Wall","floor":3,"gold_loss":0,"cards_upgraded":["Eruption"]},{"damage_healed":0,"gold_gain":0,"player_choice":"Leave","damage_taken":0,"max_hp_gain":0,"max_hp_loss":0,"event_name":"conspire:Investor","floor":5,"gold_loss":0},{"damage_healed":0,"gold_gain":0,"player_choice":"Agree","damage_taken":0,"max_hp_gain":0,"max_hp_loss":0,"event_name":"conspire:LoneGhost","floor":12,"gold_loss":0},{"damage_healed":0,"gold_gain":0,"player_choice":"Joined the Cult","damage_taken":6,"max_hp_gain":0,"max_hp_loss":0,"event_name":"Nest","floor":19,"gold_loss":0,"cards_obtained":["RitualDagger"]},{"damage_healed":0,"gold_gain":0,"player_choice":"Obtained Book","damage_taken":21,"max_hp_gain":0,"max_hp_loss":0,"event_name":"Cursed Tome","floor":30,"gold_loss":0}],"is_beta":false,"boss_relics":[{"not_picked":["aspiration:SilentSkillbook","SacredBark"],"picked":"aspiration:IroncladSkillbook"}],"items_purged_floors":[11],"is_endless":false,"potions_floor_spawned":[1,10,14,16,21,31],"killed_by":"conspire:MysteriousRune","ascension_level":20}}