{"host":"7f01flv6y0vhl3vt","time":1612979577,"event":{"mods":["Act Like it!","BaseMod","Downfall","Minty Spire (QoL Compilation)","StSLib"],"gold_per_floor":[99,113,23,36,52,227,227,27,42,42,72,72,91,25,42,137,137,137,150,150,150,150,167,167,159,159,159,159,159],"floor_reached":27,"language":"ENG","playtime":8638,"items_purged":["hexamod:Defend"],"score":236,"play_id":"2a751685-4df8-4298-b7c2-0b56ac3f9c5d","local_time":"20210210125257","is_ascension_mode":false,"campfire_choices":[{"floor":1,"key":"RECALL"},{"data":"hexamod:HeatShield","floor":8,"key":"SMITH"},{"floor":10,"key":"REST"},{"data":"hexamod:ApocalypticArmor","floor":18,"key":"SMITH"},{"floor":26,"key":"REST"}],"circlet_count":0,"master_deck":["hexamod:Strike","hexamod:Strike","hexamod:Strike","hexamod:Defend","hexamod:Defend","hexamod:Defend","hexamod:Sear","hexamod:Float","hexamod:HeatShield+1","hexamod:AdvancingGuard","hexamod:StepThrough","hexamod:PhantomFireball","hexamod:ApocalypticArmor+1","hexamod:ApocalypticArmor","hexamod:ThirdSeal","hexamod:PowerFromBeyond","hexamod:GhostflameBarrier","hexamod:HauntingEcho","hexamod:GhostOfSpirePast","hexamod:HauntingEcho","hexamod:TimeWarp","hexamod:FlameSwitch","hexamod:RecurringNightmare","hexamod:HeatMetal","hexamod:PhantomFireball","hexamod:SecondSeal","hexamod:ThirdSeal","hexamod:FourthSeal"],"relics":["hexamod:UnbrokenSoul","downfall:HeartBlessingBlue","downfall:HeartBlessingRed","StrikeDummy","Nilry\u0027s Codex","WingedGreaves"],"acts_visited":["Exordium","TheCity"],"potions_floor_usage":[14,16,16,16,23],"damage_taken":[{"damage":6,"enemies":"Jaw Worm","floor":2,"turns":3},{"damage":0,"enemies":"downfall:FleeingMerchant","floor":3,"turns":4},{"damage":9,"enemies":"Small Slimes","floor":4,"turns":4},{"damage":0,"enemies":"Cultist","floor":5,"turns":4},{"damage":15,"enemies":"Exordium Thugs","floor":9,"turns":6},{"damage":23,"enemies":"Lagavulin","floor":11,"turns":8},{"damage":5,"enemies":"Exordium Wildlife","floor":13,"turns":5},{"damage":2,"enemies":"downfall:FleeingMerchant","floor":14,"turns":4},{"damage":7,"enemies":"Blue Slaver","floor":15,"turns":4},{"damage":37,"enemies":"SI_SHIV_ARCHETYPE","floor":16,"turns":10},{"damage":17,"enemies":"3 Byrds","floor":19,"turns":5},{"damage":20,"enemies":"Shell Parasite","floor":23,"turns":4},{"damage":73,"enemies":"Chosen and Byrds","floor":27,"turns":6}],"seed_played":"6014388309102164449","potions_obtained":[{"floor":5,"key":"AttackPotion"},{"floor":9,"key":"DuplicationPotion"},{"floor":13,"key":"Fire Potion"},{"floor":15,"key":"FearPotion"},{"floor":16,"key":"SteroidPotion"},{"floor":19,"key":"Fire Potion"}],"is_trial":false,"path_per_floor":["R","M","$","M","M","?","T","R","M","R","E","?","M","$","M","B",null,"R","M","?","?","?","M","T","?","R","M"],"character_chosen":"THE_SPIRIT","items_purchased":["hexamod:HauntingEcho"],"campfire_rested":2,"item_purchase_floors":[14],"current_hp_per_floor":[77,71,71,62,62,62,62,72,57,83,60,60,55,53,46,9,87,87,70,54,54,54,34,34,34,60,0,0,0],"gold":159,"neow_bonus":"TEN_PERCENT_HP_BONUS","is_daily":false,"chose_seed":false,"campfire_upgraded":2,"win_rate":0.0,"timestamp":1612979577,"path_taken":["R","M","$","M","M","?","T","R","M","R","E","?","?","?","M","BOSS","R","M","?","?","?","M","T","?","R","M"],"items_purchased_type":["Card"],"build_version":"2020-12-22","purchased_purges":1,"victory":false,"max_hp_per_floor":[77,77,77,77,77,77,77,87,87,87,87,87,87,87,87,87,87,87,87,87,87,87,87,87,87,87,87,87,87],"card_choices":[{"not_picked":["hexamod:BacktrackSmack","hexamod:ThermalTransfer"],"picked":"hexamod:HeatShield","floor":2},{"not_picked":["hexamod:Hexaguard","hexamod:FastForward"],"picked":"hexamod:AdvancingGuard","floor":3},{"not_picked":["hexamod:FlamesFromBeyond","hexamod:InspiringFlames"],"picked":"hexamod:StepThrough","floor":4},{"not_picked":["hexamod:GhostLash","hexamod:GhostOfSpirePast"],"picked":"hexamod:PhantomFireball","floor":5},{"not_picked":["hexamod:HeatMetal","hexamod:FastForward"],"picked":"hexamod:ApocalypticArmor","floor":9},{"not_picked":["hexamod:HauntingEcho","hexamod:NecessarySacrifice"],"picked":"hexamod:ApocalypticArmor","floor":11},{"not_picked":["hexamod:NightmareStrike","hexamod:Firestarter"],"picked":"hexamod:ThirdSeal","floor":13},{"not_picked":["hexamod:SpectersWail","hexamod:HeatMetal"],"picked":"hexamod:PowerFromBeyond","floor":14},{"not_picked":["hexamod:EmpoweredFlame","hexamod:HeatMetal"],"picked":"hexamod:GhostflameBarrier","floor":14},{"not_picked":["hexamod:EmpoweredFlame","hexamod:FastForward"],"picked":"hexamod:GhostOfSpirePast","floor":15},{"not_picked":["hexamod:ShieldOfDarkness","hexamod:BurningTouch"],"picked":"hexamod:HauntingEcho","floor":15},{"not_picked":["hexamod:Toasty","hexamod:ApocalypticArmor"],"picked":"hexamod:TimeWarp","floor":16},{"not_picked":["hexamod:ApocalypticArmor","hexamod:GhostOfSpirePresent"],"picked":"hexamod:FlameSwitch","floor":16},{"not_picked":["hexamod:SpectersWail","hexamod:SpectralAdrenaline"],"picked":"hexamod:RecurringNightmare","floor":19},{"not_picked":["hexamod:InspiringFlames","hexamod:GhostShield"],"picked":"hexamod:BacktrackSmack+1","floor":19},{"not_picked":["hexamod:BacktrackSmack","hexamod:SwordOfDarkness"],"picked":"hexamod:HeatMetal","floor":23},{"not_picked":["hexamod:BacktrackSmack","hexamod:ThermalTransfer"],"picked":"hexamod:PhantomFireball","floor":23}],"player_experience":1690431,"relics_obtained":[{"floor":11,"key":"StrikeDummy"},{"floor":20,"key":"Nilry\u0027s Codex"},{"floor":24,"key":"WingedGreaves"}],"event_choices":[],"is_beta":false,"boss_relics":[{"not_picked":["Astrolabe","Velvet Choker"],"picked":"hexamod:UnbrokenSoul"}],"items_purged_floors":[3],"is_endless":false,"potions_floor_spawned":[5,9,13,15,16,19],"killed_by":"Chosen and Byrds","ascension_level":0}}