{"host":"am551fa6890rb9vo","time":1612976812,"event":{"mods":["BaseMod","DeckTracker","Minty Spire (QoL Compilation)","Morshu Shopkeeper - ENHANCED","Rare Cards Sparkle","Relic Stats","Smile Girya","StSLib","The IronCluck","everything is the same but u backflip on backflip","slay the spire mod where everything is the same but ironclad has a cowboy hat"],"gold_per_floor":[17,17,17,34,48,78,91,120,120,120,149,149,164,164,164,294,294,307,277,291,315,334,334,334],"floor_reached":23,"language":"ENG","playtime":1079,"items_purged":[],"score":224,"play_id":"10671d73-462d-487f-95fa-e3040ba5ca6a","local_time":"20210210170652","is_ascension_mode":true,"campfire_choices":[{"floor":10,"key":"REST"},{"data":"Noxious Fumes","floor":15,"key":"SMITH"}],"circlet_count":0,"master_deck":["Strike_G","Strike_G","Strike_G","Strike_G","Strike_G","Defend_G","Defend_G","Defend_G","Defend_G","Defend_G","Survivor","Neutralize","Bullet Time","Bouncing Flask+1","Flying Knee","Riddle With Holes","Riddle With Holes","Noxious Fumes+1","Dash","Night Terror","CurseOfTheBell","Choke"],"relics":["Ring of the Snake","Bag of Preparation","Mercury Hourglass","Ornamental Fan","InkBottle","Golden Idol","Calling Bell","Potion Belt","Matryoshka","Tough Bandages"],"acts_visited":["Exordium","TheCity"],"potions_floor_usage":[22,22,22,22],"damage_taken":[{"damage":0,"enemies":"Cultist","floor":1,"turns":3},{"damage":1,"enemies":"Small Slimes","floor":4,"turns":3},{"damage":0,"enemies":"2 Louse","floor":5,"turns":3},{"damage":14,"enemies":"Gremlin Nob","floor":6,"turns":3},{"damage":3,"enemies":"Red Slaver","floor":7,"turns":4},{"damage":21,"enemies":"Lagavulin","floor":8,"turns":4},{"damage":19,"enemies":"3 Sentries","floor":11,"turns":5},{"damage":0,"enemies":"Looter","floor":13,"turns":2},{"damage":8,"enemies":"Slime Boss","floor":16,"turns":7},{"damage":22,"enemies":"Spheric Guardian","floor":18,"turns":5},{"damage":0,"enemies":"Chosen","floor":20,"turns":4},{"damage":3,"enemies":"Centurion and Healer","floor":21,"turns":6},{"damage":27,"enemies":"3 Cultists","floor":22,"turns":6},{"damage":19,"enemies":"Gremlin Leader","floor":23,"turns":3}],"seed_played":"-700913166312793532","potions_obtained":[{"floor":1,"key":"PowerPotion"},{"floor":4,"key":"Poison Potion"},{"floor":11,"key":"SmokeBomb"},{"floor":19,"key":"FearPotion"},{"floor":19,"key":"EntropicBrew"}],"is_trial":false,"path_per_floor":["M","?","$","M","M","E","M","E","T","R","E","?","M","?","R","B",null,"M","?","M","M","M","E"],"character_chosen":"THE_SILENT","items_purchased":[],"campfire_rested":1,"item_purchase_floors":[],"current_hp_per_floor":[70,70,70,69,69,55,52,31,31,52,33,33,33,54,54,46,65,43,43,43,40,13,0,0],"gold":334,"neow_bonus":"THREE_RARE_CARDS","is_daily":false,"chose_seed":false,"campfire_upgraded":1,"win_rate":0.0,"timestamp":1612976812,"path_taken":["M","?","?","M","M","E","M","E","T","R","E","?","M","?","R","BOSS","M","?","M","M","M","E"],"items_purchased_type":[],"build_version":"2020-12-22","purchased_purges":0,"victory":false,"max_hp_per_floor":[70,70,70,70,70,70,70,70,70,70,70,65,65,65,65,65,65,65,65,65,65,65,65,65],"relic_stats":{"Tough Bandages":[15],"counters":[14,56],"Ornamental Fan":[36],"Golden Idol":44,"Bag of Preparation":[20],"obtain_stats":[{"Calling Bell":17,"Potion Belt":17,"Tough Bandages":17,"Matryoshka":17,"Ornamental Fan":9,"Golden Idol":12,"Bag of Preparation":6,"InkBottle":11,"Ring of the Snake":0,"Mercury Hourglass":8},{"Calling Bell":9,"Potion Belt":9,"Tough Bandages":9,"Matryoshka":9,"Ornamental Fan":6,"Golden Idol":7,"Bag of Preparation":4,"InkBottle":7,"Ring of the Snake":0,"Mercury Hourglass":6},{"Calling Bell":33,"Potion Belt":33,"Tough Bandages":33,"Matryoshka":33,"Ornamental Fan":20,"Golden Idol":25,"Bag of Preparation":12,"InkBottle":25,"Ring of the Snake":0,"Mercury Hourglass":20}],"InkBottle":[4],"Ring of the Snake":[28],"Mercury Hourglass":[193]},"card_choices":[{"not_picked":["A Thousand Cuts","Glass Knife"],"picked":"Bullet Time","floor":0},{"not_picked":["Calculated Gamble","All Out Attack"],"picked":"Bouncing Flask","floor":1},{"not_picked":["Cloak And Dagger","Backflip"],"picked":"Flying Knee","floor":4},{"not_picked":["Phantasmal Killer","Flechettes"],"picked":"Riddle With Holes","floor":5},{"not_picked":["Underhanded Strike","Expertise"],"picked":"Riddle With Holes","floor":6},{"not_picked":["Slice","Bane","Acrobatics"],"picked":"SKIP","floor":7},{"not_picked":["All Out Attack","Riddle With Holes"],"picked":"Noxious Fumes","floor":8},{"not_picked":["Underhanded Strike","PiercingWail"],"picked":"Dash","floor":11},{"not_picked":["Sucker Punch","Prepared","Poisoned Stab"],"picked":"SKIP","floor":13},{"not_picked":["Storm of Steel","Tools of the Trade"],"picked":"Night Terror","floor":16},{"not_picked":["Flying Knee","Expertise","Sucker Punch"],"picked":"SKIP","floor":18},{"not_picked":["Prepared","PiercingWail"],"picked":"Choke","floor":20},{"not_picked":["Blade Dance","Underhanded Strike","Footwork"],"picked":"SKIP","floor":21},{"not_picked":["Choke+1","PiercingWail","Dagger Throw"],"picked":"SKIP","floor":22}],"player_experience":90141,"relics_obtained":[{"floor":6,"key":"Bag of Preparation"},{"floor":8,"key":"Mercury Hourglass"},{"floor":9,"key":"Ornamental Fan"},{"floor":11,"key":"InkBottle"},{"floor":17,"key":"Potion Belt"},{"floor":17,"key":"Matryoshka"},{"floor":17,"key":"Tough Bandages"}],"event_choices":[{"damage_healed":0,"gold_gain":0,"player_choice":"Upgraded","damage_taken":0,"max_hp_gain":0,"max_hp_loss":0,"event_name":"Upgrade Shrine","floor":2,"gold_loss":0,"cards_upgraded":["Bouncing Flask"]},{"damage_healed":0,"gold_gain":0,"player_choice":"Lose Max HP","damage_taken":0,"relics_obtained":["Golden Idol"],"max_hp_gain":0,"max_hp_loss":5,"event_name":"Golden Idol","floor":12,"gold_loss":0},{"damage_healed":21,"gold_gain":0,"player_choice":"Banana","damage_taken":0,"max_hp_gain":0,"max_hp_loss":0,"event_name":"Big Fish","floor":14,"gold_loss":0},{"damage_healed":0,"gold_gain":0,"player_choice":"Bought 2 Potions","damage_taken":0,"max_hp_gain":0,"max_hp_loss":0,"event_name":"The Woman in Blue","floor":19,"gold_loss":0}],"is_beta":false,"boss_relics":[{"not_picked":["Runic Pyramid","Sozu"],"picked":"Calling Bell"}],"items_purged_floors":[],"is_endless":false,"potions_floor_spawned":[1,4,11,16,20,21],"killed_by":"Gremlin Leader","ascension_level":1}}