{"host":"uu4d5a1dg638aknc","time":1612973708,"event":{"mods":["Act Like it!","BaseMod","Minty Spire (QoL Compilation)","MostiFishMod","Quick Restart","Rare Cards Sparkle","Relic Stats","Replay The Spire","StSLib","Waifu the Spire"],"gold_per_floor":[117,42,61,80,80,105,105,134,134,134,134,156,172,195,216,216,216,321,321,331,349,349,92,108,108,138,156,156,156,179,195,39,56,56,151,151,171,46,61,76,36,66,66,102,127,127,159,159,180,180,180,182,182,182,38,73,73,73],"floor_reached":57,"language":"ZHS","playtime":2943,"items_purged":["Strike_B","BasicCrystalCard+1","Defend_B"],"score":826,"play_id":"204c8556-57f8-4ee4-8add-c44b2054e3ba","local_time":"20210211001508","is_ascension_mode":false,"campfire_choices":[{"floor":25.0,"key":"RECALL"},{"data":"Creative AI","floor":46.0,"key":"SMITH"},{"floor":48.0,"key":"REST"},{"data":"Strike_B","floor":51.0,"key":"PURGE"}],"circlet_count":0,"master_deck":["Strike_B","Defend_B","Zap+1","Dualcast","MostiFishMod:ActiveDefenseSystem+1","Redo+1","Conserve Battery+1","Rainbow+1","Defragment","Creative AI+1","Redo+1","MostiFishMod:IntelligentEquipment+1","Rainbow","FIFO Queue+1","BasicCrystalCard","MostiFishMod:IntelligentEquipment+1"],"relics":["Cracked Core","DaveBox","xbg","SynthV:TestCard","Replay:Bandana","Replay:WaspNest","GuanYuAspect","Runic Capacitor","Replay:Multitool","Symbiotic Virus","Prayer Wheel","Empty Cage","Pet Ghost","Strawberry","Happy Flower","Gremlin Food","DollysMirror","Pear"],"acts_visited":["Exordium","TheCity","TheBeyond","TheEnding"],"potions_floor_usage":[52,52,52,54],"damage_taken":[{"damage":5.0,"enemies":"Small Slimes","floor":1.0,"turns":3.0},{"damage":6.0,"enemies":"Jaw Worm","floor":3.0,"turns":3.0},{"damage":0.0,"enemies":"Cultist","floor":4.0,"turns":4.0},{"damage":13.0,"enemies":"Gremlin Nob","floor":6.0,"turns":5.0},{"damage":0.0,"enemies":"Lagavulin","floor":8.0,"turns":7.0},{"damage":4.0,"enemies":"2 Fungi Beasts","floor":12.0,"turns":3.0},{"damage":12.0,"enemies":"Looter","floor":13.0,"turns":4.0},{"damage":14.0,"enemies":"Lots of Slimes","floor":14.0,"turns":2.0},{"damage":3.0,"enemies":"Gremlin Gang","floor":15.0,"turns":4.0},{"damage":21.0,"enemies":"Fading Forest","floor":18.0,"turns":11.0},{"damage":5.0,"enemies":"3 Byrds","floor":20.0,"turns":3.0},{"damage":1.0,"enemies":"Spheric Guardian","floor":21.0,"turns":4.0},{"damage":15.0,"enemies":"Centurion and Healer","floor":24.0,"turns":9.0},{"damage":34.0,"enemies":"Gremlin Leader","floor":26.0,"turns":6.0},{"damage":8.0,"enemies":"Snecko","floor":27.0,"turns":5.0},{"damage":10.0,"enemies":"Chosen and Byrds","floor":30.0,"turns":6.0},{"damage":20.0,"enemies":"Cultist and Chosen","floor":31.0,"turns":7.0},{"damage":15.0,"enemies":"Snake Plant","floor":33.0,"turns":3.0},{"damage":11.0,"enemies":"Automaton","floor":35.0,"turns":8.0},{"damage":16.0,"enemies":"Orb Walker","floor":37.0,"turns":3.0},{"damage":40.0,"enemies":"3 Darklings","floor":39.0,"turns":7.0},{"damage":7.0,"enemies":"Sphere and 2 Shapes","floor":40.0,"turns":5.0},{"damage":54.0,"enemies":"Reptomancer","floor":42.0,"turns":6.0},{"damage":0.0,"enemies":"R_Hoarder","floor":44.0,"turns":8.0},{"damage":46.0,"enemies":"Nemesis","floor":47.0,"turns":5.0},{"damage":0.0,"enemies":"Maw","floor":49.0,"turns":7.0},{"damage":25,"enemies":"Awakened One","floor":52,"turns":12},{"damage":20,"enemies":"Shield and Spear","floor":56,"turns":8},{"damage":66,"enemies":"The Heart","floor":57,"turns":2}],"seed_played":"5685962135390023790","potions_obtained":[{"floor":1.0,"key":"Energy Potion"},{"floor":3.0,"key":"DuplicationPotion"},{"floor":8.0,"key":"Dexterity Potion"},{"floor":15.0,"key":"Strength Potion"},{"floor":20.0,"key":"FairyPotion"},{"floor":42.0,"key":"ColorlessPotion"},{"floor":49.0,"key":"EssenceOfSteel"},{"floor":54,"key":"Fruit Juice"},{"floor":54,"key":"Cursed Concoction"},{"floor":56,"key":"SkillPotion"}],"is_trial":false,"path_per_floor":["M","$","M","M","?","E","?","E","T","PTL","PTL","M","M","M","M","?","R","B",null,"M","M","?","$","M","R","E","M","T","?","M","M","$","M","R","B",null,"M","$","M","M","?","E","R","E","T","R","E","R","M","?","R","B",null,"R","$","E","B"],"character_chosen":"DEFECT","items_purchased":["Runic Capacitor","ReplayTheSpireMod:Fabricate Wheel","DollysMirror"],"campfire_rested":1,"item_purchase_floors":[23,32,55],"current_hp_per_floor":[70,70,64,64,64,51,51,51,51,51,51,47,35,21,18,43,65,54,38,38,38,38,38,38,38,37,38,38,38,38,36,36,28,34,38,38,32,32,26,36,36,29,35,42,42,42,20,27,45,45,45,45,45,48,48,55,0,0],"gold":73,"neow_bonus":"ONE_RANDOM_RARE_CARD","is_daily":false,"chose_seed":false,"campfire_upgraded":1,"win_rate":0.0,"timestamp":1612973708,"path_taken":["M","$","M","M","?","E","?","E","T","PTL","PTL","M","M","?","M","?","R","BOSS","M","M","?","$","M","R","E","M","T","?","?","M","$","M","R","BOSS","M","$","M","?","?","E","R","E","T","R","E","R","?","?","R","BOSS","R","$","E","BOSS"],"items_purchased_type":["Relic","Card","Relic"],"build_version":"2020-12-22","purchased_purges":3,"victory":false,"max_hp_per_floor":[75,75,75,75,75,75,75,75,75,75,75,75,75,75,75,75,75,75,38,38,38,38,38,38,38,38,38,38,38,38,38,38,38,38,38,38,38,38,38,38,38,38,38,45,45,45,45,45,45,45,45,45,45,50,50,60,60,60],"relic_stats":{"Happy Flower":[11],"counters":[29,159],"Prayer Wheel":5,"obtain_stats":[{"Gremlin Food":47,"Pear":56,"DaveBox":0,"Happy Flower":45,"Replay:WaspNest":8,"Runic Capacitor":23,"Replay:Multitool":26,"Empty Cage":36,"Pet Ghost":42,"Replay:Bandana":6,"SynthV:TestCard":1,"GuanYuAspect":19,"DollysMirror":55,"Strawberry":44,"Prayer Wheel":33,"xbg":0,"Cracked Core":0,"Symbiotic Virus":28},{"Gremlin Food":25,"Pear":28,"DaveBox":0,"Happy Flower":24,"Replay:WaspNest":5,"Runic Capacitor":12,"Replay:Multitool":14,"Empty Cage":19,"Pet Ghost":23,"Replay:Bandana":4,"SynthV:TestCard":1,"GuanYuAspect":10,"DollysMirror":27,"Strawberry":24,"Prayer Wheel":18,"xbg":0,"Cracked Core":0,"Symbiotic Virus":15},{"Gremlin Food":131,"Pear":157,"DaveBox":0,"Happy Flower":126,"Replay:WaspNest":22,"Runic Capacitor":53,"Replay:Multitool":68,"Empty Cage":97,"Pet Ghost":118,"Replay:Bandana":15,"SynthV:TestCard":3,"GuanYuAspect":46,"DollysMirror":149,"Strawberry":126,"Prayer Wheel":88,"xbg":0,"Cracked Core":0,"Symbiotic Virus":73}]},"card_choices":[{"not_picked":["Double Energy","BootSequence","Skim"],"picked":"SKIP","floor":1.0},{"not_picked":["Sweeping Beam","BootSequence","Rebound","Sunder"],"picked":"Redo","floor":3.0},{"not_picked":["Fusion","Hologram","Beam Cell","Gash","Barrage"],"picked":"SKIP","floor":4.0},{"not_picked":["Thunder Strike","Redo","Aggregate","Ball Lightning"],"picked":"Conserve Battery","floor":6.0},{"not_picked":["Melter","Leap","Compile Driver","Rebound","MostiFishMod:PushDownKick"],"picked":"SKIP","floor":8.0},{"not_picked":["Gash","Skim","Crystallizer","Compile Driver","Steam"],"picked":"SKIP","floor":12.0},{"not_picked":["Rebound","MostiFishMod:LinkProtocol","Beam Cell","MostiFishMod:PushDownKick"],"picked":"Rainbow","floor":13.0},{"not_picked":["MostiFishMod:PushDownKick","Sweeping Beam","Heatsinks","Beam Cell","Turbo"],"picked":"SKIP","floor":14.0},{"not_picked":["Sweeping Beam","Coolheaded","MostiFishMod:Overload","Melter"],"picked":"Defragment","floor":15.0},{"not_picked":["Reboot","MostiFishMod:Nova","Buffer","ReplayRNGCard"],"picked":"Creative AI","floor":18.0},{"not_picked":["Ball Lightning","Go for the Eyes+1","MostiFishMod:GatherIntelligence","Recycle+1"],"picked":"BasicCrystalCard+1","floor":20.0},{"not_picked":["Panic Button","Chill","Gash","Streamline"],"picked":"Redo+1","floor":21.0},{"not_picked":["Panic Button","MostiFishMod:FluxCapactior+1","Coolheaded","Sunder","ReplayTheSpireMod:Reroute Power"],"picked":"SKIP","floor":24.0},{"not_picked":["Recycle","Stack","Rebound","Gash"],"picked":"MostiFishMod:IntelligentEquipment","floor":26.0},{"not_picked":["Leap","Compile Driver","Blizzard+1","Panic Button","Stack"],"picked":"SKIP","floor":27.0},{"not_picked":["Beam Cell","MostiFishMod:GatherIntelligence","Barrage","Rebound","BasicCrystalCard+1"],"picked":"SKIP","floor":30.0},{"not_picked":["Heatsinks","MostiFishMod:PushDownKick","Melter","ReplaySort","Stack"],"picked":"SKIP","floor":31.0},{"not_picked":["Cold Snap","Genetic Algorithm","Rebound","MostiFishMod:DeathFromBelow","Conserve Battery"],"picked":"SKIP","floor":33.0},{"not_picked":["Redo+1","Rebound","Compile Driver","Loop","White Noise"],"picked":"SKIP","floor":33.0},{"not_picked":["MostiFishMod:DeathFromBelow","MostiFishMod:Culaccino","MostiFishMod:ActiveDefenseSystem","Multi-Cast"],"picked":"Rainbow","floor":35.0},{"not_picked":["Sweeping Beam","MostiFishMod:GatherIntelligence","Stack+1","Cold Snap","Go for the Eyes"],"picked":"SKIP","floor":37.0},{"not_picked":["Stack","Beam Cell","Panic Button+1","Hologram","Conserve Battery+1"],"picked":"SKIP","floor":37.0},{"not_picked":["FIFO Queue","ReplayGash","ReplayRNGCard","Sweeping Beam+1","ReplaySort"],"picked":"SKIP","floor":39.0},{"not_picked":["Rebound","Leap","Cold Snap","Streamline+1","Turbo"],"picked":"SKIP","floor":39.0},{"not_picked":["ReplaySort+1","Self Repair","Compile Driver+1","White Noise+1"],"picked":"FIFO Queue+1","floor":40.0},{"not_picked":["Amplify","Ball Lightning+1","Redo","Go for the Eyes+1","Turbo"],"picked":"SKIP","floor":40.0},{"not_picked":["MostiFishMod:FluxCapactior+1","Turbo+1","Streamline+1","MostiFishMod:SeaWaves","Stack"],"picked":"SKIP","floor":42.0},{"not_picked":["Skim+1","MostiFishMod:TalkingToTheRain","Redo+1","Stack","Double Energy+1"],"picked":"SKIP","floor":44.0},{"not_picked":["Cold Snap+1","MostiFishMod:GatherIntelligence+1","Recycle","Hologram","Gash+1"],"picked":"SKIP","floor":47.0},{"not_picked":["ReplayTheSpireMod:GoodbyeWorld+1","Go for the Eyes+1","Beam Cell","Glacier+1","Stack+1"],"picked":"SKIP","floor":49.0},{"not_picked":["White Noise","MostiFishMod:IceShield","MostiFishMod:InterfaceCompatibility","Sweeping Beam","BasicCrystalCard"],"picked":"SKIP","floor":49.0},{"not_picked":["Sunder","ReplayTheSpireMod:Calculation Training+1","MostiFishMod:ReprogramOld+1","Turbo","Rebound"],"picked":"SKIP","floor":56}],"player_experience":96293,"relics_obtained":[{"floor":1.0,"key":"SynthV:TestCard"},{"floor":6.0,"key":"Replay:Bandana"},{"floor":8.0,"key":"Replay:WaspNest"},{"floor":26.0,"key":"Replay:Multitool"},{"floor":28.0,"key":"Symbiotic Virus"},{"floor":42.0,"key":"Pet Ghost"},{"floor":44.0,"key":"Strawberry"},{"floor":45.0,"key":"Happy Flower"},{"floor":47.0,"key":"Gremlin Food"},{"floor":56,"key":"Pear"}],"event_choices":[{"damage_healed":0.0,"max_hp_gain":0.0,"max_hp_loss":0.0,"gold_gain":0.0,"event_name":"Golden Idol","player_choice":"Ignored","floor":5.0,"gold_loss":0.0,"damage_taken":0.0},{"damage_healed":0.0,"max_hp_gain":0.0,"max_hp_loss":0.0,"gold_gain":0.0,"event_name":"Accursed Blacksmith","player_choice":"Forge","floor":7.0,"gold_loss":0.0,"damage_taken":0.0,"cards_upgraded":["Zap"]},{"damage_healed":25.0,"max_hp_gain":0.0,"max_hp_loss":0.0,"gold_gain":0.0,"event_name":"Big Fish","player_choice":"Banana","floor":16.0,"gold_loss":0.0,"damage_taken":0.0},{"damage_healed":0.0,"max_hp_gain":0.0,"max_hp_loss":0.0,"gold_gain":0.0,"event_name":"Cursed Tome","player_choice":"Ignored","floor":22.0,"gold_loss":0.0,"damage_taken":0.0},{"damage_healed":0.0,"max_hp_gain":0.0,"max_hp_loss":0.0,"gold_gain":0.0,"event_name":"The Woman in Blue","player_choice":"Bought 0 Potions","floor":29.0,"gold_loss":0.0,"damage_taken":0.0},{"damage_healed":0.0,"max_hp_gain":0.0,"max_hp_loss":0.0,"gold_gain":0.0,"event_name":"Designer","player_choice":"Upgrade","floor":41.0,"gold_loss":40.0,"damage_taken":0.0,"cards_upgraded":["MostiFishMod:IntelligentEquipment"]},{"damage_healed":0.0,"max_hp_gain":0.0,"max_hp_loss":0.0,"gold_gain":0.0,"cards_transformed":["Defend_B"],"event_name":"Transmorgrifier","player_choice":"Transformed","floor":50.0,"gold_loss":0.0,"damage_taken":0.0,"cards_obtained":["BasicCrystalCard"]}],"is_beta":false,"boss_relics":[{"not_picked":["ReplayTheSpireMod:DimensionalGlitch","SlaversCollar"],"picked":"GuanYuAspect"},{"not_picked":["Replay:Grab Bag","TimeKeys"],"picked":"Empty Cage"}],"items_purged_floors":[2,23,38],"is_endless":false,"potions_floor_spawned":[1,3,8,15,18,20,27,31,35,37,42,49,56],"killed_by":"The Heart","ascension_level":0}}