{"host":"0mk07bycsqo1qk03","time":1612962617,"event":{"mods":["BaseMod","Downfall","Hermit","Hubris","Minty Spire (QoL Compilation)","Reliquary","Replay The Spire","StSLib","The Cursed"],"gold_per_floor":[109,123,123,123,123,123,166,190,190,190,190,224,240,255,255,255,255],"floor_reached":16,"language":"ENG","playtime":481,"items_purged":[],"score":223,"play_id":"05217673-5168-4d1f-b0c0-f788ae757eb3","local_time":"20210210141017","is_ascension_mode":true,"campfire_choices":[{"data":"ForeignInfluence","floor":6,"key":"SMITH"},{"data":"Eruption","floor":10,"key":"SMITH"},{"data":"Perseverance","floor":15,"key":"SMITH"}],"circlet_count":0,"master_deck":["AscendersBane","Strike_P","Strike_P","Strike_P","Defend_P","Defend_P","Defend_P","Eruption+1","Vigilance","Perseverance+1","LikeWater","ForeignInfluence+1","Steam","DeusExMachina","Crescendo","EmptyMind","hubris:NaturalOne","TalkToTheHand","FlurryOfBlows"],"relics":["PureWater","NeowsBlessing","hubris:Icosahedron","Golden Idol","hubris:SphereOfDissonance","Chameleon Ring","reliquary:TatteredRug"],"acts_visited":["Exordium"],"potions_floor_usage":[12,12,16],"damage_taken":[{"damage":0,"enemies":"2 Louse","floor":1,"turns":1},{"damage":0,"enemies":"Small Slimes","floor":2,"turns":2},{"damage":0,"enemies":"Lagavulin","floor":7,"turns":2},{"damage":0,"enemies":"Jaw Worm","floor":8,"turns":5},{"damage":12,"enemies":"3 Sentries","floor":12,"turns":6},{"damage":0,"enemies":"2 Fungi Beasts","floor":13,"turns":4},{"damage":4,"enemies":"Lots of Slimes","floor":14,"turns":3},{"damage":40,"enemies":"Hexaghost","floor":16,"turns":11}],"seed_played":"3182567344702220032","potions_obtained":[{"floor":1,"key":"Fire Potion"},{"floor":2,"key":"Adrenaline Potion"},{"floor":12,"key":"SteroidPotion"},{"floor":14,"key":"Dexterity Potion"}],"is_trial":false,"path_per_floor":["M","M","?","?","?","R","E","M","T","R","?","E","M","M","R","B"],"character_chosen":"WATCHER","items_purchased":[],"campfire_rested":0,"item_purchase_floors":[],"current_hp_per_floor":[65,65,65,65,47,47,47,47,47,47,52,40,40,36,36,0,0],"gold":255,"neow_bonus":"THREE_ENEMY_KILL","is_daily":false,"chose_seed":false,"campfire_upgraded":3,"win_rate":0.0,"timestamp":1612962617,"path_taken":["M","M","?","?","?","R","E","M","T","R","?","E","M","?","R","BOSS"],"items_purchased_type":[],"build_version":"2020-12-22","purchased_purges":0,"victory":false,"max_hp_per_floor":[72,72,72,72,72,72,72,72,72,72,77,77,77,77,77,77,77],"card_choices":[{"not_picked":["Study","Consecrate"],"picked":"Perseverance","floor":1},{"not_picked":["Protect","Meditate"],"picked":"LikeWater","floor":2},{"not_picked":["Halt","Weave"],"picked":"DeusExMachina","floor":7},{"not_picked":["EmptyMind","Replay:AtTheReady"],"picked":"Crescendo","floor":8},{"not_picked":["PathToVictory","Replay:BluntJabs"],"picked":"EmptyMind","floor":12},{"not_picked":["Evaluate","Protect"],"picked":"TalkToTheHand","floor":13},{"not_picked":["Evaluate","Worship"],"picked":"FlurryOfBlows","floor":14}],"player_experience":1039558,"relics_obtained":[{"floor":7,"key":"hubris:SphereOfDissonance"},{"floor":9,"key":"Chameleon Ring"},{"floor":12,"key":"reliquary:TatteredRug"}],"event_choices":[{"damage_healed":0,"gold_gain":0,"player_choice":"Take Damage","damage_taken":18,"relics_obtained":["Golden Idol"],"max_hp_gain":0,"max_hp_loss":0,"event_name":"Golden Idol","floor":5,"gold_loss":0},{"damage_healed":0,"gold_gain":0,"player_choice":"Donut","damage_taken":0,"max_hp_gain":5,"max_hp_loss":0,"event_name":"Big Fish","floor":11,"gold_loss":0}],"is_beta":false,"boss_relics":[],"items_purged_floors":[],"is_endless":false,"potions_floor_spawned":[1,2,12,14],"killed_by":"Hexaghost","ascension_level":13}}