{"host":"uv5ws9rdk87e8i5k","time":1612932599,"event":{"mods":["AchievementEnabler","BaseMod","Colored Map","Minty Spire (QoL Compilation)","Permanent Neow","Quick Restart","StSLib","SuperFastMode","The Necromancer"],"gold_per_floor":[112,37,52,67,81,81,109,109,109,139,139,150,166,195,195,291,291,302,302,312,330,341,374,374,404,404,436,449,198,269,287,287,384,434,445,460,510,527,19,19,53,53,53,80,80,100,100,111,111,111],"floor_reached":51,"language":"ENG","playtime":1449,"items_purged":["Strike_G","Strike_G","Strike_G"],"score":989,"play_id":"7a780537-702b-436d-9a7f-ee2b913205c2","local_time":"20210209224959","is_ascension_mode":false,"campfire_choices":[{"data":"Noxious Fumes","floor":6.0,"key":"SMITH"},{"data":"Noxious Fumes","floor":8.0,"key":"SMITH"},{"data":"Bane","floor":11.0,"key":"SMITH"},{"data":"Leg Sweep","floor":15.0,"key":"SMITH"},{"data":"Wraith Form v2","floor":24.0,"key":"SMITH"},{"floor":32,"key":"REST"},{"floor":40,"key":"RECALL"},{"data":"Wraith Form v2","floor":47,"key":"SMITH"},{"data":"Catalyst","floor":49,"key":"SMITH"}],"circlet_count":0,"master_deck":["Defend_G+1","Defend_G","Defend_G","Defend_G","Survivor","Neutralize","Deadly Poison+1","Backflip+1","Bouncing Flask+1","Leg Sweep+1","Noxious Fumes+1","Bane+1","Noxious Fumes+1","Acrobatics","Reflex","Wraith Form v2+1","Catalyst","Prepared","Backstab","Catalyst+1","Bane+1","Backflip+1","Wraith Form v2+1","Adrenaline","Deadly Poison+1","Noxious Fumes","Noxious Fumes+1"],"relics":["Astrolabe","Orichalcum","Smiling Mask","Letter Opener","Boot","SlaversCollar","MutagenicStrength","Dream Catcher","Vajra","Singing Bowl","Pen Nib","DollysMirror","Molten Egg 2","Tiny House","Prayer Wheel","The Specimen","Omamori","Lizard Tail","Anchor"],"acts_visited":["Exordium","TheCity","TheBeyond"],"potions_floor_usage":[31,31,33,37,41,50,50,50],"damage_taken":[{"damage":0.0,"enemies":"Cultist","floor":1.0,"turns":3.0},{"damage":0.0,"enemies":"Small Slimes","floor":3.0,"turns":3.0},{"damage":3.0,"enemies":"Jaw Worm","floor":4.0,"turns":3.0},{"damage":0.0,"enemies":"Looter","floor":5.0,"turns":4.0},{"damage":10.0,"enemies":"Lagavulin","floor":7.0,"turns":5.0},{"damage":5.0,"enemies":"3 Sentries","floor":10.0,"turns":6.0},{"damage":0.0,"enemies":"3 Louse","floor":12.0,"turns":4.0},{"damage":0.0,"enemies":"Large Slime","floor":13.0,"turns":4.0},{"damage":10.0,"enemies":"Gremlin Nob","floor":14.0,"turns":4.0},{"damage":0.0,"enemies":"The Guardian","floor":16.0,"turns":7.0},{"damage":2.0,"enemies":"Spheric Guardian","floor":18.0,"turns":3.0},{"damage":0.0,"enemies":"2 Thieves","floor":20.0,"turns":4.0},{"damage":16.0,"enemies":"3 Cultists","floor":21.0,"turns":6.0},{"damage":18.0,"enemies":"Chosen and Byrds","floor":22.0,"turns":5.0},{"damage":2.0,"enemies":"Book of Stabbing","floor":23.0,"turns":5.0},{"damage":14.0,"enemies":"Gremlin Leader","floor":25.0,"turns":6.0},{"damage":9.0,"enemies":"Slavers","floor":27.0,"turns":5.0},{"damage":2.0,"enemies":"Shelled Parasite and Fungi","floor":28.0,"turns":5.0},{"damage":6,"enemies":"Centurion and Healer","floor":31,"turns":3},{"damage":1,"enemies":"Automaton","floor":33,"turns":7},{"damage":0,"enemies":"3 Darklings","floor":35,"turns":7},{"damage":8,"enemies":"Orb Walker","floor":36,"turns":3},{"damage":0,"enemies":"Mind Bloom Boss Battle","floor":37,"turns":5},{"damage":5,"enemies":"Writhing Mass","floor":38,"turns":4},{"damage":0,"enemies":"Giant Head","floor":41,"turns":6},{"damage":12,"enemies":"Nemesis","floor":44,"turns":5},{"damage":4,"enemies":"Transient","floor":46,"turns":5},{"damage":0,"enemies":"3 Darklings","floor":48,"turns":6},{"damage":0,"enemies":"Donu and Deca","floor":50,"turns":5}],"seed_played":"1733869637153986869","potions_obtained":[{"floor":1.0,"key":"SteroidPotion"},{"floor":7.0,"key":"BlessingOfTheForge"},{"floor":13.0,"key":"Fire Potion"},{"floor":14.0,"key":"Weak Potion"},{"floor":18.0,"key":"Explosive Potion"},{"floor":27.0,"key":"SkillPotion"},{"floor":28.0,"key":"CultistPotion"},{"floor":33,"key":"Ancient Potion"},{"floor":34,"key":"CultistPotion"},{"floor":36,"key":"SteroidPotion"},{"floor":48,"key":"EssenceOfSteel"}],"is_trial":false,"path_per_floor":["M","$","M","M","M","R","E","R","T","E","R","M","M","E","R","B",null,"M","?","M","M","M","E","R","E","T","E","M","$","T","M","R","B",null,"M","M","?","M","$","R","E","?","T","E","?","M","R","M","R","B",null],"character_chosen":"THE_SILENT","items_purchased":["DollysMirror","PowerPotion","Noxious Fumes","The Specimen","AttackPotion","DistilledChaos"],"campfire_rested":1,"item_purchase_floors":[29,29,39,39,39,39],"current_hp_per_floor":[70,70,70,67,67,67,57,57,57,52,52,52,52,42,42,42,70,68,68,68,52,34,32,32,18,18,11,11,11,11,5,27,26,81,83,77,79,74,74,74,76,78,78,68,68,66,66,70,70,70],"gold":111,"neow_bonus":"BOSS_RELIC","is_daily":false,"chose_seed":false,"campfire_upgraded":7,"win_rate":0.0,"timestamp":1612932599,"path_taken":["M","?","M","M","M","R","E","R","T","E","R","M","M","E","R","BOSS","M","?","M","M","M","E","R","E","T","E","M","$","?","M","R","BOSS","M","M","?","M","$","R","E","?","T","E","?","M","R","M","R","BOSS"],"items_purchased_type":["Relic","Potion","Card","Relic","Potion","Potion"],"build_version":"2020-12-22","purchased_purges":3,"victory":true,"max_hp_per_floor":[70,70,70,70,70,70,70,70,70,70,70,70,70,70,70,70,70,70,70,70,70,70,70,70,70,70,72,74,74,74,74,74,74,81,83,85,87,87,87,87,89,91,91,93,93,95,95,99,99,99],"card_choices":[{"not_picked":["Sucker Punch","Choke"],"picked":"Leg Sweep","floor":1.0},{"not_picked":["Bane","Concentrate"],"picked":"Noxious Fumes","floor":3.0},{"not_picked":["Slice","Flying Knee","Endless Agony"],"picked":"SKIP","floor":4.0},{"not_picked":["Outmaneuver","Slice"],"picked":"Bane","floor":5.0},{"not_picked":["Setup","Dodge and Roll"],"picked":"Noxious Fumes","floor":7.0},{"not_picked":["A Thousand Cuts","Backstab"],"picked":"Acrobatics","floor":10.0},{"not_picked":["Expertise","Dodge and Roll","Quick Slash"],"picked":"SKIP","floor":12.0},{"not_picked":["Dodge and Roll","Cloak And Dagger","Flying Knee"],"picked":"SKIP","floor":13.0},{"not_picked":["Underhanded Strike","Outmaneuver"],"picked":"Reflex","floor":14.0},{"not_picked":["Bullet Time","After Image"],"picked":"Wraith Form v2","floor":16.0},{"not_picked":["Slice","Distraction","Quick Slash"],"picked":"SKIP","floor":18.0},{"not_picked":["Terror","Deadly Poison"],"picked":"Catalyst","floor":20.0},{"not_picked":["Well Laid Plans","Acrobatics+1"],"picked":"Prepared","floor":21.0},{"not_picked":["Calculated Gamble","Infinite Blades","Dagger Throw"],"picked":"SKIP","floor":22.0},{"not_picked":["Outmaneuver+1","Finisher+1"],"picked":"Backstab","floor":23.0},{"not_picked":["Terror+1","Dash"],"picked":"Backstab","floor":25.0},{"not_picked":["Dodge and Roll","Prepared+1","Die Die Die"],"picked":"Singing Bowl","floor":27.0},{"not_picked":["Infinite Blades+1","Footwork","Bane"],"picked":"Singing Bowl","floor":28.0},{"not_picked":["Blade Dance","Infinite Blades"],"picked":"Bane+1","floor":31},{"not_picked":["Poisoned Stab+1","Underhanded Strike+1"],"picked":"Backflip+1","floor":32},{"not_picked":["After Image","Night Terror"],"picked":"Wraith Form v2","floor":33},{"not_picked":["Outmaneuver","Bane+1","Dagger Throw+1"],"picked":"Singing Bowl","floor":34},{"not_picked":["Flying Knee+1","Finisher+1","Dagger Spray+1"],"picked":"Singing Bowl","floor":35},{"not_picked":["Backstab+1","Bane+1","Infinite Blades"],"picked":"Singing Bowl","floor":36},{"not_picked":["Riddle With Holes+1","Skewer+1","Dodge and Roll+1"],"picked":"Singing Bowl","floor":37},{"not_picked":["Acrobatics+1","Deflect+1"],"picked":"Adrenaline","floor":38},{"not_picked":["Dagger Throw+1","Backflip"],"picked":"Deadly Poison+1","floor":38},{"not_picked":["Deflect+1","Phantasmal Killer","Dagger Throw+1"],"picked":"Singing Bowl","floor":41},{"not_picked":["Finesse","Dramatic Entrance+1","Thinking Ahead"],"picked":"Singing Bowl","floor":42},{"not_picked":["Bane+1","Blade Dance+1","Prepared"],"picked":"Singing Bowl","floor":44},{"not_picked":["Predator+1","Endless Agony+1"],"picked":"Noxious Fumes+1","floor":46},{"not_picked":["Flying Knee+1","Poisoned Stab+1","Blade Dance+1"],"picked":"Singing Bowl","floor":46},{"not_picked":["Infinite Blades+1","Underhanded Strike+1","Calculated Gamble"],"picked":"Singing Bowl","floor":48},{"not_picked":["Poisoned Stab+1","All Out Attack+1","PiercingWail"],"picked":"Singing Bowl","floor":48}],"player_experience":152102,"relics_obtained":[{"floor":7.0,"key":"Orichalcum"},{"floor":9.0,"key":"Smiling Mask"},{"floor":10.0,"key":"Letter Opener"},{"floor":14.0,"key":"Boot"},{"floor":23.0,"key":"Dream Catcher"},{"floor":25.0,"key":"Vajra"},{"floor":26.0,"key":"Singing Bowl"},{"floor":27.0,"key":"Pen Nib"},{"floor":30.0,"key":"Molten Egg 2"},{"floor":37,"key":"Prayer Wheel"},{"floor":41,"key":"Omamori"},{"floor":43,"key":"Lizard Tail"},{"floor":44,"key":"Anchor"}],"event_choices":[{"damage_healed":0.0,"max_hp_gain":0.0,"max_hp_loss":0.0,"gold_gain":0.0,"event_name":"Drug Dealer","player_choice":"Inject Mutagens","floor":19.0,"gold_loss":0.0,"damage_taken":0.0,"relics_obtained":["MutagenicStrength"]},{"damage_healed":0,"gold_gain":0,"player_choice":"Fight","damage_taken":0,"max_hp_gain":0,"max_hp_loss":0,"event_name":"MindBloom","floor":37,"gold_loss":0},{"damage_healed":0,"gold_gain":0,"player_choice":"Memory 1","damage_taken":0,"max_hp_gain":0,"max_hp_loss":0,"event_name":"SensoryStone","floor":42,"gold_loss":0},{"cards_removed":["Backstab"],"damage_healed":0,"gold_gain":0,"player_choice":"Removed Attack","damage_taken":0,"max_hp_gain":0,"max_hp_loss":0,"event_name":"Falling","floor":45,"gold_loss":0}],"is_beta":false,"boss_relics":[{"not_picked":["Cursed Key","Ectoplasm"],"picked":"SlaversCollar"},{"not_picked":["WristBlade","Busted Crown"],"picked":"Tiny House"}],"items_purged_floors":[2,29,39],"is_endless":false,"potions_floor_spawned":[1,7,13,14,18,27,28,33,36,48],"ascension_level":0}}