{"host":"Doisman","time":1612916537,"event":{"mods":["AchievementEnabler","BaseMod","Better Note","Curses Come First","Minty Spire (QoL Compilation)","Permanent Neow","Relic Stats","Replay The Spire","StSLib"],"gold_per_floor":[144,144,144,144,50,50,95,95,95,140,185,185,55,100,100,400,400,400],"floor_reached":17,"language":"ENG","playtime":592,"items_purged":[],"score":170,"play_id":"74ba6369-7d94-451f-9f3e-834e25995815","local_time":"20210209182217","daily_mods":["SealedDeck","Purple Cards","Midas"],"is_ascension_mode":false,"campfire_choices":[{"floor":6,"key":"REST"},{"floor":15,"key":"REST"}],"circlet_count":0,"master_deck":["Protect","JustLucky+1","Choke","Slice","Slice","Dash","Slice","Protect","Prostrate","CutThroughFate","Bandage Up","Slice","Noxious Fumes","Protect","JustLucky","Devotion"],"relics":["Sizzling Blood","Replay:Wax Seal","CultistMask","MealTicket","Empty Cage"],"acts_visited":["Exordium","TheCity"],"potions_floor_usage":[16],"damage_taken":[{"damage":0,"enemies":"Jaw Worm","floor":1,"turns":3},{"damage":0,"enemies":"Small Slimes","floor":7,"turns":3},{"damage":0,"enemies":"Cultist","floor":10,"turns":3},{"damage":3,"enemies":"2 Fungi Beasts","floor":11,"turns":3},{"damage":0,"enemies":"Large Slime","floor":14,"turns":4},{"damage":27,"enemies":"Fading Forest","floor":16,"turns":11}],"seed_played":"-5810517303651203205","potions_obtained":[{"floor":1,"key":"SteroidPotion"},{"floor":7,"key":"Energy Potion"},{"floor":11,"key":"PowerPotion"}],"is_trial":false,"path_per_floor":["M","?","?","?","$","R","M","$","T","M","M","?","$","M","R","B",null],"character_chosen":"THE_SILENT","items_purchased":["Bandage Up","Noxious Fumes","Protect"],"campfire_rested":2,"item_purchase_floors":[5,13,13],"current_hp_per_floor":[70,74,62,62,62,74,74,74,74,74,74,74,74,74,74,51,74,74],"gold":400,"neow_bonus":"","is_daily":true,"chose_seed":false,"campfire_upgraded":0,"win_rate":0.0,"timestamp":1612916537,"path_taken":["M","?","?","?","$","R","M","$","T","?","M","?","$","M","R","BOSS"],"items_purchased_type":["Card","Card","Card"],"build_version":"2020-12-18","purchased_purges":0,"victory":false,"max_hp_per_floor":[70,74,74,74,74,74,74,74,74,74,74,74,74,74,74,74,74,74],"relic_stats":{"counters":[6,27],"MealTicket":0,"obtain_stats":[{"MealTicket":9,"CultistMask":4,"Sizzling Blood":2,"Replay:Wax Seal":3,"Empty Cage":17,"Ring of the Snake":0},{"MealTicket":2,"CultistMask":1,"Sizzling Blood":1,"Replay:Wax Seal":1,"Empty Cage":6,"Ring of the Snake":0},{"MealTicket":6,"CultistMask":3,"Sizzling Blood":3,"Replay:Wax Seal":3,"Empty Cage":27,"Ring of the Snake":0}]},"card_choices":[{"not_picked":["Halt","Outmaneuver"],"picked":"CutThroughFate","floor":1},{"not_picked":["Quick Slash","CrushJoints","Sanctity"],"picked":"SKIP","floor":7},{"not_picked":["CutThroughFate","Replay:BluntJabs"],"picked":"Terror","floor":10},{"not_picked":["Replay:BluntJabs","EmptyFist"],"picked":"Slice","floor":11},{"not_picked":["FlurryOfBlows","FollowUp"],"picked":"JustLucky","floor":14},{"not_picked":["Omniscience","Venomology"],"picked":"Devotion","floor":16}],"player_experience":1104578,"relics_obtained":[{"floor":9,"key":"MealTicket"}],"event_choices":[{"damage_healed":0,"gold_gain":0,"player_choice":"Success","damage_taken":12,"relics_obtained":["Replay:Wax Seal"],"max_hp_gain":0,"max_hp_loss":0,"event_name":"Scrap Ooze","floor":3,"gold_loss":0},{"damage_healed":0,"gold_gain":0,"player_choice":"Trade","damage_taken":0,"relics_obtained":["CultistMask"],"max_hp_gain":0,"max_hp_loss":0,"event_name":"FaceTrader","floor":4,"gold_loss":0}],"is_beta":true,"boss_relics":[{"not_picked":["Replay:Drink Me","Astrolabe"],"picked":"Empty Cage"}],"items_purged_floors":[],"is_endless":false,"potions_floor_spawned":[1,7,11],"ascension_level":0}}