{"host":"Cenci","time":1612965740,"event":{"mods":["BaseMod","Downfall","Highlight Path","Minty Spire (QoL Compilation)","StSLib","The Cursed"],"gold_per_floor":[110,125,125,38,38,38,38,69,69,69,112,14,14,39,39,39,39],"floor_reached":16,"language":"ENG","playtime":519,"items_purged":["TheCursedMod:Strike_TheCursed"],"score":111,"play_id":"5a3fa0f5-9138-49a3-8579-6fd5a9b06f44","local_time":"20210210150220","is_ascension_mode":true,"campfire_choices":[{"data":"TheCursedMod:EmpowerCircles","floor":6,"key":"SMITH"},{"data":"TheCursedMod:CircleOfBlood","floor":13,"key":"SMITH"},{"data":"TheCursedMod:CircleOfFlame","floor":15,"key":"SMITH"}],"circlet_count":0,"master_deck":["TheCursedMod:Strike_TheCursed","TheCursedMod:Strike_TheCursed","TheCursedMod:Strike_TheCursed","TheCursedMod:Defend_TheCursed","TheCursedMod:Defend_TheCursed+1","TheCursedMod:Defend_TheCursed","TheCursedMod:Defend_TheCursed","TheCursedMod:CursedWand","TheCursedMod:CleanUpWorkshop","TheCursedMod:TacticalStrike","TheCursedMod:CircleOfBlood+1","TheCursedMod:EmpowerCircles+1","TheCursedMod:CircleOfCorruption+1","TheCursedMod:TacticalStrike","TheCursedMod:CircleOfFlame+1"],"relics":["TheCursedMod:OminousMark","Golden Idol","Juzu Bracelet","PreservedInsect","War Paint"],"acts_visited":["Exordium"],"potions_floor_usage":[16,16,16],"damage_taken":[{"damage":5,"enemies":"Small Slimes","floor":1,"turns":4},{"damage":5,"enemies":"Jaw Worm","floor":2,"turns":4},{"damage":22,"enemies":"3 Sentries","floor":8,"turns":10},{"damage":15,"enemies":"Gremlin Nob","floor":11,"turns":4},{"damage":6,"enemies":"Cultist","floor":14,"turns":4},{"damage":43,"enemies":"Hexaghost","floor":16,"turns":9}],"seed_played":"6424810018391337994","potions_obtained":[{"floor":8,"key":"DuplicationPotion"},{"floor":11,"key":"DuplicationPotion"},{"floor":14,"key":"Fire Potion"}],"is_trial":false,"path_per_floor":["M","M","?","$","?","R","?","E","T","?","E","$","R","M","R","B"],"character_chosen":"THE_CURSED","items_purchased":["TheCursedMod:EmpowerCircles","TheCursedMod:CircleOfCorruption","TheCursedMod:TacticalStrike"],"campfire_rested":0,"item_purchase_floors":[4,4,12],"current_hp_per_floor":[70,65,65,65,70,70,70,52,52,44,33,33,33,31,31,0,0],"gold":39,"neow_bonus":"BOSS_RELIC","is_daily":false,"chose_seed":false,"campfire_upgraded":3,"win_rate":0.0,"timestamp":1612965740,"path_taken":["M","M","?","$","?","R","?","E","T","?","E","$","R","M","R","BOSS"],"items_purchased_type":["Card","Card","Card"],"build_version":"2020-11-17","purchased_purges":1,"victory":false,"max_hp_per_floor":[75,75,75,75,80,80,80,80,80,80,80,80,80,80,80,80,80],"card_choices":[{"not_picked":["TheCursedMod:CursedShiv","TheCursedMod:LuckyCharm"],"picked":"TheCursedMod:TacticalStrike","floor":1},{"not_picked":["TheCursedMod:AbyssShockwave","TheCursedMod:CursedShiv"],"picked":"TheCursedMod:CircleOfBlood","floor":2},{"not_picked":["TheCursedMod:Stigma","TheCursedMod:CursedStaff","TheCursedMod:RapidMovement"],"picked":"SKIP","floor":8},{"not_picked":["TheCursedMod:CursedArmor","TheCursedMod:HellsGateOpen","TheCursedMod:RavingStaff"],"picked":"SKIP","floor":11},{"not_picked":["TheCursedMod:Neurasthenia","TheCursedMod:FleshFromBone"],"picked":"TheCursedMod:CircleOfFlame","floor":14}],"player_experience":309017,"relics_obtained":[{"floor":8,"key":"Juzu Bracelet"},{"floor":9,"key":"PreservedInsect"},{"floor":11,"key":"War Paint"}],"event_choices":[{"damage_healed":0,"gold_gain":0,"player_choice":"Take Wound","damage_taken":0,"relics_obtained":["Golden Idol"],"max_hp_gain":0,"max_hp_loss":0,"event_name":"Golden Idol","floor":3,"gold_loss":0,"cards_obtained":["Injury"]},{"damage_healed":0,"gold_gain":0,"player_choice":"Donut","damage_taken":0,"max_hp_gain":5,"max_hp_loss":0,"event_name":"Big Fish","floor":5,"gold_loss":0},{"cards_removed":["Injury","TheCursedMod:Dregs"],"damage_healed":0,"gold_gain":0,"player_choice":"Removed Curses","damage_taken":0,"max_hp_gain":0,"max_hp_loss":0,"event_name":"Fountain of Cleansing","floor":7,"gold_loss":0},{"damage_healed":0,"gold_gain":0,"player_choice":"Damaged","damage_taken":8,"max_hp_gain":0,"max_hp_loss":0,"event_name":"Wheel of Change","floor":10,"gold_loss":0}],"is_beta":true,"boss_relics":[],"items_purged_floors":[12],"is_endless":false,"potions_floor_spawned":[8,11,14],"killed_by":"Hexaghost","ascension_level":1}}