{"host":"onjcd8pn3ar4eq0z","time":1612931647,"event":{"mods":["2.2 Compatiblity","AchievementEnabler","Act Like it!","Aspiration","BaseMod","Bestiary","Better Note","Better Third Choice","BetterRewards","CapriCore","ChefMod","Colored Map","Colored Powertips","Conspire","Curses Come First","Downfall","Friendly Minions","Gensokyo","GifTheSpireLib","Gremlin Mod","Hallownest","Hermit","Highlight Path","Hubris","Infinite Spire","Jorbs\u0027s Wanderer Trilogy","Koishi","Lobotomy","LobotomyExtend","Marisa????????","Mimic Mod","Minty Spire (QoL Compilation)","Pale of the Ancients","Potionbrewer","Practice Mode","Relic Sorter","Reliquary","Remilia??????","Replay The Spire","Shop Mod","Spicy Shops","StSLib","Synergy Search","The Administrix","The Animator","The Blue Laboratory","The Bug Knight","The Construct","The Cursed","The Disciple","The Gatherer","The Hierophant","The Immortal","The Mystic","The Necromancer","The Runesmith","The Sage","The Servant 0.9.4","TheBandit","TheSwordswoman","Waifu the Spire","Wandering Minibosses","Yuyuko","noobMod"],"gold_per_floor":[99,114,134,145,160,188,188,88,99,99,133,133,133,151,163,260,260,60,70,80,80,180,207,237,264,276,18,18,18,28,52,64,164,164,164,182,12,27,27,33,33,45,45,45,45,60,113,132,147,147,147,173,0,0,0,0],"floor_reached":57,"language":"ENG","playtime":6568,"items_purged":[],"score":1506,"play_id":"10b8fadd-a009-4ea3-89ba-886810eb28ec","local_time":"20210209223407","is_ascension_mode":false,"campfire_choices":[{"floor":1,"key":"RECALL"},{"floor":8,"key":"REST"},{"data":"bronze:Replicate","floor":18,"key":"SMITH"},{"data":"bronze:Flail","floor":29,"key":"SMITH"},{"data":"bronze:HyperBeam","floor":35,"key":"SMITH"},{"data":"PendulumOfEternity","floor":43,"key":"SMITH"},{"data":"bronze:BronzeOrb","floor":45,"key":"SMITH"},{"data":"bronze:Assembly","floor":54,"key":"SMITH"}],"circlet_count":0,"master_deck":["bronze:Strike","bronze:Strike+1","bronze:Strike","bronze:Strike","bronze:Defend","bronze:Defend","bronze:Defend","bronze:Defend","bronze:Replicate+1","bronze:Goto","bronze:Overheat","bronze:Iterate","bronze:Flail+1","bronze:FollowUp","bronze:AlphaBuild+1","bronze:Constructor+1","Pot Of Greed","Pot Of Greed","bronze:Format","bronze:BuggyMess","bronze:Iterate","bronze:Assembly","SilverBlades","Snipe+1","Shuttle","bronze:Iterate+1","Pot Of Greed","bronze:Assembly+1","bronze:ChosenStrike+1","bronze:Optimize","Defy+1","Replay:SS_forest_2+1","SilverBlades","bronze:DelayedSlice+1","SilverBlades","bronze:HyperBeam+1","bronze:Optimize+1","WasteNot","WasteNot+1","Pot Of Greed","PendulumOfEternity+1","bronze:BronzeOrb+1","Advance+1","TimeTheft+1","bronze:Format","bronze:WhirlingStrike","BottledTime+1","expansioncontent:QuickStudy+1"],"relics":["bronze:BronzeCore","downfall:HeartBlessingRed","downfall:HeartBlessingGreen","downfall:HeartBlessingBlue","ice","LetterFromLob","reliquary:PrincelyHelmet","bronze:BottledCode","Grinning Jar","Moonlight_r","aspiration:ServantSkillbook","construct:WeddingRing","infinitespire:Satchel","Snack Pack","FossilizedHelix","hubris:VirtuousBlindfold","MerchantsRug","potionbrewer:Keyblade","conspire:DecoderRing","construct:RocketBooster","infinitespire:PuzzleCube"],"acts_visited":["Exordium","TheCity","TheBeyond","TheEnding"],"potions_floor_usage":[27,27],"damage_taken":[{"damage":0,"enemies":"Cultist","floor":2,"turns":3},{"damage":6,"enemies":"Jaw Worm","floor":3,"turns":4},{"damage":0,"enemies":"Small Slimes","floor":4,"turns":3},{"damage":2,"enemies":"3 Louse","floor":5,"turns":2},{"damage":28,"enemies":"Lagavulin","floor":6,"turns":6},{"damage":0,"enemies":"2 Fungi Beasts","floor":9,"turns":2},{"damage":25,"enemies":"HollowMod:MossKnight","floor":11,"turns":11},{"damage":0,"enemies":"Exordium Wildlife","floor":14,"turns":2},{"damage":0,"enemies":"Lots of Slimes","floor":15,"turns":1},{"damage":1,"enemies":"IC_STATUS_ARCHETYPE","floor":16,"turns":6},{"damage":0,"enemies":"Spheric Guardian","floor":19,"turns":1},{"damage":0,"enemies":"3 Byrds","floor":20,"turns":4},{"damage":0,"enemies":"downfall:LadyInBlue","floor":22,"turns":5},{"damage":0,"enemies":"Slavers","floor":23,"turns":2},{"damage":0,"enemies":"Snecko","floor":24,"turns":2},{"damage":3,"enemies":"Gremlin Leader","floor":25,"turns":3},{"damage":0,"enemies":"Snecko","floor":26,"turns":2},{"damage":0,"enemies":"downfall:FleeingMerchant","floor":27,"turns":4},{"damage":0,"enemies":"Centurion and Healer","floor":30,"turns":2},{"damage":0,"enemies":"downfall:FleeingMerchant","floor":31,"turns":1},{"damage":0,"enemies":"3 Cultists","floor":32,"turns":3},{"damage":0,"enemies":"DF_ARCHETYPE_CLAW","floor":33,"turns":4},{"damage":3,"enemies":"3 Shapes","floor":36,"turns":3},{"damage":0,"enemies":"3 Darklings","floor":38,"turns":2},{"damage":0,"enemies":"Maw","floor":42,"turns":4},{"damage":0,"enemies":"Spire Growth","floor":46,"turns":2},{"damage":0,"enemies":"2 Orb Walkers","floor":47,"turns":2},{"damage":3,"enemies":"Sphere and 2 Shapes","floor":48,"turns":1},{"damage":0,"enemies":"3 Darklings","floor":49,"turns":1},{"damage":0,"enemies":"WA_ARCHETYPE_DIVINITY","floor":50,"turns":6},{"damage":0,"enemies":"downfall:CharBossMerchant","floor":52,"turns":4},{"damage":0,"enemies":"downfall:NeowBoss","floor":55,"turns":8},{"damage":0,"enemies":"downfall:NeowBossFinal","floor":56,"turns":7}],"seed_played":"-4327562011954198323","potions_obtained":[{"floor":2,"key":"blueLaboratory:PolymorphPotion"},{"floor":6,"key":"potionbrewer:AcidPotion"},{"floor":9,"key":"sneckomod:MuddlingPotion"},{"floor":22,"key":"conspire:TimeTravelPotion"},{"floor":22,"key":"blueLaboratory:FruitPunch"},{"floor":22,"key":"Fire Potion"},{"floor":22,"key":"Ancient Potion"},{"floor":30,"key":"potionbrewer:FreezingPotion"},{"floor":32,"key":"SteroidPotion"},{"floor":44,"key":"blueLaboratory:BottleOfRum"},{"floor":44,"key":"Flashbang"},{"floor":44,"key":"blueLaboratory:EnragingPotion"},{"floor":46,"key":"blueLaboratory:LouseDecoction"},{"floor":49,"key":"SkillPotion"}],"is_trial":false,"path_per_floor":["R_BF","M","M","M","M","E","T","R","M","?","E","?","?","M","M","B",null,"R","M","M","AVR","?","E","MIM","E","M","$","?","R","M","$","M","B",null,"R","M","$","M","?","$","T","M","R","?","R","M","?","M","M","B",null,"E","$","R","B","B",null],"character_chosen":"THE_AUTOMATON","items_purchased":["Snack Pack","FossilizedHelix","MerchantsRug","WasteNot","potionbrewer:Keyblade","expansioncontent:QuickStudy+1"],"campfire_rested":1,"item_purchase_floors":[27,31,37,37,40,53],"current_hp_per_floor":[70,70,64,64,62,34,34,68,68,68,45,4,4,4,4,70,70,70,70,70,70,71,71,71,82,82,94,94,94,96,98,102,106,111,111,112,112,114,114,114,114,117,117,117,117,118,119,118,120,123,129,129,129,129,133,136],"gold":0,"neow_bonus":"RANDOM_COMMON_RELIC","is_daily":false,"chose_seed":false,"campfire_upgraded":6,"win_rate":0.0,"timestamp":1612931647,"path_taken":["R_BF","M","M","M","M","E","T","R","?","?","E","?","?","M","M","BOSS","R","M","M","AVR","?","E","MIM","E","M","$","?","R","?","$","M","BOSS","R","M","$","M","?","$","T","?","R","?","R","?","?","M","M","BOSS","E","$","R","BOSS","BOSS"],"items_purchased_type":["Relic","Relic","Relic","Card","Relic","Card"],"build_version":"2020-12-22","purchased_purges":0,"victory":true,"max_hp_per_floor":[70,70,70,70,70,70,70,80,80,70,70,70,70,70,70,70,70,70,70,80,80,82,83,83,98,98,105,105,105,105,105,105,111,111,111,116,116,117,117,117,117,118,118,118,118,119,121,123,123,129,129,130,130,130,137,145],"card_choices":[{"not_picked":["bronze:BronzeArmor","bronze:DigitalCarnage"],"picked":"bronze:Overheat","floor":2},{"not_picked":["bronze:OilSpill","bronze:ForceShield"],"picked":"bronze:Iterate","floor":3},{"not_picked":["bronze:OilSpill","bronze:Allocate"],"picked":"bronze:Flail","floor":4},{"not_picked":["bronze:DelayedGuard","bronze:DarkDash"],"picked":"bronze:FollowUp","floor":5},{"not_picked":["bronze:DelayedGuard","bronze:Virus"],"picked":"bronze:AlphaBuild","floor":6},{"not_picked":["bronze:BitShift","bronze:BronzeArmor"],"picked":"bronze:Constructor","floor":9},{"not_picked":["bronze:Fortify","bronze:Flail"],"picked":"bronze:Format","floor":11},{"not_picked":["bronze:NullPointer","bronze:Invalidate"],"picked":"bronze:BuggyMess","floor":14},{"not_picked":["bronze:CloningBeam","bronze:Backtrace"],"picked":"bronze:Iterate","floor":15},{"not_picked":["bronze:ShipIt","bronze:Virus"],"picked":"bronze:Assembly","floor":16},{"not_picked":["BottledTime","FastForward","Desolation+1"],"picked":"SilverBlades","floor":19},{"not_picked":["bronze:DelayedGuard","DoubleEdge","BottledTime"],"picked":"Snipe+1","floor":20},{"not_picked":["Read+1","BestPractice","bronze:SpaghettiCode"],"picked":"Shuttle","floor":22},{"not_picked":["Spin+1","BestPractice","TimeWarp"],"picked":"bronze:Iterate+1","floor":23},{"not_picked":["bronze:Safeguard","bronze:ForceShield","Misdirection"],"picked":"bronze:Assembly","floor":24},{"not_picked":["Spin","DoubleEdge","bronze:Turbo"],"picked":"bronze:ChosenStrike+1","floor":25},{"not_picked":["bronze:Branch","SurpressingFire+1","bronze:OilSpill"],"picked":"bronze:Optimize","floor":26},{"not_picked":["bronze:BronzeArmor","Potential","Reset"],"picked":"Defy+1","floor":27},{"not_picked":["Reset","bronze:OilSpill","bronze:Boost"],"picked":"SilverBlades","floor":30},{"not_picked":["bronze:HardenedForm","Read+1","DancingSilver"],"picked":"bronze:DelayedSlice+1","floor":31},{"not_picked":["bronze:Deprecate","bronze:BuggyMess","bronze:Optimize+1"],"picked":"SilverBlades","floor":32},{"not_picked":["KillingDoll","bronze:FindAndReplace","bronze:Mutator"],"picked":"bronze:HyperBeam","floor":33},{"not_picked":["bronze:Repair","bronze:Separator+1","ShatteredReality"],"picked":"bronze:Optimize+1","floor":36},{"not_picked":["bronze:Separator+1","bronze:ForLoop","DoubleEdge"],"picked":"WasteNot+1","floor":38},{"not_picked":["bronze:Invalidate","bronze:OilSpill","Spin+1"],"picked":"bronze:BronzeOrb","floor":42},{"not_picked":["bronze:DelayedGuard+1","bronze:DelayedSlice+1","Misdirection"],"picked":"Advance+1","floor":46},{"not_picked":["bronze:CutThrough+1","bronze:NullPointer","Moondial"],"picked":"TimeTheft+1","floor":47},{"not_picked":["Potential","Manipulate+1","bronze:Overheat"],"picked":"bronze:Format","floor":48},{"not_picked":["Rearm","RealityMarble+1","Manipulate"],"picked":"bronze:WhirlingStrike","floor":49},{"not_picked":["TimeWarp","Unruled+1","bronze:Break"],"picked":"BottledTime+1","floor":52}],"player_experience":546663,"relics_obtained":[{"floor":2,"key":"LetterFromLob"},{"floor":6,"key":"reliquary:PrincelyHelmet"},{"floor":11,"key":"Grinning Jar"},{"floor":22,"key":"Toy Ornithopter"},{"floor":23,"key":"infinitespire:Satchel"},{"floor":24,"key":"reliquary:QuartzCube"},{"floor":25,"key":"Mango"},{"floor":41,"key":"conspire:DecoderRing"},{"floor":47,"key":"construct:RocketBooster"},{"floor":52,"key":"infinitespire:PuzzleCube"}],"event_choices":[{"damage_healed":0,"gold_gain":0,"player_choice":"Leave","damage_taken":0,"max_hp_gain":0,"max_hp_loss":0,"event_name":"conspire:Investor","floor":13,"gold_loss":0},{"cards_removed":["Defy"],"damage_healed":0,"gold_gain":0,"player_choice":"Take \u0026 Give","damage_taken":0,"max_hp_gain":0,"max_hp_loss":0,"event_name":"betterNote:BetterNote","floor":28,"gold_loss":0,"cards_obtained":["Replay:SS_forest_2"]},{"damage_healed":0,"gold_gain":0,"player_choice":"Got Potions","damage_taken":0,"max_hp_gain":0,"max_hp_loss":0,"event_name":"Lab","floor":44,"gold_loss":0},{"damage_healed":0,"gold_gain":0,"player_choice":"Fight","damage_taken":0,"max_hp_gain":0,"max_hp_loss":0,"event_name":"Mysterious Sphere","floor":47,"gold_loss":0}],"is_beta":false,"boss_relics":[{"not_picked":["aspiration:SecretTechniqueScroll","Fusion Hammer"],"picked":"aspiration:ServantSkillbook"},{"not_picked":["Velvet Choker","conspire:SeveredTorchhead"],"picked":"hubris:VirtuousBlindfold"}],"items_purged_floors":[],"is_endless":false,"potions_floor_spawned":[2,6,9,14,16,20,22,23,30,32,36,46,47,49],"ascension_level":0}}