{"host":"vxp84kvh2mp2zn27","time":1612922308,"event":{"mods":["A Magickal Journey","AchievementEnabler","Aspiration","Astrologer","Bard","BaseMod","Bestiary","Better Third Choice","BetterRewards","Card Forge","Challenge The Spire","Chen","Colored Map","Colored Powertips","Conspire","Duelist Mod","Friendly Minions","FutureSeer","Glutton Mod","Googly Eyes","Halation","Hero for Fun","Highlight Path","HornydragonMod","Hubris","Hunter ??","Infinite Spire","Jedi Mod","Kiyohime????","KomeijiMod","Mad Scientist","Magitek Elite","Marisa????????","Mimic Mod","Minty Spire (QoL Compilation)","Prisma Mod","Quick Restart","Reimu??????","Reliquary","Replay The Spire","Shop Mod","Somnambulant","Spikes Relics","StSLib","The Animator","The Blackbeard","The Bladedancer","The Blue Laboratory","The Bug Knight","The Cursed","The Druid","The Elementalist","The Florist","The Gatherer","The Hayseed","The Juggle","The Jungle","The Marked","The Mystic","The Necromancer","The Poker Player","The Problem Sleuth","The Runesmith","The Servant 0.9.4","The Wild Card","Yohane!","Youmu??????","Yuri Mod"],"gold_per_floor":[115,134,149,71,84,84,84,84,117,133,143,143,155,155,155,155,155],"floor_reached":16,"language":"FRA","playtime":1204,"items_purged":[],"score":94,"play_id":"1f8747c5-8c34-4cbd-9a0b-16f266147390","local_time":"20210210025828","is_ascension_mode":false,"campfire_choices":[{"floor":6,"key":"REST"},{"floor":12,"key":"REST"},{"floor":15,"key":"REST"}],"circlet_count":0,"master_deck":["Strike_L","Strike_L","Strike_L","Strike_L","Defend_L","Defend_L","Defend_L","Defend_L","Defend_L","Fire2","Cure","Icebrand","Quake","Wall","Shell","Barrier","Focus","Stop","Meltdown","Aero"],"relics":["Pendant","Hammer of Thor","Seething Fire","Anvil of the Gods","hubris:SlimyHat"],"acts_visited":["Exordium"],"potions_floor_usage":[],"damage_taken":[{"damage":4,"enemies":"Cultist","floor":1,"turns":5},{"damage":9,"enemies":"Jaw Worm","floor":2,"turns":6},{"damage":6,"enemies":"2 Louse","floor":3,"turns":2},{"damage":24,"enemies":"Gremlin Gang","floor":5,"turns":6},{"damage":21,"enemies":"Red Slaver","floor":9,"turns":14},{"damage":9,"enemies":"Red Slaver","floor":10,"turns":9},{"damage":6,"enemies":"3 Louse","floor":11,"turns":5},{"damage":10,"enemies":"Looter","floor":13,"turns":2},{"damage":83,"enemies":"Hexaghost","floor":16,"turns":14}],"seed_played":"7640240453517005698","potions_obtained":[{"floor":2,"key":"blueLaboratory:RecallPotion"},{"floor":11,"key":"Swift Potion"},{"floor":13,"key":"Swift Potion"}],"is_trial":false,"path_per_floor":["M","M","M","$","M","R","?","$","MIM","M","M","R","M","?","R","B"],"character_chosen":"MAGITEKELITE","items_purchased":["Shell"],"campfire_rested":3,"item_purchase_floors":[4],"current_hp_per_floor":[65,62,56,56,38,58,58,58,43,40,40,60,50,55,74,0,0],"gold":155,"neow_bonus":"TEN_PERCENT_HP_BONUS","is_daily":false,"chose_seed":false,"campfire_upgraded":0,"win_rate":0.0,"timestamp":1612922308,"path_taken":["M","M","M","$","M","R","?","?","MIM","M","?","R","M","?","R","BOSS"],"items_purchased_type":["Card"],"build_version":"2020-12-22","purchased_purges":0,"victory":false,"max_hp_per_floor":[69,69,69,69,69,69,69,69,69,69,69,69,69,74,74,74,74],"card_choices":[{"not_picked":["Heavy_Shield","Mythril_Knife"],"picked":"Icebrand","floor":1},{"not_picked":["Poisona","Drain"],"picked":"Quake","floor":2},{"not_picked":["Dispel","Water"],"picked":"Wall","floor":3},{"not_picked":["Water","Vox"],"picked":"Barrier","floor":5},{"not_picked":["Slow","Heavy_Shield"],"picked":"Focus","floor":9},{"not_picked":["Falchion","Wall"],"picked":"Stop","floor":10},{"not_picked":["Blood_Hilt","Flare"],"picked":"Meltdown","floor":11},{"not_picked":["Astra","Throw"],"picked":"Aero","floor":13}],"player_experience":222807,"relics_obtained":[{"floor":9,"key":"hubris:SlimyHat"}],"event_choices":[{"damage_healed":0,"gold_gain":0,"player_choice":"Donut","damage_taken":0,"max_hp_gain":5,"max_hp_loss":0,"event_name":"Big Fish","floor":14,"gold_loss":0}],"is_beta":false,"boss_relics":[],"items_purged_floors":[],"is_endless":false,"potions_floor_spawned":[2,11,13],"killed_by":"Hexaghost","ascension_level":0}}