{"host":"tml1x4ylw9tadh99","time":1612963268,"event":{"mods":["AchievementEnabler","Act Like it!","BaseMod","Bestiary","Colored Map","Colored Powertips","DeckTracker","Friendly Minions","GifTheSpireLib","Minty Spire (QoL Compilation)","Quick Restart","Random Character Button","Random Character Mod","Relic Stats","StSLib","Synergy Search"],"gold_per_floor":[112,128,144,69,85,115,115,115,115,130,130,165,65,65,65,166,166,181,25,25,44,62,62,93,93,93,110,126,126,141,169,169,265,265,277,31,31,41,41,66,66,94,94,111,111,126,126,139,139,139],"floor_reached":51,"language":"ENG","playtime":4384,"items_purged":["Strike_B","Strike_B"],"score":907,"play_id":"75a43834-e1d9-4a75-bc02-cde9954867a4","local_time":"20210210142108","is_ascension_mode":false,"campfire_choices":[{"floor":7,"key":"REST"},{"floor":11,"key":"REST"},{"floor":15,"key":"REST"},{"data":"Zap","floor":23,"key":"SMITH"},{"data":"Dualcast","floor":25,"key":"SMITH"},{"data":"Beam Cell","floor":29,"key":"SMITH"},{"data":"Hologram","floor":32,"key":"SMITH"},{"data":"BootSequence","floor":41,"key":"SMITH"},{"data":"All For One","floor":47,"key":"SMITH"},{"data":"Reboot","floor":49,"key":"SMITH"}],"circlet_count":0,"master_deck":["Defend_B","Defend_B","Defend_B","Zap+1","Gash","Beam Cell+1","Streamline+1","BootSequence+1","Gash","Go for the Eyes+1","FTL","Gash","Redo+1","Hologram+1","All For One+1","Gash","Hologram+1","Reboot+1"],"relics":["Cracked Core","PreservedInsect","Pen Nib","InkBottle","Runic Pyramid","Omamori","WarpedTongs","Ornamental Fan","Thread and Needle","Bag of Preparation","Nuclear Battery","Shuriken","Nunchaku","Strawberry","Toy Ornithopter"],"acts_visited":["Exordium","TheCity","TheBeyond"],"potions_floor_usage":[31,50,50,50,50],"damage_taken":[{"damage":2,"enemies":"Cultist","floor":1,"turns":5},{"damage":0,"enemies":"Small Slimes","floor":2,"turns":3},{"damage":1,"enemies":"Jaw Worm","floor":3,"turns":2},{"damage":8,"enemies":"2 Fungi Beasts","floor":5,"turns":3},{"damage":26,"enemies":"3 Sentries","floor":6,"turns":6},{"damage":22,"enemies":"Gremlin Gang","floor":10,"turns":4},{"damage":16,"enemies":"Gremlin Nob","floor":12,"turns":3},{"damage":31,"enemies":"Hexaghost","floor":16,"turns":8},{"damage":0,"enemies":"Chosen","floor":18,"turns":3},{"damage":0,"enemies":"Spheric Guardian","floor":21,"turns":3},{"damage":4,"enemies":"Centurion and Healer","floor":22,"turns":3},{"damage":12,"enemies":"Book of Stabbing","floor":24,"turns":4},{"damage":0,"enemies":"Cultist and Chosen","floor":27,"turns":4},{"damage":0,"enemies":"3 Cultists","floor":28,"turns":4},{"damage":0,"enemies":"Centurion and Healer","floor":30,"turns":5},{"damage":0,"enemies":"Slavers","floor":31,"turns":4},{"damage":0,"enemies":"Champ","floor":33,"turns":6},{"damage":0,"enemies":"Orb Walker","floor":35,"turns":2},{"damage":0,"enemies":"3 Darklings","floor":38,"turns":2},{"damage":0,"enemies":"Giant Head","floor":40,"turns":2},{"damage":0,"enemies":"Nemesis","floor":42,"turns":3},{"damage":0,"enemies":"Maw","floor":44,"turns":2},{"damage":0,"enemies":"Sphere and 2 Shapes","floor":46,"turns":3},{"damage":0,"enemies":"3 Darklings","floor":48,"turns":2},{"damage":0,"enemies":"Donu and Deca","floor":50,"turns":2}],"seed_played":"-3312031758128923245","potions_obtained":[{"floor":10,"key":"Ancient Potion"},{"floor":12,"key":"Energy Potion"},{"floor":16,"key":"FearPotion"},{"floor":24,"key":"SteroidPotion"},{"floor":27,"key":"EntropicBrew"},{"floor":28,"key":"DuplicationPotion"},{"floor":31,"key":"Weak Potion"},{"floor":44,"key":"Strength Potion"}],"is_trial":false,"path_per_floor":["M","M","M","$","M","E","R","?","T","M","R","E","$","?","R","B",null,"M","$","?","M","M","R","E","R","T","M","M","R","M","E","R","B",null,"M","$","?","M","?","E","R","E","T","M","?","M","R","M","R","B",null],"character_chosen":"DEFECT","items_purchased":["Omamori","Shuriken"],"campfire_rested":3,"item_purchase_floors":[19,36],"current_hp_per_floor":[52,52,51,51,43,17,39,39,39,17,39,23,23,23,45,14,75,75,75,75,75,71,71,59,59,59,59,59,59,59,59,59,59,75,75,75,75,75,75,75,75,82,82,82,82,82,82,82,82,82],"gold":139,"neow_bonus":"REMOVE_TWO","is_daily":false,"chose_seed":false,"campfire_upgraded":7,"win_rate":0.0,"timestamp":1612963268,"path_taken":["M","M","?","$","M","E","R","?","T","M","R","E","$","?","R","BOSS","M","$","?","M","M","R","E","R","T","M","M","R","?","E","R","BOSS","M","$","?","?","?","E","R","E","T","M","?","?","R","M","R","BOSS"],"items_purchased_type":["Relic","Relic"],"build_version":"2020-12-22","purchased_purges":2,"victory":true,"max_hp_per_floor":[75,75,75,75,75,75,75,75,75,75,75,75,75,75,75,75,75,75,75,75,75,75,75,75,75,75,75,75,75,75,75,75,75,75,75,75,75,75,75,75,75,82,82,82,82,82,82,82,82,82],"relic_stats":{"Nunchaku":[9],"counters":[25,88],"Ornamental Fan":[212],"Shuriken":[34],"PreservedInsect":274,"Pen Nib":[26],"Bag of Preparation":[18],"obtain_stats":[{"Thread and Needle":26,"PreservedInsect":6,"Pen Nib":9,"Omamori":19,"Bag of Preparation":31,"WarpedTongs":20,"Nuclear Battery":34,"Nunchaku":40,"Ornamental Fan":24,"Shuriken":36,"Strawberry":42,"Cracked Core":0,"InkBottle":12,"Toy Ornithopter":43,"Runic Pyramid":17},{"Thread and Needle":12,"PreservedInsect":5,"Pen Nib":5,"Omamori":9,"Bag of Preparation":16,"WarpedTongs":9,"Nuclear Battery":17,"Nunchaku":20,"Ornamental Fan":12,"Shuriken":18,"Strawberry":21,"Cracked Core":0,"InkBottle":7,"Toy Ornithopter":21,"Runic Pyramid":8},{"Thread and Needle":47,"PreservedInsect":19,"Pen Nib":19,"Omamori":37,"Bag of Preparation":64,"WarpedTongs":37,"Nuclear Battery":70,"Nunchaku":76,"Ornamental Fan":47,"Shuriken":72,"Strawberry":79,"Cracked Core":0,"InkBottle":26,"Toy Ornithopter":79,"Runic Pyramid":34}],"InkBottle":[35],"Toy Ornithopter":0,"WarpedTongs":[51]},"card_choices":[{"not_picked":["Go for the Eyes","Barrage"],"picked":"Gash","floor":1},{"not_picked":["Streamline","Hologram"],"picked":"Beam Cell","floor":2},{"not_picked":["Reprogram","Multi-Cast","Conserve Battery"],"picked":"SKIP","floor":3},{"not_picked":["Compile Driver","Redo"],"picked":"Streamline","floor":5},{"not_picked":["Compile Driver","Heatsinks"],"picked":"BootSequence","floor":6},{"not_picked":["Doom and Gloom","Streamline"],"picked":"Gash","floor":10},{"not_picked":["Lockon","Loop","Rebound"],"picked":"SKIP","floor":12},{"not_picked":["Chaos","Compile Driver+1","Capacitor"],"picked":"SKIP","floor":18},{"not_picked":["Doom and Gloom","Barrage","Coolheaded"],"picked":"SKIP","floor":21},{"not_picked":["Leap","Darkness"],"picked":"Go for the Eyes+1","floor":22},{"not_picked":["Auto Shields","Defragment"],"picked":"FTL","floor":24},{"not_picked":["Barrage+1","Echo Form"],"picked":"Gash","floor":27},{"not_picked":["Steam","Ball Lightning"],"picked":"Redo+1","floor":28},{"not_picked":["Barrage+1","Ball Lightning","Heatsinks"],"picked":"SKIP","floor":30},{"not_picked":["Lockon","Consume"],"picked":"Hologram","floor":31},{"not_picked":["Creative AI","Fission"],"picked":"All For One","floor":33},{"not_picked":["Ball Lightning+1","Barrage+1","Glacier+1"],"picked":"SKIP","floor":35},{"not_picked":["Fusion+1","Leap","Defragment"],"picked":"SKIP","floor":38},{"not_picked":["Gash","Glacier+1"],"picked":"Hologram+1","floor":40},{"not_picked":["Cold Snap+1","Tempest","Steam Power"],"picked":"SKIP","floor":42},{"not_picked":["Darkness","Heatsinks+1","Rip and Tear"],"picked":"SKIP","floor":44},{"not_picked":["Compile Driver+1","Genetic Algorithm","Reinforced Body+1"],"picked":"SKIP","floor":46},{"not_picked":["Redo","Skim"],"picked":"Reboot","floor":48}],"player_experience":56607,"relics_obtained":[{"floor":6,"key":"PreservedInsect"},{"floor":9,"key":"Pen Nib"},{"floor":12,"key":"InkBottle"},{"floor":24,"key":"Ornamental Fan"},{"floor":26,"key":"Thread and Needle"},{"floor":31,"key":"Bag of Preparation"},{"floor":40,"key":"Nunchaku"},{"floor":42,"key":"Strawberry"},{"floor":43,"key":"Toy Ornithopter"}],"event_choices":[{"damage_healed":0,"gold_gain":0,"player_choice":"Ignored","damage_taken":0,"max_hp_gain":0,"max_hp_loss":0,"event_name":"Liars Game","floor":8,"gold_loss":0},{"cards_removed":["Strike_B"],"damage_healed":0,"gold_gain":0,"player_choice":"Forget","damage_taken":0,"max_hp_gain":0,"max_hp_loss":0,"event_name":"Living Wall","floor":14,"gold_loss":0},{"damage_healed":0,"gold_gain":0,"player_choice":"Rummage","damage_taken":0,"relics_obtained":["WarpedTongs"],"max_hp_gain":0,"max_hp_loss":0,"event_name":"Accursed Blacksmith","floor":20,"gold_loss":0,"cards_obtained":["Pain"]},{"damage_healed":0,"gold_gain":0,"player_choice":"Copied","damage_taken":0,"max_hp_gain":0,"max_hp_loss":0,"event_name":"Duplicator","floor":37,"gold_loss":0,"cards_obtained":["Gash"]},{"cards_removed":["Dualcast"],"damage_healed":0,"gold_gain":0,"player_choice":"Removed Skill","damage_taken":0,"max_hp_gain":0,"max_hp_loss":0,"event_name":"Falling","floor":39,"gold_loss":0},{"damage_healed":0,"gold_gain":0,"player_choice":"Upgraded","damage_taken":0,"max_hp_gain":0,"max_hp_loss":0,"event_name":"Upgrade Shrine","floor":45,"gold_loss":0,"cards_upgraded":["Streamline"]}],"is_beta":false,"boss_relics":[{"not_picked":["Sozu","Velvet Choker"],"picked":"Runic Pyramid"},{"not_picked":["SacredBark","SlaversCollar"],"picked":"Nuclear Battery"}],"items_purged_floors":[4,13],"is_endless":false,"potions_floor_spawned":[10,12,16,24,27,28,30,31,44,46,48],"ascension_level":0}}