{"host":"iyj530209nkhhjuz","time":1612975158,"event":{"mods":["AchievementEnabler","BaseMod","Better Match","Better Note","Better Third Choice","BetterRewards","Colored Map","Colored Powertips","Dark Map","Fox Events","Highlight Path","Minty Spire (QoL Compilation)","Permanent Neow","Random Character Button","Rare Cards Sparkle","Relic Stats","StSLib","Waifu the Spire"],"gold_per_floor":[110,110,110,210,226,257,257,292,292,335,369,388,44,57,57,183,260,284,284,309,325,325,364,494,530,634,634,650,688,688,732,732,863,940,953,412,433,451,451,486,500,531,608,9,49,49,69,85,85,85],"floor_reached":51,"language":"ENG","playtime":5111,"items_purged":["Defend_G","Defend_G","Strike_G","Strike_G"],"score":1486,"play_id":"bde79537-9bd7-416c-9ae7-1d31950525f8","local_time":"20210210173918","is_ascension_mode":true,"campfire_choices":[{"data":"Crippling Poison","floor":7.0,"key":"SMITH"},{"data":"Noxious Fumes","floor":15.0,"key":"SMITH"},{"data":"Noxious Fumes","floor":27.0,"key":"SMITH"},{"data":"Catalyst","floor":30.0,"key":"SMITH"},{"data":"Adrenaline","floor":32.0,"key":"SMITH"},{"data":"Catalyst","floor":49.0,"key":"SMITH"}],"circlet_count":0,"master_deck":["Defend_G+1","Defend_G","Defend_G+1","Survivor","Neutralize","Cloak And Dagger","Noxious Fumes+1","Footwork","Poisoned Stab","Accuracy","Crippling Poison+1","Adrenaline+1","CurseOfTheBell","Noxious Fumes+1","Seek+1","Dagger Spray","Catalyst+1","Calculated Gamble","Wraith Form v2+1","Noxious Fumes+1","Footwork+1","Wraith Form v2+1","Footwork+1","Catalyst+1","Noxious Fumes+1","Footwork+1"],"relics":["Ring of the Snake","Meat on the Bone","Pear","Golden Idol","Bottled Lightning","Bottled Flame","Bottled Tornado","foxEvents:LuckyCharm","Gremlin Horn","Letter Opener","Calling Bell","Tiny Chest","Eternal Feather","Incense Burner","Frozen Egg 2","Strawberry","Happy Flower","Mercury Hourglass","Bird Faced Urn","Black Star","White Beast Statue","Pantograph","Ornamental Fan","Toy Ornithopter","Turnip","Dream Catcher","The Specimen","Regal Pillow","War Paint"],"acts_visited":["Exordium","TheCity","TheBeyond"],"potions_floor_usage":[50,50,50,50,50,50],"damage_taken":[{"damage":1.0,"enemies":"Small Slimes","floor":1.0,"turns":5.0},{"damage":0.0,"enemies":"2 Louse","floor":5.0,"turns":3.0},{"damage":22.0,"enemies":"3 Sentries","floor":6.0,"turns":8.0},{"damage":8.0,"enemies":"Lagavulin","floor":8.0,"turns":7.0},{"damage":14.0,"enemies":"Colosseum Slavers","floor":10.0,"turns":5.0},{"damage":4.0,"enemies":"Gremlin Nob","floor":11.0,"turns":4.0},{"damage":0.0,"enemies":"Cultist","floor":12.0,"turns":4.0},{"damage":0.0,"enemies":"2 Fungi Beasts","floor":14.0,"turns":3.0},{"damage":9.0,"enemies":"Hexaghost","floor":16.0,"turns":9.0},{"damage":6.0,"enemies":"Spheric Guardian","floor":18.0,"turns":5.0},{"damage":4.0,"enemies":"Shell Parasite","floor":20.0,"turns":5.0},{"damage":32.0,"enemies":"Snake Plant","floor":21.0,"turns":6.0},{"damage":16.0,"enemies":"Gremlin Leader","floor":23.0,"turns":7.0},{"damage":10.0,"enemies":"Slavers","floor":25.0,"turns":4.0},{"damage":13.0,"enemies":"Snecko","floor":28.0,"turns":4.0},{"damage":12.0,"enemies":"Gremlin Leader","floor":29.0,"turns":5.0},{"damage":23.0,"enemies":"Book of Stabbing","floor":31.0,"turns":5.0},{"damage":42.0,"enemies":"Collector","floor":33.0,"turns":6.0},{"damage":3.0,"enemies":"Orb Walker","floor":35.0,"turns":4.0},{"damage":2.0,"enemies":"3 Darklings","floor":37.0,"turns":4.0},{"damage":2.0,"enemies":"Sphere and 2 Shapes","floor":38.0,"turns":4.0},{"damage":1.0,"enemies":"Giant Head","floor":40.0,"turns":7.0},{"damage":20.0,"enemies":"Transient","floor":41.0,"turns":5.0},{"damage":44.0,"enemies":"Nemesis","floor":42.0,"turns":7.0},{"damage":31.0,"enemies":"Giant Head","floor":45.0,"turns":7.0},{"damage":6.0,"enemies":"4 Shapes","floor":47.0,"turns":4.0},{"damage":3.0,"enemies":"Jaw Worm Horde","floor":48.0,"turns":4.0},{"damage":46,"enemies":"Donu and Deca","floor":50,"turns":7}],"seed_played":"2618339113133340222","potions_obtained":[{"floor":6.0,"key":"BlessingOfTheForge"},{"floor":8.0,"key":"Poison Potion"},{"floor":10.0,"key":"Fire Potion"},{"floor":12.0,"key":"Energy Potion"},{"floor":28.0,"key":"EntropicBrew"},{"floor":31.0,"key":"Weak Potion"},{"floor":37.0,"key":"Dexterity Potion"},{"floor":41.0,"key":"Regen Potion"},{"floor":45.0,"key":"FearPotion"}],"is_trial":false,"path_per_floor":["M","?","?","?","M","E","R","E","T","?","E","M","$","M","R","B",null,"M","?","M","M","?","E","T","E","T","R","M","E","R","E","R","B",null,"M","$","M","M","?","E","M","E","T","$","E","?","M","M","R","B",null],"character_chosen":"THE_SILENT","items_purchased":["Cloak And Dagger","Noxious Fumes","Meat on the Bone","Pear","Footwork","Letter Opener","Noxious Fumes+1","White Beast Statue","EntropicBrew","The Specimen","Footwork+1","Catalyst"],"campfire_rested":0,"item_purchase_floors":[0,0,0,0,0,13,36,36,36,44,44,44],"current_hp_per_floor":[58,58,51,51,51,41,41,45,45,43,39,39,39,39,39,42,66,60,60,56,36,36,32,32,41,41,53,52,52,64,41,53,29,68,75,75,81,81,81,80,69,51,51,51,51,81,81,81,81,61],"gold":85,"neow_bonus":"","is_daily":false,"chose_seed":false,"campfire_upgraded":6,"win_rate":0.0,"timestamp":1612975158,"path_taken":["M","?","?","?","?","E","R","E","T","?","E","M","$","M","R","BOSS","M","?","M","?","?","E","?","E","T","R","M","E","R","E","R","BOSS","M","$","M","M","?","E","M","E","T","$","E","?","M","?","R","BOSS"],"items_purchased_type":["Card","Card","Relic","Relic","Card","Relic","Card","Relic","Potion","Relic","Card","Card"],"build_version":"2020-12-22","purchased_purges":4,"victory":true,"max_hp_per_floor":[80,74,74,74,74,74,74,74,74,74,74,74,74,74,74,74,74,74,74,74,74,74,74,74,81,81,81,81,81,81,81,81,81,81,81,81,81,81,81,81,81,81,81,81,81,81,81,81,81,81],"relic_stats":{"Regal Pillow":30,"Gremlin Horn":[21,21],"Happy Flower":[24],"counters":[108,520],"Golden Idol":206,"Eternal Feather":36,"Letter Opener":[185],"War Paint":["Vigilance","Protect","Vault","Defend_P","Defend_P","ThirdEye","Defend_G","Defend_G"],"Mercury Hourglass":[240],"Dream Catcher":0,"Ornamental Fan":[12],"Bird Faced Urn":[78],"Pantograph":0,"Tiny Chest":1,"Turnip":[0],"Black Star":3,"obtain_stats":[{"Gremlin Horn":11,"CeramicFish":9,"Vajra":0,"HoveringKite":17,"Whetstone":30,"Bottled Tornado":42,"Boot":31,"HornCleat":23,"Strawberry":25,"MealTicket":13,"Toxic Egg 2":27,"Girya":43,"Pear":43,"Happy Flower":40,"Blue Candle":20,"Astrolabe":34,"Oddly Smooth Stone":29,"Tingsha":45,"Eternal Feather":17,"Pen Nib":46,"Letter Opener":13,"War Paint":45,"WarpedTongs":4,"SlaversCollar":17,"Bottled Flame":8,"Bronze Scales":11,"MutagenicStrength":24,"Bird Faced Urn":31,"foxEvents:LuckyCharm":10,"Black Star":34,"Pocketwatch":25,"Meat on the Bone":48,"Lantern":43,"Regal Pillow":25,"Singing Bowl":9,"Torii":44,"StoneCalendar":44,"Bag of Preparation":23,"Incense Burner":45,"Nunchaku":7,"Tough Bandages":34,"Dream Catcher":42,"Matryoshka":0,"Pantograph":34,"Tiny Chest":17,"InkBottle":54,"Ring of the Snake":0,"Runic Pyramid":17,"Potion Belt":27,"The Specimen":38,"Golden Idol":5,"PreservedInsect":9,"The Courier":9,"Omamori":14,"Orichalcum":26,"Frozen Egg 2":23,"White Beast Statue":36,"Mercury Hourglass":14,"Calling Bell":34,"Anchor":7,"Busted Crown":34,"Ornamental Fan":10,"Turnip":42,"Art of War":37,"Bottled Lightning":6,"Toy Ornithopter":54},{"Gremlin Horn":86,"CeramicFish":59,"Vajra":24,"HoveringKite":62,"Whetstone":14,"Bottled Tornado":20,"Boot":41,"HornCleat":66,"Strawberry":94,"MealTicket":30,"Toxic Egg 2":68,"Girya":48,"Pear":74,"Happy Flower":19,"Blue Candle":33,"Astrolabe":71,"Oddly Smooth Stone":69,"Tingsha":76,"Eternal Feather":89,"Pen Nib":51,"Letter Opener":87,"War Paint":105,"WarpedTongs":57,"SlaversCollar":32,"Bottled Flame":84,"Bronze Scales":5,"MutagenicStrength":11,"Bird Faced Urn":97,"foxEvents:LuckyCharm":85,"Black Star":98,"Pocketwatch":12,"Meat on the Bone":21,"Lantern":20,"Regal Pillow":37,"Singing Bowl":26,"Torii":49,"StoneCalendar":75,"Bag of Preparation":11,"Incense Burner":20,"Nunchaku":26,"Tough Bandages":42,"Dream Catcher":48,"Matryoshka":55,"Pantograph":42,"Tiny Chest":89,"InkBottle":54,"Ring of the Snake":0,"Runic Pyramid":8,"Potion Belt":38,"The Specimen":45,"Golden Idol":3,"PreservedInsect":4,"The Courier":59,"Omamori":61,"Orichalcum":67,"Frozen Egg 2":93,"White Beast Statue":99,"Mercury Hourglass":7,"Calling Bell":42,"Anchor":59,"Busted Crown":15,"Ornamental Fan":27,"Turnip":104,"Art of War":44,"Bottled Lightning":83,"Toy Ornithopter":23},{"Gremlin Horn":404,"CeramicFish":282,"Vajra":104,"HoveringKite":302,"Whetstone":47,"Bottled Tornado":79,"Boot":194,"HornCleat":314,"Strawberry":447,"MealTicket":138,"Toxic Egg 2":320,"Girya":233,"Pear":341,"Happy Flower":73,"Blue Candle":154,"Astrolabe":331,"Oddly Smooth Stone":323,"Tingsha":348,"Eternal Feather":420,"Pen Nib":246,"Letter Opener":408,"War Paint":505,"WarpedTongs":273,"SlaversCollar":149,"Bottled Flame":395,"Bronze Scales":16,"MutagenicStrength":39,"Bird Faced Urn":461,"foxEvents:LuckyCharm":400,"Black Star":467,"Pocketwatch":43,"Meat on the Bone":84,"Lantern":79,"Regal Pillow":176,"Singing Bowl":119,"Torii":237,"StoneCalendar":344,"Bag of Preparation":39,"Incense Burner":79,"Nunchaku":119,"Tough Bandages":201,"Dream Catcher":233,"Matryoshka":268,"Pantograph":201,"Tiny Chest":420,"InkBottle":260,"Ring of the Snake":0,"Runic Pyramid":31,"Potion Belt":181,"The Specimen":216,"Golden Idol":9,"PreservedInsect":12,"The Courier":282,"Omamori":293,"Orichalcum":317,"Frozen Egg 2":443,"White Beast Statue":471,"Mercury Hourglass":23,"Calling Bell":201,"Anchor":282,"Busted Crown":57,"Ornamental Fan":126,"Turnip":498,"Art of War":210,"Bottled Lightning":388,"Toy Ornithopter":99}],"Toy Ornithopter":56,"Ring of the Snake":[216],"Meat on the Bone":132},"card_choices":[{"not_picked":["Well Laid Plans","Underhanded Strike"],"picked":"Poisoned Stab","floor":1.0},{"not_picked":["Slice","Acrobatics"],"picked":"Accuracy","floor":5.0},{"not_picked":["Prepared","Doppelganger"],"picked":"Crippling Poison","floor":6.0},{"not_picked":["PiercingWail","Terror","Bane"],"picked":"SKIP","floor":8.0},{"not_picked":["Distraction","Bane","Infinite Blades"],"picked":"SKIP","floor":11.0},{"not_picked":["Dagger Throw","Bane","Deadly Poison"],"picked":"SKIP","floor":12.0},{"not_picked":["Bouncing Flask","Choke","Blur"],"picked":"SKIP","floor":14.0},{"not_picked":["Doppelganger","Grand Finale"],"picked":"Adrenaline","floor":16.0},{"not_picked":["Endless Agony","Tactician"],"picked":"Noxious Fumes","floor":18.0},{"not_picked":["Distraction","Accuracy","Leg Sweep"],"picked":"SKIP","floor":20.0},{"not_picked":["Flying Knee","Distraction","Infinite Blades"],"picked":"SKIP","floor":21.0},{"not_picked":["Cloak And Dagger","Infinite Blades+1"],"picked":"Catalyst","floor":23.0},{"not_picked":["All Out Attack","Sucker Punch","Poisoned Stab+1"],"picked":"SKIP","floor":25.0},{"not_picked":["Leg Sweep","Dagger Spray+1","Dagger Throw"],"picked":"SKIP","floor":28.0},{"not_picked":["Sucker Punch","Riddle With Holes","Cloak And Dagger"],"picked":"SKIP","floor":29.0},{"not_picked":["Crippling Poison","Phantasmal Killer"],"picked":"Calculated Gamble","floor":31.0},{"not_picked":["Adrenaline","Burst"],"picked":"Wraith Form v2+1","floor":33.0},{"not_picked":["Underhanded Strike","Endless Agony","Bane+1"],"picked":"SKIP","floor":35.0},{"not_picked":["Dagger Throw+1","Deadly Poison"],"picked":"Footwork+1","floor":37.0},{"not_picked":["Quick Slash","Poisoned Stab","Backflip"],"picked":"SKIP","floor":38.0},{"not_picked":["Heel Hook+1","Backflip+1","Backstab"],"picked":"SKIP","floor":40.0},{"not_picked":["Sucker Punch+1","Deadly Poison+1","PiercingWail+1"],"picked":"SKIP","floor":41.0},{"not_picked":["Blade Dance+1","Tactician+1"],"picked":"Wraith Form v2+1","floor":42.0},{"not_picked":["Tactician","Underhanded Strike"],"picked":"Noxious Fumes+1","floor":45.0},{"not_picked":["Bane+1","Setup"],"picked":"Footwork+1","floor":47.0},{"not_picked":["Reflex+1","Acrobatics+1","All Out Attack+1"],"picked":"SKIP","floor":48.0}],"player_experience":511851,"relics_obtained":[{"floor":6.0,"key":"Bottled Lightning"},{"floor":8.0,"key":"Bottled Flame"},{"floor":9.0,"key":"Bottled Tornado"},{"floor":10.0,"key":"foxEvents:LuckyCharm"},{"floor":11.0,"key":"Gremlin Horn"},{"floor":17.0,"key":"Tiny Chest"},{"floor":17.0,"key":"Eternal Feather"},{"floor":17.0,"key":"Incense Burner"},{"floor":23.0,"key":"Frozen Egg 2"},{"floor":25.0,"key":"Strawberry"},{"floor":26.0,"key":"Happy Flower"},{"floor":29.0,"key":"Mercury Hourglass"},{"floor":31.0,"key":"Bird Faced Urn"},{"floor":40.0,"key":"Pantograph"},{"floor":40.0,"key":"Ornamental Fan"},{"floor":42.0,"key":"Toy Ornithopter"},{"floor":42.0,"key":"Turnip"},{"floor":43.0,"key":"Dream Catcher"},{"floor":45.0,"key":"Regal Pillow"},{"floor":45.0,"key":"War Paint"}],"event_choices":[{"damage_healed":0.0,"max_hp_gain":0.0,"max_hp_loss":6.0,"gold_gain":0.0,"event_name":"Golden Idol","player_choice":"Lose Max HP","floor":2.0,"gold_loss":0.0,"damage_taken":0.0,"relics_obtained":["Golden Idol"]},{"cards_removed":["Strike_G"],"damage_healed":0.0,"max_hp_gain":0.0,"max_hp_loss":0.0,"gold_gain":0.0,"event_name":"Golden Wing","player_choice":"Card Removal","floor":3.0,"gold_loss":0.0,"damage_taken":7.0},{"damage_healed":0.0,"max_hp_gain":0.0,"max_hp_loss":0.0,"gold_gain":100.0,"event_name":"Golden Shrine","player_choice":"Pray","floor":4.0,"gold_loss":0.0,"damage_taken":0.0},{"cards_removed":["Seek"],"damage_healed":0.0,"max_hp_gain":0.0,"max_hp_loss":0.0,"gold_gain":0.0,"event_name":"betterNote:BetterNote","player_choice":"Take \u0026 Give","floor":19.0,"gold_loss":0.0,"damage_taken":0.0,"cards_obtained":["Seek"]},{"damage_healed":0.0,"max_hp_gain":0.0,"max_hp_loss":0.0,"gold_gain":0.0,"cards_transformed":["Strike_G","Strike_G"],"event_name":"Drug Dealer","player_choice":"Became Test Subject","floor":22.0,"gold_loss":0.0,"damage_taken":0.0,"cards_obtained":["Finisher","Dagger Spray"]},{"damage_healed":0.0,"max_hp_gain":0.0,"max_hp_loss":0.0,"gold_gain":0.0,"event_name":"betterMatch:BetterMatch","player_choice":"2","floor":39.0,"gold_loss":0.0,"damage_taken":0.0,"cards_obtained":["betterMatch:CommonCard"]},{"cards_removed":["Finisher"],"damage_healed":30.0,"max_hp_gain":0.0,"max_hp_loss":0.0,"gold_gain":0.0,"event_name":"Bonfire Elementals","player_choice":"Offered Uncommon","floor":46.0,"gold_loss":0.0,"damage_taken":0.0}],"is_beta":false,"boss_relics":[{"not_picked":["Empty Cage","Fusion Hammer"],"picked":"Calling Bell"},{"not_picked":["SacredBark","Cursed Key"],"picked":"Black Star"}],"items_purged_floors":[0,13,36,44],"is_endless":false,"potions_floor_spawned":[6,8,10,12,20,28,31,37,38,40,41,42,45,47,48],"ascension_level":7}}