{"host":"nlbr7nnijupf3yfg","time":1612984023,"event":{"mods":["AchievementEnabler","BaseMod","Colored Powertips","DeckTracker","Hubris","Minty Spire (QoL Compilation)","Replay The Spire","StSLib","SuperFastMode"],"gold_per_floor":[119,135,155,167,20,51,63,63,63,90,90,265,74,103,103,201,201,214,313,6,21,33,33,62,81,81,81,95,112,129,140,140,140,140],"floor_reached":33,"language":"ENG","playtime":2763,"items_purged":["Doubt"],"score":432,"play_id":"bd6b9b00-0b0c-4293-ab65-55c37d4d8e8f","local_time":"20210210140703","is_ascension_mode":true,"campfire_choices":[{"floor":23,"key":"REST"},{"floor":32,"key":"REST"}],"circlet_count":0,"master_deck":["Strike_R+1","Strike_R+1","Strike_R+1","Strike_R+1","Strike_R+1","Defend_R+1","Defend_R+1","Defend_R+1","Defend_R+1","Bash","Hemokinesis","Flex","Shrug It Off","Perfected Strike+1","Bludgeon+1","Pommel Strike","Pommel Strike","Flex","Dropkick+1","Thunderclap","Barricade","Perfected Strike+1","Thunderclap","Perfected Strike","Offering","Shrug It Off+1","Perfected Strike"],"relics":["hubris:CrackedHourglass","Sling","Self Forming Clay","Torii","Art of War","BargainBundle","hubris:Spice","Shovel","Toxic Egg 2"],"acts_visited":["Exordium","TheCity"],"potions_floor_usage":[6,7,14,14,14,24,29,33,33],"damage_taken":[{"damage":0,"enemies":"Cultist","floor":1,"turns":2},{"damage":14,"enemies":"Jaw Worm","floor":2,"turns":2},{"damage":9,"enemies":"Small Slimes","floor":3,"turns":3},{"damage":3,"enemies":"Looter","floor":4,"turns":2},{"damage":31,"enemies":"Lagavulin","floor":6,"turns":4},{"damage":7,"enemies":"Exordium Thugs","floor":7,"turns":3},{"damage":6,"enemies":"Replay:BlueRogue","floor":10,"turns":2},{"damage":1,"enemies":"3 Sentries","floor":14,"turns":3},{"damage":8,"enemies":"Hexaghost","floor":16,"turns":6},{"damage":3,"enemies":"Shell Parasite","floor":18,"turns":2},{"damage":26,"enemies":"3 Byrds","floor":21,"turns":5},{"damage":0,"enemies":"Snake Plant","floor":22,"turns":2},{"damage":32,"enemies":"Gremlin Leader","floor":24,"turns":3},{"damage":23,"enemies":"Centurion and Healer","floor":25,"turns":3},{"damage":8,"enemies":"Snecko","floor":28,"turns":3},{"damage":0,"enemies":"Chosen and Byrds","floor":29,"turns":4},{"damage":7,"enemies":"Centurion and Healer","floor":30,"turns":3},{"damage":2,"enemies":"Snake Plant","floor":31,"turns":2},{"damage":41,"enemies":"hubris:MusketHawk","floor":33,"turns":8}],"seed_played":"-8043138823558248444","potions_obtained":[{"floor":1,"key":"Strength Potion"},{"floor":3,"key":"AttackPotion"},{"floor":10,"key":"Languid Potion"},{"floor":14,"key":"Doom Potion"},{"floor":18,"key":"LifebloodPotion"},{"floor":21,"key":"AttackPotion"},{"floor":30,"key":"Reflective Coating"},{"floor":31,"key":"BloodPotion"}],"is_trial":false,"path_per_floor":["M","M","M","M","$","E","M","?","T","E","$","?","$","E","R","B",null,"M","?","$","M","M","R","E","M","T","?","M","M","M","M","R","B"],"character_chosen":"IRONCLAD","items_purchased":["Sling","BargainBundle","Adrenaline Potion","BlessingOfTheForge","Flex","Dropkick+1","hubris:Spice"],"campfire_rested":2,"item_purchase_floors":[5,13,13,13,13,13,20],"current_hp_per_floor":[72,58,49,46,46,15,8,8,8,2,2,2,2,9,35,27,81,78,78,78,52,52,78,46,23,23,23,15,15,8,6,25,0,0],"gold":140,"neow_bonus":"BOSS_RELIC","is_daily":false,"chose_seed":false,"campfire_upgraded":0,"win_rate":0.0,"timestamp":1612984023,"path_taken":["M","?","M","M","?","E","M","?","T","E","?","?","$","E","R","BOSS","M","?","?","M","M","R","E","M","T","?","M","M","M","M","R","BOSS"],"items_purchased_type":["Relic","Relic","Potion","Potion","Card","Card","Relic"],"build_version":"2020-12-22","purchased_purges":1,"victory":false,"max_hp_per_floor":[80,80,80,80,80,80,80,80,80,80,80,80,80,88,88,88,96,96,96,88,88,88,88,88,80,80,80,72,64,64,64,64,64,64],"card_choices":[{"not_picked":["ReplayTheSpireMod:Limb From Limb","Replay:Undeath\u0027s Touch"],"picked":"Hemokinesis","floor":1},{"not_picked":["Dark Embrace","Reckless Charge"],"picked":"Flex","floor":2},{"not_picked":["Clash","Havoc"],"picked":"Shrug It Off","floor":3},{"not_picked":["Sentinel","Shrug It Off"],"picked":"Perfected Strike","floor":4},{"not_picked":["Disarm","Battle Trance"],"picked":"Bludgeon","floor":6},{"not_picked":["True Grit","Clothesline"],"picked":"Pommel Strike","floor":7},{"not_picked":["Heavy Blade","Bloodletting"],"picked":"Pommel Strike","floor":10},{"not_picked":["Armaments","Warcry"],"picked":"Thunderclap","floor":14},{"not_picked":["Brutality","Juggernaut"],"picked":"Barricade","floor":16},{"not_picked":["Twin Strike","Sever Soul"],"picked":"Perfected Strike+1","floor":18},{"not_picked":["hubris:SpiceAddiction","ReplayTheSpireMod:LeadingStrike"],"picked":"Thunderclap","floor":21},{"not_picked":["Life Link","Armaments"],"picked":"Perfected Strike","floor":22},{"not_picked":["Twin Strike","Body Slam"],"picked":"Offering","floor":24},{"not_picked":["Sever Soul","Anger"],"picked":"hubris:SpiceAddiction","floor":25},{"not_picked":["ReplayTheSpireMod:Corrosion Curse+1","hubris:ReadiedAction+1"],"picked":"hubris:SpiceAddiction","floor":28},{"not_picked":["Burning Pact+1","Perfected Strike"],"picked":"hubris:SpiceAddiction","floor":29},{"not_picked":["Blood for Blood","Run Through"],"picked":"Shrug It Off+1","floor":30},{"not_picked":["Sword Boomerang","Demon Form"],"picked":"Perfected Strike","floor":31}],"player_experience":45732,"relics_obtained":[{"floor":6,"key":"Self Forming Clay"},{"floor":9,"key":"Torii"},{"floor":10,"key":"Art of War"},{"floor":14,"key":"hubris:Spice"},{"floor":24,"key":"Shovel"},{"floor":26,"key":"Toxic Egg 2"}],"event_choices":[{"damage_healed":0,"gold_gain":0,"player_choice":"Grow","damage_taken":0,"max_hp_gain":0,"max_hp_loss":0,"event_name":"Living Wall","floor":8,"gold_loss":0,"cards_upgraded":["Bludgeon"]},{"damage_healed":0,"gold_gain":175,"player_choice":"AGREE","damage_taken":0,"max_hp_gain":0,"max_hp_loss":0,"event_name":"Liars Game","floor":12,"gold_loss":0,"cards_obtained":["Doubt"]},{"damage_healed":0,"gold_gain":99,"player_choice":"Stole From Cult","damage_taken":0,"max_hp_gain":0,"max_hp_loss":0,"event_name":"Nest","floor":19,"gold_loss":0},{"damage_healed":0,"gold_gain":0,"player_choice":"Simplicity","damage_taken":0,"max_hp_gain":0,"max_hp_loss":0,"event_name":"Back to Basics","floor":27,"gold_loss":0,"cards_upgraded":["Strike_R","Strike_R","Strike_R","Strike_R","Strike_R","Defend_R","Defend_R","Defend_R","Defend_R"]}],"is_beta":false,"boss_relics":[{"not_picked":["Painkiller Herb","hubris:Spice"],"picked":"hubris:Spice"}],"items_purged_floors":[13],"is_endless":false,"potions_floor_spawned":[1,3,10,14,18,21,30,31],"killed_by":"hubris:MusketHawk","ascension_level":8}}