{"host":"imy0w7zcgpxryx7c","time":1612933185,"event":{"mods":["AchievementEnabler","BaseMod","Colored Map","Colored Powertips","Minty Spire (QoL Compilation)","Relic Sorter","StSLib"],"gold_per_floor":[117,192,367,216,316,641,641,667,749,760,772,797,797,569,569,569,569],"floor_reached":16,"language":"ENG","playtime":988,"items_purged":["Doubt","Defend_P"],"score":216,"play_id":"25394dbe-1c90-4651-8259-59e35b31f74d","local_time":"20210209235945","is_ascension_mode":true,"campfire_choices":[{"data":"Eruption","floor":7,"key":"SMITH"},{"data":"WheelKick","floor":15,"key":"SMITH"}],"circlet_count":0,"master_deck":["Strike_P","Strike_P","Strike_P","Strike_P","Defend_P","Defend_P","Defend_P","Eruption+1","Vigilance","ThirdEye","Conclude","FollowUp","ThirdEye","WheelKick+1","FearNoEvil","MentalFortress"],"relics":["PureWater","NeowsBlessing","Old Coin","MealTicket","HornCleat","Toy Ornithopter","Golden Idol"],"acts_visited":["Exordium"],"potions_floor_usage":[12],"damage_taken":[{"damage":0,"enemies":"2 Louse","floor":1,"turns":1},{"damage":0,"enemies":"Gremlin Nob","floor":6,"turns":1},{"damage":0,"enemies":"3 Sentries","floor":8,"turns":1},{"damage":12,"enemies":"Jaw Worm","floor":10,"turns":2},{"damage":0,"enemies":"Cultist","floor":11,"turns":2},{"damage":25,"enemies":"Lagavulin","floor":12,"turns":6},{"damage":16,"enemies":"Hexaghost","floor":16,"turns":4}],"seed_played":"6785379026239295548","potions_obtained":[{"floor":6,"key":"SpeedPotion"},{"floor":8,"key":"BottledMiracle"}],"is_trial":false,"path_per_floor":["M","?","?","$","?","E","R","E","T","M","M","E","?","$","R","B"],"character_chosen":"WATCHER","items_purchased":["Conclude","Fire Potion","MentalFortress"],"campfire_rested":0,"item_purchase_floors":[4,14,14],"current_hp_per_floor":[65,54,54,54,54,54,54,54,54,42,42,17,17,32,32,16,16],"gold":569,"neow_bonus":"THREE_ENEMY_KILL","is_daily":false,"chose_seed":false,"campfire_upgraded":2,"win_rate":0.0,"timestamp":1612933185,"path_taken":["M","?","?","$","?","E","R","E","T","?","M","E","?","$","R","BOSS"],"items_purchased_type":["Card","Potion","Card"],"build_version":"2020-12-22","purchased_purges":2,"victory":false,"max_hp_per_floor":[72,72,72,72,72,72,72,72,72,72,72,72,67,67,67,67,67],"card_choices":[{"not_picked":["FlyingSleeves","TalkToTheHand"],"picked":"ThirdEye","floor":1},{"not_picked":["Halt","ClearTheMind"],"picked":"FollowUp","floor":6},{"not_picked":["ForeignInfluence","Fasting2","EmptyBody"],"picked":"SKIP","floor":8},{"not_picked":["JustLucky","Crescendo"],"picked":"ThirdEye","floor":10},{"not_picked":["SashWhip","Crescendo"],"picked":"WheelKick","floor":11},{"not_picked":["Ragnarok","DeceiveReality"],"picked":"FearNoEvil","floor":12}],"player_experience":395248,"relics_obtained":[{"floor":6,"key":"Old Coin"},{"floor":8,"key":"MealTicket"},{"floor":9,"key":"HornCleat"},{"floor":12,"key":"Toy Ornithopter"}],"event_choices":[{"damage_healed":0,"gold_gain":75,"player_choice":"Gather Gold","damage_taken":11,"max_hp_gain":0,"max_hp_loss":0,"event_name":"World of Goop","floor":2,"gold_loss":0},{"damage_healed":0,"gold_gain":175,"player_choice":"AGREE","damage_taken":0,"max_hp_gain":0,"max_hp_loss":0,"event_name":"Liars Game","floor":3,"gold_loss":0,"cards_obtained":["Doubt"]},{"damage_healed":0,"gold_gain":100,"player_choice":"Pray","damage_taken":0,"max_hp_gain":0,"max_hp_loss":0,"event_name":"Golden Shrine","floor":5,"gold_loss":0},{"damage_healed":0,"gold_gain":0,"player_choice":"Lose Max HP","damage_taken":0,"relics_obtained":["Golden Idol"],"max_hp_gain":0,"max_hp_loss":5,"event_name":"Golden Idol","floor":13,"gold_loss":0}],"is_beta":false,"boss_relics":[],"items_purged_floors":[4,14],"is_endless":false,"potions_floor_spawned":[6,8],"killed_by":"Hexaghost","ascension_level":6}}