{"host":"hw9lt6p3yhr90vz0","time":1612926268,"event":{"mods":["BaseMod","DeckTracker","Minty Spire (QoL Compilation)","Relic Stats"],"gold_per_floor":[113,125,75,7,22,56,71,55,55,55,55,89,89,116,116,218,218,234,247,67,87,87,115,115,135,207,221,233,268,268,296,296,397,397,414,414,428,428,438,471,211,211,211,238,249,277,277,308,308,308,308,308,35,65,65],"floor_reached":56,"language":"ENG","playtime":7540,"items_purged":["Streamline"],"score":1863,"play_id":"be0eb4f2-5593-4e5b-9554-cc43836f969b","local_time":"20210209220428","is_ascension_mode":true,"campfire_choices":[{"floor":10.0,"key":"REST"},{"floor":13.0,"key":"REST"},{"floor":15.0,"key":"RECALL"},{"floor":24.0,"key":"REST"},{"data":"Creative AI","floor":30.0,"key":"SMITH"},{"data":"Biased Cognition","floor":32.0,"key":"SMITH"},{"data":"Double Energy","floor":42.0,"key":"SMITH"},{"data":"Storm","floor":47,"key":"SMITH"},{"data":"Capacitor","floor":49,"key":"SMITH"},{"data":"Static Discharge","floor":52,"key":"SMITH"}],"circlet_count":0,"master_deck":["Zap","Dualcast","Coolheaded","Conserve Battery","White Noise","Double Energy+1","Machine Learning","Recycle","FTL","Chaos+1","Self Repair","Creative AI+1","Turbo+1","Chaos+1","Fission+1","Amplify+1","Biased Cognition+1","Beam Cell","White Noise+1","White Noise+1","Fission+1","Auto Shields+1","Double Energy+1","Heatsinks+1","Amplify+1","Seek+1","Storm+1","Madness+1","Madness+1","Chill+1","Machine Learning","Fission+1","Capacitor+1","Defragment+1","Skim+1","Static Discharge+1","Capacitor"],"relics":["Cracked Core","Shuriken","FossilizedHelix","Toxic Egg 2","Turnip","Pandora\u0027s Box","PreservedInsect","Bird Faced Urn","Oddly Smooth Stone","Symbiotic Virus","Nuclear Battery","Incense Burner","DollysMirror","Pen Nib","Bottled Tornado","CaptainsWheel","Strawberry","Runic Capacitor","Ice Cream"],"acts_visited":["Exordium","TheCity","TheBeyond","TheEnding"],"potions_floor_usage":[48,50,55,55,55],"damage_taken":[{"damage":8.0,"enemies":"Jaw Worm","floor":1.0,"turns":4.0},{"damage":0.0,"enemies":"Small Slimes","floor":2.0,"turns":2.0},{"damage":0.0,"enemies":"Cultist","floor":5.0,"turns":3.0},{"damage":18.0,"enemies":"Gremlin Nob","floor":6.0,"turns":3.0},{"damage":12.0,"enemies":"2 Fungi Beasts","floor":7.0,"turns":4.0},{"damage":17.0,"enemies":"Exordium Thugs","floor":8.0,"turns":4.0},{"damage":17.0,"enemies":"3 Sentries","floor":12.0,"turns":6.0},{"damage":10.0,"enemies":"Lagavulin","floor":14.0,"turns":6.0},{"damage":44.0,"enemies":"Slime Boss","floor":16.0,"turns":13.0},{"damage":7.0,"enemies":"Shell Parasite","floor":18.0,"turns":5.0},{"damage":6.0,"enemies":"3 Byrds","floor":19.0,"turns":2.0},{"damage":11.0,"enemies":"Sentry and Sphere","floor":21.0,"turns":3.0},{"damage":36.0,"enemies":"Slavers","floor":23.0,"turns":3.0},{"damage":18.0,"enemies":"Shelled Parasite and Fungi","floor":25.0,"turns":7.0},{"damage":0.0,"enemies":"Snake Plant","floor":27.0,"turns":3.0},{"damage":0.0,"enemies":"3 Cultists","floor":28.0,"turns":2.0},{"damage":0.0,"enemies":"Book of Stabbing","floor":29.0,"turns":4.0},{"damage":12.0,"enemies":"Gremlin Leader","floor":31.0,"turns":3.0},{"damage":0.0,"enemies":"Collector","floor":33.0,"turns":3.0},{"damage":0.0,"enemies":"Orb Walker","floor":35.0,"turns":2.0},{"damage":0.0,"enemies":"3 Shapes","floor":37.0,"turns":2.0},{"damage":0.0,"enemies":"Writhing Mass","floor":39.0,"turns":2.0},{"damage":0.0,"enemies":"Nemesis","floor":40.0,"turns":3.0},{"damage":34,"enemies":"Reptomancer","floor":44,"turns":3},{"damage":0,"enemies":"Transient","floor":45,"turns":3},{"damage":0,"enemies":"Nemesis","floor":46,"turns":3},{"damage":0,"enemies":"Giant Head","floor":48,"turns":1},{"damage":0,"enemies":"Donu and Deca","floor":50,"turns":3},{"damage":0,"enemies":"Shield and Spear","floor":54,"turns":1},{"damage":11,"enemies":"The Heart","floor":55,"turns":3}],"seed_played":"-2325138539790460998","potions_obtained":[{"floor":2.0,"key":"EssenceOfDarkness"},{"floor":5.0,"key":"BlessingOfTheForge"},{"floor":7.0,"key":"PowerPotion"},{"floor":14.0,"key":"Swift Potion"},{"floor":19.0,"key":"Energy Potion"},{"floor":21.0,"key":"FocusPotion"},{"floor":25.0,"key":"ColorlessPotion"},{"floor":28.0,"key":"Ancient Potion"},{"floor":33.0,"key":"Energy Potion"},{"floor":37.0,"key":"Energy Potion"},{"floor":48,"key":"Ancient Potion"}],"is_trial":false,"path_per_floor":["M","M","?","$","M","E","M","M","T","R","?","E","R","E","R","B",null,"M","M","$","M","?","E","R","M","T","M","M","E","R","E","R","B",null,"M","?","M","?","M","E","$","R","T","E","M","E","R","E","R","B",null,"R","$","E","B",null],"character_chosen":"DEFECT","items_purchased":["White Noise","PreservedInsect","White Noise+1","DollysMirror","Capacitor","Capacitor","Runic Capacitor","Block Potion"],"campfire_rested":3,"item_purchase_floors":[4,20,20,41,41,53,53,53],"current_hp_per_floor":[74,74,74,74,74,56,44,27,27,51,51,34,58,48,48,4,63,63,57,57,60,60,31,55,82,82,82,82,82,82,82,82,82,82,82,72,82,82,82,82,82,82,82,79,82,82,82,89,89,89,89,89,89,89,89],"gold":65,"neow_bonus":"TEN_PERCENT_HP_BONUS","is_daily":false,"chose_seed":false,"campfire_upgraded":6,"win_rate":0.0,"timestamp":1612926268,"path_taken":["M","M","?","?","M","E","M","M","T","R","?","E","R","E","R","BOSS","M","?","$","M","?","E","R","?","T","M","M","E","R","E","R","BOSS","M","?","M","?","M","E","$","R","T","E","M","E","R","E","R","BOSS","R","$","E","BOSS"],"items_purchased_type":["Card","Relic","Card","Relic","Card","Card","Relic","Potion"],"build_version":"2020-12-22","purchased_purges":1,"victory":true,"max_hp_per_floor":[82,82,82,82,82,82,82,82,82,82,82,82,82,82,82,82,82,82,82,82,82,82,82,82,82,82,82,82,82,82,82,82,82,82,82,82,82,82,82,82,82,82,82,82,82,82,82,89,89,89,89,89,89,89,89],"relic_stats":{"counters":[30,106],"Shuriken":[21],"Bird Faced Urn":[93],"Pandora\u0027s Box":["Turbo","Streamline","Chaos","Fission","Amplify","Biased Cognition","Beam Cell"],"Turnip":[9],"PreservedInsect":470,"Pen Nib":[4],"obtain_stats":[{"Ice Cream":54,"Oddly Smooth Stone":29,"PreservedInsect":20,"Pen Nib":43,"Incense Burner":40,"Runic Capacitor":53,"Bottled Tornado":44,"Nuclear Battery":34,"CaptainsWheel":46,"Shuriken":6,"DollysMirror":41,"Bird Faced Urn":23,"Strawberry":48,"Pandora\u0027s Box":17,"Turnip":14,"Toxic Egg 2":12,"Cracked Core":0,"Symbiotic Virus":31,"FossilizedHelix":9},{"Ice Cream":29,"Oddly Smooth Stone":17,"PreservedInsect":11,"Pen Nib":23,"Incense Burner":23,"Runic Capacitor":28,"Bottled Tornado":24,"Nuclear Battery":19,"CaptainsWheel":26,"Shuriken":4,"DollysMirror":23,"Bird Faced Urn":13,"Strawberry":27,"Pandora\u0027s Box":9,"Turnip":8,"Toxic Egg 2":7,"Cracked Core":0,"Symbiotic Virus":18,"FossilizedHelix":6},{"Ice Cream":103,"Oddly Smooth Stone":74,"PreservedInsect":52,"Pen Nib":89,"Incense Burner":89,"Runic Capacitor":102,"Bottled Tornado":92,"Nuclear Battery":80,"CaptainsWheel":98,"Shuriken":12,"DollysMirror":89,"Bird Faced Urn":58,"Strawberry":99,"Pandora\u0027s Box":45,"Turnip":32,"Toxic Egg 2":26,"Cracked Core":0,"Symbiotic Virus":77,"FossilizedHelix":20}]},"card_choices":[{"not_picked":["Conserve Battery","Go for the Eyes"],"picked":"Coolheaded","floor":1.0},{"not_picked":["Streamline","Rebound"],"picked":"Conserve Battery","floor":2.0},{"not_picked":["Go for the Eyes","Lockon"],"picked":"Double Energy","floor":5.0},{"not_picked":["Steam","Reprogram"],"picked":"Machine Learning","floor":6.0},{"not_picked":["Ball Lightning","Blizzard"],"picked":"Recycle","floor":7.0},{"not_picked":["Leap","Auto Shields"],"picked":"FTL","floor":8.0},{"not_picked":["Turbo+1","Hologram+1"],"picked":"Chaos+1","floor":12.0},{"not_picked":["Beam Cell","Skim+1"],"picked":"Self Repair","floor":14.0},{"not_picked":["Reboot+1","Meteor Strike"],"picked":"Creative AI","floor":16.0},{"not_picked":["Leap+1","Steam+1","Streamline"],"picked":"SKIP","floor":18.0},{"not_picked":["Gash","Genetic Algorithm+1","Stack+1"],"picked":"SKIP","floor":19.0},{"not_picked":["Scrape","Ball Lightning+1"],"picked":"White Noise+1","floor":21.0},{"not_picked":["Ball Lightning","Meteor Strike"],"picked":"Auto Shields+1","floor":23.0},{"not_picked":["Go for the Eyes","Reprogram+1"],"picked":"Double Energy+1","floor":25.0},{"not_picked":["Ball Lightning","Melter+1"],"picked":"Heatsinks+1","floor":27.0},{"not_picked":["Streamline","Sweeping Beam","Go for the Eyes"],"picked":"SKIP","floor":28.0},{"not_picked":["Rebound+1","Go for the Eyes+1"],"picked":"Amplify+1","floor":29.0},{"not_picked":["Rebound","Scrape+1","Conserve Battery+1"],"picked":"SKIP","floor":31.0},{"not_picked":["Machine Learning","Reboot+1"],"picked":"Seek+1","floor":33.0},{"not_picked":["Leap+1","Coolheaded+1"],"picked":"Storm","floor":35.0},{"not_picked":["Cold Snap","Gash"],"picked":"Chill+1","floor":37.0},{"not_picked":["Ball Lightning+1","Stack+1","Hologram+1"],"picked":"SKIP","floor":39.0},{"not_picked":["Rebound","Tempest+1"],"picked":"Machine Learning","floor":40.0},{"not_picked":["Gash+1","Redo+1"],"picked":"Defragment+1","floor":44},{"not_picked":["Redo+1","Cold Snap+1","Coolheaded+1"],"picked":"SKIP","floor":45},{"not_picked":["Barrage","Stack+1"],"picked":"Skim+1","floor":46},{"not_picked":["Cold Snap","Stack+1"],"picked":"Static Discharge","floor":48},{"not_picked":["FTL+1","Meteor Strike","Reinforced Body+1"],"picked":"SKIP","floor":54}],"player_experience":1388022,"relics_obtained":[{"floor":6.0,"key":"Shuriken"},{"floor":9.0,"key":"FossilizedHelix"},{"floor":12.0,"key":"Toxic Egg 2"},{"floor":14.0,"key":"Turnip"},{"floor":23.0,"key":"Bird Faced Urn"},{"floor":29.0,"key":"Oddly Smooth Stone"},{"floor":31.0,"key":"Symbiotic Virus"},{"floor":40.0,"key":"Incense Burner"},{"floor":43.0,"key":"Pen Nib"},{"floor":44,"key":"Bottled Tornado"},{"floor":46,"key":"CaptainsWheel"},{"floor":48,"key":"Strawberry"},{"floor":54,"key":"Ice Cream"}],"event_choices":[{"cards_removed":["Strike_B"],"damage_healed":0.0,"max_hp_gain":0.0,"max_hp_loss":0.0,"gold_gain":0.0,"event_name":"The Cleric","player_choice":"Card Removal","floor":3.0,"gold_loss":50.0,"damage_taken":0.0},{"damage_healed":0.0,"max_hp_gain":0.0,"max_hp_loss":0.0,"gold_gain":0.0,"event_name":"The Woman in Blue","player_choice":"Bought 0 Potions","floor":11.0,"gold_loss":0.0,"damage_taken":0.0},{"damage_healed":0.0,"max_hp_gain":0.0,"max_hp_loss":0.0,"gold_gain":0.0,"event_name":"Duplicator","player_choice":"Copied","floor":22.0,"gold_loss":0.0,"damage_taken":0.0,"cards_obtained":["Fission"]},{"damage_healed":0.0,"max_hp_gain":0.0,"max_hp_loss":0.0,"gold_gain":0.0,"event_name":"Winding Halls","player_choice":"Embrace Madness","floor":36.0,"gold_loss":0.0,"damage_taken":10.0,"cards_obtained":["Madness","Madness"]},{"damage_healed":0.0,"max_hp_gain":0.0,"max_hp_loss":0.0,"gold_gain":0.0,"event_name":"SensoryStone","player_choice":"Memory 1","floor":38.0,"gold_loss":0.0,"damage_taken":0.0}],"is_beta":false,"boss_relics":[{"not_picked":["Fusion Hammer","Coffee Dripper"],"picked":"Pandora\u0027s Box"},{"not_picked":["SacredBark","Runic Pyramid"],"picked":"Nuclear Battery"}],"items_purged_floors":[41],"is_endless":false,"potions_floor_spawned":[2,5,7,14,19,21,25,28,33,37,40,45,46,48],"ascension_level":5}}