{"host":"adi","time":1612971686,"event":{"mods":["AchievementEnabler","BaseMod","Bestiary","Colored Powertips","Minty Spire (QoL Compilation)","StSLib"],"gold_per_floor":[218,236,236,255,255,255,273,291,316,316,345,270,270,286,91,108,108,211,211,228,245,259,279,279,109,109,184,184,184,184,212,212,230,258,268,268,369,369,385,334,387,387,23,41,41,67,87,116,116,116,0,0,29,80,80,80,100],"floor_reached":58,"language":"ENG","playtime":3157,"items_purged":["Strike_P","Eruption","Strike_P"],"score":1231,"play_id":"700dc8ab-3e63-4959-810a-1255d6955343","local_time":"20210210164126","is_ascension_mode":true,"campfire_choices":[{"data":"Vigilance","floor":6.0,"key":"SMITH"},{"data":"LikeWater","floor":13.0,"key":"SMITH"},{"data":"Protect","floor":17.0,"key":"SMITH"},{"data":"DevaForm","floor":26.0,"key":"SMITH"},{"data":"Meditate","floor":28.0,"key":"SMITH"},{"floor":32.0,"key":"REST"},{"data":"Perseverance","floor":36.0,"key":"SMITH"},{"floor":45.0,"key":"REST"},{"data":"PathToVictory","floor":50,"key":"SMITH"},{"data":"PathToVictory","floor":52,"key":"SMITH"},{"data":"Wireheading","floor":55,"key":"SMITH"},{"floor":56,"key":"REST"}],"circlet_count":0,"master_deck":["Strike_P","Defend_P+1","Defend_P","Defend_P","Defend_P+1","Vigilance+1","PathToVictory+1","Judgement+1","LikeWater+1","Meditate+1","Protect+1","Sanctity","PathToVictory+1","PathToVictory+1","DevaForm+1","Wireheading+1","Perseverance+1","PathToVictory+1","EmptyBody+1","DeceiveReality","Evaluate+1"],"relics":["PureWater","Singing Bowl","Omamori","Pen Nib","DollysMirror","Runic Pyramid","Bottled Lightning","HornCleat","TeardropLocket","Gambling Chip","SlaversCollar","StoneCalendar","Membership Card","Lantern","Strawberry","Toy Ornithopter","Vajra","Gremlin Horn","Red Mask","Bag of Marbles","War Paint"],"acts_visited":["Exordium","TheCity","TheBeyond"],"potions_floor_usage":[48,48,57,57],"damage_taken":[{"damage":0.0,"enemies":"Cultist","floor":1.0,"turns":4.0},{"damage":8.0,"enemies":"Small Slimes","floor":2.0,"turns":4.0},{"damage":2.0,"enemies":"Jaw Worm","floor":4.0,"turns":4.0},{"damage":0.0,"enemies":"Blue Slaver","floor":7.0,"turns":2.0},{"damage":10.0,"enemies":"Lots of Slimes","floor":8.0,"turns":4.0},{"damage":0.0,"enemies":"Gremlin Nob","floor":9.0,"turns":2.0},{"damage":15.0,"enemies":"Lagavulin","floor":11.0,"turns":7.0},{"damage":0.0,"enemies":"2 Fungi Beasts","floor":14.0,"turns":4.0},{"damage":0.0,"enemies":"Looter","floor":16.0,"turns":2.0},{"damage":0.0,"enemies":"The Guardian","floor":18.0,"turns":6.0},{"damage":11.0,"enemies":"2 Thieves","floor":20.0,"turns":2.0},{"damage":0.0,"enemies":"Chosen","floor":21.0,"turns":3.0},{"damage":6.0,"enemies":"3 Cultists","floor":22.0,"turns":5.0},{"damage":1.0,"enemies":"Centurion and Healer","floor":23.0,"turns":4.0},{"damage":16.0,"enemies":"Book of Stabbing","floor":31.0,"turns":4.0},{"damage":7.0,"enemies":"Cultist and Chosen","floor":33.0,"turns":6.0},{"damage":20.0,"enemies":"Slavers","floor":34.0,"turns":6.0},{"damage":0.0,"enemies":"Shelled Parasite and Fungi","floor":35.0,"turns":3.0},{"damage":9.0,"enemies":"Champ","floor":37.0,"turns":8.0},{"damage":2.0,"enemies":"Orb Walker","floor":39.0,"turns":3.0},{"damage":34.0,"enemies":"2 Orb Walkers","floor":41.0,"turns":7.0},{"damage":10.0,"enemies":"3 Darklings","floor":44.0,"turns":4.0},{"damage":0.0,"enemies":"Giant Head","floor":46.0,"turns":5.0},{"damage":4.0,"enemies":"4 Shapes","floor":47.0,"turns":6.0},{"damage":20,"enemies":"Reptomancer","floor":48,"turns":7},{"damage":0,"enemies":"Giant Head","floor":53,"turns":6},{"damage":26,"enemies":"Awakened One","floor":57,"turns":10}],"seed_played":"6632445879366818971","potions_obtained":[{"floor":1.0,"key":"FearPotion"},{"floor":2.0,"key":"Fire Potion"},{"floor":9.0,"key":"DistilledChaos"},{"floor":11.0,"key":"BottledMiracle"},{"floor":20.0,"key":"SteroidPotion"},{"floor":23.0,"key":"EntropicBrew"},{"floor":35.0,"key":"Block Potion"},{"floor":41.0,"key":"PowerPotion"},{"floor":48,"key":"SkillPotion"}],"is_trial":false,"path_per_floor":["M","M","?","M","?","R","M","M","E","T","E","$","R","M","$","M","R","B",null,"M","M","M","M","?","$","R","?","R","T","T","E","R","M","E","M","R","B",null,"M","$","?","?","$","M","R","E","M","E","T","R","?","R","E","T","R","R","B",null],"character_chosen":"WATCHER","items_purchased":["PathToVictory","DollysMirror","Wireheading","PathToVictory","Membership Card","Lantern","Strawberry"],"campfire_rested":3,"item_purchase_floors":[15,15,25,40,43,43,43],"current_hp_per_floor":[72,64,64,62,62,62,62,52,54,54,39,39,39,39,39,41,41,41,76,67,69,65,66,50,50,50,42,42,42,42,28,55,50,32,32,32,25,97,97,97,63,63,70,62,94,96,92,82,82,82,82,82,84,84,84,112,86],"gold":100,"neow_bonus":"HUNDRED_GOLD","is_daily":false,"chose_seed":false,"campfire_upgraded":9,"win_rate":0.0,"timestamp":1612971686,"path_taken":["M","?","?","M","?","R","?","M","E","T","E","?","R","M","$","M","R","BOSS","M","M","M","?","?","$","R","?","R","T","T","E","R","?","E","M","R","BOSS","M","$","?","?","$","M","R","E","M","E","T","R","?","R","E","?","R","R","BOSS"],"items_purchased_type":["Card","Relic","Card","Card","Relic","Relic","Relic"],"build_version":"2020-12-18","purchased_purges":3,"victory":true,"max_hp_per_floor":[72,72,72,72,72,72,72,72,74,74,74,74,74,74,74,76,76,76,76,78,80,82,84,89,89,89,89,89,89,89,91,91,93,95,95,95,97,97,99,99,99,99,106,108,108,110,110,110,110,110,110,110,112,112,112,112,112],"card_choices":[{"not_picked":["ReachHeaven","FlurryOfBlows"],"picked":"PathToVictory","floor":1.0},{"not_picked":["Conclude","Fasting2","Consecrate"],"picked":"SKIP","floor":2.0},{"not_picked":["Prostrate","Evaluate"],"picked":"Judgement","floor":4.0},{"not_picked":["FollowUp","ThirdEye"],"picked":"LikeWater","floor":7.0},{"not_picked":["EmptyBody","Prostrate"],"picked":"Meditate","floor":8.0},{"not_picked":["BowlingBash","SashWhip","FearNoEvil"],"picked":"Singing Bowl","floor":9.0},{"not_picked":["JustLucky","BowlingBash"],"picked":"Protect","floor":11.0},{"not_picked":["Prostrate","SashWhip"],"picked":"Sanctity","floor":14.0},{"not_picked":["Prostrate","ForeignInfluence","Weave"],"picked":"Singing Bowl","floor":16.0},{"not_picked":["Devotion","Ragnarok"],"picked":"DevaForm","floor":18.0},{"not_picked":["Prostrate","Conclude","EmptyBody"],"picked":"Singing Bowl","floor":20.0},{"not_picked":["FlyingSleeves","Weave+1","CarveReality"],"picked":"Singing Bowl","floor":21.0},{"not_picked":["WreathOfFlame","Prostrate","WindmillStrike+1"],"picked":"Singing Bowl","floor":22.0},{"not_picked":["DeceiveReality","ReachHeaven","Swivel"],"picked":"Singing Bowl","floor":23.0},{"not_picked":["MentalFortress","FearNoEvil+1","ThirdEye"],"picked":"Singing Bowl","floor":31.0},{"not_picked":["ReachHeaven","FollowUp","Consecrate+1"],"picked":"Singing Bowl","floor":33.0},{"not_picked":["Halt","FlyingSleeves","Indignation+1"],"picked":"Singing Bowl","floor":34.0},{"not_picked":["FlyingSleeves+1","ClearTheMind"],"picked":"Perseverance","floor":35.0},{"not_picked":["Alpha","Judgement","Brilliance"],"picked":"Singing Bowl","floor":37.0},{"not_picked":["Crescendo+1","Tantrum","Meditate+1"],"picked":"Singing Bowl","floor":39.0},{"not_picked":["Halt","Swivel+1"],"picked":"EmptyBody+1","floor":41.0},{"not_picked":["FollowUp","FlurryOfBlows","EmptyBody+1"],"picked":"Singing Bowl","floor":44.0},{"not_picked":["ThirdEye","CrushJoints","Omniscience"],"picked":"Singing Bowl","floor":46.0},{"not_picked":["FollowUp+1","SashWhip"],"picked":"DeceiveReality","floor":47.0},{"not_picked":["Halt+1","EmptyFist+1"],"picked":"Evaluate+1","floor":48},{"not_picked":["EmptyBody+1","Tantrum+1","Halt"],"picked":"Singing Bowl","floor":53}],"player_experience":375964,"relics_obtained":[{"floor":9.0,"key":"Singing Bowl"},{"floor":10.0,"key":"Omamori"},{"floor":11.0,"key":"Pen Nib"},{"floor":29.0,"key":"Bottled Lightning"},{"floor":30.0,"key":"HornCleat"},{"floor":31.0,"key":"TeardropLocket"},{"floor":34.0,"key":"Gambling Chip"},{"floor":41.0,"key":"StoneCalendar"},{"floor":46.0,"key":"Toy Ornithopter"},{"floor":48,"key":"Vajra"},{"floor":49,"key":"Gremlin Horn"},{"floor":53,"key":"Bag of Marbles"},{"floor":54,"key":"War Paint"}],"event_choices":[{"damage_healed":0.0,"max_hp_gain":0.0,"max_hp_loss":0.0,"gold_gain":0.0,"event_name":"Living Wall","player_choice":"Grow","floor":3.0,"gold_loss":0.0,"damage_taken":0.0,"cards_upgraded":["PathToVictory"]},{"damage_healed":0.0,"max_hp_gain":0.0,"max_hp_loss":0.0,"gold_gain":0.0,"event_name":"Upgrade Shrine","player_choice":"Upgraded","floor":5.0,"gold_loss":0.0,"damage_taken":0.0,"cards_upgraded":["Judgement"]},{"damage_healed":0.0,"max_hp_gain":5.0,"max_hp_loss":0.0,"gold_gain":0.0,"event_name":"Forgotten Altar","player_choice":"Shed Blood","floor":24.0,"gold_loss":0.0,"damage_taken":21.0},{"damage_healed":0.0,"max_hp_gain":0.0,"max_hp_loss":0.0,"gold_gain":75.0,"event_name":"FaceTrader","player_choice":"Touch","floor":27.0,"gold_loss":0.0,"damage_taken":8.0},{"damage_healed":0.0,"max_hp_gain":0.0,"max_hp_loss":0.0,"gold_gain":0.0,"event_name":"Mysterious Sphere","player_choice":"Fight","floor":41.0,"gold_loss":0.0,"damage_taken":0.0},{"cards_removed":["Strike_P"],"damage_healed":0.0,"max_hp_gain":0.0,"max_hp_loss":0.0,"gold_gain":0.0,"event_name":"Falling","player_choice":"Removed Attack","floor":42.0,"gold_loss":0.0,"damage_taken":0.0},{"damage_healed":0,"gold_gain":0,"player_choice":"Paid","damage_taken":0,"relics_obtained":["Red Mask"],"max_hp_gain":0,"max_hp_loss":0,"event_name":"Tomb of Lord Red Mask","floor":51,"gold_loss":116}],"is_beta":true,"boss_relics":[{"not_picked":["SacredBark","Pandora\u0027s Box"],"picked":"Runic Pyramid"},{"not_picked":["Velvet Choker","Cursed Key"],"picked":"SlaversCollar"}],"items_purged_floors":[12,25,43],"is_endless":false,"potions_floor_spawned":[1,2,9,11,16,18,20,23,31,35,41,44,48],"ascension_level":4}}