{"host":"flm17o2q7bfjyna6","time":1612993863,"event":{"mods":["2.2 Compatiblity","Act Like it!","BaseMod","Better Altar","Better Match","Better Note","Better Sensory Stone","Better Skull","Better Third Choice","Better Vampires","Colored Map","Colored Powertips","DeckTracker","Fox Events","Hermit","Minty Spire (QoL Compilation)","Quick Restart","Replay The Spire","Reworked Bosses","Spicy Shops","StSLib","TheSwordswoman","Wandering Minibosses"],"gold_per_floor":[116,150,160,435,450,450,476,476,578,608,625,189,223,238,238,340,417,429,429,429,446,104,104,31,78,155,180,216,216,253,280,280,391,468,492,492,492,103,125,125,125,153,256,275,309,429,429,464,464,464,464,464,64,98,98],"floor_reached":56,"language":"ENG","playtime":3252,"items_purged":["Regret","Decay","Regret","blazmod:Strike"],"score":1889,"play_id":"da734ed0-5cc5-4e57-93b6-069a6c8bb044","local_time":"20210210165103","is_ascension_mode":true,"campfire_choices":[{"data":"blazmod:Kyokasuigetsu","floor":6,"key":"SMITH"},{"data":"blazmod:AlmightyPassage","floor":8,"key":"SMITH"},{"data":"blazmod:StanceChange","floor":15,"key":"SMITH"},{"data":"blazmod:KatanaStrike","floor":23,"key":"SMITH"},{"data":"blazmod:MirrorImage","floor":29,"key":"SMITH"},{"data":"blazmod:Lockswords","floor":32,"key":"SMITH"},{"floor":40,"key":"RECALL"},{"data":"blazmod:SeismicSlash","floor":47,"key":"SMITH"},{"data":"blazmod:BlindingFlash","floor":49,"key":"SMITH"},{"data":"blazmod:MoonlightBlossoms","floor":52,"key":"SMITH"}],"circlet_count":0,"master_deck":["blazmod:Strike","blazmod:Strike","blazmod:Strike","blazmod:Defend","blazmod:Defend","blazmod:Defend","blazmod:Defend","blazmod:ButterflyEffect","blazmod:Kyokasuigetsu+1","blazmod:TenThousand","blazmod:MoonlightBlossoms+1","blazmod:TandenKatsu","blazmod:AlmightyPassage+1","blazmod:KatanaStrike+1","blazmod:StanceChange+1","Parasite","blazmod:FlawlessDraw","blazmod:BoulderFlash","blazmod:MirrorImage+1","blazmod:Swordstorm","blazmod:FleetOfFoot","blazmod:TenThousand","Pot Of Greed+1","Pot Of Greed+1","blazmod:FortifiedVigor+1","Pot Of Greed+1","blazmod:BlindingFlash+1","blazmod:Swordstorm","blazmod:Lockswords+1","blazmod:Swordstorm+1","blazmod:VisionsOfButterflies","blazmod:CastAwayDew+1","blazmod:Quickdraw+1","blazmod:BladeOfEnlightenment+1","blazmod:Lockswords","blazmod:WildButterfly+1","ReplayTheSpireMod:Splinters","Pot Of Greed+1","blazmod:FancifulFlutter+1","blazmod:SeismicSlash+1","blazmod:Crosscut+1","ReplayUltimateDefense","blazmod:TravelJournal","blazmod:Quickdraw"],"relics":["blazmod:Venustas","NeowsBlessing","foxEvents:LuckyCharm","Simple Rune","Ancient Tea Set","Anchor","blazmod:UnsignedBlade","blazmod:BladeOfPurification","Boot","blazmod:SamuraiSword","Mango","DollysMirror","Grinning Jar","CeramicFish","HornCleat","Replay:Bottled Eggs","SlaversCollar","ReplayTheSpireMod:CursedCoin","blazmod:Raikiri","Bottled Flame","Unceasing Top","Dream Catcher","Regal Pillow","Replay:Baseball","Replay:Bottled Snecko","BargainBundle","Oddly Smooth Stone","Happy Flower"],"acts_visited":["Exordium","TheCity","TheBeyond","TheEnding"],"potions_floor_usage":[16,33,55],"damage_taken":[{"damage":0,"enemies":"2 Louse","floor":1,"turns":1},{"damage":0,"enemies":"Colosseum Slavers","floor":2,"turns":1},{"damage":0,"enemies":"Small Slimes","floor":3,"turns":1},{"damage":1,"enemies":"Cultist","floor":5,"turns":3},{"damage":18,"enemies":"Lagavulin","floor":7,"turns":6},{"damage":9,"enemies":"3 Sentries","floor":10,"turns":5},{"damage":0,"enemies":"Red Slaver","floor":11,"turns":4},{"damage":0,"enemies":"Lagavulin","floor":13,"turns":5},{"damage":0,"enemies":"Exordium Wildlife","floor":14,"turns":1},{"damage":0,"enemies":"Fading Forest","floor":16,"turns":11},{"damage":8,"enemies":"2 Thieves","floor":18,"turns":3},{"damage":0,"enemies":"3 Byrds","floor":21,"turns":1},{"damage":0,"enemies":"Gremlin Leader","floor":25,"turns":5},{"damage":0,"enemies":"Sentry and Sphere","floor":27,"turns":1},{"damage":0,"enemies":"Book of Stabbing","floor":28,"turns":4},{"damage":0,"enemies":"Gremlin Leader","floor":30,"turns":3},{"damage":0,"enemies":"Shelled Parasite and Fungi","floor":31,"turns":3},{"damage":0,"enemies":"bossMod:newChamp","floor":33,"turns":7},{"damage":0,"enemies":"Orb Walker","floor":35,"turns":3},{"damage":5,"enemies":"3 Darklings","floor":39,"turns":5},{"damage":0,"enemies":"Jaw Worm Horde","floor":42,"turns":1},{"damage":0,"enemies":"Spire Growth","floor":44,"turns":3},{"damage":0,"enemies":"R_Hoarder","floor":45,"turns":5},{"damage":0,"enemies":"Reptomancer","floor":48,"turns":3},{"damage":0,"enemies":"bossMod:newAwakened","floor":50,"turns":9},{"damage":0,"enemies":"Shield and Spear","floor":54,"turns":6},{"damage":41,"enemies":"The Heart","floor":55,"turns":10}],"seed_played":"9180045719618907272","potions_obtained":[{"floor":5,"key":"PowerPotion"},{"floor":7,"key":"ColorlessPotion"},{"floor":10,"key":"LifebloodPotion"},{"floor":14,"key":"Fruit Juice"},{"floor":18,"key":"Explosive Potion"},{"floor":37,"key":"Block Potion"},{"floor":44,"key":"Swift Potion"},{"floor":45,"key":"Elixir"}],"is_trial":false,"path_per_floor":["M","?","M","?","M","R","E","R","T","E","M","$","E","M","R","B",null,"M","?","?","M","$","R","$","E","T","M","E","R","E","M","R","B",null,"M","?","?","$","M","R","?","M","T","M","E","?","R","E","R","B",null,"R","$","E","B",null],"character_chosen":"THE_SWORDSWOMAN","items_purchased":["blazmod:UnsignedBlade","blazmod:BladeOfPurification","blazmod:FlawlessDraw","Mango","DollysMirror","Grinning Jar","ReplayTheSpireMod:CursedCoin","blazmod:Raikiri","Bottled Flame","BargainBundle","ReplayUltimateDefense","Oddly Smooth Stone","blazmod:TravelJournal"],"campfire_rested":0,"item_purchase_floors":[12,12,12,22,22,24,38,38,38,53,53,53,53],"current_hp_per_floor":[40,40,40,40,39,39,21,21,21,12,12,12,12,12,12,17,45,37,37,37,37,51,51,51,51,51,51,51,51,51,51,51,51,59,59,59,59,59,54,54,54,54,54,54,54,54,54,54,54,54,59,59,59,59,18],"gold":98,"neow_bonus":"THREE_ENEMY_KILL","is_daily":false,"chose_seed":false,"campfire_upgraded":9,"win_rate":0.0,"timestamp":1612993863,"path_taken":["M","?","M","?","?","R","E","R","T","E","M","?","E","M","R","BOSS","M","?","?","M","$","R","$","E","T","M","E","R","E","M","R","BOSS","M","?","?","$","?","R","?","M","T","?","E","?","R","E","R","BOSS","R","$","E","BOSS"],"items_purchased_type":["Relic","Relic","Card","Relic","Relic","Relic","Relic","Relic","Relic","Relic","Card","Relic","Card"],"build_version":"2020-12-22","purchased_purges":4,"victory":true,"max_hp_per_floor":[40,40,40,40,40,40,40,40,40,40,40,40,40,40,40,45,45,45,45,45,45,59,59,59,59,59,59,59,59,59,59,59,59,59,59,59,59,59,59,59,59,59,59,59,59,59,59,59,59,59,59,59,59,59,59],"card_choices":[{"not_picked":["blazmod:Valiance","blazmod:FortifiedVigor"],"picked":"blazmod:TenThousand","floor":1},{"not_picked":["blazmod:Valiance","blazmod:MentalFocus"],"picked":"blazmod:MoonlightBlossoms","floor":3},{"not_picked":["blazmod:FlashRock","blazmod:Trasient"],"picked":"blazmod:TandenKatsu","floor":5},{"not_picked":["blazmod:FlashRock","blazmod:MyEverything"],"picked":"blazmod:AlmightyPassage","floor":7},{"not_picked":["blazmod:Trasient","blazmod:ButterFlutter"],"picked":"blazmod:KatanaStrike","floor":10},{"not_picked":["blazmod:FlashRock","blazmod:OpenSpirit"],"picked":"blazmod:StanceChange","floor":11},{"not_picked":["blazmod:Crosscut","blazmod:KatanaStrike","blazmod:FleetOfFoot"],"picked":"SKIP","floor":13},{"not_picked":["blazmod:FleetOfFoot","blazmod:CastAwayDew"],"picked":"blazmod:BoulderFlash","floor":14},{"not_picked":["blazmod:GlasswingWaltz","blazmod:PerennialBeauty"],"picked":"blazmod:MirrorImage","floor":16},{"not_picked":["blazmod:Crosscut","blazmod:KatanaStrike"],"picked":"blazmod:Swordstorm","floor":18},{"not_picked":["blazmod:TandenKatsu+1","blazmod:MentalFocus"],"picked":"blazmod:FleetOfFoot","floor":21},{"not_picked":["blazmod:Quickdraw","blazmod:ButterFlutter"],"picked":"blazmod:FortifiedVigor+1","floor":25},{"not_picked":["blazmod:MoonlightBlossoms","blazmod:NaturesBeauty"],"picked":"blazmod:BlindingFlash","floor":27},{"not_picked":["blazmod:Trasient","blazmod:FleetOfFoot"],"picked":"blazmod:Swordstorm","floor":28},{"not_picked":["blazmod:FortifiedVigor","blazmod:MentalFocus"],"picked":"blazmod:Lockswords","floor":30},{"not_picked":["blazmod:FlashRock","blazmod:ButterFlutter+1"],"picked":"blazmod:Swordstorm+1","floor":31},{"not_picked":["blazmod:NaturesBeauty","blazmod:ForgeWays"],"picked":"blazmod:VisionsOfButterflies","floor":33},{"not_picked":["blazmod:KatanaStrike+1","blazmod:PhysicalEndurance"],"picked":"blazmod:CastAwayDew+1","floor":35},{"not_picked":["blazmod:FleetOfFoot+1","blazmod:StanceChange+1"],"picked":"blazmod:Quickdraw+1","floor":39},{"not_picked":["blazmod:FleetOfFoot","blazmod:FortifiedVigor"],"picked":"blazmod:BladeOfEnlightenment+1","floor":42},{"not_picked":["blazmod:SureOfHand","blazmod:FortifiedVigor"],"picked":"blazmod:Lockswords","floor":44},{"not_picked":["blazmod:Trasient+1","blazmod:FlashRock+1"],"picked":"blazmod:WildButterfly+1","floor":45},{"not_picked":["blazmod:MentalFocus+1","blazmod:Swordstorm"],"picked":"blazmod:FancifulFlutter+1","floor":46},{"not_picked":["blazmod:HarmonyComplete","blazmod:Valiance"],"picked":"blazmod:SeismicSlash","floor":46},{"not_picked":["blazmod:FortifiedVigor","blazmod:SureOfHand"],"picked":"blazmod:Crosscut+1","floor":48},{"not_picked":["blazmod:CastAwayDew+1","blazmod:ButterFlutter"],"picked":"blazmod:Quickdraw","floor":54}],"player_experience":1761152,"relics_obtained":[{"floor":2,"key":"foxEvents:LuckyCharm"},{"floor":7,"key":"Simple Rune"},{"floor":9,"key":"Ancient Tea Set"},{"floor":10,"key":"Anchor"},{"floor":13,"key":"Boot"},{"floor":25,"key":"CeramicFish"},{"floor":28,"key":"HornCleat"},{"floor":30,"key":"Replay:Bottled Eggs"},{"floor":43,"key":"Dream Catcher"},{"floor":45,"key":"Regal Pillow"},{"floor":46,"key":"Replay:Baseball"},{"floor":48,"key":"Replay:Bottled Snecko"},{"floor":54,"key":"Happy Flower"}],"event_choices":[{"damage_healed":0,"gold_gain":275,"player_choice":"Desecrate","damage_taken":0,"max_hp_gain":0,"max_hp_loss":0,"event_name":"Golden Shrine","floor":4,"gold_loss":0,"cards_obtained":["Regret"]},{"damage_healed":0,"gold_gain":0,"player_choice":"Cursed","damage_taken":0,"max_hp_gain":0,"max_hp_loss":0,"event_name":"Wheel of Change","floor":19,"gold_loss":0,"cards_obtained":["Decay"]},{"cards_removed":["blazmod:Strike"],"damage_healed":0,"gold_gain":0,"player_choice":"Give","damage_taken":0,"max_hp_gain":0,"max_hp_loss":0,"event_name":"betterNote:BetterNote","floor":20,"gold_loss":0,"cards_obtained":["ReplayTheSpireMod:Splinters"]},{"damage_healed":0,"gold_gain":0,"player_choice":"Got Potions","damage_taken":0,"max_hp_gain":0,"max_hp_loss":0,"event_name":"Lab","floor":37,"gold_loss":0},{"damage_healed":0,"gold_gain":0,"player_choice":"Gave Potion","damage_taken":0,"relics_obtained":["Unceasing Top"],"max_hp_gain":0,"max_hp_loss":0,"event_name":"WeMeetAgain","floor":41,"gold_loss":0}],"is_beta":false,"boss_relics":[{"not_picked":["Ring of Chaos","Painkiller Herb"],"picked":"blazmod:SamuraiSword"},{"not_picked":["Runic Dome","Snecko Heart"],"picked":"SlaversCollar"}],"items_purged_floors":[12,22,38,38],"is_endless":false,"potions_floor_spawned":[5,7,10,14,18,27,30,44,45],"ascension_level":2}}