{"host":"oehe2dxjvdgux73m","time":1612968203,"event":{"mods":["AchievementEnabler","BaseMod","Colored Map","Colored Powertips","DeckTracker","Keyboard Shortcuts","Minty Spire (QoL Compilation)","Permanent Neow","Quick Restart","StSLib","SuperFastMode"],"gold_per_floor":[151,190,243,203,203,203,270,270,270,345,415,300,300,300,300,300,300],"floor_reached":16,"language":"KOR","playtime":345,"items_purged":["Strike_G"],"score":200,"play_id":"629c5f75-9326-4887-9636-681eb490ed7d","local_time":"20210210234323","is_ascension_mode":true,"campfire_choices":[{"data":"HandOfGreed","floor":6.0,"key":"SMITH"},{"data":"Cloak And Dagger","floor":8.0,"key":"SMITH"},{"data":"Acrobatics","floor":13.0,"key":"SMITH"},{"data":"Neutralize","floor":15.0,"key":"SMITH"}],"circlet_count":0,"master_deck":["AscendersBane","Strike_G","Strike_G","Strike_G","Strike_G","Defend_G","Defend_G","Defend_G","Defend_G","Defend_G","Survivor","Neutralize+1","HandOfGreed+1","PiercingWail","Prepared","Cloak And Dagger+1","Acrobatics+1","Adrenaline","Dagger Throw","Footwork"],"relics":["Ring of the Snake","Mercury Hourglass","Darkstone Periapt","Golden Idol"],"acts_visited":["Exordium"],"potions_floor_usage":[16,16],"damage_taken":[{"damage":0.0,"enemies":"2 Louse","floor":1.0,"turns":3.0},{"damage":2.0,"enemies":"Jaw Worm","floor":2.0,"turns":3.0},{"damage":3.0,"enemies":"Small Slimes","floor":3.0,"turns":4.0},{"damage":1.0,"enemies":"Looter","floor":4.0,"turns":4.0},{"damage":0.0,"enemies":"Exordium Wildlife","floor":7.0,"turns":4.0},{"damage":12.0,"enemies":"3 Sentries","floor":10.0,"turns":8.0},{"damage":5.0,"enemies":"2 Fungi Beasts","floor":11.0,"turns":5.0},{"damage":48,"enemies":"Slime Boss","floor":16,"turns":7}],"seed_played":"4502295136806585575","potions_obtained":[{"floor":1.0,"key":"Block Potion"},{"floor":7.0,"key":"CultistPotion"},{"floor":11.0,"key":"Poison Potion"}],"is_trial":false,"path_per_floor":["M","M","M","M","?","R","M","R","T","E","M","$","R","?","R","B"],"character_chosen":"THE_SILENT","items_purchased":["Footwork"],"campfire_rested":0,"item_purchase_floors":[12],"current_hp_per_floor":[59,57,54,53,58,58,58,58,58,46,41,41,41,41,41,0,0],"gold":300,"neow_bonus":"RANDOM_COLORLESS_2","is_daily":false,"chose_seed":false,"campfire_upgraded":4,"win_rate":0.0,"timestamp":1612968203,"path_taken":["M","M","M","M","?","R","M","R","T","E","M","$","R","?","R","BOSS"],"items_purchased_type":["Card"],"build_version":"2020-12-22","purchased_purges":1,"victory":false,"max_hp_per_floor":[60,60,60,60,65,65,65,65,65,65,65,65,65,59,59,59,59],"card_choices":[{"not_picked":["Mayhem","Metamorphosis"],"picked":"HandOfGreed","floor":0.0},{"not_picked":["Acrobatics","Flying Knee"],"picked":"PiercingWail","floor":1.0},{"not_picked":["Predator","Outmaneuver"],"picked":"Prepared","floor":2.0},{"not_picked":["Backflip","Endless Agony"],"picked":"Cloak And Dagger","floor":3.0},{"not_picked":["Catalyst","Outmaneuver","Deflect"],"picked":"SKIP","floor":4.0},{"not_picked":["Blade Dance","Quick Slash"],"picked":"Acrobatics","floor":7.0},{"not_picked":["Leg Sweep","Bouncing Flask"],"picked":"Adrenaline","floor":10.0},{"not_picked":["Endless Agony","Blade Dance"],"picked":"Dagger Throw","floor":11.0}],"player_experience":453138,"relics_obtained":[{"floor":9.0,"key":"Mercury Hourglass"},{"floor":10.0,"key":"Darkstone Periapt"}],"event_choices":[{"damage_healed":0.0,"max_hp_gain":5.0,"max_hp_loss":0.0,"gold_gain":0.0,"event_name":"Big Fish","player_choice":"Donut","floor":5.0,"gold_loss":0.0,"damage_taken":0.0},{"damage_healed":0.0,"max_hp_gain":0.0,"max_hp_loss":6.0,"gold_gain":0.0,"event_name":"Golden Idol","player_choice":"Lose Max HP","floor":14.0,"gold_loss":0.0,"damage_taken":0.0,"relics_obtained":["Golden Idol"]}],"is_beta":false,"boss_relics":[],"items_purged_floors":[12],"is_endless":false,"potions_floor_spawned":[1,7,11],"killed_by":"Slime Boss","ascension_level":20}}