{"host":"iphsb0ccnjx0pfn6","time":1612973897,"event":{"mods":["2.2 Compatiblity","AchievementEnabler","BaseMod","Colored Map","DeckTracker","Keyboard Shortcuts","Minty Spire (QoL Compilation)","Permanent Neow","Quick Restart","Relic Stats","StSLib","SuperFastMode","Uncapped","everything is the same but u backflip on backflip"],"gold_per_floor":[111,124,49,64,64,64,97,115,169,169,169,94,121,138,138,217,217,217,217,217,217,117,117,132,132,132,132,132],"floor_reached":27,"language":"KOR","playtime":523,"items_purged":["Parasite","Strike_P"],"score":488,"play_id":"63c3c42b-03a8-4a20-be1a-3448200291f7","local_time":"20210211011817","is_ascension_mode":true,"campfire_choices":[{"data":"Eruption","floor":6.0,"key":"SMITH"},{"data":"CrushJoints","floor":15.0,"key":"SMITH"},{"data":"EmptyMind","floor":23,"key":"SMITH"},{"data":"EmptyFist","floor":25,"key":"SMITH"}],"circlet_count":0,"master_deck":["AscendersBane","Defend_P","Defend_P","Defend_P","Eruption+1","Vigilance","CrushJoints+1","FollowUp","EmptyFist+1","EmptyMind+1","Establishment"],"relics":["PureWater","Pear","Vajra","Bag of Preparation","Runic Pyramid","Nilry\u0027s Codex","Potion Belt"],"acts_visited":["Exordium","TheCity"],"potions_floor_usage":[18,27],"damage_taken":[{"damage":14.0,"enemies":"Cultist","floor":1.0,"turns":4.0},{"damage":0.0,"enemies":"2 Louse","floor":2.0,"turns":3.0},{"damage":0.0,"enemies":"Small Slimes","floor":4.0,"turns":4.0},{"damage":35.0,"enemies":"3 Sentries","floor":7.0,"turns":7.0},{"damage":3.0,"enemies":"Blue Slaver","floor":8.0,"turns":3.0},{"damage":0.0,"enemies":"Gremlin Nob","floor":13.0,"turns":2.0},{"damage":0.0,"enemies":"Exordium Wildlife","floor":14.0,"turns":1.0},{"damage":50,"enemies":"Slime Boss","floor":16,"turns":11},{"damage":0,"enemies":"2 Thieves","floor":18,"turns":1},{"damage":0,"enemies":"Spheric Guardian","floor":24,"turns":2},{"damage":43,"enemies":"Slavers","floor":27,"turns":5}],"seed_played":"-2616646821282269629","potions_obtained":[{"floor":1.0,"key":"FairyPotion"},{"floor":4.0,"key":"SkillPotion"},{"floor":8.0,"key":"SmokeBomb"},{"floor":24,"key":"DuplicationPotion"}],"is_trial":false,"path_per_floor":["M","M","?","M","$","R","E","M","T","?","?","$","E","M","R","B",null,"M","?","?","?","$","R","M","R","T","E"],"character_chosen":"WATCHER","items_purchased":[],"campfire_rested":0,"item_purchase_floors":[],"current_hp_per_floor":[47,47,47,47,47,47,22,19,19,12,31,31,31,31,31,3,57,57,57,57,36,36,36,36,36,36,0,0],"gold":132,"neow_bonus":"REMOVE_CARD","is_daily":false,"chose_seed":false,"campfire_upgraded":4,"win_rate":0.0,"timestamp":1612973897,"path_taken":["M","M","?","M","$","R","E","M","T","?","?","$","E","M","R","BOSS","M","?","?","?","$","R","M","R","T","E"],"items_purchased_type":[],"build_version":"2020-12-22","purchased_purges":2,"victory":false,"max_hp_per_floor":[68,68,68,68,68,68,78,78,78,78,78,75,75,75,75,75,75,75,75,75,75,75,75,75,75,75,75,75],"relic_stats":{"counters":[11,43],"Bag of Preparation":[10],"obtain_stats":[{"Potion Belt":26,"Pear":7,"Nilry\u0027s Codex":21,"Vajra":9,"Bag of Preparation":13,"PureWater":0,"Runic Pyramid":17},{"Potion Belt":10,"Pear":4,"Nilry\u0027s Codex":9,"Vajra":5,"Bag of Preparation":6,"PureWater":0,"Runic Pyramid":8},{"Potion Belt":38,"Pear":18,"Nilry\u0027s Codex":36,"Vajra":21,"Bag of Preparation":23,"PureWater":0,"Runic Pyramid":35}]},"card_choices":[{"not_picked":["Weave","SashWhip","JustLucky"],"picked":"SKIP","floor":1.0},{"not_picked":["JustLucky","BowlingBash"],"picked":"CrushJoints","floor":2.0},{"not_picked":["EmptyFist","CrushJoints"],"picked":"FollowUp","floor":4.0},{"not_picked":["JustLucky","BattleHymn"],"picked":"EmptyFist","floor":7.0},{"not_picked":["Evaluate","ThirdEye"],"picked":"EmptyMind","floor":8.0},{"not_picked":["FlyingSleeves","SandsOfTime","Devotion"],"picked":"SKIP","floor":13.0},{"not_picked":["Protect","Evaluate","Perseverance"],"picked":"SKIP","floor":14.0},{"not_picked":["SpiritShield","Judgement"],"picked":"Establishment","floor":16},{"not_picked":["Indignation","Consecrate","FlurryOfBlows"],"picked":"SKIP","floor":24}],"player_experience":1302970,"relics_obtained":[{"floor":7.0,"key":"Pear"},{"floor":9.0,"key":"Vajra"},{"floor":13.0,"key":"Bag of Preparation"},{"floor":21,"key":"Nilry\u0027s Codex"},{"floor":26,"key":"Potion Belt"}],"event_choices":[{"cards_removed":["Strike_P"],"damage_healed":0.0,"max_hp_gain":0.0,"max_hp_loss":0.0,"gold_gain":0.0,"event_name":"The Cleric","player_choice":"Card Removal","floor":3.0,"gold_loss":75.0,"damage_taken":0.0},{"cards_removed":["Defend_P"],"damage_healed":0.0,"max_hp_gain":0.0,"max_hp_loss":0.0,"gold_gain":0.0,"event_name":"Golden Wing","player_choice":"Card Removal","floor":10.0,"gold_loss":0.0,"damage_taken":7.0},{"damage_healed":19.0,"max_hp_gain":0.0,"max_hp_loss":0.0,"gold_gain":0.0,"event_name":"Mushrooms","player_choice":"Healed and dodged fight","floor":11.0,"gold_loss":0.0,"damage_taken":0.0,"cards_obtained":["Parasite"]},{"cards_removed":["Strike_P"],"damage_healed":0,"gold_gain":0,"player_choice":"Elegance","damage_taken":0,"max_hp_gain":0,"max_hp_loss":0,"event_name":"Back to Basics","floor":19,"gold_loss":0},{"damage_healed":0,"gold_gain":0,"player_choice":"Ignored","damage_taken":0,"max_hp_gain":0,"max_hp_loss":0,"event_name":"Vampires","floor":20,"gold_loss":0},{"damage_healed":0,"gold_gain":0,"player_choice":"Obtained Book","damage_taken":21,"max_hp_gain":0,"max_hp_loss":0,"event_name":"Cursed Tome","floor":21,"gold_loss":0}],"is_beta":false,"boss_relics":[{"not_picked":["Velvet Choker","Ectoplasm"],"picked":"Runic Pyramid"}],"items_purged_floors":[12,22],"is_endless":false,"potions_floor_spawned":[1,4,8,13,24],"killed_by":"Slavers","ascension_level":20}}