{"host":"4jz703vvls3rrr9j","time":1612951296,"event":{"mods":["BaseMod","BetterRewards","Downfall","Hermit","Infinite Spire","Minty Spire (QoL Compilation)","Replay The Spire","StSLib","The Gatherer","The Servant 0.9.4"],"gold_per_floor":[115,125,141,156,54,85,85,85,85,97,30,40,51,51,51,172,172,156,156,174,197,197,197,222,222,294,317,342,355,369,369,369,490,490,511,535,18,42,56,56,76,76,99,99,99,122,146,190,190,190,190,190,96,129,129],"floor_reached":56,"language":"ENG","playtime":3260,"items_purged":["Defend_S","Writhe"],"score":1312,"play_id":"2e768c3a-6a75-4ee9-b66b-7f838960012a","local_time":"20210210020136","is_ascension_mode":false,"campfire_choices":[{"data":"BestPractice","floor":7,"key":"SMITH"},{"floor":15,"key":"REST"},{"data":"infinitespire:Execution","floor":23,"key":"SMITH"},{"floor":25,"key":"REST"},{"floor":32,"key":"REST"},{"floor":40,"key":"RECALL"},{"data":"TheWorld","floor":42,"key":"SMITH"},{"data":"Potential","floor":44,"key":"SMITH"},{"floor":49,"key":"REST"},{"data":"Solidify","floor":52,"key":"SMITH"}],"circlet_count":0,"master_deck":["Strike_S","Strike_S","Strike_S","Defend_S","KidneyShot+1","Exchange","Deny","Defy","InstantArmor","DoubleEdge","BottledTime","BottledTime","BestPractice+1","GearUp","SpecialFormula","InstantArmor","FlawlessForm","TheWorld+1","Spin+1","Revamp","infinitespire:Execution+1","Unruled","BottledTime","Solidify+1","Foresight+1","Hightail+1","ShiftingGears+1","ShatteredReality+1","MoonPhase+1","Potential+1","ShatteredReality","BottledTime+1","Replay:Parry","Barrier+1"],"relics":["Uniform","infinitespire:Lucky Rock","infinitespire:EmpoweringShard","Golden Idol","MysterySword","infinitespire:CursedDice","Regal Pillow","Astrolabe","Counterbalance","Happy Flower","Shuriken","Gambling Chip"],"acts_visited":["Exordium","TheCity","TheBeyond","TheEnding"],"potions_floor_usage":[6,16,16,47,54,55,55],"damage_taken":[{"damage":4,"enemies":"Cultist","floor":1,"turns":5},{"damage":5,"enemies":"Small Slimes","floor":2,"turns":4},{"damage":0,"enemies":"2 Louse","floor":3,"turns":2},{"damage":0,"enemies":"Blue Slaver","floor":4,"turns":3},{"damage":37,"enemies":"3 Sentries","floor":6,"turns":8},{"damage":0,"enemies":"Exordium Thugs","floor":10,"turns":3},{"damage":0,"enemies":"3 Louse","floor":12,"turns":2},{"damage":0,"enemies":"Exordium Wildlife","floor":13,"turns":3},{"damage":2,"enemies":"Hexaghost","floor":16,"turns":12},{"damage":19,"enemies":"2 Thieves","floor":18,"turns":4},{"damage":0,"enemies":"Shell Parasite","floor":20,"turns":5},{"damage":0,"enemies":"Snecko","floor":21,"turns":4},{"damage":30,"enemies":"Snake Plant","floor":24,"turns":3},{"damage":0,"enemies":"Shelled Parasite and Fungi","floor":28,"turns":2},{"damage":10,"enemies":"Snecko","floor":29,"turns":3},{"damage":15,"enemies":"Chosen and Byrds","floor":30,"turns":5},{"damage":0,"enemies":"Champ","floor":33,"turns":6},{"damage":0,"enemies":"3 Darklings","floor":35,"turns":2},{"damage":23,"enemies":"3 Shapes","floor":36,"turns":2},{"damage":0,"enemies":"Maw","floor":38,"turns":4},{"damage":0,"enemies":"Transient","floor":39,"turns":5},{"damage":13,"enemies":"4 Shapes","floor":41,"turns":3},{"damage":0,"enemies":"Jaw Worm Horde","floor":46,"turns":3},{"damage":15,"enemies":"Transient","floor":47,"turns":5},{"damage":0,"enemies":"Nemesis","floor":48,"turns":3},{"damage":0,"enemies":"Donu and Deca","floor":50,"turns":7},{"damage":89,"enemies":"Shield and Spear","floor":54,"turns":5},{"damage":35,"enemies":"The Heart","floor":55,"turns":6}],"seed_played":"7238687707046175466","potions_obtained":[{"floor":3,"key":"hexamod:SoulburnPotion"},{"floor":4,"key":"Swift Potion"},{"floor":6,"key":"Regen Potion"},{"floor":18,"key":"Weak Potion"},{"floor":20,"key":"Milkshake"},{"floor":24,"key":"PowerPotion"},{"floor":47,"key":"FearPotion"}],"is_trial":false,"path_per_floor":["M","M","M","M","$","E","R","?","T","M","$","M","M","?","R","B",null,"M","?","M","M","?","R","M","R","T","T","M","M","M","AVR","R","B",null,"M","M","$","M","M","R","M","R","T","R","AVR","M","M","E","R","B",null,"R","$","E","B",null],"character_chosen":"THE_SERVANT","items_purchased":["BottledTime","SpecialFormula","MoonPhase+1","Potential","Counterbalance","Replay:Parry"],"campfire_rested":4,"item_purchase_floors":[5,11,37,37,37,53],"current_hp_per_floor":[61,56,56,56,56,19,19,19,19,19,19,27,35,19,38,56,65,54,54,59,64,48,48,23,42,42,42,42,37,27,27,61,65,65,65,42,42,47,52,52,44,44,44,44,44,49,42,47,65,65,65,65,65,31,1],"gold":129,"neow_bonus":"ONE_RANDOM_RARE_CARD","is_daily":false,"chose_seed":false,"campfire_upgraded":5,"win_rate":0.0,"timestamp":1612951296,"path_taken":["M","M","M","M","$","E","R","?","T","M","$","M","M","?","R","BOSS","M","?","M","M","?","R","M","R","T","?","M","?","M","AVR","R","BOSS","M","M","$","M","M","R","M","R","T","R","AVR","M","M","E","R","BOSS","R","$","E","BOSS"],"items_purchased_type":["Card","Card","Card","Card","Relic","Card"],"build_version":"2020-12-22","purchased_purges":2,"victory":true,"max_hp_per_floor":[65,65,65,65,65,65,65,65,65,65,65,65,65,65,65,65,65,65,65,65,65,65,65,65,65,65,65,65,65,65,65,65,65,65,65,65,65,65,65,65,65,65,65,65,65,65,65,65,65,65,65,65,65,65,65],"card_choices":[{"not_picked":["DoubleEdge","Contraction"],"picked":"Defy","floor":1},{"not_picked":["Rewind","KillingDoll"],"picked":"InstantArmor","floor":2},{"not_picked":["Rewind","Defy"],"picked":"DoubleEdge","floor":3},{"not_picked":["Spin","ShatteredReality"],"picked":"BottledTime","floor":4},{"not_picked":["Spin","Starlight"],"picked":"BestPractice","floor":6},{"not_picked":["Revamp","TimeWarp"],"picked":"GearUp","floor":10},{"not_picked":["FastForward","Replace"],"picked":"InstantArmor","floor":12},{"not_picked":["Rewind","Sabotage"],"picked":"FlawlessForm","floor":13},{"not_picked":["LightFlow","Solidify"],"picked":"TheWorld","floor":16},{"not_picked":["FastForward","Misdirection","Rewind"],"picked":"SKIP","floor":18},{"not_picked":["GearUp","Replace"],"picked":"Spin+1","floor":20},{"not_picked":["Starlight","Replace"],"picked":"Revamp","floor":21},{"not_picked":["infinitespire:FutureSight","infinitespire:FinalStrike"],"picked":"infinitespire:Execution","floor":22},{"not_picked":["Alleviate","Ricochet"],"picked":"Unruled","floor":24},{"not_picked":["Rewind","SoulSculpture","Shuttle"],"picked":"SKIP","floor":28},{"not_picked":["DualDimension","InstantArmor+1","ShatteredReality"],"picked":"SKIP","floor":29},{"not_picked":["KillingDoll","ShatteredReality"],"picked":"BottledTime","floor":30},{"not_picked":["MurderousAura","LightFlow"],"picked":"Solidify","floor":33},{"not_picked":["Rewind+1","Luminosity+1","Shuttle+1"],"picked":"SKIP","floor":35},{"not_picked":["Rewind","BottledTime+1"],"picked":"ShatteredReality+1","floor":36},{"not_picked":["Desolation","Misdirection","Reset"],"picked":"SKIP","floor":38},{"not_picked":["Revamp","Starlight+1","BottledTime"],"picked":"SKIP","floor":39},{"not_picked":["FloweringNight","Rewind+1","Desolation"],"picked":"SKIP","floor":41},{"not_picked":["Replace+1","Spin"],"picked":"ShatteredReality","floor":46},{"not_picked":["GearUp+1","FastForward+1"],"picked":"BottledTime+1","floor":47},{"not_picked":["Defy+1","Misdirection","Luminosity"],"picked":"SKIP","floor":48},{"not_picked":["Defy+1","BottledTime+1"],"picked":"Barrier+1","floor":54}],"player_experience":660563,"relics_obtained":[{"floor":6,"key":"infinitespire:Lucky Rock"},{"floor":9,"key":"infinitespire:EmpoweringShard"},{"floor":27,"key":"Regal Pillow"},{"floor":43,"key":"Happy Flower"},{"floor":48,"key":"Shuriken"},{"floor":54,"key":"Gambling Chip"}],"event_choices":[{"damage_healed":0,"gold_gain":0,"player_choice":"Grow","damage_taken":0,"max_hp_gain":0,"max_hp_loss":0,"event_name":"Living Wall","floor":8,"gold_loss":0,"cards_upgraded":["KidneyShot"]},{"damage_healed":0,"gold_gain":0,"player_choice":"Take Damage","damage_taken":16,"relics_obtained":["Golden Idol"],"max_hp_gain":0,"max_hp_loss":0,"event_name":"Golden Idol","floor":14,"gold_loss":0},{"damage_healed":0,"gold_gain":0,"player_choice":"Opened","damage_taken":0,"relics_obtained":["infinitespire:CursedDice"],"max_hp_gain":0,"max_hp_loss":0,"event_name":"The Mausoleum","floor":19,"gold_loss":0,"cards_obtained":["Writhe"]}],"is_beta":false,"boss_relics":[{"not_picked":["bronze:MakeshiftBattery","Honey Jar"],"picked":"MysterySword"},{"not_picked":["Fusion Hammer","SacredBark"],"picked":"Astrolabe"}],"items_purged_floors":[5,37],"is_endless":false,"potions_floor_spawned":[3,4,6,18,20,24,36,46,47],"ascension_level":0}}