{"host":"17trt2gvjgnh9jmc","time":1612984916,"event":{"mods":["AchievementEnabler","BaseMod","Bestiary","Colored Map","Minty Spire (QoL Compilation)","Relic Stats"],"gold_per_floor":[117,117,117,127,138,166,183,212,212,212,212],"floor_reached":10,"language":"ENG","playtime":1155,"items_purged":[],"score":82,"play_id":"6e94b94a-d7fc-4e23-9600-8fb4717a7e0a","local_time":"20210210202156","is_ascension_mode":true,"campfire_choices":[],"circlet_count":0,"master_deck":["Strike_R","Strike_R","Strike_R","Strike_R","Strike_R","Defend_R","Defend_R","Defend_R","Defend_R","Bash+1","Twin Strike","Regret","Sever Soul","Infernal Blade","True Grit","Twin Strike","Brutality"],"relics":["Burning Blood","Mummified Hand","Tiny Chest","PreservedInsect","Strawberry","Frozen Egg 2"],"acts_visited":["Exordium"],"potions_floor_usage":[10,10],"damage_taken":[{"damage":1,"enemies":"2 Louse","floor":1,"turns":3},{"damage":3,"enemies":"Jaw Worm","floor":4,"turns":3},{"damage":7,"enemies":"Cultist","floor":5,"turns":4},{"damage":44,"enemies":"Lagavulin","floor":6,"turns":7},{"damage":15,"enemies":"Large Slime","floor":7,"turns":3},{"damage":24,"enemies":"3 Sentries","floor":8,"turns":8},{"damage":35,"enemies":"Lagavulin","floor":10,"turns":6}],"seed_played":"7585258979425742679","potions_obtained":[{"floor":4,"key":"EssenceOfSteel"},{"floor":6,"key":"Energy Potion"}],"is_trial":false,"path_per_floor":["M","?","T","M","M","E","M","E","T","E"],"character_chosen":"IRONCLAD","items_purchased":[],"campfire_rested":0,"item_purchase_floors":[],"current_hp_per_floor":[80,80,80,80,79,41,32,21,21,0,0],"gold":212,"neow_bonus":"UPGRADE_CARD","is_daily":false,"chose_seed":false,"campfire_upgraded":0,"win_rate":0.0,"timestamp":1612984916,"path_taken":["M","?","?","M","?","E","M","E","T","E"],"items_purchased_type":[],"build_version":"2020-12-22","purchased_purges":0,"victory":false,"max_hp_per_floor":[80,80,80,80,80,80,80,87,87,87,87],"relic_stats":{"counters":[7,34],"Mummified Hand":[1],"Tiny Chest":0,"PreservedInsect":60,"obtain_stats":[{"Mummified Hand":2,"Strawberry":8,"Tiny Chest":3,"PreservedInsect":6,"Frozen Egg 2":9,"Burning Blood":0},{"Mummified Hand":1,"Strawberry":6,"Tiny Chest":1,"PreservedInsect":4,"Frozen Egg 2":6,"Burning Blood":0},{"Mummified Hand":3,"Strawberry":28,"Tiny Chest":3,"PreservedInsect":17,"Frozen Egg 2":28,"Burning Blood":0}],"Burning Blood":28},"card_choices":[{"not_picked":["Sword Boomerang","Headbutt"],"picked":"Twin Strike","floor":1},{"not_picked":["Perfected Strike","Clash"],"picked":"Sever Soul","floor":4},{"not_picked":["Perfected Strike","Pommel Strike"],"picked":"Infernal Blade","floor":5},{"not_picked":["Pommel Strike","Blood for Blood"],"picked":"True Grit","floor":6},{"not_picked":["Wild Strike","Heavy Blade"],"picked":"Twin Strike","floor":7},{"not_picked":["True Grit","Twin Strike"],"picked":"Brutality","floor":8}],"player_experience":428370,"relics_obtained":[{"floor":3,"key":"Tiny Chest"},{"floor":6,"key":"PreservedInsect"},{"floor":8,"key":"Strawberry"},{"floor":9,"key":"Frozen Egg 2"}],"event_choices":[{"damage_healed":0,"gold_gain":0,"player_choice":"Box","damage_taken":0,"relics_obtained":["Mummified Hand"],"max_hp_gain":0,"max_hp_loss":0,"event_name":"Big Fish","floor":2,"gold_loss":0,"cards_obtained":["Regret"]}],"is_beta":false,"boss_relics":[],"items_purged_floors":[],"is_endless":false,"potions_floor_spawned":[4,6],"killed_by":"Lagavulin","ascension_level":1}}