{"host":"kxz5izodaorfb9am","time":1612957357,"event":{"mods":["BaseMod","Downfall","GifTheSpireLib","Minty Spire (QoL Compilation)","Shop Mod","StSLib","The Cursed"],"gold_per_floor":[99,117,117,117,133,164,236,250,265,265,283,283,733,733,751,850,850,850,864,875,860,860,887,887,887,905,266,266,266,280,280,299,299,299,299],"floor_reached":33,"language":"ENG","playtime":2480,"items_purged":["bronze:Strike"],"score":297,"play_id":"7ebb55bb-ca10-44d1-b1a2-daa56014f640","local_time":"20210210124237","is_ascension_mode":false,"campfire_choices":[{"data":"bronze:Goto","floor":1.0,"key":"SMITH"},{"data":"bronze:ClassDefault","floor":10.0,"key":"SMITH"},{"data":"bronze:FollowUp","floor":12.0,"key":"SMITH"},{"data":"bronze:Verify","floor":18.0,"key":"SMITH"},{"data":"bronze:CutThrough","floor":25,"key":"SMITH"}],"circlet_count":0,"master_deck":["bronze:Strike","bronze:Strike","bronze:Strike","bronze:Defend","bronze:Defend","bronze:Defend","bronze:Defend","bronze:Replicate","bronze:Goto+1","bronze:FollowUp+1","bronze:ItsAFeature","bronze:CutThrough+1","bronze:ClassDefault+1","bronze:Branch+1","downfall:Icky","downfall:Icky","downfall:Icky","bronze:DelayedGuard","bronze:Verify+1","bronze:Branch+1","bronze:BitShift","bronze:DelayedSlice+1","bronze:Frontload+1","bronze:Optimize","Master of Strategy","bronze:Flail","bronze:ForceShield","Necronomicurse","bronze:CutThrough+1"],"relics":["bronze:BronzeCore","Blue Candle","Ancient Tea Set","Darkstone Periapt","Ornamental Fan","Coffee Dripper","Whetstone","Meat on the Bone","Bronze Scales","Necronomicon"],"acts_visited":["Exordium","TheCity"],"potions_floor_usage":[33],"damage_taken":[{"damage":4.0,"enemies":"Jaw Worm","floor":2.0,"turns":4.0},{"damage":2.0,"enemies":"2 Louse","floor":5.0,"turns":3.0},{"damage":16.0,"enemies":"Gremlin Nob","floor":6.0,"turns":4.0},{"damage":0.0,"enemies":"Small Slimes","floor":8.0,"turns":3.0},{"damage":10.0,"enemies":"Blue Slaver","floor":9.0,"turns":4.0},{"damage":3.0,"enemies":"2 Fungi Beasts","floor":11.0,"turns":3.0},{"damage":0.0,"enemies":"Red Slaver","floor":15.0,"turns":3.0},{"damage":7.0,"enemies":"SI_SHIV_ARCHETYPE","floor":16.0,"turns":11.0},{"damage":1.0,"enemies":"Spheric Guardian","floor":19.0,"turns":4.0},{"damage":24.0,"enemies":"Shell Parasite","floor":20.0,"turns":4.0},{"damage":2.0,"enemies":"downfall:FleeingMerchant","floor":21.0,"turns":4.0},{"damage":11,"enemies":"Centurion and Healer","floor":26,"turns":5},{"damage":0,"enemies":"downfall:FleeingMerchant","floor":27,"turns":4},{"damage":26,"enemies":"3 Cultists","floor":30,"turns":5},{"damage":0,"enemies":"Sentry and Sphere","floor":32,"turns":3},{"damage":74,"enemies":"DF_ARCHETYPE_CLAW","floor":33,"turns":5}],"seed_played":"3441836682200226602","potions_obtained":[{"floor":5.0,"key":"bronze:CleanCodePotion"},{"floor":8.0,"key":"Swift Potion"},{"floor":9.0,"key":"SteroidPotion"},{"floor":16.0,"key":"FearPotion"},{"floor":20.0,"key":"SteroidPotion"},{"floor":31,"key":"Slimebound:ThreeZeroPotion"},{"floor":31,"key":"hexamod:SoulburnPotion"}],"is_trial":false,"path_per_floor":["R","M","?","?","M","E","T","M","M","R","M","R","?","T","M","B",null,"R","M","M","$","?","T","T","R","M","$","?","?","M","?","M","B"],"character_chosen":"THE_AUTOMATON","items_purchased":["Bronze Scales","bronze:Optimize","Master of Strategy","bronze:Flail","bronze:ForceShield"],"campfire_rested":0,"item_purchase_floors":[27,27,27,27,27],"current_hp_per_floor":[77,73,73,68,66,50,50,50,40,40,37,37,55,55,55,48,95,95,94,70,68,49,49,49,49,50,62,62,52,38,38,50,0,0,0],"gold":299,"neow_bonus":"TEN_PERCENT_HP_BONUS","is_daily":false,"chose_seed":false,"campfire_upgraded":5,"win_rate":0.0,"timestamp":1612957357,"path_taken":["R","M","?","?","M","E","T","M","M","R","M","R","?","?","M","BOSS","R","M","M","$","?","?","T","R","M","$","?","?","?","?","M","BOSS"],"items_purchased_type":["Relic","Card","Card","Card","Card"],"build_version":"2020-12-22","purchased_purges":1,"victory":false,"max_hp_per_floor":[77,77,77,77,77,77,77,77,77,77,77,77,95,95,95,95,95,95,95,95,95,100,100,100,100,100,100,100,106,106,106,106,106,106,106],"card_choices":[{"not_picked":["bronze:Frontload","bronze:Invalidate","bronze:MaxOutput"],"picked":"SKIP","floor":2.0},{"not_picked":["bronze:Overheat","bronze:Repulsor"],"picked":"bronze:FollowUp","floor":5.0},{"not_picked":["bronze:Repulsor","bronze:BuggyMess"],"picked":"bronze:ItsAFeature","floor":6.0},{"not_picked":["bronze:BuggyMess","bronze:WildBeam"],"picked":"bronze:CutThrough","floor":8.0},{"not_picked":["bronze:ItsAFeature","bronze:ForceShield"],"picked":"bronze:ClassDefault","floor":9.0},{"not_picked":["bronze:BronzeArmor","bronze:DelayedGuard"],"picked":"bronze:Branch","floor":11.0},{"not_picked":["bronze:Break","bronze:Philosophize"],"picked":"bronze:DelayedGuard","floor":15.0},{"not_picked":["bronze:Format","bronze:FindAndReplace"],"picked":"bronze:Verify","floor":16.0},{"not_picked":["bronze:BuggyMess","bronze:Backtrace"],"picked":"bronze:Branch+1","floor":19.0},{"not_picked":["bronze:Backtrace","bronze:DigitalCarnage"],"picked":"bronze:BitShift","floor":20.0},{"not_picked":["bronze:Deprecate+1","bronze:SpaghettiCode"],"picked":"bronze:DelayedSlice","floor":21},{"not_picked":["bronze:BitShift","bronze:DigitalCarnage"],"picked":"bronze:Frontload+1","floor":26},{"not_picked":["bronze:OilSpill","bronze:Return","bronze:BugBarrage"],"picked":"SKIP","floor":27},{"not_picked":["bronze:Deprecate","bronze:ChildClass","bronze:Flail"],"picked":"SKIP","floor":30},{"not_picked":["bronze:WhirlingStrike","bronze:Repulsor"],"picked":"bronze:CutThrough+1","floor":32}],"player_experience":354198,"relics_obtained":[{"floor":6.0,"key":"Ancient Tea Set"},{"floor":7.0,"key":"Darkstone Periapt"},{"floor":14.0,"key":"Ornamental Fan"},{"floor":23,"key":"Whetstone"},{"floor":24,"key":"Meat on the Bone"},{"floor":29,"key":"Necronomicon"}],"event_choices":[{"damage_healed":0,"gold_gain":0,"player_choice":"Ignored","damage_taken":0,"max_hp_gain":0,"max_hp_loss":0,"event_name":"Ghosts","floor":28,"gold_loss":0},{"damage_healed":0,"gold_gain":0,"player_choice":"Got Potions","damage_taken":0,"max_hp_gain":0,"max_hp_loss":0,"event_name":"Lab","floor":31,"gold_loss":0}],"is_beta":false,"boss_relics":[{"not_picked":["SacredBark","Runic Dome"],"picked":"Coffee Dripper"}],"items_purged_floors":[27],"is_endless":false,"potions_floor_spawned":[5,8,9,16,20,30,32],"killed_by":"DF_ARCHETYPE_CLAW","ascension_level":0}}