{"host":"3c8x8j1h2jyrixpf","time":1612998348,"event":{"mods":["BaseMod","Colored Powertips","Highlight Path","Minty Spire (QoL Compilation)","StSLib"],"gold_per_floor":[119,131,32,42,42,42,57,84,132,132,163,163,163,163,163,163,163],"floor_reached":16,"language":"ENG","playtime":418,"items_purged":["Strike_B"],"score":193,"play_id":"a0c5bc59-edcb-4b16-8a5b-67bed5ca3a19","local_time":"20210210170548","is_ascension_mode":true,"campfire_choices":[{"data":"White Noise","floor":6,"key":"SMITH"},{"data":"Capacitor","floor":10,"key":"SMITH"},{"floor":13,"key":"REST"},{"data":"Zap","floor":15,"key":"SMITH"}],"circlet_count":0,"master_deck":["Defend_B","Defend_B","Defend_B","Zap+1","Dualcast","Gash+1","Ball Lightning+1","Sweeping Beam+1","Reinforced Body","Beam Cell","Conserve Battery","White Noise+1","Capacitor+1","Cold Snap","Conserve Battery"],"relics":["Astrolabe","Sundial","Anchor","Pen Nib","Bottled Tornado"],"acts_visited":["Exordium"],"potions_floor_usage":[],"damage_taken":[{"damage":1,"enemies":"Cultist","floor":1,"turns":3},{"damage":0,"enemies":"2 Louse","floor":2,"turns":1},{"damage":0,"enemies":"Jaw Worm","floor":4,"turns":3},{"damage":2,"enemies":"Large Slime","floor":7,"turns":3},{"damage":0,"enemies":"Lagavulin","floor":8,"turns":6},{"damage":49,"enemies":"Gremlin Nob","floor":11,"turns":5},{"damage":38,"enemies":"Slime Boss","floor":16,"turns":8}],"seed_played":"-2914102143997495758","potions_obtained":[{"floor":1,"key":"SteroidPotion"},{"floor":4,"key":"EssenceOfSteel"},{"floor":11,"key":"EssenceOfSteel"}],"is_trial":false,"path_per_floor":["M","M","$","M","?","R","M","E","T","R","E","?","R","T","R","B"],"character_chosen":"DEFECT","items_purchased":["Conserve Battery"],"campfire_rested":1,"item_purchase_floors":[3],"current_hp_per_floor":[67,67,67,67,67,67,65,65,65,65,16,16,38,38,38,0,0],"gold":163,"neow_bonus":"BOSS_RELIC","is_daily":false,"chose_seed":false,"campfire_upgraded":3,"win_rate":0.0,"timestamp":1612998348,"path_taken":["M","M","$","M","?","R","M","E","T","R","E","?","R","?","R","BOSS"],"items_purchased_type":["Card"],"build_version":"2020-12-22","purchased_purges":1,"victory":false,"max_hp_per_floor":[75,75,75,75,75,75,75,75,75,75,75,75,75,75,75,75,75],"card_choices":[{"not_picked":["Compile Driver","Stack"],"picked":"Reinforced Body","floor":1},{"not_picked":["Steam","Sweeping Beam"],"picked":"Beam Cell","floor":2},{"not_picked":["Recycle","Chaos"],"picked":"White Noise","floor":4},{"not_picked":["Chaos","Streamline","Steam Power"],"picked":"SKIP","floor":7},{"not_picked":["Sweeping Beam","Turbo"],"picked":"Capacitor","floor":8},{"not_picked":["Capacitor","Machine Learning"],"picked":"Cold Snap","floor":11}],"player_experience":228761,"relics_obtained":[{"floor":8,"key":"Sundial"},{"floor":9,"key":"Anchor"},{"floor":11,"key":"Pen Nib"},{"floor":14,"key":"Bottled Tornado"}],"event_choices":[{"damage_healed":0,"gold_gain":0,"player_choice":"Leave","damage_taken":0,"max_hp_gain":0,"max_hp_loss":0,"event_name":"The Cleric","floor":5,"gold_loss":0},{"damage_healed":0,"gold_gain":0,"cards_transformed":["Strike_B"],"player_choice":"Change","damage_taken":0,"max_hp_gain":0,"max_hp_loss":0,"event_name":"Living Wall","floor":12,"gold_loss":0,"cards_obtained":["Conserve Battery"]}],"is_beta":false,"boss_relics":[],"items_purged_floors":[3],"is_endless":false,"potions_floor_spawned":[1,4,11],"killed_by":"Slime Boss","ascension_level":9}}