{"host":"uv231blk40vjdojr","time":1612964767,"event":{"mods":["BaseMod","Minty Spire (QoL Compilation)","Relic Stats","ojb\u0027s Info Mod"],"gold_per_floor":[112,139,157,169,181,181,209,209,236,254,27,53,53,64,64,160,160,100,100,48,48,48,48],"floor_reached":22,"language":"ENG","playtime":889,"items_purged":[],"score":274,"play_id":"de7865dc-4881-4ffe-a7fb-04eca9493d73","local_time":"20210210144607","is_ascension_mode":true,"campfire_choices":[{"data":"Eruption","floor":6,"key":"SMITH"},{"data":"Adaptation","floor":8,"key":"SMITH"},{"floor":15,"key":"REST"}],"circlet_count":0,"master_deck":["Strike_P","Strike_P","Strike_P","Strike_P","Defend_P","Defend_P","Defend_P","Defend_P","Eruption+1","Vigilance","CrushJoints","SandsOfTime","Halt","Adaptation+1","Consecrate","CarveReality","ConjureBlade","Protect+1","Defend_R","CutThroughFate"],"relics":["Black Star","Bronze Scales","Tiny Chest","Nunchaku","Medical Kit","Juzu Bracelet","Boot","Ectoplasm","CultistMask"],"acts_visited":["Exordium","TheCity"],"potions_floor_usage":[7,12,12,16,18,22],"damage_taken":[{"damage":2.0,"enemies":"Cultist","floor":1.0,"turns":3.0},{"damage":0.0,"enemies":"Small Slimes","floor":3.0,"turns":2.0},{"damage":0.0,"enemies":"Jaw Worm","floor":4.0,"turns":3.0},{"damage":12,"enemies":"Exordium Wildlife","floor":5,"turns":5},{"damage":32,"enemies":"Gremlin Nob","floor":7,"turns":3},{"damage":24,"enemies":"Lots of Slimes","floor":10,"turns":3},{"damage":0,"enemies":"Lagavulin","floor":12,"turns":6},{"damage":14,"enemies":"2 Fungi Beasts","floor":14,"turns":4},{"damage":17,"enemies":"Hexaghost","floor":16,"turns":5},{"damage":26,"enemies":"2 Thieves","floor":18,"turns":4},{"damage":31,"enemies":"Shell Parasite","floor":22,"turns":4}],"seed_played":"307781903155249212","potions_obtained":[{"floor":3.0,"key":"Weak Potion"},{"floor":5,"key":"PowerPotion"},{"floor":7,"key":"Strength Potion"},{"floor":14,"key":"BottledMiracle"},{"floor":16,"key":"Dexterity Potion"},{"floor":18,"key":"ColorlessPotion"}],"is_trial":false,"path_per_floor":["M","T","M","M","M","R","E","R","T","M","$","E","?","M","R","B",null,"M","?","$","?","M"],"character_chosen":"WATCHER","items_purchased":["Medical Kit","EssenceOfSteel","CutThroughFate"],"campfire_rested":1,"item_purchase_floors":[11,11,20],"current_hp_per_floor":[70,70,70,70,58,58,26,26,26,2,2,2,20,6,27,10,57,31,31,31,31,0,0],"gold":48,"neow_bonus":"BOSS_RELIC","is_daily":false,"chose_seed":false,"campfire_upgraded":2,"win_rate":0.0,"timestamp":1612964767,"path_taken":["M","?","?","M","M","R","E","R","T","M","$","E","?","M","R","BOSS","M","?","$","?","M"],"items_purchased_type":["Relic","Potion","Card"],"build_version":"2020-12-22","purchased_purges":0,"victory":false,"max_hp_per_floor":[72,72,72,72,72,72,72,72,72,72,72,72,72,72,72,72,72,72,69,69,69,69,69],"relic_stats":{"Nunchaku":[5],"counters":[11,42],"Bronze Scales":[101],"Tiny Chest":0,"Ectoplasm":41,"Black Star":2,"Juzu Bracelet":2,"Medical Kit":[1],"Boot":[10],"obtain_stats":[{"Nunchaku":7,"Bronze Scales":2,"Tiny Chest":7,"Ectoplasm":17,"CultistMask":21,"Black Star":0,"Juzu Bracelet":12,"PureWater":0,"Medical Kit":11,"Boot":12},{"Nunchaku":5,"Bronze Scales":1,"Tiny Chest":5,"Ectoplasm":9,"CultistMask":10,"Black Star":0,"Juzu Bracelet":7,"PureWater":0,"Medical Kit":6,"Boot":7},{"Nunchaku":16,"Bronze Scales":3,"Tiny Chest":16,"Ectoplasm":34,"CultistMask":38,"Black Star":0,"Juzu Bracelet":25,"PureWater":0,"Medical Kit":19,"Boot":25}]},"card_choices":[{"not_picked":["CutThroughFate","Indignation"],"picked":"CrushJoints","floor":1.0},{"not_picked":["EmptyMind","CutThroughFate"],"picked":"SandsOfTime","floor":3.0},{"not_picked":["Crescendo","WreathOfFlame","Prostrate"],"picked":"SKIP","floor":4.0},{"not_picked":["WreathOfFlame","Collect"],"picked":"Halt","floor":5},{"not_picked":["Study","DeceiveReality"],"picked":"Adaptation","floor":7},{"not_picked":["Worship","WheelKick"],"picked":"Consecrate","floor":10},{"not_picked":["PathToVictory","Study","Consecrate"],"picked":"SKIP","floor":12},{"not_picked":["Indignation","SpiritShield"],"picked":"CarveReality","floor":14},{"not_picked":["SpiritShield","Omniscience"],"picked":"ConjureBlade","floor":16},{"not_picked":["BowlingBash","Prostrate"],"picked":"Protect+1","floor":18}],"player_experience":764243,"relics_obtained":[{"floor":2.0,"key":"Bronze Scales"},{"floor":7,"key":"Tiny Chest"},{"floor":7,"key":"Nunchaku"},{"floor":12,"key":"Juzu Bracelet"},{"floor":12,"key":"Boot"}],"event_choices":[{"damage_healed":18,"gold_gain":0,"player_choice":"Healed and dodged fight","damage_taken":0,"max_hp_gain":0,"max_hp_loss":0,"event_name":"Mushrooms","floor":13,"gold_loss":0,"cards_obtained":["Parasite"]},{"cards_removed":["Parasite"],"damage_healed":0,"gold_gain":0,"player_choice":"Took Card","damage_taken":0,"max_hp_gain":0,"max_hp_loss":0,"event_name":"NoteForYourself","floor":19,"gold_loss":0,"cards_obtained":["Defend_R"]},{"damage_healed":0,"gold_gain":0,"player_choice":"Trade","damage_taken":0,"relics_obtained":["CultistMask"],"max_hp_gain":0,"max_hp_loss":0,"event_name":"FaceTrader","floor":21,"gold_loss":0}],"is_beta":false,"boss_relics":[{"not_picked":["Sozu","Coffee Dripper"],"picked":"Ectoplasm"}],"items_purged_floors":[],"is_endless":false,"potions_floor_spawned":[3,5,7,14,16,18],"killed_by":"Shell Parasite","ascension_level":5}}