{"host":"xi8yg1ddhptuxb9d","time":1612999391,"event":{"mods":["AchievementEnabler","BaseMod","Block Reminder","Minty Spire (QoL Compilation)","Relic Sorter","StSLib"],"gold_per_floor":[119,119,132,149,164,164,192,207,207,207,239,164,164,179,179,250,250,265,280,194,208,208,238,238,238],"floor_reached":24,"language":"ENG","playtime":1734,"items_purged":["Heavy Blade"],"score":410,"play_id":"d8d66027-441a-49fe-8ce5-1616a8b4d7a1","local_time":"20210210182311","is_ascension_mode":true,"campfire_choices":[{"data":"Berserk","floor":6.0,"key":"SMITH"},{"data":"Armaments","floor":10.0,"key":"SMITH"},{"floor":13.0,"key":"REST"},{"data":"Feel No Pain","floor":15.0,"key":"SMITH"}],"circlet_count":0,"master_deck":["AscendersBane","Bash","Reckless Charge","Immolate","Brutality","Berserk+1","Rage","Warcry","Hemokinesis","Burning Pact","Shrug It Off","Second Wind","Armaments+1","Feel No Pain+1","Reaper","Headbutt","Shrug It Off","Seeing Red","Fiend Fire"],"relics":["Pandora\u0027s Box","Singing Bowl","Pantograph","Regal Pillow","Mark of Pain","Ornamental Fan"],"acts_visited":["Exordium","TheCity"],"potions_floor_usage":[24],"damage_taken":[{"damage":7.0,"enemies":"2 Louse","floor":1.0,"turns":2.0},{"damage":2.0,"enemies":"Cultist","floor":3.0,"turns":2.0},{"damage":2.0,"enemies":"Small Slimes","floor":4.0,"turns":2.0},{"damage":2.0,"enemies":"Exordium Thugs","floor":5.0,"turns":2.0},{"damage":13.0,"enemies":"3 Sentries","floor":7.0,"turns":4.0},{"damage":2.0,"enemies":"2 Fungi Beasts","floor":8.0,"turns":2.0},{"damage":14.0,"enemies":"Gremlin Nob","floor":11.0,"turns":4.0},{"damage":5.0,"enemies":"Large Slime","floor":14.0,"turns":4.0},{"damage":31.0,"enemies":"Slime Boss","floor":16.0,"turns":13.0},{"damage":13.0,"enemies":"Shell Parasite","floor":18.0,"turns":4.0},{"damage":18.0,"enemies":"Spheric Guardian","floor":19.0,"turns":4.0},{"damage":13,"enemies":"Centurion and Healer","floor":21,"turns":7},{"damage":22,"enemies":"Gremlin Leader","floor":23,"turns":6},{"damage":43,"enemies":"Snake Plant","floor":24,"turns":5}],"seed_played":"1378698256104628021","potions_obtained":[{"floor":1.0,"key":"Energy Potion"},{"floor":5.0,"key":"EssenceOfSteel"},{"floor":14.0,"key":"Strength Potion"},{"floor":16.0,"key":"EntropicBrew"},{"floor":21,"key":"FearPotion"},{"floor":23,"key":"ColorlessPotion"}],"is_trial":false,"path_per_floor":["M","?","M","M","M","R","E","M","T","R","E","$","R","M","R","B",null,"M","M","$","M","?","E","M"],"character_chosen":"IRONCLAD","items_purchased":["Seeing Red"],"campfire_rested":1,"item_purchase_floors":[20],"current_hp_per_floor":[61,61,59,57,55,55,42,40,40,40,28,28,66,61,61,46,69,62,48,48,42,42,32,0,0],"gold":238,"neow_bonus":"BOSS_RELIC","is_daily":false,"chose_seed":false,"campfire_upgraded":3,"win_rate":0.0,"timestamp":1612999391,"path_taken":["M","?","M","M","M","R","E","M","T","R","E","$","R","M","R","BOSS","M","?","$","M","?","E","?"],"items_purchased_type":["Card"],"build_version":"2020-12-22","purchased_purges":1,"victory":false,"max_hp_per_floor":[75,75,75,75,75,75,75,75,75,75,77,77,77,77,77,77,77,77,77,77,79,79,79,79,79],"card_choices":[{"not_picked":["Shockwave","Body Slam"],"picked":"Iron Wave","floor":1.0},{"not_picked":["Thunderclap","Headbutt"],"picked":"Burning Pact","floor":3.0},{"not_picked":["Pommel Strike","Clash"],"picked":"Shrug It Off","floor":4.0},{"not_picked":["Flex","Warcry","Clash"],"picked":"SKIP","floor":5.0},{"not_picked":["Limit Break","Iron Wave"],"picked":"Second Wind","floor":7.0},{"not_picked":["Spot Weakness","Power Through"],"picked":"Armaments","floor":8.0},{"not_picked":["Disarm","Iron Wave","Twin Strike"],"picked":"Singing Bowl","floor":11.0},{"not_picked":["Perfected Strike","Clothesline"],"picked":"Feel No Pain","floor":14.0},{"not_picked":["Impervious","Barricade"],"picked":"Reaper","floor":16.0},{"not_picked":["Uppercut","Heavy Blade"],"picked":"Headbutt","floor":18.0},{"not_picked":["Rage","Havoc"],"picked":"Shrug It Off","floor":19},{"not_picked":["Armaments","Cleave","Wild Strike"],"picked":"Singing Bowl","floor":21},{"not_picked":["Evolve+1","Clash"],"picked":"Fiend Fire","floor":23}],"player_experience":710830,"relics_obtained":[{"floor":7.0,"key":"Singing Bowl"},{"floor":9.0,"key":"Pantograph"},{"floor":11.0,"key":"Regal Pillow"},{"floor":23,"key":"Ornamental Fan"}],"event_choices":[{"cards_removed":["Searing Blow"],"damage_healed":0.0,"max_hp_gain":0.0,"max_hp_loss":0.0,"gold_gain":0.0,"event_name":"Wheel of Change","player_choice":"Card Removal","floor":2.0,"gold_loss":0.0,"damage_taken":0.0},{"cards_removed":["Iron Wave"],"damage_healed":0,"gold_gain":0,"player_choice":"Card Removal","damage_taken":0,"max_hp_gain":0,"max_hp_loss":0,"event_name":"Wheel of Change","floor":22,"gold_loss":0}],"is_beta":false,"boss_relics":[{"not_picked":["Runic Cube","SacredBark"],"picked":"Mark of Pain"}],"items_purged_floors":[12],"is_endless":false,"potions_floor_spawned":[1,5,14,16,21,23],"killed_by":"Snake Plant","ascension_level":16}}