{"host":"3y2rtlgteqp2nuo3","time":1612923826,"event":{"mods":["2.2 Compatiblity","AchievementEnabler","BaseMod","Colored Map","DeckTracker","Highlight Path","Keyboard Shortcuts","Minty Spire (QoL Compilation)","Permanent Neow","Quick Restart","StSLib","SuperFastMode","everything is the same but u backflip on backflip"],"gold_per_floor":[362,378,303,323,338,338,352,371,371,371,371,58,71,71,71,71,71],"floor_reached":16,"language":"KOR","playtime":264,"items_purged":["Strike_R","Strike_R"],"score":155,"play_id":"de143ca5-84f7-4876-8e59-7b240862b1e2","local_time":"20210210112346","is_ascension_mode":true,"campfire_choices":[{"data":"Bash","floor":6.0,"key":"SMITH"},{"floor":11.0,"key":"REST"},{"data":"Fiend Fire","floor":15.0,"key":"SMITH"}],"circlet_count":0,"master_deck":["AscendersBane","Strike_R","Strike_R","Strike_R","Defend_R","Defend_R","Defend_R","Defend_R","Bash+1","Whirlwind+1","Dropkick","Shrug It Off","Rage","Fiend Fire+1","Shrug It Off"],"relics":["Burning Blood","Vajra","OrangePellets"],"acts_visited":["Exordium"],"potions_floor_usage":[16],"damage_taken":[{"damage":14.0,"enemies":"Jaw Worm","floor":1.0,"turns":5.0},{"damage":6.0,"enemies":"Cultist","floor":2.0,"turns":4.0},{"damage":3.0,"enemies":"Small Slimes","floor":4.0,"turns":4.0},{"damage":11.0,"enemies":"Blue Slaver","floor":5.0,"turns":5.0},{"damage":13.0,"enemies":"3 Louse","floor":7.0,"turns":2.0},{"damage":36.0,"enemies":"Exordium Thugs","floor":8.0,"turns":7.0},{"damage":5.0,"enemies":"Blue Slaver","floor":13.0,"turns":3.0},{"damage":26,"enemies":"The Guardian","floor":16,"turns":7}],"seed_played":"7318355611287540061","potions_obtained":[{"floor":4.0,"key":"Swift Potion"},{"floor":5.0,"key":"Weak Potion"}],"is_trial":false,"path_per_floor":["M","M","$","M","M","R","M","M","T","?","R","$","M","$","R","B"],"character_chosen":"IRONCLAD","items_purchased":["OrangePellets","Fiend Fire"],"campfire_rested":1,"item_purchase_floors":[12,12],"current_hp_per_floor":[64,64,64,67,62,62,55,25,25,25,46,46,47,47,47,21,21],"gold":71,"neow_bonus":"TWO_FIFTY_GOLD","is_daily":false,"chose_seed":false,"campfire_upgraded":2,"win_rate":0.0,"timestamp":1612923826,"path_taken":["M","M","$","M","M","R","M","M","T","?","R","$","?","$","R","BOSS"],"items_purchased_type":["Relic","Card"],"build_version":"2020-12-22","purchased_purges":2,"victory":false,"max_hp_per_floor":[72,72,72,72,72,72,72,72,72,72,72,72,72,72,72,72,72],"card_choices":[{"not_picked":["Pommel Strike","Anger"],"picked":"Whirlwind","floor":1.0},{"not_picked":["Body Slam","Pummel"],"picked":"Dropkick","floor":2.0},{"not_picked":["Cleave","Flex"],"picked":"Shrug It Off","floor":4.0},{"not_picked":["Rampage","Body Slam"],"picked":"Rage","floor":5.0},{"not_picked":["True Grit","Havoc","Armaments"],"picked":"SKIP","floor":7.0},{"not_picked":["Anger","Rupture","Power Through"],"picked":"SKIP","floor":8.0},{"not_picked":["Impervious","Clash"],"picked":"Shrug It Off","floor":13.0}],"player_experience":778821,"relics_obtained":[{"floor":9.0,"key":"Vajra"}],"event_choices":[{"damage_healed":0.0,"max_hp_gain":0.0,"max_hp_loss":0.0,"gold_gain":0.0,"event_name":"Upgrade Shrine","player_choice":"Upgraded","floor":10.0,"gold_loss":0.0,"damage_taken":0.0,"cards_upgraded":["Whirlwind"]}],"is_beta":false,"boss_relics":[],"items_purged_floors":[3,12],"is_endless":false,"potions_floor_spawned":[4,5,8,13],"killed_by":"The Guardian","ascension_level":13}}