{"host":"dn6kke80v5f7isus","time":1612939178,"event":{"mods":["AchievementEnabler","Act Like it!","BaseMod","Colored Powertips","Custom Start","Defuse TimeMaze Blight","Energized Spire","Gremlin Skip","Highlight Path","Hubris","Infinite Spire","Marisa????????","Minty Spire (QoL Compilation)","Quick Restart","Rare Cards Sparkle","Reliquary","Replay The Spire","StSLib","The Hierophant","The Servant 0.9.4","Uncapped","Unceasing Turn Reminder"],"gold_per_floor":[119,119,139,149,20,20,146,167,167,198,238,113,180,180,180,168,168],"floor_reached":16,"language":"ENG","playtime":588,"items_purged":["hierophant:RustyCrate","hierophant:Strike_Hierophant+1","hierophant:Strike_Hierophant+1"],"score":117,"play_id":"cfbd61e1-4a7d-4a78-9beb-dff6838b8994","local_time":"20210210013938","is_ascension_mode":false,"campfire_choices":[{"data":"hierophant:Charity","floor":6.0,"key":"SMITH"},{"data":"hierophant:HolyVerse","floor":15,"key":"SMITH"}],"circlet_count":0,"master_deck":["hierophant:Strike_Hierophant+1","hierophant:Punish+1","hierophant:Defend_Hierophant+1","hierophant:Defend_Hierophant+1","hierophant:Defend_Hierophant+1","hierophant:Defend_Hierophant+1","hierophant:ChurchCoffers+1","hierophant:ThreeLashes+1","hierophant:Doubloon+1","hierophant:Charity+1","hierophant:Doubloon+1","hierophant:Doubloon+1","hierophant:OrnateBuckler+1","hierophant:CoinFling","hierophant:Doubloon","hierophant:RustyCrate","hierophant:Doubloon","hierophant:Doubloon","hierophant:HolyVerse","hierophant:HolyVerse+1"],"relics":["hierophant:PropheticMaskRelic","NeowsBlessing","Kunai","Guide Book","Anchor","Odd Mushroom","Golden Egg"],"acts_visited":["Exordium"],"potions_floor_usage":[10,10],"damage_taken":[{"damage":0.0,"enemies":"Small Slimes","floor":1.0,"turns":1.0},{"damage":0.0,"enemies":"Cultist","floor":3.0,"turns":1.0},{"damage":0.0,"enemies":"Jaw Worm","floor":4.0,"turns":1.0},{"damage":0,"enemies":"The Mushroom Lair","floor":8,"turns":3},{"damage":0,"enemies":"2 Fungi Beasts","floor":10,"turns":3},{"damage":0,"enemies":"Gremlin Gang","floor":11,"turns":4},{"damage":0,"enemies":"3 Louse","floor":13,"turns":2},{"damage":60,"enemies":"The Guardian","floor":16,"turns":14}],"seed_played":"-6090995764683669608","potions_obtained":[{"floor":3.0,"key":"SkillPotion"},{"floor":8,"key":"SkillPotion"}],"is_trial":false,"path_per_floor":["M","?","M","M","$","R","$","?","T","M","M","$","M","?","R","B"],"character_chosen":"HIEROPHANT","items_purchased":["hierophant:RustyCrate","Kunai","Guide Book","Anchor","hierophant:OrnateBuckler+1","hierophant:CoinFling"],"campfire_rested":0,"item_purchase_floors":[5,7,7,7,7,7],"current_hp_per_floor":[75,75,75,75,75,75,75,75,75,75,75,75,75,75,75,15,15],"gold":168,"neow_bonus":"THREE_ENEMY_KILL","is_daily":false,"chose_seed":false,"campfire_upgraded":2,"win_rate":0.0,"timestamp":1612939178,"path_taken":["M","?","M","?","$","R","?","?","T","M","M","$","M","?","R","BOSS"],"items_purchased_type":["Card","Relic","Relic","Relic","Card","Card"],"build_version":"2020-12-22","purchased_purges":3,"victory":false,"max_hp_per_floor":[75,75,75,75,75,75,75,75,75,75,75,75,75,75,75,75,75],"card_choices":[{"not_picked":["hierophant:MorningPrayer","hierophant:HammerAndAnvil"],"picked":"hierophant:ThreeLashes","floor":1.0},{"not_picked":["hierophant:SolarFlare","hierophant:Embezzle","hierophant:Shelter"],"picked":"SKIP","floor":3.0},{"not_picked":["hierophant:Shelter","hierophant:RustyCrate"],"picked":"hierophant:Charity","floor":4.0},{"not_picked":["hierophant:OrnateBuckler","hierophant:ArchangelShield"],"picked":"hierophant:RustyCrate","floor":8},{"not_picked":["hierophant:Prophecy","hierophant:Refuge"],"picked":"hierophant:HolyVerse","floor":10},{"not_picked":["hierophant:Smite","hierophant:Shelter"],"picked":"hierophant:HolyVerse","floor":11},{"not_picked":["hierophant:Encroach","hierophant:ConvertCurrency","hierophant:AuricBeam"],"picked":"SKIP","floor":13}],"player_experience":445681,"relics_obtained":[{"floor":8,"key":"Odd Mushroom"},{"floor":9,"key":"Golden Egg"}],"event_choices":[{"cards_removed":["hierophant:Strike_Hierophant"],"damage_healed":0.0,"max_hp_gain":0.0,"max_hp_loss":0.0,"gold_gain":0.0,"event_name":"Bonfire Elementals","player_choice":"Offered Basic","floor":2.0,"gold_loss":0.0,"damage_taken":0.0},{"damage_healed":0,"gold_gain":0,"player_choice":"Fought Mushrooms","damage_taken":0,"max_hp_gain":0,"max_hp_loss":0,"event_name":"Mushrooms","floor":8,"gold_loss":0}],"is_beta":false,"boss_relics":[],"items_purged_floors":[5,7,12],"is_endless":false,"potions_floor_spawned":[3,8],"killed_by":"The Guardian","ascension_level":0}}