{"host":"l6elh4j9kblzg1qy","time":1612987805,"event":{"mods":["BaseMod","Downfall","Minty Spire (QoL Compilation)","Replay The Spire","StSLib"],"gold_per_floor":[99,99,99,99,63,63,63,114,14,33,33,18,52,52,72,168,168,68,88,88,106,206,206,275,275,285,285,302,302,302,31,45,148,148,148,163,163,178,189,189,489,489,489,489,529,454,454,454,454,467,478,478,478,478],"floor_reached":52,"language":"SPA","playtime":2658,"items_purged":["Pride"],"score":571,"play_id":"6d44ffe3-d342-4f88-a13f-81db8f9c464f","local_time":"20210210211005","is_ascension_mode":false,"campfire_choices":[{"floor":1.0,"key":"RECALL"},{"data":"bronze:Explode","floor":6.0,"key":"SMITH"},{"data":"bronze:ClassDefault","floor":9.0,"key":"SMITH"},{"data":"bronze:BronzeOrb","floor":11.0,"key":"SMITH"},{"data":"bronze:DazingPulse","floor":18.0,"key":"SMITH"},{"data":"bronze:Branch","floor":25.0,"key":"SMITH"},{"floor":27.0,"key":"DIG"},{"floor":30.0,"key":"REST"},{"floor":35.0,"key":"DIG"},{"data":"bronze:AlphaBuild","floor":40.0,"key":"SMITH"},{"floor":44.0,"key":"REST"},{"data":"Transmutation","floor":49.0,"key":"SMITH"}],"circlet_count":0,"master_deck":["bronze:Defend+1","bronze:Defend+1","bronze:Defend+1","bronze:Replicate","bronze:Goto","bronze:DelayedSlice","bronze:DazingPulse+1","bronze:Explode+1","bronze:Terminator","bronze:Spike","bronze:FollowUp+1","bronze:WhirlingStrike","bronze:ClassDefault+1","bronze:BronzeOrb+1","bronze:Branch+1","bronze:CloningBeam","bronze:HyperBeam","bronze:Branch+1","bronze:Separator","bronze:ChosenStrike","bronze:Optimize","Bite","Bite","Bite","Bite","Bite","Transmutation+1","Pot Of Greed","Pot Of Greed","Pot Of Greed","bronze:AlphaBuild+1","bronze:Constructor+1","bronze:Iterate","Replay:SS_forest_2","bronze:FollowUp","bronze:MaxOutput+1","bronze:Backtrace+1","bronze:GetLatest"],"relics":["bronze:PlatinumCore","downfall:HeartsMalice","Replay:Bottled Eggs","downfall:HeartBlessingRed","Replay:Rubber Ducky","downfall:HeartBlessingGreen","Orichalcum","Shovel","Chameleon Ring","Incense Burner","Question Card","Nunchaku","Ring of Chaos","Grinning Jar","Old Coin","Bag of Marbles","Ornamental Fan","bronze:SilverBullet"],"acts_visited":["Exordium","TheCity","TheBeyond"],"potions_floor_usage":[52,52],"damage_taken":[{"damage":0.0,"enemies":"Small Slimes","floor":2.0,"turns":1.0},{"damage":0.0,"enemies":"Small Slimes","floor":3.0,"turns":1.0},{"damage":0.0,"enemies":"downfall:FleeingMerchant","floor":5.0,"turns":1.0},{"damage":0.0,"enemies":"2 Louse","floor":10.0,"turns":1.0},{"damage":4.0,"enemies":"downfall:FleeingMerchant","floor":12.0,"turns":4.0},{"damage":0.0,"enemies":"Gremlin Nob","floor":13.0,"turns":3.0},{"damage":0.0,"enemies":"Jaw Worm","floor":15.0,"turns":1.0},{"damage":45.0,"enemies":"WA_ARCHETYPE_RETAIN","floor":16.0,"turns":6.0},{"damage":0.0,"enemies":"Spheric Guardian","floor":19.0,"turns":2.0},{"damage":3.0,"enemies":"Shell Parasite","floor":21.0,"turns":4.0},{"damage":14.0,"enemies":"IC_STATUS_ARCHETYPE","floor":22.0,"turns":5.0},{"damage":23.0,"enemies":"Snake Plant","floor":26.0,"turns":4.0},{"damage":0.0,"enemies":"Snecko","floor":28.0,"turns":3.0},{"damage":0.0,"enemies":"downfall:FleeingMerchant","floor":31.0,"turns":4.0},{"damage":0.0,"enemies":"Chosen and Byrds","floor":32.0,"turns":4.0},{"damage":40.0,"enemies":"SI_MIRROR_ARCHETYPE","floor":33.0,"turns":7.0},{"damage":0.0,"enemies":"Orb Walker","floor":36.0,"turns":3.0},{"damage":18.0,"enemies":"3 Darklings","floor":38.0,"turns":5.0},{"damage":6.0,"enemies":"Spire Growth","floor":39.0,"turns":4.0},{"damage":25.0,"enemies":"4 Shapes","floor":45.0,"turns":3.0},{"damage":0.0,"enemies":"downfall:FleeingMerchant","floor":46.0,"turns":4.0},{"damage":15.0,"enemies":"Writhing Mass","floor":50.0,"turns":3.0},{"damage":2.0,"enemies":"Spire Growth","floor":51.0,"turns":3.0},{"damage":45,"enemies":"DF_ARCHETYPE_ORBS","floor":52,"turns":4}],"seed_played":"2959174450973037012","potions_obtained":[{"floor":10.0,"key":"bronze:BurnAndBuffPotion"},{"floor":13.0,"key":"hexamod:SoulburnPotion"},{"floor":15.0,"key":"sneckomod:MuddlingPotion"},{"floor":19.0,"key":"LiquidBronze"},{"floor":26.0,"key":"bronze:BuildAFunctionPotion"},{"floor":33.0,"key":"sneckomod:MuddlingPotion"},{"floor":39.0,"key":"Swift Potion"},{"floor":51,"key":"PowerPotion"}],"is_trial":false,"path_per_floor":["R","M","?","?","$","R","T","?","R","M","R","$","E","?","M","B",null,"R","M","?","M","?","?","T","R","M","R","M","?","R","$","M","B",null,"R","M","?","M","M","R","T","?","T","R","M","$","PTL","PTL","R","M","M","B"],"character_chosen":"THE_AUTOMATON","items_purchased":["bronze:ClassDefault","Transmutation","Ornamental Fan","bronze:SilverBullet"],"campfire_rested":2,"item_purchase_floors":[5,31,46,46],"current_hp_per_floor":[70,70,70,70,70,70,70,70,70,70,70,66,68,73,75,30,75,75,75,75,72,60,60,60,60,39,39,41,41,63,65,69,33,75,75,75,75,59,59,59,59,59,59,75,52,54,54,54,54,39,37,0,0,0],"gold":478,"neow_bonus":"THREE_ENEMY_KILL","is_daily":false,"chose_seed":false,"campfire_upgraded":7,"win_rate":0.0,"timestamp":1612987805,"path_taken":["R","M","?","?","$","R","T","?","R","?","R","$","E","?","M","BOSS","R","M","?","M","?","?","T","R","M","R","?","?","R","$","M","BOSS","R","M","?","M","?","R","T","?","?","R","?","$","PTL","PTL","R","M","M","BOSS"],"items_purchased_type":["Card","Card","Relic","Relic"],"build_version":"2020-12-22","purchased_purges":1,"victory":false,"max_hp_per_floor":[70,70,70,70,70,70,70,70,70,70,70,70,70,75,75,75,75,75,75,75,75,75,75,75,75,75,75,75,75,75,75,75,75,75,75,75,75,75,75,75,75,75,75,75,75,75,75,75,75,75,75,75,75,75],"card_choices":[{"not_picked":["bronze:FollowUp","bronze:Shield"],"picked":"bronze:DelayedSlice","floor":2.0},{"not_picked":[],"picked":"bronze:DazingPulse","floor":3.0},{"not_picked":[],"picked":"bronze:Explode","floor":3.0},{"not_picked":["bronze:DelayedGuard","bronze:Separator"],"picked":"bronze:Terminator","floor":3.0},{"not_picked":[],"picked":"bronze:Spike","floor":3.0},{"not_picked":["bronze:Break","bronze:Return"],"picked":"bronze:WhirlingStrike","floor":5.0},{"not_picked":["bronze:WhirlingStrike","bronze:Frontload"],"picked":"bronze:BronzeOrb","floor":8.0},{"not_picked":["bronze:WhirlingStrike","bronze:Repair"],"picked":"bronze:Branch","floor":10.0},{"not_picked":["bronze:WhirlingStrike","bronze:CleanCode","bronze:Shield"],"picked":"SKIP","floor":12.0},{"not_picked":["bronze:WhirlingStrike","bronze:Separator"],"picked":"bronze:CloningBeam","floor":13.0},{"not_picked":["bronze:Turbo","bronze:CleanCode","bronze:BitShift"],"picked":"SKIP","floor":15.0},{"not_picked":["bronze:Assembly","bronze:HardenedForm"],"picked":"bronze:HyperBeam","floor":16.0},{"not_picked":["bronze:Constructor","bronze:WildBeam"],"picked":"bronze:Branch+1","floor":19.0},{"not_picked":["bronze:Safeguard","bronze:Iterate","bronze:Philosophize"],"picked":"SKIP","floor":21.0},{"not_picked":["bronze:Deprecate","bronze:OilSpill"],"picked":"bronze:Separator","floor":22.0},{"not_picked":["bronze:Overheat","bronze:ClassDefault+1","bronze:OilSpill"],"picked":"bronze:ChosenStrike","floor":26.0},{"not_picked":["bronze:Iterate","bronze:Repair","bronze:Overload"],"picked":"bronze:Optimize","floor":28.0},{"not_picked":["bronze:BugBarrage","bronze:BuggyMess","bronze:BurnOut","bronze:BronzeOrb"],"picked":"SKIP","floor":31.0},{"not_picked":["bronze:DelayedSlice","bronze:ForceShield","bronze:BuggyMess","bronze:Terminator"],"picked":"SKIP","floor":32.0},{"not_picked":["bronze:Boost","bronze:Repulsor","bronze:BuggyMess","bronze:BronzeArmor+1"],"picked":"SKIP","floor":36.0},{"not_picked":["bronze:Overload+1","bronze:Invalidate","bronze:ChildClass"],"picked":"bronze:Constructor+1","floor":38.0},{"not_picked":["bronze:Shell","bronze:FineTuning","bronze:Backtrace+1"],"picked":"bronze:Iterate","floor":39.0},{"not_picked":["expansioncontent:Chronoboost","expansioncontent:YouAreMine"],"picked":"Replay:SS_forest_2","floor":42.0},{"not_picked":["bronze:BronzeArmor+1","bronze:Constructor+1","bronze:Return+1"],"picked":"bronze:FollowUp","floor":45.0},{"not_picked":["bronze:Separator+1","bronze:Shield+1","bronze:DelayedGuard+1"],"picked":"bronze:MaxOutput+1","floor":46.0},{"not_picked":["bronze:Terminator","bronze:Turbo","bronze:BugBarrage+1"],"picked":"bronze:Backtrace+1","floor":50.0},{"not_picked":["bronze:Assembly","bronze:ItsAFeature+1","bronze:BugBarrage+1"],"picked":"bronze:GetLatest","floor":51}],"player_experience":89821,"relics_obtained":[{"floor":7.0,"key":"Blood Vial"},{"floor":8.0,"key":"Replay:Bottled Eggs"},{"floor":13.0,"key":"Replay:Rubber Ducky"},{"floor":22.0,"key":"Shovel"},{"floor":22.0,"key":"Chameleon Ring"},{"floor":23.0,"key":"Incense Burner"},{"floor":24.0,"key":"Question Card"},{"floor":27.0,"key":"Nunchaku"},{"floor":35.0,"key":"Grinning Jar"},{"floor":41.0,"key":"Old Coin"},{"floor":43.0,"key":"Bag of Marbles"}],"event_choices":[{"damage_healed":0.0,"max_hp_gain":5.0,"max_hp_loss":0.0,"gold_gain":0.0,"event_name":"Big Fish","player_choice":"Donut","floor":14.0,"gold_loss":0.0,"damage_taken":0.0},{"damage_healed":0.0,"max_hp_gain":0.0,"max_hp_loss":0.0,"gold_gain":0.0,"event_name":"Addict","player_choice":"Stole Relic","floor":20.0,"gold_loss":0.0,"damage_taken":0.0,"relics_obtained":["Orichalcum"],"cards_obtained":["Pride"]},{"damage_healed":0.0,"max_hp_gain":0.0,"max_hp_loss":0.0,"gold_gain":0.0,"event_name":"Wheel of Change","player_choice":"Relic","floor":23.0,"gold_loss":0.0,"damage_taken":0.0},{"damage_healed":0.0,"max_hp_gain":0.0,"max_hp_loss":0.0,"gold_gain":0.0,"event_name":"Vampires","player_choice":"Became a vampire (Vial)","floor":29.0,"relics_lost":["Blood Vial"],"gold_loss":0.0,"damage_taken":0.0,"cards_obtained":["Bite","Bite","Bite","Bite","Bite"]}],"is_beta":false,"boss_relics":[{"not_picked":["Cursed Key","ChewingGum"],"picked":"bronze:PlatinumCore"},{"not_picked":["Astrolabe","Philosopher\u0027s Stone"],"picked":"Ring of Chaos"}],"items_purged_floors":[31],"is_endless":false,"potions_floor_spawned":[10,13,15,19,26,33,39,51],"killed_by":"DF_ARCHETYPE_ORBS","ascension_level":0}}