{"host":"xltl1aroowo69o4n","time":1612941783,"event":{"mods":["BaseMod","Colored Map","Colored Powertips","Downfall","Marisa????????","Minty Spire (QoL Compilation)","Replay The Spire","StSLib","The Cursed","The Hierophant","The Mystic","The Necromancer","The Servant 0.9.4"],"gold_per_floor":[99,115,415,432,442,28,28,56,56,56,72,72,85,85,99,200,200,200,216,21,21,35,20,20,20,20,32,32,44,29,40,53,155,155,155,168,181,191,191,210,210,41,79,79,94,94,109,127,147,147],"floor_reached":51,"language":"ENG","playtime":3506,"items_purged":["downfall:Icky","downfall:Bewildered"],"score":782,"play_id":"5d52ca93-e600-4fd4-aef5-2c9e5573cc12","local_time":"20210210022303","is_ascension_mode":false,"campfire_choices":[{"floor":9.0,"key":"RECALL"},{"floor":12.0,"key":"REST"},{"data":"downfall:Icky","floor":18.0,"key":"PURGE"},{"data":"MillisecondPulsars","floor":26.0,"key":"SMITH"}],"circlet_count":0,"master_deck":["Strike_MRS","Strike_MRS","Strike_MRS","Strike_MRS","Defend_MRS","Defend_MRS","Defend_MRS","Defend_MRS","MasterSpark","UpSweep","SporeBomb+1","UnstableBomb","ShootingEcho","SuperPerseids","DarkMatter","expansioncontent:DashGenerateEvil","Dark Shackles","MysteriousBeam","MillisecondPulsars+1","DC","MagicAbsorber","DarkSpark","SuperNova","SprinkleStarSeal","MillisecondPulsars","Replay:SS_forest_2","EarthLightRay","DeepEcoloBomb","GrandCross","DoubleSpark","Slimebound:CheckThePlaybook","downfall:Icky","PowerUp+1","AlicesGift","DC","PulseMagic","AsteroidBelt","CasketOfStar","MachineGunSpark","DragonMeteor","MilkyWay+1","WitchOfGreed+1","BinaryStars","Metamorphosis","expansioncontent:GuardianWhirl","ShootingEcho+1","Wraith","GrandCross+1","SatelliteIllusion","Parasite","Occultation+1","SprinkleStarSeal","EnergyFlow"],"relics":["MiniHakkero","Replay:Ringing Soul","ReplayTheSpireMod:Lightbulb","ExperimentalFamiliar","Replay:Multitool","Enchiridion","Painkiller Herb","BreadOfAWashokuLover","Divine Protection","ReplayTheSpireMod:CursedCoin"],"acts_visited":["Exordium","TheCity","TheBeyond"],"potions_floor_usage":[33,33,36,38,38,43,45,49,50,50,50],"damage_taken":[{"damage":0.0,"enemies":"Small Slimes","floor":2.0,"turns":2.0},{"damage":6.0,"enemies":"Jaw Worm","floor":4.0,"turns":3.0},{"damage":6.0,"enemies":"Cultist","floor":5.0,"turns":3.0},{"damage":5.0,"enemies":"downfall:FleeingMerchant","floor":6.0,"turns":4.0},{"damage":16.0,"enemies":"Gremlin Nob","floor":8.0,"turns":5.0},{"damage":9.0,"enemies":"2 Fungi Beasts","floor":11.0,"turns":3.0},{"damage":11.0,"enemies":"Large Slime","floor":13.0,"turns":4.0},{"damage":0.0,"enemies":"Exordium Thugs","floor":15.0,"turns":2.0},{"damage":22.0,"enemies":"DF_ARCHETYPE_STREAMLINE","floor":16.0,"turns":9.0},{"damage":0.0,"enemies":"Shell Parasite","floor":19.0,"turns":2.0},{"damage":5.0,"enemies":"downfall:FleeingMerchant","floor":20.0,"turns":4.0},{"damage":5.0,"enemies":"Chosen","floor":22.0,"turns":4.0},{"damage":0.0,"enemies":"downfall:FleeingMerchant","floor":23.0,"turns":4.0},{"damage":25.0,"enemies":"Snake Plant","floor":27.0,"turns":4.0},{"damage":14.0,"enemies":"Centurion and Healer","floor":29.0,"turns":3.0},{"damage":20.0,"enemies":"downfall:FleeingMerchant","floor":30.0,"turns":4.0},{"damage":5,"enemies":"3 Cultists","floor":31,"turns":4},{"damage":10,"enemies":"Chosen and Byrds","floor":32,"turns":4},{"damage":35,"enemies":"WA_ARCHETYPE_CALM","floor":33,"turns":13},{"damage":23,"enemies":"3 Darklings","floor":36,"turns":4},{"damage":0,"enemies":"Orb Walker","floor":37,"turns":2},{"damage":19,"enemies":"3 Darklings","floor":38,"turns":6},{"damage":13,"enemies":"Jaw Worm Horde","floor":40,"turns":3},{"damage":0,"enemies":"downfall:FleeingMerchant","floor":42,"turns":1},{"damage":23,"enemies":"Sphere and 2 Shapes","floor":43,"turns":6},{"damage":0,"enemies":"Transient","floor":45,"turns":5},{"damage":1,"enemies":"Writhing Mass","floor":47,"turns":4},{"damage":5,"enemies":"Spire Growth","floor":48,"turns":5},{"damage":19,"enemies":"Transient","floor":49,"turns":5},{"damage":6,"enemies":"SI_POISON_ARCHETYPE","floor":50,"turns":7}],"seed_played":"2585091689067545770","potions_obtained":[{"floor":2.0,"key":"Strength Potion"},{"floor":8.0,"key":"Fire Potion"},{"floor":15.0,"key":"Block Potion"},{"floor":16.0,"key":"Dexterity Potion"},{"floor":22.0,"key":"Block Potion"},{"floor":32,"key":"sneckomod:MuddlingPotion"},{"floor":33,"key":"Block Potion"},{"floor":35,"key":"Flashbang"},{"floor":35,"key":"Dexterity Potion"},{"floor":36,"key":"Swift Potion"},{"floor":40,"key":"ColorlessPotion"},{"floor":43,"key":"Milkshake"},{"floor":45,"key":"Fire Potion"},{"floor":49,"key":"Energy Potion"}],"is_trial":false,"path_per_floor":["R_BF","M","?","M","M","$","T","E","R","T","M","R","M","?","M","B",null,"R_BF","M","$","?","M","$","T","?","R","M","?","M","$","M","M","B",null,"T","?","?","?","T","?","T","T","?","?","?","?","?","?","?","B",null],"character_chosen":"MARISA","items_purchased":["expansioncontent:DashGenerateEvil","Dark Shackles","MysteriousBeam","Replay:SS_forest_2","EarthLightRay","Metamorphosis","ReplayTheSpireMod:CursedCoin","ReplayTheSpireMod:Shallot","Weak Potion","expansioncontent:GuardianWhirl"],"campfire_rested":1,"item_purchase_floors":[6,6,6,20,20,42,42,42,42,42],"current_hp_per_floor":[75,75,75,69,63,58,58,45,45,45,39,63,55,55,58,39,90,90,93,91,94,96,103,103,106,106,88,72,65,52,54,51,23,126,126,110,117,101,101,91,91,94,79,82,90,93,95,94,82,82],"gold":147,"neow_bonus":"THREE_CARDS","is_daily":false,"chose_seed":false,"campfire_upgraded":1,"win_rate":0.0,"timestamp":1612941783,"path_taken":["R_BF","M","?","M","M","$","T","E","R","?","?","R","M","?","M","BOSS","R_BF","M","$","?","M","?","T","?","R","M","?","?","$","M","M","BOSS","T","?","?","?","?","?","T","T","?","?","?","?","?","?","?","BOSS"],"items_purchased_type":["Card","Card","Card","Card","Card","Card","Relic","Relic","Potion","Card"],"build_version":"2020-12-13","purchased_purges":2,"victory":true,"max_hp_per_floor":[75,75,75,75,75,75,75,78,78,78,81,81,84,84,87,90,90,90,93,96,99,102,105,105,108,108,111,111,114,117,120,123,126,126,126,129,132,135,135,138,138,141,144,147,150,153,156,159,162,162],"card_choices":[{"not_picked":["LuminesStrike","ShootingEcho"],"picked":"SporeBomb","floor":0.0},{"not_picked":["Orbital","LuminesStrike"],"picked":"UnstableBomb","floor":2.0},{"not_picked":["StarBarrage","WitchOfGreed"],"picked":"ShootingEcho","floor":4.0},{"not_picked":["DoubleSpark","SporeBomb"],"picked":"SuperPerseids","floor":5.0},{"not_picked":["EventHorizon","PowerUp"],"picked":"DarkMatter","floor":6.0},{"not_picked":["6A","UltimateShortwave"],"picked":"MillisecondPulsars","floor":8.0},{"not_picked":["ShootTheMoon","ShootingEcho"],"picked":"DC","floor":11.0},{"not_picked":["DeepEcoloBomb","ShootTheMoon"],"picked":"MagicAbsorber","floor":13.0},{"not_picked":["ShootingEcho","IllusionStar"],"picked":"DarkSpark","floor":15.0},{"not_picked":["EscapeVelocity","MillisecondPulsars"],"picked":"SuperNova","floor":16.0},{"not_picked":["GravityBeat","DoubleSpark"],"picked":"SprinkleStarSeal","floor":19.0},{"not_picked":["GravityBeat+1","PowerUp"],"picked":"MillisecondPulsars","floor":20.0},{"not_picked":["DarkMatter","IllusionStar"],"picked":"GrandCross","floor":22.0},{"not_picked":["MilkyWay","Singularity"],"picked":"DoubleSpark","floor":23.0},{"not_picked":["AsteroidBelt+1","StarlightTyphoon"],"picked":"PowerUp+1","floor":27.0},{"not_picked":["AsteroidBelt+1","WitchLeyline"],"picked":"AlicesGift","floor":29.0},{"not_picked":["EnergyFlow+1","Acceleration"],"picked":"DC","floor":30},{"not_picked":["GravityBeat","SporeBomb"],"picked":"PulseMagic","floor":31},{"not_picked":["TreasureHunter","LuminesStrike"],"picked":"AsteroidBelt","floor":32},{"not_picked":["BlazingStar","CollectingQuirk"],"picked":"CasketOfStar","floor":33},{"not_picked":["WitchLeyline","GrandCross"],"picked":"MachineGunSpark","floor":36},{"not_picked":["NonDirectionalLaser","UnstableBomb+1"],"picked":"DragonMeteor","floor":37},{"not_picked":["LuminesStrike","GravityBeat"],"picked":"MilkyWay+1","floor":38},{"not_picked":["GalacticHalo+1","SuperPerseids+1"],"picked":"WitchOfGreed+1","floor":40},{"not_picked":["SporeBomb","ManaRampage"],"picked":"BinaryStars","floor":42},{"not_picked":["SporeBomb+1","Singularity"],"picked":"ShootingEcho+1","floor":43},{"not_picked":["IllusionStar","PulseMagic"],"picked":"GrandCross+1","floor":45},{"not_picked":["UnstableBomb","GasGiant"],"picked":"Occultation+1","floor":47},{"not_picked":["MilkyWay","MagicChant+1"],"picked":"SprinkleStarSeal","floor":48},{"not_picked":["SporeBomb+1","GrandCross"],"picked":"EnergyFlow","floor":49}],"player_experience":177542,"relics_obtained":[{"floor":7.0,"key":"Replay:Ringing Soul"},{"floor":8.0,"key":"ReplayTheSpireMod:Lightbulb"},{"floor":24.0,"key":"Replay:Multitool"},{"floor":28.0,"key":"Enchiridion"},{"floor":39,"key":"BreadOfAWashokuLover"},{"floor":41,"key":"Divine Protection"}],"event_choices":[{"damage_healed":0.0,"max_hp_gain":0.0,"max_hp_loss":0.0,"gold_gain":0.0,"event_name":"The Library","player_choice":"Read","floor":21.0,"gold_loss":0.0,"damage_taken":0.0,"cards_obtained":["DeepEcoloBomb"]},{"damage_healed":0,"gold_gain":0,"player_choice":"Ignored","damage_taken":0,"max_hp_gain":0,"max_hp_loss":0,"event_name":"OrinTheCat","floor":44,"gold_loss":0}],"is_beta":false,"boss_relics":[{"not_picked":["Runic Dome","Coffee Dripper"],"picked":"ExperimentalFamiliar"},{"not_picked":["Cursed Key","RampagingMagicTools"],"picked":"Painkiller Herb"}],"items_purged_floors":[6,42],"is_endless":false,"potions_floor_spawned":[2,8,15,16,22,27,32,33,36,40,43,45,49],"ascension_level":0}}