{"host":"0mk07bycsqo1qk03","time":1612946016,"event":{"mods":["BaseMod","Downfall","Hermit","Hubris","Minty Spire (QoL Compilation)","Reliquary","Replay The Spire","StSLib","The Cursed"],"gold_per_floor":[109,109,119,119,119,148,148,158,158,158,158,172,172,198,198,198,198,275,275,292,310,324,335,64,64,44,44,44,69,84,84,84,141,141,214,214,230,247,28,48,67,101,111,144,144,144,144,144,155,155,155,155],"floor_reached":53,"language":"ENG","playtime":3224,"items_purged":[],"score":1448,"play_id":"d3cfb6db-edd7-4e29-8ca5-bd57148c1908","local_time":"20210210093336","is_ascension_mode":true,"campfire_choices":[{"data":"All Out Attack","floor":7.0,"key":"SMITH"},{"data":"Neutralize","floor":11,"key":"SMITH"},{"data":"Caltrops","floor":13,"key":"SMITH"},{"floor":17,"key":"DIG"},{"data":"Storm of Steel","floor":25,"key":"SMITH"},{"data":"Accuracy","floor":27,"key":"SMITH"},{"data":"Deadly Poison","floor":34,"key":"SMITH"},{"data":"Accuracy","floor":47,"key":"SMITH"}],"circlet_count":0,"master_deck":["AscendersBane","Strike_G","Strike_G","Strike_G","Defend_G","Defend_G","Defend_G","Defend_G","Survivor","Neutralize+1","Eviscerate+1","All Out Attack+1","Escape Plan","PiercingWail+1","Caltrops+1","Underhanded Strike","Storm of Steel+1","Cloak And Dagger+1","Adrenaline","Blade Dance+1","Escape Plan","Accuracy+1","Deadly Poison+1","Pot Of Greed","Pot Of Greed","ReplayTheSpireMod:From All Sides","Blur+1","Hidden Blade","Accuracy+1","Panache","Replay:Bootleg Shield Generator","Flash of Steel"],"relics":["Ring of the Snake","NeowsBlessing","Snack Pack","hubris:MedicalManual","Mercury Hourglass","reliquary:Aerogel","hubris:64BitClover","hubris:ToyBattleship","Replay:Drink Me","reliquary:TatteredRug","Replay:Ringing Soul","Potion Belt","Torii","reliquary:Firecrackers","Grinning Jar","Replay:Grab Bag","Coffee Dripper","Philosopher\u0027s Stone","hubris:Backtick","Shuriken","hubris:GlazedTorus","hubris:TenFootPole","reliquary:TridentHead","Bottled Flame","hubris:Towel"],"acts_visited":["Exordium","TheCity","TheBeyond"],"potions_floor_usage":[14,24,29,35],"damage_taken":[{"damage":0.0,"enemies":"Small Slimes","floor":1.0,"turns":1.0},{"damage":0.0,"enemies":"Cultist","floor":3.0,"turns":1.0},{"damage":0.0,"enemies":"Lagavulin","floor":6.0,"turns":1.0},{"damage":1.0,"enemies":"2 Louse","floor":8.0,"turns":3.0},{"damage":0,"enemies":"Lots of Slimes","floor":12,"turns":1},{"damage":17,"enemies":"3 Sentries","floor":14,"turns":6},{"damage":29,"enemies":"The Guardian","floor":18,"turns":13},{"damage":0,"enemies":"Spheric Guardian","floor":20,"turns":3},{"damage":0,"enemies":"Chosen","floor":21,"turns":3},{"damage":5,"enemies":"Centurion and Healer","floor":22,"turns":10},{"damage":11,"enemies":"Snake Plant","floor":23,"turns":4},{"damage":14,"enemies":"Slavers","floor":29,"turns":4},{"damage":0,"enemies":"Sentry and Sphere","floor":30,"turns":3},{"damage":39,"enemies":"Collector","floor":35,"turns":7},{"damage":1,"enemies":"3 Darklings","floor":37,"turns":3},{"damage":0,"enemies":"3 Shapes","floor":38,"turns":3},{"damage":0,"enemies":"3 Darklings","floor":40,"turns":2},{"damage":0,"enemies":"Transient","floor":41,"turns":5},{"damage":2,"enemies":"R_Hoarder","floor":42,"turns":4},{"damage":0,"enemies":"4 Shapes","floor":43,"turns":5},{"damage":2,"enemies":"Giant Head","floor":44,"turns":5},{"damage":8,"enemies":"3 Darklings","floor":49,"turns":2},{"damage":0,"enemies":"hubris:GrandSnecko","floor":52,"turns":6}],"seed_played":"-2952080603574016240","potions_obtained":[{"floor":1.0,"key":"Adrenaline Potion"},{"floor":6.0,"key":"CunningPotion"},{"floor":14,"key":"SpeedPotion"},{"floor":21,"key":"CultistPotion"},{"floor":26,"key":"hexamod:SoulburnPotion"},{"floor":29,"key":"sneckomod:MuddlingPotion"},{"floor":30,"key":"BlessingOfTheForge"},{"floor":33,"key":"LiquidBronze"},{"floor":35,"key":"FearPotion"},{"floor":37,"key":"Guardian:BlockOnCardUsePotion"},{"floor":40,"key":"LiquidMemories"},{"floor":49,"key":"Cursed Concoction"}],"is_trial":false,"path_per_floor":["M","?","M","T","?","E","R","M","T","?","R","M","R","E","PTL","PTL","R","B",null,"M","M","M","M","$","R","?","R","T","E","M","?","T","?","R","B",null,"M","M","$","M","M","E","M","E","T","?","R","?","M","?","R","B",null],"character_chosen":"THE_SILENT","items_purchased":["reliquary:TatteredRug","Accuracy","Fruit Juice","hubris:GlazedTorus"],"campfire_rested":0,"item_purchase_floors":[24,24,24,39],"current_hp_per_floor":[59,59,59,59,59,59,59,58,58,58,58,58,58,41,41,41,41,16,42,48,50,49,41,46,46,46,46,46,42,49,49,49,30,30,10,48,54,60,60,67,67,67,67,67,67,70,70,68,66,66,73,73],"gold":155,"neow_bonus":"THREE_ENEMY_KILL","is_daily":false,"chose_seed":false,"campfire_upgraded":7,"win_rate":0.0,"timestamp":1612946016,"path_taken":["M","?","?","?","?","E","R","?","T","?","R","?","R","E","PTL","PTL","R","BOSS","M","M","M","M","$","R","?","R","T","E","?","?","?","?","R","BOSS","M","?","$","M","M","E","M","E","T","?","R","?","M","?","R","BOSS"],"items_purchased_type":["Relic","Card","Potion","Relic"],"build_version":"2020-12-22","purchased_purges":0,"victory":true,"max_hp_per_floor":[66,66,66,66,66,66,66,66,66,66,66,66,66,66,66,66,66,66,50,50,50,50,50,55,55,55,55,55,55,58,58,58,58,58,61,61,64,64,64,67,67,67,67,67,67,70,70,73,73,73,73,73],"card_choices":[{"not_picked":["Skewer","Blade Dance"],"picked":"Eviscerate","floor":1.0},{"not_picked":["Slice","Sucker Punch"],"picked":"All Out Attack","floor":3.0},{"not_picked":["Expertise","Endless Agony"],"picked":"Escape Plan","floor":6.0},{"not_picked":["Riddle With Holes","ReplayTheSpireMod:The Works"],"picked":"PiercingWail","floor":8.0},{"not_picked":["hubris:TrickCloak","Toxin Wave"],"picked":"Caltrops","floor":12},{"not_picked":["Dagger Spray","Tactician"],"picked":"Underhanded Strike","floor":14},{"not_picked":["Poison Darts","Replay:Bag of Tricks"],"picked":"Storm of Steel","floor":18},{"not_picked":["Dagger Throw","Outmaneuver"],"picked":"Cloak And Dagger+1","floor":20},{"not_picked":["Deflect","Outmaneuver"],"picked":"Adrenaline","floor":21},{"not_picked":["Skewer","Sneak Up"],"picked":"Blade Dance+1","floor":22},{"not_picked":["Outmaneuver","hubris:SlightOfHand"],"picked":"Escape Plan","floor":23},{"not_picked":["Poisoned Stab","Bane","Underhanded Strike"],"picked":"SKIP","floor":29},{"not_picked":["Cloak And Dagger","Atom Bomb"],"picked":"Deadly Poison","floor":30},{"not_picked":["Replay:Bag of Tricks","Tools of the Trade"],"picked":"ReplayTheSpireMod:From All Sides","floor":35},{"not_picked":["Blade Dance","Calculated Gamble"],"picked":"Blur+1","floor":37},{"not_picked":["Masterful Stab","Concentrate+1","Choke"],"picked":"SKIP","floor":38},{"not_picked":["Well Laid Plans+1","Poisoned Stab"],"picked":"Hidden Blade","floor":40},{"not_picked":["Sucker Punch+1","Cloak And Dagger","Heel Hook"],"picked":"SKIP","floor":41},{"not_picked":["Wraith Form v2","Flying Knee","Unload"],"picked":"SKIP","floor":42},{"not_picked":["Acrobatics","Quick Slash","Deadly Poison"],"picked":"SKIP","floor":43},{"not_picked":["Acrobatics+1","Hidden Blade","Replay:Poison Smokescreen"],"picked":"SKIP","floor":44},{"not_picked":["hubris:EnhanceAbility","Madness"],"picked":"Panache","floor":48},{"not_picked":["Deep Breath","Madness"],"picked":"Replay:Bootleg Shield Generator","floor":48},{"not_picked":["Impatience","Good Instincts"],"picked":"Flash of Steel","floor":48},{"not_picked":["Cloak And Dagger","Concentrate+1","Predator"],"picked":"SKIP","floor":49}],"player_experience":1036334,"relics_obtained":[{"floor":4.0,"key":"Snack Pack"},{"floor":6.0,"key":"hubris:MedicalManual"},{"floor":9.0,"key":"Mercury Hourglass"},{"floor":14,"key":"hubris:64BitClover"},{"floor":17,"key":"hubris:ToyBattleship"},{"floor":28,"key":"Replay:Ringing Soul"},{"floor":29,"key":"Potion Belt"},{"floor":32,"key":"Torii"},{"floor":33,"key":"reliquary:Firecrackers"},{"floor":35,"key":"Grinning Jar"},{"floor":42,"key":"hubris:TenFootPole"},{"floor":44,"key":"reliquary:TridentHead"},{"floor":45,"key":"Bottled Flame"}],"event_choices":[{"damage_healed":0.0,"max_hp_gain":0.0,"max_hp_loss":0.0,"gold_gain":0.0,"event_name":"Upgrade Shrine","player_choice":"Upgraded","floor":2.0,"gold_loss":0.0,"damage_taken":0.0,"cards_upgraded":["Eviscerate"]},{"damage_healed":0.0,"max_hp_gain":0.0,"max_hp_loss":0.0,"gold_gain":0.0,"event_name":"Match and Keep!","player_choice":"0 cards matched","floor":5.0,"gold_loss":0.0,"damage_taken":0.0,"cards_obtained":[]},{"damage_healed":0,"gold_gain":0,"player_choice":"Gave Potion","damage_taken":0,"relics_obtained":["reliquary:Aerogel"],"max_hp_gain":0,"max_hp_loss":0,"event_name":"WeMeetAgain","floor":10,"gold_loss":0},{"damage_healed":0,"gold_gain":0,"player_choice":"Bought 1 Potion","damage_taken":0,"max_hp_gain":0,"max_hp_loss":0,"event_name":"The Woman in Blue","floor":26,"gold_loss":0},{"damage_healed":0,"gold_gain":0,"player_choice":"Memory 3","damage_taken":10,"max_hp_gain":0,"max_hp_loss":0,"event_name":"SensoryStone","floor":48,"gold_loss":0}],"is_beta":false,"boss_relics":[{"not_picked":["HoveringKite","Replay:Bronze Core"],"picked":"Replay:Drink Me"},{"not_picked":["Runic Pyramid","Runic Dome"],"picked":"Replay:Grab Bag"},{"not_picked":["hubris:RunicObelisk","reliquary:Craggleroot"],"picked":"Coffee Dripper"},{"not_picked":["Sozu","hubris:TerracottaHorce"],"picked":"Philosopher\u0027s Stone"},{"not_picked":["hubris:BlackHole","hubris:Stopwatch"],"picked":"hubris:Backtick"}],"items_purged_floors":[],"is_endless":false,"potions_floor_spawned":[1,6,14,21,29,30,35,37,40,42,49],"ascension_level":15}}