{"host":"Cenci","time":1612969283,"event":{"mods":["BaseMod","Downfall","Highlight Path","Minty Spire (QoL Compilation)","StSLib","The Cursed"],"gold_per_floor":[119,136,136,156,156,187,187,197,197,197,230,230,250,293,293,414,414,429,177,177,177,195,195,224,235,260,274,307,307,232,247,247,352,402,419,438,457,220,231,241,241,241,293,308,320,333,347,382,382,382],"floor_reached":51,"language":"ENG","playtime":3036,"items_purged":["TheCursedMod:CursedArmor","TheCursedMod:ReleasedStrength+1"],"score":818,"play_id":"dd3432e4-7a18-41b2-a0cd-ef63c41ee8f4","local_time":"20210210160123","daily_mods":["SealedDeck"],"is_ascension_mode":false,"campfire_choices":[{"data":"TheCursedMod:EmpowerCircles","floor":7,"key":"SMITH"},{"data":"TheCursedMod:CircleOfFlame","floor":10,"key":"SMITH"},{"data":"TheCursedMod:CircleOfFlame","floor":15,"key":"SMITH"},{"data":"TheCursedMod:CircleOfCorruption","floor":23,"key":"SMITH"},{"data":"TheCursedMod:CursedSpellbook","floor":29,"key":"SMITH"},{"data":"TheCursedMod:CursedSpellbook","floor":32,"key":"SMITH"},{"data":"TheCursedMod:NeowsMight","floor":41,"key":"SMITH"},{"data":"TheCursedMod:TacticalStrike","floor":49,"key":"SMITH"}],"circlet_count":0,"master_deck":["TheCursedMod:RapidMovement","TheCursedMod:RapidMovement","TheCursedMod:CursedShiv","TheCursedMod:ReleasedKnowledge","TheCursedMod:CursedSpellbook+1","TheCursedMod:CircleOfFlame+1","TheCursedMod:CircleOfFocus+1","TheCursedMod:CircleOfCorruption+1","TheCursedMod:EmpowerCircles+1","TheCursedMod:TacticalStrike+1","TheCursedMod:CursedSpellbook+1","TheCursedMod:CircleOfFlame+1","TheCursedMod:HellfireBreathing","TheCursedMod:ParallelWorld","TheCursedMod:NeowsMight+1","TheCursedMod:CircleOfCorruption+1","Violence","TheCursedMod:ParallelWorld","TheCursedMod:RapidMovement+1","TheCursedMod:CursedShiv","TheCursedMod:CircleOfFlame+1","TheCursedMod:ParallelWorld","TheCursedMod:NeowsMight+1","TheCursedMod:CircleOfCorruption+1","TheCursedMod:CursedBlade+1","TheCursedMod:CursedShiv","TheCursedMod:NeowsMight"],"relics":["TheCursedMod:BlackMagic101","Meat on the Bone","War Paint","The Courier","TheCursedMod:MagicCandle","Bloody Idol","champ:DeflectingBracers","sneckomod:SneckoTalon","Omamori","White Beast Statue","Happy Flower","TheCursedMod:Tack","Tiny House","Potion Belt","Nunchaku","PreservedInsect"],"acts_visited":["Exordium","TheCity","TheBeyond"],"potions_floor_usage":[16,44,44,48,50,50,50,50,50],"damage_taken":[{"damage":0,"enemies":"2 Louse","floor":1,"turns":2},{"damage":0,"enemies":"Jaw Worm","floor":2,"turns":3},{"damage":0,"enemies":"Small Slimes","floor":4,"turns":2},{"damage":0,"enemies":"Gremlin Nob","floor":6,"turns":3},{"damage":3,"enemies":"Exordium Thugs","floor":8,"turns":2},{"damage":0,"enemies":"3 Sentries","floor":11,"turns":3},{"damage":0,"enemies":"2 Fungi Beasts","floor":13,"turns":2},{"damage":2,"enemies":"Lagavulin","floor":14,"turns":3},{"damage":44,"enemies":"The Guardian","floor":16,"turns":5},{"damage":7,"enemies":"Shell Parasite","floor":18,"turns":3},{"damage":0,"enemies":"Chosen","floor":22,"turns":1},{"damage":14,"enemies":"Book of Stabbing","floor":24,"turns":3},{"damage":0,"enemies":"Snecko","floor":25,"turns":1},{"damage":1,"enemies":"Chosen and Byrds","floor":27,"turns":2},{"damage":33,"enemies":"Slavers","floor":28,"turns":3},{"damage":11,"enemies":"Cultist and Chosen","floor":31,"turns":3},{"damage":7,"enemies":"Automaton","floor":33,"turns":3},{"damage":0,"enemies":"3 Shapes","floor":35,"turns":2},{"damage":0,"enemies":"3 Darklings","floor":36,"turns":2},{"damage":16,"enemies":"Maw","floor":37,"turns":5},{"damage":0,"enemies":"Jaw Worm Horde","floor":39,"turns":2},{"damage":27,"enemies":"4 Shapes","floor":40,"turns":3},{"damage":17,"enemies":"Transient","floor":44,"turns":5},{"damage":21,"enemies":"Writhing Mass","floor":45,"turns":4},{"damage":43,"enemies":"Maw","floor":46,"turns":5},{"damage":43,"enemies":"Transient","floor":47,"turns":5},{"damage":18,"enemies":"Nemesis","floor":48,"turns":5},{"damage":6,"enemies":"Donu and Deca","floor":50,"turns":2}],"seed_played":"-866625753585046309","potions_obtained":[{"floor":2,"key":"AttackPotion"},{"floor":8,"key":"EntropicBrew"},{"floor":13,"key":"PowerPotion"},{"floor":16,"key":"SpeedPotion"},{"floor":35,"key":"FairyPotion"},{"floor":39,"key":"ColorlessPotion"},{"floor":40,"key":"SkillPotion"},{"floor":44,"key":"Fire Potion"},{"floor":45,"key":"Guardian:BlockOnCardUsePotion"},{"floor":47,"key":"Strength Potion"},{"floor":48,"key":"Fire Potion"}],"is_trial":true,"path_per_floor":["M","M","?","M","?","E","R","M","T","R","E","?","M","E","R","B",null,"M","$","?","?","M","R","E","M","T","M","E","R","?","M","R","B",null,"M","M","M","$","M","M","R","?","T","M","M","M","M","E","R","B",null],"character_chosen":"THE_CURSED","items_purchased":["TheCursedMod:CircleOfCorruption","Violence","TheCursedMod:CursedShiv","Potion Belt"],"campfire_rested":0,"item_purchase_floors":[19,19,38,38],"current_hp_per_floor":[75,75,72,72,72,72,72,69,69,69,69,69,69,67,67,35,75,68,68,68,68,73,73,64,69,74,75,47,47,47,53,53,51,80,80,80,69,69,74,52,52,52,57,57,53,27,25,24,24,30],"gold":382,"neow_bonus":"","is_daily":false,"chose_seed":false,"campfire_upgraded":8,"win_rate":0.0,"timestamp":1612969283,"path_taken":["M","M","?","M","?","E","R","M","T","R","E","?","M","E","R","BOSS","M","$","?","?","M","R","E","M","T","M","E","R","?","M","R","BOSS","M","M","M","$","M","M","R","?","T","M","?","M","M","E","R","BOSS"],"items_purchased_type":["Card","Card","Card","Relic"],"build_version":"2020-11-17","purchased_purges":2,"victory":true,"max_hp_per_floor":[75,75,75,75,75,75,75,75,75,75,75,75,75,75,75,75,75,75,75,75,75,75,75,75,75,75,75,75,75,75,75,75,75,80,80,80,80,80,80,80,80,80,80,80,80,80,80,80,80,80],"card_choices":[{"not_picked":["TheCursedMod:HellfireBreathing","TheCursedMod:AshesToAshes"],"picked":"TheCursedMod:TacticalStrike","floor":1},{"not_picked":["TheCursedMod:DoubleShield","TheCursedMod:CursedBlade","TheCursedMod:BlessingInDisguise"],"picked":"SKIP","floor":2},{"not_picked":["TheCursedMod:Torture","TheCursedMod:RapidMovement","TheCursedMod:Wield"],"picked":"SKIP","floor":4},{"not_picked":["TheCursedMod:Wield","TheCursedMod:Evocation"],"picked":"TheCursedMod:CursedSpellbook","floor":6},{"not_picked":["TheCursedMod:Obscuration","TheCursedMod:SpreadPlague"],"picked":"TheCursedMod:CircleOfFlame","floor":8},{"not_picked":["TheCursedMod:RapidMovement","TheCursedMod:Stretching"],"picked":"TheCursedMod:HellfireBreathing","floor":11},{"not_picked":["TheCursedMod:StingEye","TheCursedMod:Torture","TheCursedMod:WearCloak"],"picked":"SKIP","floor":13},{"not_picked":["TheCursedMod:TacticalStrike","TheCursedMod:ReleasedStrength"],"picked":"TheCursedMod:ParallelWorld","floor":14},{"not_picked":["TheCursedMod:StunningStrike","TheCursedMod:CollectTribute"],"picked":"TheCursedMod:NeowsMight","floor":16},{"not_picked":["TheCursedMod:CursedAmulet","TheCursedMod:Torture"],"picked":"TheCursedMod:ReleasedStrength","floor":18},{"not_picked":["TheCursedMod:FleshFromBone","TheCursedMod:FuryStrike","TheCursedMod:Wield"],"picked":"SKIP","floor":22},{"not_picked":["TheCursedMod:WearCloak+1","TheCursedMod:SaltUponWound","TheCursedMod:RavingStaff+1"],"picked":"SKIP","floor":24},{"not_picked":["TheCursedMod:HellfireBreathing","TheCursedMod:WearCloak","TheCursedMod:SpreadPlague"],"picked":"SKIP","floor":25},{"not_picked":["TheCursedMod:CursedShiv+1","TheCursedMod:Wield","TheCursedMod:TroublousMinions"],"picked":"SKIP","floor":27},{"not_picked":["TheCursedMod:HellfireBreathing","TheCursedMod:HellsGateOpen","TheCursedMod:SmokeScreen+1"],"picked":"SKIP","floor":28},{"not_picked":["TheCursedMod:DoubleShield","TheCursedMod:CircleOfAmplification","TheCursedMod:Obscuration+1"],"picked":"SKIP","floor":31},{"not_picked":["TheCursedMod:StunningStrike","TheCursedMod:CursedRelics"],"picked":"TheCursedMod:ParallelWorld","floor":33},{"not_picked":["TheCursedMod:Evocation","TheCursedMod:RavingStaff+1"],"picked":"TheCursedMod:RapidMovement+1","floor":35},{"not_picked":["TheCursedMod:Torture","TheCursedMod:Stretching","TheCursedMod:CursedBlade"],"picked":"SKIP","floor":36},{"not_picked":["TheCursedMod:StingEye+1","TheCursedMod:CursedMace","TheCursedMod:SurpriseAttack+1"],"picked":"SKIP","floor":37},{"not_picked":["TheCursedMod:SurpriseAttack+1","TheCursedMod:SpitefulStrike"],"picked":"TheCursedMod:CircleOfFlame+1","floor":39},{"not_picked":["TheCursedMod:CursedAmulet+1","TheCursedMod:RavingStaff"],"picked":"TheCursedMod:ParallelWorld","floor":40},{"not_picked":["TheCursedMod:CursedMace+1","TheCursedMod:BloodBarrier+1","TheCursedMod:WearCloak+1"],"picked":"SKIP","floor":44},{"not_picked":["TheCursedMod:SoulCrush+1","TheCursedMod:CursedBlade+1"],"picked":"TheCursedMod:CircleOfCorruption+1","floor":45},{"not_picked":["TheCursedMod:RapidMovement+1","TheCursedMod:TroublousMinions+1"],"picked":"TheCursedMod:CursedBlade+1","floor":46},{"not_picked":["TheCursedMod:SpitefulPray+1","TheCursedMod:AbyssShockwave+1"],"picked":"TheCursedMod:CursedShiv","floor":47},{"not_picked":["TheCursedMod:AntiAging","TheCursedMod:CursedAmulet+1"],"picked":"TheCursedMod:NeowsMight","floor":48}],"player_experience":309994,"relics_obtained":[{"floor":6,"key":"War Paint"},{"floor":9,"key":"The Courier"},{"floor":11,"key":"TheCursedMod:MagicCandle"},{"floor":14,"key":"champ:DeflectingBracers"},{"floor":24,"key":"White Beast Statue"},{"floor":26,"key":"Happy Flower"},{"floor":28,"key":"TheCursedMod:Tack"},{"floor":43,"key":"Nunchaku"},{"floor":48,"key":"PreservedInsect"}],"event_choices":[{"damage_healed":0,"gold_gain":0,"player_choice":"Success","damage_taken":3,"relics_obtained":["Meat on the Bone"],"max_hp_gain":0,"max_hp_loss":0,"event_name":"Scrap Ooze","floor":3,"gold_loss":0},{"damage_healed":0,"gold_gain":0,"player_choice":"Ignored","damage_taken":0,"max_hp_gain":0,"max_hp_loss":0,"event_name":"Golden Wing","floor":5,"gold_loss":0},{"damage_healed":0,"gold_gain":0,"player_choice":"Take Wound","damage_taken":0,"relics_obtained":["Golden Idol"],"max_hp_gain":0,"max_hp_loss":0,"event_name":"Golden Idol","floor":12,"gold_loss":0,"cards_obtained":["Injury"]},{"damage_healed":0,"gold_gain":0,"player_choice":"Gave Idol","damage_taken":0,"relics_obtained":["Bloody Idol"],"max_hp_gain":0,"max_hp_loss":0,"event_name":"Forgotten Altar","floor":20,"relics_lost":["Golden Idol"],"gold_loss":0},{"damage_healed":0,"gold_gain":0,"player_choice":"Opened","damage_taken":0,"relics_obtained":["Omamori"],"max_hp_gain":0,"max_hp_loss":0,"event_name":"The Mausoleum","floor":21,"gold_loss":0},{"cards_removed":["Injury"],"damage_healed":0,"gold_gain":0,"player_choice":"Gave Gold","damage_taken":0,"max_hp_gain":0,"max_hp_loss":0,"event_name":"Beggar","floor":30,"gold_loss":75},{"damage_healed":0,"gold_gain":0,"player_choice":"Copied","damage_taken":0,"max_hp_gain":0,"max_hp_loss":0,"event_name":"Duplicator","floor":42,"gold_loss":0,"cards_obtained":["TheCursedMod:NeowsMight"]}],"is_beta":true,"boss_relics":[{"not_picked":["Fusion Hammer","Astrolabe"],"picked":"sneckomod:SneckoTalon"},{"not_picked":["Runic Pyramid","Philosopher\u0027s Stone"],"picked":"Tiny House"}],"items_purged_floors":[19,38],"is_endless":false,"potions_floor_spawned":[2,8,13,14,16,22,24,25,27,28,31,33,35,36,37,39,40,44,45,46,47,48],"ascension_level":0}}