{"host":"vzugls1u57eppbds","time":1612949678,"event":{"mods":["AchievementEnabler","BaseMod","Better Third Choice","Ironclad Rager","Minty Spire (QoL Compilation)","Relic Stats","Shop Mod","StSLib"],"gold_per_floor":[117,117,117,117,133,168,168,200,200,165,165,176,176,192,192,293,293,310,310,64,77,90,90,124,124,177,177,209,232,258,270,282,294,294],"floor_reached":33,"language":"ENG","playtime":734,"items_purged":[],"score":450,"play_id":"6bbc4f5a-4469-4cd5-b2f7-24921da27c45","local_time":"20210210103438","is_ascension_mode":true,"campfire_choices":[{"data":"Clothesline","floor":7,"key":"SMITH"},{"data":"Feed","floor":11,"key":"SMITH"},{"data":"Twin Strike","floor":13,"key":"SMITH"},{"data":"Ghostly Armor","floor":15,"key":"SMITH"},{"data":"Limit Break","floor":23,"key":"SMITH"},{"floor":25,"key":"REST"},{"floor":27,"key":"REST"},{"floor":32,"key":"REST"}],"circlet_count":0,"master_deck":["Strike_R+1","Strike_R","Strike_R","Strike_R","Strike_R","Defend_R+1","Defend_R+1","Defend_R","Defend_R+1","Bash","Cleave+1","Clothesline+1","Twin Strike+1","Feed+1","Ghostly Armor+1","CurseOfTheBell","Pummel+1","Inflame","Limit Break+1","Flex","Iron Wave","Iron Wave"],"relics":["Burning Blood","Anchor","Pen Nib","Du-Vu Doll","Blue Candle","Vajra","Calling Bell","War Paint","Mummified Hand","Mango","Membership Card","Lantern","Orichalcum","MawBank","Dead Branch"],"acts_visited":["Exordium","TheCity"],"potions_floor_usage":[8,24,33,33,33],"damage_taken":[{"damage":2,"enemies":"Jaw Worm","floor":1,"turns":2},{"damage":0,"enemies":"Small Slimes","floor":5,"turns":3},{"damage":6,"enemies":"Gremlin Nob","floor":6,"turns":3},{"damage":17,"enemies":"Lagavulin","floor":8,"turns":5},{"damage":0,"enemies":"2 Louse","floor":12,"turns":1},{"damage":1,"enemies":"Looter","floor":14,"turns":2},{"damage":30,"enemies":"Slime Boss","floor":16,"turns":10},{"damage":16,"enemies":"Spheric Guardian","floor":18,"turns":4},{"damage":2,"enemies":"Shell Parasite","floor":21,"turns":3},{"damage":27,"enemies":"Snecko","floor":22,"turns":5},{"damage":49,"enemies":"Gremlin Leader","floor":24,"turns":6},{"damage":38,"enemies":"Book of Stabbing","floor":28,"turns":5},{"damage":1,"enemies":"Snake Plant","floor":29,"turns":2},{"damage":3,"enemies":"Cultist and Chosen","floor":30,"turns":4},{"damage":103,"enemies":"Automaton","floor":33,"turns":10}],"seed_played":"7163297131998333065","potions_obtained":[{"floor":5,"key":"Fire Potion"},{"floor":14,"key":"PowerPotion"},{"floor":16,"key":"PowerPotion"},{"floor":18,"key":"EssenceOfSteel"},{"floor":24,"key":"EssenceOfSteel"}],"is_trial":false,"path_per_floor":["M","?","?","?","M","E","R","E","T","?","R","M","R","M","R","B",null,"M","?","$","M","M","R","E","R","T","R","E","M","M","T","R","B"],"character_chosen":"IRONCLAD","items_purchased":["Membership Card","Inflame","Limit Break"],"campfire_rested":3,"item_purchase_floors":[20,20,20],"current_hp_per_floor":[76,73,57,57,63,63,63,52,52,72,72,82,82,88,88,64,96,86,86,86,90,73,73,30,61,61,92,60,65,68,68,99,0,0],"gold":294,"neow_bonus":"RANDOM_COMMON_RELIC","is_daily":false,"chose_seed":false,"campfire_upgraded":5,"win_rate":0.0,"timestamp":1612949678,"path_taken":["M","?","?","?","?","E","R","E","T","?","R","M","R","M","R","BOSS","M","?","$","M","M","R","E","R","T","R","E","?","?","?","R","BOSS"],"items_purchased_type":["Relic","Card","Card"],"build_version":"2020-12-22","purchased_purges":0,"victory":false,"max_hp_per_floor":[80,80,80,80,80,80,80,80,80,80,80,84,84,88,88,88,102,102,102,102,102,106,106,106,106,106,106,106,106,106,106,106,106,106],"relic_stats":{"counters":[15,65],"Mummified Hand":[9],"Blue Candle":[2],"Dead Branch":[5],"Pen Nib":[11],"War Paint":["Defend_R","Defend_R"],"Orichalcum":[24],"MawBank":60,"obtain_stats":[{"Lantern":24,"Blue Candle":8,"Dead Branch":31,"Vajra":9,"Mango":17,"Pen Nib":2,"War Paint":17,"Orichalcum":26,"MawBank":28,"Burning Blood":0,"Du-Vu Doll":6,"Calling Bell":17,"Anchor":0,"Mummified Hand":17,"Membership Card":20},{"Lantern":11,"Blue Candle":4,"Dead Branch":14,"Vajra":4,"Mango":7,"Pen Nib":1,"War Paint":7,"Orichalcum":11,"MawBank":12,"Burning Blood":0,"Du-Vu Doll":3,"Calling Bell":7,"Anchor":0,"Mummified Hand":7,"Membership Card":8},{"Lantern":44,"Blue Candle":13,"Dead Branch":55,"Vajra":13,"Mango":26,"Pen Nib":2,"War Paint":26,"Orichalcum":44,"MawBank":49,"Burning Blood":0,"Du-Vu Doll":8,"Calling Bell":26,"Anchor":0,"Mummified Hand":26,"Membership Card":30}],"Burning Blood":81},"card_choices":[{"not_picked":["Armaments","Flex"],"picked":"Cleave","floor":1},{"not_picked":["Flex","Searing Blow"],"picked":"Clothesline","floor":5},{"not_picked":["Clash","True Grit"],"picked":"Twin Strike","floor":6},{"not_picked":["Combust","Intimidate"],"picked":"Feed","floor":8},{"not_picked":["Power Through","Clothesline","Armaments"],"picked":"SKIP","floor":12},{"not_picked":["Warcry","Flex"],"picked":"Ghostly Armor","floor":14},{"not_picked":["Flex+1","Iron Wave"],"picked":"Pummel+1","floor":18},{"not_picked":["Havoc","Juggernaut"],"picked":"Flex","floor":21},{"not_picked":["Sword Boomerang","Fire Breathing","Dual Wield"],"picked":"SKIP","floor":22},{"not_picked":["Rage+1","Perfected Strike+1"],"picked":"Iron Wave","floor":24},{"not_picked":["Warcry+1","Blood for Blood+1","Intimidate"],"picked":"SKIP","floor":28},{"not_picked":["Wild Strike","Clash+1"],"picked":"Iron Wave","floor":29},{"not_picked":["Flex","Warcry","Entrench"],"picked":"SKIP","floor":30}],"player_experience":248116,"relics_obtained":[{"floor":6,"key":"Du-Vu Doll"},{"floor":8,"key":"Blue Candle"},{"floor":9,"key":"Vajra"},{"floor":17,"key":"War Paint"},{"floor":17,"key":"Mummified Hand"},{"floor":17,"key":"Mango"},{"floor":24,"key":"Lantern"},{"floor":26,"key":"Orichalcum"},{"floor":28,"key":"MawBank"},{"floor":31,"key":"Dead Branch"}],"event_choices":[{"damage_healed":0,"gold_gain":0,"player_choice":"Relic ","damage_taken":3,"max_hp_gain":0,"max_hp_loss":0,"event_name":"betterThird:BetterScrap","floor":2,"gold_loss":0,"cards_obtained":["Noxious Fumes"]},{"damage_healed":73,"gold_gain":0,"player_choice":"Upgrade","damage_taken":16,"max_hp_gain":0,"max_hp_loss":80,"event_name":"betterThird:BetterShining","floor":3,"gold_loss":0,"cards_upgraded":["Strike_R","Defend_R"]},{"damage_healed":0,"gold_gain":0,"player_choice":"Grow","damage_taken":0,"max_hp_gain":0,"max_hp_loss":0,"event_name":"Living Wall","floor":4,"gold_loss":0,"cards_upgraded":["Cleave"]},{"damage_healed":20,"gold_gain":0,"player_choice":"Healed","damage_taken":0,"max_hp_gain":0,"max_hp_loss":0,"event_name":"The Cleric","floor":10,"gold_loss":35},{"damage_healed":0,"gold_gain":0,"player_choice":"Bought 0 Potions","damage_taken":0,"max_hp_gain":0,"max_hp_loss":0,"event_name":"The Woman in Blue","floor":19,"gold_loss":0}],"is_beta":false,"boss_relics":[{"not_picked":["Black Star","Runic Dome"],"picked":"Calling Bell"}],"items_purged_floors":[],"is_endless":false,"potions_floor_spawned":[5,14,16,18,24,28],"killed_by":"Automaton","ascension_level":9}}