{"host":"8fuipfsvjht9cgcs","time":1612925196,"event":{"mods":["AchievementEnabler","BaseMod","Colored Map","Colored Powertips","DeckTracker","Friendly Minions","Kiyohime£¨?ýï£©","Marisa£¨Ùöéë¡¡Øª×âÞÞ£©","Minty Spire (QoL Compilation)","Prisma Mod","StSLib","SuperFastMode","The Cursed","The Gatherer"],"gold_per_floor":[119,134,134,10,26,52,52,69,69,69,87,87,102,114,114,114,114],"floor_reached":16,"language":"KOR","playtime":595,"items_purged":["Strike_B"],"score":135,"play_id":"089eb078-fefe-46a3-9aa0-c7157386c27c","local_time":"20210210154636","is_ascension_mode":true,"campfire_choices":[{"data":"FTL","floor":7,"key":"SMITH"},{"data":"Dualcast","floor":10,"key":"SMITH"},{"data":"Panacea","floor":12,"key":"SMITH"},{"data":"Core Surge","floor":15,"key":"SMITH"}],"circlet_count":0,"master_deck":["Strike_B","Strike_B","Strike_B","Defend_B","Defend_B","Defend_B","Defend_B","Zap","Dualcast+1","Panacea+1","Ball Lightning","FTL+1","Coolheaded","Cold Snap","BootSequence+1","Hologram+1","Compile Driver","Core Surge+1","Hologram+1"],"relics":["Cracked Core","Darkstone Periapt","Toxic Egg 2","Meat on the Bone"],"acts_visited":["Exordium"],"potions_floor_usage":[],"damage_taken":[{"damage":7,"enemies":"Jaw Worm","floor":1,"turns":3},{"damage":1,"enemies":"Cultist","floor":2,"turns":3},{"damage":3,"enemies":"Small Slimes","floor":5,"turns":3},{"damage":16,"enemies":"Lagavulin","floor":6,"turns":7},{"damage":1,"enemies":"Blue Slaver","floor":8,"turns":2},{"damage":12,"enemies":"Exordium Thugs","floor":11,"turns":4},{"damage":0,"enemies":"Large Slime","floor":13,"turns":3},{"damage":0,"enemies":"3 Louse","floor":14,"turns":2},{"damage":43,"enemies":"Hexaghost","floor":16,"turns":9}],"seed_played":"-6360463675387373435","potions_obtained":[{"floor":2,"key":"BlessingOfTheForge"},{"floor":5,"key":"AttackPotion"},{"floor":8,"key":"BlessingOfTheForge"},{"floor":11,"key":"PowerPotion"}],"is_trial":false,"path_per_floor":["M","M","?","$","M","E","R","M","T","R","M","R","M","M","R","B"],"character_chosen":"DEFECT","items_purchased":["Coolheaded"],"campfire_rested":0,"item_purchase_floors":[4],"current_hp_per_floor":[61,60,60,60,57,41,41,40,40,40,40,40,40,40,40,0,0],"gold":114,"neow_bonus":"RANDOM_COLORLESS","is_daily":false,"chose_seed":false,"campfire_upgraded":4,"win_rate":0.0,"timestamp":1612925196,"path_taken":["M","M","?","$","M","E","R","M","T","R","M","R","?","M","R","BOSS"],"items_purchased_type":["Card"],"build_version":"2020-12-22","purchased_purges":1,"victory":false,"max_hp_per_floor":[75,75,75,75,75,75,75,75,75,75,75,75,75,75,75,75,75],"card_choices":[{"not_picked":["PanicButton","Dark Shackles"],"picked":"Panacea","floor":0},{"not_picked":["Turbo","Redo"],"picked":"Ball Lightning","floor":1},{"not_picked":["Undo","Leap"],"picked":"FTL","floor":2},{"not_picked":["Redo","Aggregate"],"picked":"Cold Snap","floor":5},{"not_picked":["Darkness+1","FTL"],"picked":"BootSequence+1","floor":6},{"not_picked":["Fusion+1","Coolheaded+1"],"picked":"Hologram+1","floor":8},{"not_picked":["Redo+1","Glacier+1"],"picked":"Compile Driver","floor":11},{"not_picked":["Streamline","Compile Driver"],"picked":"Core Surge","floor":13},{"not_picked":["Darkness+1","Leap+1"],"picked":"Hologram+1","floor":14}],"player_experience":487103,"relics_obtained":[{"floor":6,"key":"Toxic Egg 2"},{"floor":9,"key":"Meat on the Bone"}],"event_choices":[{"damage_healed":0,"gold_gain":0,"player_choice":"Gave Potion","damage_taken":0,"relics_obtained":["Darkstone Periapt"],"max_hp_gain":0,"max_hp_loss":0,"event_name":"WeMeetAgain","floor":3,"gold_loss":0}],"is_beta":false,"boss_relics":[],"items_purged_floors":[4],"is_endless":false,"potions_floor_spawned":[2,5,8,11],"killed_by":"Hexaghost","ascension_level":6}}