{"host":"7oiwk103j2prpym5","time":1612963982,"event":{"mods":["BaseMod","BetterRewards","Colored Map","Colored Powertips","GifTheSpireLib","Infinite Spire","Minty Spire (QoL Compilation)","Permanent Neow","Relic Filter Mod","Reliquary","Remove Card Discount Mod","Replay The Spire","StSLib","Stuff the Spire","Weighted Paths"],"gold_per_floor":[109,109,122,122,140,169,169,183,183,101,101,101,116,127,127,227,227,244,244,244,244,26,61,77,352,378,378,390,409,409,428,428,524,524,541,541,332,347,362,396,396,396,396,426,476,476,476,243,311,411,411,417,428,428,428,158,158,167,166,166,166,177,177,185,185,185,263,263,265,265,265,268,183,193,194,178,178,178,177,177,177,179,179,240,240,236,232,222,251,280,283,309,309,309,292,290,19,23,100,100,151,151,164,164,226,226,206,206,209,47,97,97,118,118,165,177,177,285,285,296,314,23,23,23,23,69,69,69,81,108,124,144,167,167,260,260,282,83,108,114,129,179,179,188,188,219,263,285,295,316,316,367,367,367,8,71,168],"floor_reached":158,"language":"ENG","playtime":10027,"items_purged":["Strike_R","Defend_R","Strike_R","Defend_R","Strike_R","Languid","Regret","Parasite","Writhe","Writhe","StuffTheSpire:CuriosityCurse","Regret","Shame","Sickly","ReplayTheSpireMod:Restless Dread","Overencumbered","Doubt","Parasite","Hallucinations","Strike_R+1","Defend_R+1","Strike_R+1","Regret","Voices","Injury"],"score":4327,"play_id":"789ad962-2d4a-47ac-82cd-78364525181b","local_time":"20210210073302","is_ascension_mode":false,"campfire_choices":[{"floor":12.0,"key":"REST"},{"data":"Heavy Blade","floor":15.0,"key":"SMITH"},{"floor":27.0,"key":"REST"},{"floor":32.0,"key":"REST"},{"floor":42.0,"key":"REST"},{"data":"Limit Break","floor":57.0,"key":"SMITH"},{"floor":66.0,"key":"DIG"},{"floor":78.0,"key":"REST"},{"floor":83.0,"key":"REST"},{"floor":93.0,"key":"REST"},{"floor":100.0,"key":"REST"},{"floor":100.0,"key":"DIG"},{"floor":108.0,"key":"DIG"},{"floor":112.0,"key":"DIG"},{"floor":117.0,"key":"REST"},{"floor":117.0,"key":"DIG"},{"floor":125.0,"key":"DIG"},{"floor":134.0,"key":"REST"},{"floor":134.0,"key":"DIG"},{"floor":143.0,"key":"DIG"},{"floor":151,"key":"DIG"},{"floor":154,"key":"DIG"}],"circlet_count":0,"master_deck":["Bash","Heavy Blade+1","Flex+1","Thunderclap","Cleave","Iron Wave","Fire Breathing","Clothesline","Twin Strike","Life Link+1","ReplayTheSpireMod:Chaos Vortex","Magnetism","Wild Strike","infinitespire:OneForAll","Cleave+1","ReplayTheSpireMod:Limb From Limb","Uppercut","Inflame","Searing Blow","Pommel Strike+1","Replay:Sssssssssshield","Enlightenment","ReplayTheSpireMod:Muscle Training","Infernal Blade+1","Metamorphosis","Shrug It Off+1","Limit Break+1","Run Through","Shrug It Off","ReplayTheSpireMod:??????????????????????","Flex","Whirlwind","Exhume","Double Tap","Flex","StuffTheSpire:DeathNote","infinitespire:DeathsTouch","Bludgeon","Spot Weakness+1","StuffTheSpire:BloodClot","Flex","Rage","Demon Form+1","infinitespire:Execution","Berserk","Spot Weakness","RitualDagger","Demon Form+1","CommonCold","Parasite","Master of Strategy"],"relics":["Burning Blood","Shuriken","Bronze Scales","Replay:Ringing Soul","Cursed Key","Mango","Red Skull","Regal Pillow","Runic Pyramid","Replay:Wax Seal","CaptainsWheel","Mercury Hourglass","Nunchaku","ReplayTheSpireMod:Spearhead","Tiny House","MealTicket","Philosopher\u0027s Stone","Anchor","Medical Kit","reliquary:BallBearing","ReplayTheSpireMod:TigerMarble","Shovel","Ring of Hypnosis","Ring of Misfortune","reliquary:Crutches","Mark of Pain","reliquary:Sideboard","reliquary:Aerogel","StuffTheSpire:Experiment12","Replay:Accelerometer","HandDrill","Snecko Heart","Another Sword","Pocketwatch","Busted Crown","StuffTheSpire:NeowsTribute","reliquary:NewFriend","Smiling Mask","infinitespire:Magic Flask","reliquary:TatteredRug","StuffTheSpire:ForceGauntlet","Du-Vu Doll","StuffTheSpire:SapphireSignet","Orichalcum","FossilizedHelix","Vajra","Potion Belt","Replay:Bandana","StuffTheSpire:RedRose","infinitespire:CheckeredPen","Lizard Tail","Fusion Hammer","Pondfish Scales","Sundial","reliquary:TuningFork","The Courier","Unceasing Top","Lantern","Painkiller Herb","Pear","StuffTheSpire:CocoNut","reliquary:RosewoodLute","Pantograph","reliquary:Knoch","StuffTheSpire:Barrel","Replay:Bottled Snecko","SacredBark","infinitespire:BottledMercury","reliquary:PorcupineQuills","Sling","Calipers"],"acts_visited":["Exordium","TheCity","TheBeyond","Exordium","TheCity","TheBeyond","Exordium","TheCity","TheBeyond","TheEnding"],"potions_floor_usage":[148,152,152,156,157],"damage_taken":[{"damage":0.0,"enemies":"2 Louse","floor":1.0,"turns":2.0},{"damage":1.0,"enemies":"Cultist","floor":3.0,"turns":3.0},{"damage":6.0,"enemies":"Jaw Worm","floor":5.0,"turns":3.0},{"damage":28.0,"enemies":"Gremlin Nob","floor":6.0,"turns":4.0},{"damage":6.0,"enemies":"Exordium Thugs","floor":8.0,"turns":3.0},{"damage":0.0,"enemies":"3 Louse","floor":13.0,"turns":1.0},{"damage":0.0,"enemies":"2 Fungi Beasts","floor":14.0,"turns":2.0},{"damage":43.0,"enemies":"Hexaghost","floor":16.0,"turns":8.0},{"damage":5.0,"enemies":"Spheric Guardian","floor":18.0,"turns":2.0},{"damage":30.0,"enemies":"Slavers","floor":23.0,"turns":4.0},{"damage":0.0,"enemies":"Chosen","floor":24.0,"turns":3.0},{"damage":28.0,"enemies":"Centurion and Healer","floor":28.0,"turns":4.0},{"damage":6.0,"enemies":"Snecko","floor":29.0,"turns":5.0},{"damage":22.0,"enemies":"Snake Plant","floor":31.0,"turns":2.0},{"damage":66.0,"enemies":"Champ","floor":33.0,"turns":8.0},{"damage":3.0,"enemies":"3 Darklings","floor":35.0,"turns":4.0},{"damage":4.0,"enemies":"3 Shapes","floor":38.0,"turns":2.0},{"damage":14.0,"enemies":"Writhing Mass","floor":39.0,"turns":5.0},{"damage":40.0,"enemies":"Nemesis","floor":40.0,"turns":5.0},{"damage":70.0,"enemies":"Nightmare","floor":44.0,"turns":5.0},{"damage":70.0,"enemies":"Replay:Hell Engine","floor":50.0,"turns":10.0},{"damage":0.0,"enemies":"Jaw Worm","floor":52.0,"turns":1.0},{"damage":0.0,"enemies":"Cultist","floor":53.0,"turns":2.0},{"damage":1.0,"enemies":"2 Louse","floor":58.0,"turns":1.0},{"damage":1.0,"enemies":"Gremlin Gang","floor":59.0,"turns":3.0},{"damage":13.0,"enemies":"Blue Slaver","floor":61.0,"turns":3.0},{"damage":4.0,"enemies":"3 Sentries","floor":62.0,"turns":3.0},{"damage":1.0,"enemies":"Lagavulin","floor":64.0,"turns":4.0},{"damage":127.0,"enemies":"Hexaghost","floor":67.0,"turns":3.0},{"damage":0.0,"enemies":"3 Byrds","floor":69.0,"turns":3.0},{"damage":4.0,"enemies":"Chosen","floor":72.0,"turns":3.0},{"damage":54.0,"enemies":"Slavers","floor":74.0,"turns":4.0},{"damage":14.0,"enemies":"Sentry and Sphere","floor":75.0,"turns":3.0},{"damage":141.0,"enemies":"Nightmare","floor":76.0,"turns":7.0},{"damage":0.0,"enemies":"Snecko","floor":79.0,"turns":3.0},{"damage":0.0,"enemies":"Slavers","floor":82.0,"turns":4.0},{"damage":24.0,"enemies":"Champ","floor":84.0,"turns":6.0},{"damage":0.0,"enemies":"3 Shapes","floor":86.0,"turns":3.0},{"damage":70.0,"enemies":"3 Darklings","floor":87.0,"turns":3.0},{"damage":62.0,"enemies":"Spire Growth","floor":88.0,"turns":5.0},{"damage":42.0,"enemies":"2 Orb Walkers","floor":89.0,"turns":4.0},{"damage":42.0,"enemies":"R_Hoarder","floor":91.0,"turns":3.0},{"damage":39.0,"enemies":"Transient","floor":95.0,"turns":5.0},{"damage":23.0,"enemies":"Reptomancer","floor":96.0,"turns":5.0},{"damage":25.0,"enemies":"4 Shapes","floor":98.0,"turns":3.0},{"damage":7.0,"enemies":"infinitespire:Three Voidlings","floor":99.0,"turns":3.0},{"damage":57.0,"enemies":"Nightmare_Alpha","floor":99.0,"turns":4.0},{"damage":91.0,"enemies":"infinitespire:MassOfShapes","floor":101.0,"turns":6.0},{"damage":0.0,"enemies":"Cultist","floor":103.0,"turns":2.0},{"damage":0.0,"enemies":"Small Slimes","floor":109.0,"turns":1.0},{"damage":0.0,"enemies":"Jaw Worm","floor":113.0,"turns":1.0},{"damage":65.0,"enemies":"Nightmare","floor":115.0,"turns":3.0},{"damage":0.0,"enemies":"Exordium Thugs","floor":116.0,"turns":2.0},{"damage":0.0,"enemies":"Hexaghost","floor":118.0,"turns":2.0},{"damage":0.0,"enemies":"Spheric Guardian","floor":120.0,"turns":2.0},{"damage":0.0,"enemies":"Shell Parasite","floor":121.0,"turns":2.0},{"damage":13.0,"enemies":"Book of Stabbing","floor":126.0,"turns":3.0},{"damage":0.0,"enemies":"Snecko","floor":129.0,"turns":3.0},{"damage":0.0,"enemies":"Sentry and Sphere","floor":130.0,"turns":2.0},{"damage":0.0,"enemies":"3 Cultists","floor":131.0,"turns":2.0},{"damage":0.0,"enemies":"Chosen and Byrds","floor":132.0,"turns":3.0},{"damage":203.0,"enemies":"Nightmare_Alpha","floor":133.0,"turns":5.0},{"damage":0.0,"enemies":"Collector","floor":135.0,"turns":6.0},{"damage":0.0,"enemies":"3 Shapes","floor":137.0,"turns":2.0},{"damage":0.0,"enemies":"3 Darklings","floor":139.0,"turns":2.0},{"damage":0.0,"enemies":"Transient","floor":140.0,"turns":5.0},{"damage":0.0,"enemies":"4 Shapes","floor":141.0,"turns":2.0},{"damage":13.0,"enemies":"R_Hoarder","floor":142.0,"turns":4.0},{"damage":4.0,"enemies":"Maw","floor":144.0,"turns":4.0},{"damage":0.0,"enemies":"Sphere and 2 Shapes","floor":146.0,"turns":2.0},{"damage":72.0,"enemies":"Nemesis","floor":147.0,"turns":3.0},{"damage":0,"enemies":"Writhing Mass","floor":148,"turns":2},{"damage":0,"enemies":"R_Hoarder","floor":149,"turns":4},{"damage":0,"enemies":"4 Shapes","floor":150,"turns":1},{"damage":409,"enemies":"infinitespire:LordOfFortification","floor":152,"turns":9},{"damage":26,"enemies":"Shield and Spear","floor":156,"turns":3},{"damage":0,"enemies":"The Heart","floor":157,"turns":5}],"seed_played":"5416324965566211397","potions_obtained":[{"floor":1.0,"key":"ColorlessPotion"},{"floor":13.0,"key":"Explosive Potion"},{"floor":14.0,"key":"Strength Potion"},{"floor":23.0,"key":"Dexterity Potion"},{"floor":24.0,"key":"SkillPotion"},{"floor":28.0,"key":"Adrenaline Potion"},{"floor":31.0,"key":"Explosive Potion"},{"floor":39.0,"key":"ColorlessPotion"},{"floor":40.0,"key":"ColorlessPotion"},{"floor":45.0,"key":"Languid Potion"},{"floor":49.0,"key":"BloodPotion"},{"floor":49.0,"key":"Swift Potion"},{"floor":50.0,"key":"BlessingOfTheForge"},{"floor":59.0,"key":"Adrenaline Potion"},{"floor":67.0,"key":"Adrenaline Potion"},{"floor":69.0,"key":"SmokeBomb"},{"floor":76.0,"key":"Cursed Concoction"},{"floor":87.0,"key":"Elixir"},{"floor":88.0,"key":"DuplicationPotion"},{"floor":90.0,"key":"Fruit Juice"},{"floor":90.0,"key":"ColorlessPotion"},{"floor":90.0,"key":"SmokeBomb"},{"floor":96.0,"key":"Dexterity Potion"},{"floor":101.0,"key":"ColorlessPotion"},{"floor":103.0,"key":"Explosive Potion"},{"floor":107.0,"key":"Fire Potion"},{"floor":115.0,"key":"Elixir"},{"floor":118.0,"key":"Swift Potion"},{"floor":121.0,"key":"DistilledChaos"},{"floor":131.0,"key":"AttackPotion"},{"floor":140.0,"key":"EssenceOfSteel"},{"floor":148,"key":"FearPotion"},{"floor":152,"key":"PowerPotion"},{"floor":156,"key":"Fire Potion"}],"is_trial":false,"path_per_floor":["M","?","M","?","M","E","?","M","T","$","?","R","M","M","R","B",null,"M","?","AVR","?","$","E","M","?","T","R","M","M","?","M","R","B",null,"M","?","$","M","M","E","?","R","T","NM","AVR","?","?","$","R_BF","B",null,"M","M","?","?","$","R","M","M","T","M","E","?","E","?","R","B",null,"M","?","?","M","?","E","M","NM","T","R","M","AVR","T","E","R","B",null,"M","M","M","?","?","E","T","R","T","M","E","$","M","?","R","B",null,"M","?","?","?","?","R","M","$","T","R","M","?","NM","M","R","B",null,"M","M","$","?","?","R","E","?","T","M","M","M","M","NM","R","B",null,"?","T","?","?","?","E","T","?","T","?","E","?","E","?","T","B",null,"T","T","E","B",null],"character_chosen":"IRONCLAD","items_purchased":["Shuriken","Heavy Blade","Fire Breathing","Magnetism","Wild Strike","Inflame","Replay:Wax Seal","Block Potion","Infernal Blade+1","Metamorphosis","Medical Kit","Flex","Whirlwind","StuffTheSpire:ForceGauntlet","Vajra","Pondfish Scales","Pear","reliquary:PorcupineQuills","Sling","Master of Strategy"],"campfire_rested":10,"item_purchase_floors":[0,0,10,22,22,37,37,37,48,48,56,56,56,97,110,122,138,155,155,155],"current_hp_per_floor":[75,80,80,64,64,42,42,42,42,45,45,69,78,87,87,50,89,92,74,91,91,94,70,79,82,85,126,104,107,129,116,132,72,132,135,135,138,138,133,102,100,147,150,86,94,97,140,158,161,100,170,173,176,179,138,156,156,161,166,169,162,167,167,172,172,172,54,194,197,180,180,182,182,134,126,31,34,109,115,118,121,127,204,186,212,212,151,95,59,67,31,34,116,119,86,69,87,68,16,99,14,232,232,232,232,220,220,220,226,232,235,235,235,238,179,185,238,241,241,241,241,241,244,241,241,234,237,240,246,252,253,253,56,146,154,253,253,263,263,263,263,263,263,267,270,273,207,216,222,228,228,87,276,276,279,267,279],"gold":168,"neow_bonus":"","is_daily":false,"chose_seed":false,"campfire_upgraded":2,"win_rate":0.0,"timestamp":1612963982,"path_taken":["M","?","?","?","M","E","?","?","T","$","?","R","M","M","R","BOSS","M","?","AVR","?","$","E","M","?","T","R","?","M","?","?","R","BOSS","M","?","$","M","?","E","?","R","T","NM","AVR","?","?","?","R_BF","BOSS","M","M","?","?","$","R","M","M","T","M","E","?","E","?","R","BOSS","M","?","?","M","?","E","M","NM","T","R","M","AVR","?","E","R","BOSS","M","M","?","?","?","E","?","R","T","M","E","?","M","?","R","BOSS","M","?","?","?","?","R","?","?","T","R","M","?","NM","M","R","BOSS","M","M","$","?","?","R","E","?","T","M","M","?","M","NM","R","BOSS","?","?","?","?","?","E","T","?","T","?","E","?","E","?","T","BOSS","T","T","E","BOSS"],"items_purchased_type":["Relic","Card","Card","Card","Card","Card","Relic","Potion","Card","Card","Relic","Card","Card","Relic","Relic","Relic","Relic","Relic","Relic","Card"],"build_version":"2020-12-22","purchased_purges":25,"victory":true,"max_hp_per_floor":[80,80,80,80,80,80,80,80,80,83,83,83,86,89,89,89,89,92,97,114,114,117,117,120,123,126,126,126,129,129,132,132,132,132,135,135,138,138,141,144,147,147,150,150,155,158,161,164,167,170,170,173,176,179,182,185,185,185,185,188,188,191,191,191,191,191,194,194,197,200,200,200,200,200,200,200,203,203,203,206,209,209,209,209,212,212,215,215,215,223,223,226,226,229,229,229,229,229,229,229,229,232,232,232,232,232,232,232,232,232,235,235,235,238,238,238,238,241,241,241,241,241,244,247,247,247,250,253,253,253,253,253,253,253,253,253,253,263,263,263,263,270,270,270,273,273,273,276,276,276,276,276,276,276,279,279,279],"card_choices":[{"not_picked":["StuffTheSpire:RockThrow","Heavy Blade"],"picked":"ReplayTheSpireMod:Stacked","floor":1.0},{"not_picked":["Power Through","StuffTheSpire:Slingshot"],"picked":"Flex","floor":3.0},{"not_picked":["Shrug It Off","Pummel"],"picked":"Thunderclap","floor":5.0},{"not_picked":["Headbutt","StuffTheSpire:Incineration"],"picked":"Cleave","floor":6.0},{"not_picked":["Cleave","Thunderclap"],"picked":"Iron Wave","floor":8.0},{"not_picked":["Entrench","True Grit"],"picked":"Clothesline","floor":13.0},{"not_picked":["Clothesline","True Grit"],"picked":"Twin Strike","floor":14.0},{"not_picked":["Replay:Undeath\u0027s Touch","Body Slam"],"picked":"Life Link+1","floor":18.0},{"not_picked":["ReplayTheSpireMod:Corrosion Curse","Warcry","Hemokinesis"],"picked":"SKIP","floor":23.0},{"not_picked":["Sword Boomerang","ReplayTheSpireMod:Corrosion Curse"],"picked":"infinitespire:OneForAll","floor":24.0},{"not_picked":["Massacre","Replay:Undeath\u0027s Touch","Sever Soul"],"picked":"SKIP","floor":28.0},{"not_picked":["StuffTheSpire:Incineration","Sentinel"],"picked":"Cleave","floor":29.0},{"not_picked":["Perfected Strike","Replay:Undeath\u0027s Touch+1"],"picked":"ReplayTheSpireMod:Limb From Limb","floor":31.0},{"not_picked":["Massacre","ReplayTheSpireMod:Strike From Hell"],"picked":"Uppercut","floor":35.0},{"not_picked":["StuffTheSpire:RagingBull+1","Warcry+1","StuffTheSpire:Incineration+1"],"picked":"SKIP","floor":38.0},{"not_picked":["StuffTheSpire:Incineration","Evolve"],"picked":"Searing Blow","floor":39.0},{"not_picked":["Battle Trance+1","Rupture"],"picked":"Pommel Strike+1","floor":40.0},{"not_picked":["StuffTheSpire:Recharge","Replay:Bootleg Shield Generator"],"picked":"Replay:Sssssssssshield","floor":41.0},{"not_picked":["Mayhem","Purity"],"picked":"Enlightenment","floor":41.0},{"not_picked":["Heavy Blade","Wild Strike","Rupture"],"picked":"SKIP","floor":44.0},{"not_picked":["Heavy Blade","Wild Strike","Rupture"],"picked":"SKIP","floor":44.0},{"not_picked":["Clash+1","Replay:Undeath\u0027s Touch+1"],"picked":"ReplayTheSpireMod:Muscle Training","floor":45.0},{"not_picked":["StuffTheSpire:Slingshot","Iron Wave"],"picked":"Shrug It Off+1","floor":49.0},{"not_picked":["Replay:Many Hands","Barricade"],"picked":"Limit Break","floor":50.0},{"not_picked":["infinitespire:OneForAll","StuffTheSpire:Pyroclast"],"picked":"Run Through","floor":52.0},{"not_picked":["Twin Strike","Bloodletting"],"picked":"Shrug It Off","floor":53.0},{"not_picked":["ReplayTheSpireMod:Black Plague","infinitespire:Gouge"],"picked":"ReplayTheSpireMod:??????????????????????","floor":55.0},{"not_picked":["Carnage","ReplayTheSpireMod:Strike From Hell","Evolve"],"picked":"SKIP","floor":58.0},{"not_picked":["StuffTheSpire:RagingBull","Clothesline","Warcry"],"picked":"SKIP","floor":59.0},{"not_picked":["Replay:Undeath\u0027s Touch","Headbutt","Pommel Strike"],"picked":"SKIP","floor":61.0},{"not_picked":["Uppercut","Battle Trance"],"picked":"Exhume","floor":62.0},{"not_picked":["Shrug It Off","StuffTheSpire:Pyroclast","Sword Boomerang"],"picked":"SKIP","floor":64.0},{"not_picked":["Demonic Infusion","Juggernaut"],"picked":"Double Tap","floor":67.0},{"not_picked":["Warcry","True Grit"],"picked":"Flex","floor":69.0},{"not_picked":["Disarm+1","Fire Breathing","True Grit+1"],"picked":"SKIP","floor":72.0},{"not_picked":["Cleave+1","Headbutt+1"],"picked":"Flex","floor":74.0},{"not_picked":["StuffTheSpire:RockThrow","Fiend Fire","ReplayTheSpireMod:Stacked+1"],"picked":"SKIP","floor":75.0},{"not_picked":["Clash","Body Slam+1"],"picked":"StuffTheSpire:BloodClot","floor":76.0},{"not_picked":["Heavy Blade","Havoc","StuffTheSpire:Incineration"],"picked":"SKIP","floor":79.0},{"not_picked":["Massacre","ReplayReversal+1"],"picked":"Spot Weakness+1","floor":82.0},{"not_picked":["Feed","Offering"],"picked":"Bludgeon","floor":84.0},{"not_picked":["ReplayTheSpireMod:??????????????????????","ReplayTheSpireMod:Haul"],"picked":"infinitespire:DeathsTouch","floor":85.0},{"not_picked":["ReplayTheSpireMod:Strike From Hell+1"],"picked":"SKIP","floor":86.0},{"not_picked":["Heavy Blade"],"picked":"SKIP","floor":87.0},{"not_picked":["Heavy Blade"],"picked":"SKIP","floor":87.0},{"not_picked":["Disarm"],"picked":"SKIP","floor":88.0},{"not_picked":[],"picked":"Life Link+1","floor":89.0},{"not_picked":[],"picked":"Rage","floor":90.0},{"not_picked":["Disarm"],"picked":"SKIP","floor":91.0},{"not_picked":["Havoc+1"],"picked":"SKIP","floor":95.0},{"not_picked":["Run Through"],"picked":"SKIP","floor":96.0},{"not_picked":["ReplayTheSpireMod:Strike From Hell+1"],"picked":"SKIP","floor":98.0},{"not_picked":["infinitespire:DeathsTouch","infinitespire:FinalStrike"],"picked":"infinitespire:Execution","floor":99.0},{"not_picked":[],"picked":"Demon Form","floor":101.0},{"not_picked":["Rage"],"picked":"SKIP","floor":103.0},{"not_picked":["Replay:Undeath\u0027s Touch"],"picked":"SKIP","floor":109.0},{"not_picked":["StuffTheSpire:RockThrow"],"picked":"SKIP","floor":113.0},{"not_picked":["True Grit"],"picked":"SKIP","floor":115.0},{"not_picked":["Wild Strike"],"picked":"SKIP","floor":116.0},{"not_picked":[],"picked":"Berserk","floor":118.0},{"not_picked":["Run Through+1"],"picked":"SKIP","floor":120.0},{"not_picked":["True Grit"],"picked":"SKIP","floor":121.0},{"not_picked":["Heavy Blade"],"picked":"SKIP","floor":126.0},{"not_picked":["Perfected Strike"],"picked":"SKIP","floor":129.0},{"not_picked":["Ghostly Armor"],"picked":"SKIP","floor":130.0},{"not_picked":["Pommel Strike"],"picked":"SKIP","floor":131.0},{"not_picked":["Perfected Strike"],"picked":"SKIP","floor":132.0},{"not_picked":["infinitespire:Fortify","infinitespire:Execution"],"picked":"infinitespire:Punishment","floor":133.0},{"not_picked":["Defy Death"],"picked":"SKIP","floor":133.0},{"not_picked":["Entrench+1"],"picked":"SKIP","floor":137.0},{"not_picked":["Entrench+1"],"picked":"SKIP","floor":137.0},{"not_picked":[],"picked":"Inflame","floor":139.0},{"not_picked":["Power Through"],"picked":"SKIP","floor":140.0},{"not_picked":["Headbutt+1"],"picked":"SKIP","floor":141.0},{"not_picked":["Life Link"],"picked":"SKIP","floor":142.0},{"not_picked":["StuffTheSpire:Slingshot"],"picked":"SKIP","floor":144.0},{"not_picked":["Cleave+1"],"picked":"SKIP","floor":146.0},{"not_picked":["True Grit+1"],"picked":"SKIP","floor":147},{"not_picked":[],"picked":"Heavy Blade","floor":148},{"not_picked":["Headbutt"],"picked":"SKIP","floor":149},{"not_picked":["Uppercut"],"picked":"SKIP","floor":150},{"not_picked":["Twin Strike"],"picked":"SKIP","floor":156}],"player_experience":867632,"relics_obtained":[{"floor":6.0,"key":"Bronze Scales"},{"floor":9.0,"key":"Replay:Ringing Soul"},{"floor":23.0,"key":"Red Skull"},{"floor":26.0,"key":"Regal Pillow"},{"floor":40.0,"key":"CaptainsWheel"},{"floor":43.0,"key":"Mercury Hourglass"},{"floor":44.0,"key":"Nunchaku"},{"floor":60.0,"key":"reliquary:BallBearing"},{"floor":62.0,"key":"ReplayTheSpireMod:TigerMarble"},{"floor":64.0,"key":"Shovel"},{"floor":65.0,"key":"Ring of Hypnosis"},{"floor":65.0,"key":"Ring of Misfortune"},{"floor":66.0,"key":"reliquary:Crutches"},{"floor":74.0,"key":"reliquary:Aerogel"},{"floor":76.0,"key":"StuffTheSpire:Experiment12"},{"floor":77.0,"key":"Replay:Accelerometer"},{"floor":81.0,"key":"Another Sword"},{"floor":82.0,"key":"Pocketwatch"},{"floor":89.0,"key":"StuffTheSpire:NeowsTribute"},{"floor":91.0,"key":"reliquary:NewFriend"},{"floor":92.0,"key":"Smiling Mask"},{"floor":94.0,"key":"infinitespire:Magic Flask"},{"floor":96.0,"key":"reliquary:TatteredRug"},{"floor":99.0,"key":"Du-Vu Doll"},{"floor":100.0,"key":"StuffTheSpire:SapphireSignet"},{"floor":108.0,"key":"FossilizedHelix"},{"floor":111.0,"key":"Potion Belt"},{"floor":112.0,"key":"Replay:Bandana"},{"floor":115.0,"key":"infinitespire:CheckeredPen"},{"floor":117.0,"key":"Lizard Tail"},{"floor":125.0,"key":"Sundial"},{"floor":126.0,"key":"reliquary:TuningFork"},{"floor":128.0,"key":"The Courier"},{"floor":133.0,"key":"Unceasing Top"},{"floor":134.0,"key":"Lantern"},{"floor":142.0,"key":"StuffTheSpire:CocoNut"},{"floor":143.0,"key":"reliquary:RosewoodLute"},{"floor":145.0,"key":"Pantograph"},{"floor":147,"key":"reliquary:Knoch"},{"floor":149,"key":"StuffTheSpire:Barrel"},{"floor":151,"key":"Replay:Bottled Snecko"},{"floor":154,"key":"infinitespire:BottledMercury"},{"floor":156,"key":"Calipers"}],"event_choices":[{"cards_removed":["ReplayTheSpireMod:Stacked"],"damage_healed":5.0,"max_hp_gain":0.0,"max_hp_loss":0.0,"gold_gain":0.0,"event_name":"Bonfire Elementals","player_choice":"Offered Uncommon","floor":2.0,"gold_loss":0.0,"damage_taken":0.0},{"damage_healed":0.0,"max_hp_gain":0.0,"max_hp_loss":0.0,"gold_gain":0.0,"event_name":"Shining Light","player_choice":"Entered Light","floor":4.0,"gold_loss":0.0,"damage_taken":16.0,"cards_upgraded":["Flex","Strike_R"]},{"damage_healed":0.0,"max_hp_gain":0.0,"max_hp_loss":0.0,"gold_gain":0.0,"event_name":"NoteForYourself","player_choice":"Ignored","floor":7.0,"gold_loss":0.0,"damage_taken":0.0},{"cards_removed":["Defend_R"],"damage_healed":0.0,"max_hp_gain":0.0,"max_hp_loss":0.0,"gold_gain":0.0,"event_name":"Wheel of Change","player_choice":"Card Removal","floor":11.0,"gold_loss":0.0,"damage_taken":0.0},{"damage_healed":0.0,"max_hp_gain":5.0,"max_hp_loss":0.0,"gold_gain":0.0,"event_name":"Forgotten Altar","player_choice":"Shed Blood","floor":19.0,"gold_loss":0.0,"damage_taken":23.0},{"damage_healed":0.0,"max_hp_gain":0.0,"max_hp_loss":0.0,"gold_gain":275.0,"event_name":"Golden Shrine","player_choice":"Desecrate","floor":25.0,"gold_loss":0.0,"damage_taken":0.0,"cards_obtained":["Regret"]},{"damage_healed":22.0,"max_hp_gain":0.0,"max_hp_loss":0.0,"gold_gain":0.0,"event_name":"Wheel of Change","player_choice":"Full Heal","floor":30.0,"gold_loss":0.0,"damage_taken":0.0},{"damage_healed":0.0,"max_hp_gain":0.0,"max_hp_loss":0.0,"gold_gain":0.0,"event_name":"SecretPortal","player_choice":"Ignored","floor":36.0,"gold_loss":0.0,"damage_taken":0.0},{"damage_healed":0.0,"max_hp_gain":0.0,"max_hp_loss":0.0,"gold_gain":0.0,"event_name":"SensoryStone","player_choice":"Memory 2","floor":41.0,"gold_loss":0.0,"damage_taken":5.0},{"damage_healed":40.0,"max_hp_gain":0.0,"max_hp_loss":0.0,"gold_gain":0.0,"event_name":"Winding Halls","player_choice":"Writhe","floor":47.0,"gold_loss":0.0,"damage_taken":0.0,"cards_obtained":["Writhe"]},{"damage_healed":0.0,"max_hp_gain":0.0,"max_hp_loss":0.0,"gold_gain":0.0,"event_name":"Big Fish","player_choice":"Box","floor":54.0,"gold_loss":0.0,"damage_taken":0.0,"relics_obtained":["Anchor"],"cards_obtained":["Regret"]},{"damage_healed":0.0,"max_hp_gain":0.0,"max_hp_loss":0.0,"gold_gain":0.0,"event_name":"Back to Basics","player_choice":"Simplicity","floor":71.0,"gold_loss":0.0,"damage_taken":0.0,"cards_upgraded":["Strike_R","Defend_R"]},{"damage_healed":0.0,"max_hp_gain":0.0,"max_hp_loss":0.0,"gold_gain":0.0,"event_name":"Addict","player_choice":"Obtained Relic","floor":73.0,"gold_loss":85.0,"damage_taken":0.0,"relics_obtained":["reliquary:Sideboard"]},{"damage_healed":0.0,"max_hp_gain":0.0,"max_hp_loss":0.0,"gold_gain":0.0,"event_name":"Mysterious Sphere","player_choice":"Fight","floor":89.0,"gold_loss":0.0,"damage_taken":0.0},{"damage_healed":0.0,"max_hp_gain":0.0,"max_hp_loss":0.0,"gold_gain":0.0,"event_name":"Living Wall","player_choice":"Grow","floor":104.0,"gold_loss":0.0,"damage_taken":0.0,"cards_upgraded":["Demon Form"]},{"damage_healed":0.0,"max_hp_gain":0.0,"max_hp_loss":0.0,"gold_gain":62.0,"event_name":"Golden Wing","player_choice":"Gained Gold","floor":105.0,"gold_loss":0.0,"damage_taken":0.0},{"damage_healed":0.0,"max_hp_gain":0.0,"max_hp_loss":0.0,"gold_gain":0.0,"event_name":"Scrap Ooze","player_choice":"Success","floor":106.0,"gold_loss":0.0,"damage_taken":12.0,"relics_obtained":["Orichalcum"]},{"damage_healed":0.0,"max_hp_gain":0.0,"max_hp_loss":0.0,"gold_gain":0.0,"event_name":"The Woman in Blue","player_choice":"Bought 1 Potion","floor":107.0,"gold_loss":0.0,"damage_taken":0.0},{"damage_healed":0.0,"max_hp_gain":0.0,"max_hp_loss":0.0,"gold_gain":0.0,"event_name":"The Library","player_choice":"Read","floor":123.0,"gold_loss":0.0,"damage_taken":0.0,"cards_obtained":["Spot Weakness"]},{"damage_healed":0.0,"max_hp_gain":0.0,"max_hp_loss":0.0,"gold_gain":0.0,"event_name":"Nest","player_choice":"Joined the Cult","floor":124.0,"gold_loss":0.0,"damage_taken":6.0,"cards_obtained":["RitualDagger"]},{"damage_healed":0.0,"max_hp_gain":0.0,"max_hp_loss":0.0,"gold_gain":0.0,"event_name":"Duplicator","player_choice":"Copied","floor":127.0,"gold_loss":0.0,"damage_taken":0.0,"cards_obtained":["Demon Form"]}],"is_beta":false,"boss_relics":[{"not_picked":["Pandora\u0027s Box","Ectoplasm"],"picked":"Cursed Key"},{"not_picked":["Replay:Bronze Core","reliquary:RedCape"],"picked":"Runic Pyramid"},{"not_picked":["StuffTheSpire:RunicConfusion","Ring of Chaos"],"picked":"Philosopher\u0027s Stone"},{"not_picked":["Fusion Hammer","reliquary:WritOfMandamus"],"picked":"Mark of Pain"},{"not_picked":["Abe\u0027s Treasure","Replay:Wanted Poster"],"picked":"Busted Crown"},{"not_picked":["reliquary:KinkedSpring","Replay:Bronze Core","StuffTheSpire:RunicConfusion"]},{"not_picked":["StuffTheSpire:ModemDavis","reliquary:RedCape"],"picked":"Fusion Hammer"},{"not_picked":["reliquary:KinkedSpring","StuffTheSpire:RunicConfusion"],"picked":"Painkiller Herb"},{"not_picked":["Sozu","infinitespire:Cupcake"],"picked":"SacredBark"}],"items_purged_floors":[0,0,0,0,10,37,37,45,48,48,48,56,56,97,97,97,97,97,97,110,110,110,122,122,138],"is_endless":true,"potions_floor_spawned":[1,13,14,23,24,28,31,39,40,50,59,61,62,67,69,75,76,87,88,89,96,101,103,115,118,121,131,132,135,139,140,142,144,146,148,152,156],"ascension_level":0}}