{"host":"avfk0uqadyfnr875","time":1612932969,"event":{"mods":["2.2 Compatiblity","Act Like it!","BaseMod","Chen","Colored Powertips","Downfall","Gensokyo","Koishi","KomeijiMod","Marisa£®ÏF”Í°°ƒß¿Ì…≥£©","Minty Spire (QoL Compilation)","Pale of the Ancients","Quick Restart","READ ME - Guardian Mod","Reimu£®≤©¿ˆ¡È√Œ£©","Shop Mod","StSLib","The Administrix","The Animator"],"gold_per_floor":[131,231,231,231,119,161,161,194,259,303,346,358,391,448,460,584,596,627,639,651,96,118,163,163,163,163,200,220,53,73,105,105,305,305],"floor_reached":33,"language":"ZHS","playtime":3342,"items_purged":["downfall:Icky","Lonely"],"score":538,"play_id":"4031c55f-5c11-40b2-9d69-083ee729cfe3","local_time":"20210210125609","is_ascension_mode":true,"campfire_choices":[{"data":"animator:Megumin","floor":7.0,"key":"SMITH"},{"floor":12.0,"key":"REST"},{"floor":15,"key":"RECALL"},{"floor":24,"key":"REST"},{"data":"animator:Ainz","floor":32,"key":"SMITH"}],"circlet_count":0,"master_deck":["animator:Strike_NoGameNoLife+1","animator:Defend_NoGameNoLife","animator:Strike","animator:Strike","animator:Strike","animator:Defend","animator:Defend","animator:Defend","animator:DolaSchwi","animator:DolaCouronne","animator:IzunaHatsuse","animator:Shizu","animator:Megumin+6","animator:Genos","animator:Chris","animator:Shion","animator:Ainz+1","animator:Kaijin","animator:Aqua","animator:Hibiki","animator:ItamiYouji","animator:Vesta","animator:Curse_GriefSeed","animator:Kazuma","Gensokyo:BlemishedSteel","Gensokyo:Shovel","animator:Cocytus"],"relics":["animator:LivingPicture","animator:TheMissingPiece","NeowsBlessing","Darkstone Periapt","Pear","Gremlin Horn","MawBank","animator:Buoy","Orichalcum","Cursed Key","Ginger","Vajra","Thread and Needle","Unceasing Top","TungstenRod","Mango"],"acts_visited":["Gensokyo:Gensokyo","Gensokyo:Gensokyoer"],"potions_floor_usage":[23,31,31],"damage_taken":[{"damage":0.0,"enemies":"Gensokyo:Python","floor":1.0,"turns":1.0},{"damage":0.0,"enemies":"Gensokyo:Cirno","floor":6.0,"turns":2.0},{"damage":4.0,"enemies":"Gensokyo:Mamizou","floor":8.0,"turns":2.0},{"damage":32.0,"enemies":"Gensokyo:Aya","floor":10.0,"turns":5.0},{"damage":6.0,"enemies":"Gensokyo:2_Kodama","floor":11.0,"turns":3.0},{"damage":0.0,"enemies":"Gensokyo:3_Fairies","floor":13.0,"turns":4.0},{"damage":0,"enemies":"Gensokyo:Cirno","floor":14,"turns":4},{"damage":50,"enemies":"Gensokyo:Kokoro","floor":16,"turns":11},{"damage":15,"enemies":"Gensokyo:2_Gloops","floor":18,"turns":5},{"damage":8,"enemies":"Gensokyo:CosmicMonolith","floor":22,"turns":4},{"damage":47,"enemies":"Gensokyo:Tenshi","floor":23,"turns":6},{"damage":14,"enemies":"Gensokyo:Reisen","floor":27,"turns":4},{"damage":25,"enemies":"Gensokyo:Wraith","floor":28,"turns":4},{"damage":0,"enemies":"Gensokyo:Monolith_and_Dog","floor":30,"turns":5},{"damage":20,"enemies":"Gensokyo:Koishi","floor":31,"turns":6},{"damage":37,"enemies":"Gensokyo:Eiki","floor":33,"turns":4}],"seed_played":"376849532631969904","potions_obtained":[{"floor":6.0,"key":"Fire Potion"},{"floor":11.0,"key":"LiquidMemories"},{"floor":22,"key":"Block Potion"},{"floor":23,"key":"Guardian:BlockOnCardUsePotion"},{"floor":28,"key":"FearPotion"},{"floor":31,"key":"UndeadPotion"}],"is_trial":false,"path_per_floor":["M","?","?","?","$","E","R","E","T","E","M","R","M","E","R","B",null,"M","?","?","$","M","E","R","?","T","E","M","COS","M","E","R","B"],"character_chosen":"THE_ANIMATOR","items_purchased":["animator:Megumin","animator:Hibiki","Ginger"],"campfire_rested":2,"item_purchase_floors":[5,21,21],"current_hp_per_floor":[59,94,94,89,89,89,89,85,85,53,47,80,80,80,80,30,91,77,77,77,77,71,26,59,59,65,53,30,30,32,32,32,0,0],"gold":305,"neow_bonus":"THREE_ENEMY_KILL","is_daily":false,"chose_seed":false,"campfire_upgraded":2,"win_rate":0.0,"timestamp":1612932969,"path_taken":["M","?","?","?","$","E","R","E","T","E","?","R","M","E","R","BOSS","M","?","?","$","?","E","R","?","T","E","M","COS","M","E","R","BOSS"],"items_purchased_type":["Card","Card","Relic"],"build_version":"2020-12-22","purchased_purges":2,"victory":false,"max_hp_per_floor":[66,101,101,111,111,111,111,111,111,111,111,111,111,111,111,111,111,112,112,112,112,112,112,112,104,110,110,110,110,110,124,124,124,124],"card_choices":[{"not_picked":["animator:Demiurge","animator:Nanami"],"picked":"animator:IzunaHatsuse","floor":1.0},{"not_picked":["animator:YaoHaDucy","animator:Mitsurugi"],"picked":"animator:Genos","floor":6.0},{"not_picked":["animator:Konayuki","animator:Hakurou"],"picked":"animator:Chris","floor":8.0},{"not_picked":["animator:Kazuma","animator:Mitsurugi"],"picked":"animator:Megumin","floor":10.0},{"not_picked":["animator:Kazuma","animator:DolaStephanie"],"picked":"animator:Shion","floor":11.0},{"not_picked":["animator:PandorasActor","animator:Chris","animator:Souei"],"picked":"SKIP","floor":13.0},{"not_picked":["animator:Kazuma","animator:DolaStephanie"],"picked":"animator:Megumin","floor":14},{"not_picked":["animator:Saitama","animator:Shiro"],"picked":"animator:Ainz","floor":16},{"not_picked":["animator:Hakurou","animator:Vesta"],"picked":"animator:Kaijin","floor":18},{"not_picked":["animator:Aqua","animator:UneriGinkaku"],"picked":"animator:ItamiYouji","floor":22},{"not_picked":["animator:NarberalGamma","animator:Melzalgald"],"picked":"animator:Vesta","floor":23},{"not_picked":["animator:Tet","animator:DolaRiku+1"],"picked":"animator:Megumin","floor":27},{"not_picked":["animator:Verdia","animator:Darkness"],"picked":"animator:Kazuma","floor":28},{"not_picked":["animator:ItamiYouji","animator:MumenRider"],"picked":"animator:Cocytus","floor":30},{"not_picked":["animator:ChlammyZell+1","animator:UneriGinkaku","animator:Evileye"],"picked":"SKIP","floor":31}],"player_experience":379879,"relics_obtained":[{"floor":6.0,"key":"Gremlin Horn"},{"floor":8.0,"key":"MawBank"},{"floor":10.0,"key":"animator:Buoy"},{"floor":14,"key":"Orichalcum"},{"floor":23,"key":"Vajra"},{"floor":26,"key":"Unceasing Top"},{"floor":27,"key":"TungstenRod"},{"floor":31,"key":"Mango"}],"event_choices":[{"cards_removed":["downfall:Haunted"],"damage_healed":0.0,"max_hp_gain":0.0,"max_hp_loss":0.0,"gold_gain":0.0,"event_name":"◊Á÷‰…≠¡÷","player_choice":"Removed","floor":3.0,"gold_loss":0.0,"damage_taken":0.0},{"cards_removed":["downfall:Aged"],"damage_healed":0.0,"max_hp_gain":0.0,"max_hp_loss":0.0,"gold_gain":0.0,"event_name":"◊Á÷‰…≠¡÷","player_choice":"Removed","floor":3.0,"gold_loss":0.0,"damage_taken":0.0}],"is_beta":false,"boss_relics":[{"not_picked":["Runic Dome","Mark of Pain"],"picked":"Cursed Key"}],"items_purged_floors":[5,21],"is_endless":false,"potions_floor_spawned":[6,11,22,23,28,31],"killed_by":"Gensokyo:Eiki","ascension_level":6}}