{"host":"6azrrw3tf7wb0f4b","time":1612941342,"event":{"mods":["BaseMod","DeckTracker","Minty Spire (QoL Compilation)","SuperFastMode"],"gold_per_floor":[116,41,191,191,206,206,237,267,314,79,94,94,132,142,142,216,216,230,210,184,84,84,84],"floor_reached":22,"language":"KOR","playtime":374,"items_purged":["Doubt","Strike_B"],"score":376,"play_id":"9ad756d6-d7da-4ea7-8ae6-8760ea816714","local_time":"20210210161542","is_ascension_mode":true,"campfire_choices":[{"data":"Dualcast","floor":6,"key":"SMITH"},{"floor":15,"key":"REST"}],"circlet_count":0,"master_deck":["AscendersBane","Strike_B","Strike_B","Defend_B","Defend_B","Defend_B","Defend_B","Zap","Dualcast+1","Sweeping Beam","Cold Snap","Hologram+1","Reboot","Ball Lightning","Consume","Rainbow","Turbo+1","Capacitor"],"relics":["FrozenCore","NeowsBlessing","InkBottle","Matryoshka","Strawberry","Dream Catcher","Toolbox"],"acts_visited":["Exordium","TheCity"],"potions_floor_usage":[],"damage_taken":[{"damage":0,"enemies":"Small Slimes","floor":1,"turns":1},{"damage":0,"enemies":"Jaw Worm","floor":5,"turns":1},{"damage":0,"enemies":"3 Sentries","floor":7,"turns":1},{"damage":0,"enemies":"2 Louse","floor":11,"turns":2},{"damage":7,"enemies":"Looter","floor":13,"turns":4},{"damage":7,"enemies":"Red Slaver","floor":14,"turns":4},{"damage":55,"enemies":"The Guardian","floor":16,"turns":10},{"damage":35,"enemies":"Shell Parasite","floor":18,"turns":6},{"damage":27,"enemies":"2 Thieves","floor":20,"turns":5},{"damage":4,"enemies":"Centurion and Healer","floor":22,"turns":3}],"seed_played":"-3835292808362543225","potions_obtained":[{"floor":14,"key":"FearPotion"},{"floor":16,"key":"Dexterity Potion"},{"floor":19,"key":"GamblersBrew"}],"is_trial":false,"path_per_floor":["M","?","?","T","M","R","E","?","T","$","M","?","M","M","R","B",null,"M","?","M","$","M"],"character_chosen":"DEFECT","items_purchased":["Toolbox"],"campfire_rested":1,"item_purchase_floors":[10],"current_hp_per_floor":[64,64,64,64,64,64,64,64,71,71,71,71,64,57,78,23,64,29,29,2,2,0,0],"gold":84,"neow_bonus":"THREE_ENEMY_KILL","is_daily":false,"chose_seed":false,"campfire_upgraded":1,"win_rate":0.0,"timestamp":1612941342,"path_taken":["M","?","?","?","M","R","E","?","T","?","?","?","M","?","R","BOSS","M","?","M","$","?"],"items_purchased_type":["Relic"],"build_version":"2020-12-22","purchased_purges":2,"victory":false,"max_hp_per_floor":[71,71,71,71,71,71,71,71,78,78,78,78,78,78,78,78,78,78,78,78,78,78,78],"card_choices":[{"not_picked":["Redo","Stack","Turbo"],"picked":"SKIP","floor":1},{"not_picked":["Aggregate","Scrape"],"picked":"Sweeping Beam","floor":5},{"not_picked":["Blizzard","Heatsinks"],"picked":"Cold Snap","floor":7},{"not_picked":["Turbo","Stack"],"picked":"Hologram","floor":11},{"not_picked":["Conserve Battery","Leap"],"picked":"Reboot","floor":13},{"not_picked":["Recycle","Go for the Eyes"],"picked":"Ball Lightning","floor":14},{"not_picked":["Turbo","Force Field"],"picked":"Consume","floor":15},{"not_picked":["Biased Cognition","Reboot"],"picked":"Rainbow","floor":16},{"not_picked":["Beam Cell","Skim"],"picked":"Turbo+1","floor":18},{"not_picked":["Melter","Rebound+1"],"picked":"Capacitor","floor":20}],"player_experience":767792,"relics_obtained":[{"floor":4,"key":"InkBottle"},{"floor":7,"key":"Matryoshka"},{"floor":9,"key":"Strawberry"},{"floor":9,"key":"Dream Catcher"}],"event_choices":[{"cards_removed":["Strike_B"],"damage_healed":0,"gold_gain":0,"player_choice":"Card Removal","damage_taken":0,"max_hp_gain":0,"max_hp_loss":0,"event_name":"The Cleric","floor":2,"gold_loss":75},{"damage_healed":0,"gold_gain":150,"player_choice":"AGREE","damage_taken":0,"max_hp_gain":0,"max_hp_loss":0,"event_name":"Liars Game","floor":3,"gold_loss":0,"cards_obtained":["Doubt"]},{"damage_healed":0,"gold_gain":30,"player_choice":"Searched \u00271\u0027 times","damage_taken":0,"max_hp_gain":0,"max_hp_loss":0,"event_name":"Dead Adventurer","floor":8,"gold_loss":0},{"damage_healed":0,"gold_gain":0,"player_choice":"Upgraded","damage_taken":0,"max_hp_gain":0,"max_hp_loss":0,"event_name":"Upgrade Shrine","floor":12,"gold_loss":0,"cards_upgraded":["Hologram"]},{"damage_healed":0,"gold_gain":0,"player_choice":"Bought 1 Potion","damage_taken":0,"max_hp_gain":0,"max_hp_loss":0,"event_name":"The Woman in Blue","floor":19,"gold_loss":0}],"is_beta":false,"boss_relics":[{"not_picked":["Busted Crown","Philosopher\u0027s Stone"],"picked":"FrozenCore"}],"items_purged_floors":[10,21],"is_endless":false,"potions_floor_spawned":[14,16,18,20],"killed_by":"Centurion and Healer","ascension_level":16}}