{"host":"yfdtuf6ojcxn06xg","time":1612942412,"event":{"mods":["2.2 Compatiblity","AchievementEnabler","BaseMod","Colored Map","Colored Powertips","Curses Come First","Hermit","JesterMod","Jorbs\u0027s Wanderer Trilogy","Minty Spire (QoL Compilation)","Quick Restart","Rare Cards Sparkle","Relic Stats","Replay The Spire","StSLib","The Cursed","The Disciple","The Hierophant","The Jungle","The Marked","The Necromancer","The Servant 0.9.4"],"gold_per_floor":[115,115,40,40,51,51,83,83,83,83,37,47,77,90,90,190,190,202,202,228,128,141,141,176,176,176,188,216,216,236,45,45,140,140,153,99,115,0,19,19,19,19],"floor_reached":41,"language":"ENG","playtime":1690,"items_purged":["Strike_B","Injury"],"score":533,"play_id":"ec8c2b57-818e-456d-9e14-9377ab83eb5b","local_time":"20210210023332","is_ascension_mode":true,"campfire_choices":[{"data":"Zap","floor":6,"key":"SMITH"},{"data":"Dualcast","floor":8,"key":"SMITH"},{"data":"Gash","floor":10,"key":"SMITH"},{"data":"Scrape","floor":15,"key":"SMITH"},{"data":"ReplayTheSpireMod:Repulse","floor":23,"key":"SMITH"},{"data":"Gash","floor":23,"key":"SMITH"},{"floor":25,"key":"REST"},{"floor":32,"key":"REST"},{"floor":40,"key":"REST"}],"circlet_count":0,"master_deck":["Strike_B","Strike_B","Defend_B","Defend_B+1","Defend_B","Defend_B+1","Zap+1","Dualcast+1","Go for the Eyes","Gash+1","Beam Cell","Go for the Eyes","ReplayTheSpireMod:Repulse+1","Scrape+1","Meteor Strike","stsjorbsmod:Procrastination","TheCursedMod:Dregs","Gash+1","Gash","Recycle","Go for the Eyes","Good Instincts","Beam Cell","Buffer","BootSequence","Steam","Steam"],"relics":["Cracked Core","NeowsBlessing","Blue Candle","ReplayTheSpireMod:Lightbulb","Strawberry","Replay:Ancient Bell","Toy Ornithopter","Mercury Hourglass","Replay:Arrowhead","War Paint","Pantograph","Replay:Bottled Steam","Omamori","Regal Pillow","Replay:Grab Bag","Cursed Key","ChewingGum","Calling Bell","ReplayTheSpireMod:TigerMarble","Incense Burner","Solar Panel","Red Mask"],"acts_visited":["Exordium","TheCity","TheBeyond"],"potions_floor_usage":[16,24,27,28,33,39],"damage_taken":[{"damage":0,"enemies":"Jaw Worm","floor":1,"turns":1},{"damage":0,"enemies":"Small Slimes","floor":5,"turns":1},{"damage":0,"enemies":"3 Sentries","floor":7,"turns":1},{"damage":0,"enemies":"2 Louse","floor":12,"turns":2},{"damage":15,"enemies":"Lagavulin","floor":13,"turns":5},{"damage":1,"enemies":"Exordium Thugs","floor":14,"turns":4},{"damage":60,"enemies":"Fading Forest","floor":16,"turns":11},{"damage":4,"enemies":"Spheric Guardian","floor":18,"turns":3},{"damage":4,"enemies":"Chosen","floor":22,"turns":3},{"damage":16,"enemies":"Book of Stabbing","floor":24,"turns":4},{"damage":6,"enemies":"Centurion and Healer","floor":27,"turns":5},{"damage":23,"enemies":"Slavers","floor":28,"turns":4},{"damage":34,"enemies":"Snake Plant","floor":30,"turns":4},{"damage":29,"enemies":"Champ","floor":33,"turns":9},{"damage":4,"enemies":"Orb Walker","floor":35,"turns":3},{"damage":33,"enemies":"3 Darklings","floor":37,"turns":6},{"damage":40,"enemies":"Writhing Mass","floor":39,"turns":7},{"damage":71,"enemies":"R_Hoarder","floor":41,"turns":10}],"seed_played":"3796001264245351682","potions_obtained":[{"floor":13,"key":"LiquidMemories"},{"floor":14,"key":"Block Potion"},{"floor":16,"key":"Death Potion"},{"floor":18,"key":"Fire Potion"},{"floor":22,"key":"Explosive Potion"},{"floor":27,"key":"SteroidPotion"},{"floor":30,"key":"AttackPotion"},{"floor":35,"key":"Milkshake"}],"is_trial":false,"path_per_floor":["M","?","$","?","M","R","E","R","T","R","$","M","E","M","R","B",null,"M","?","T","$","M","R","E","R","T","M","E","?","M","$","R","B",null,"M","$","M","?","M","R","E"],"character_chosen":"DEFECT","items_purchased":["Go for the Eyes","Beam Cell","Regal Pillow","Steam"],"campfire_rested":3,"item_purchase_floors":[11,31,31,36],"current_hp_per_floor":[75,75,75,80,80,80,80,80,80,80,80,80,72,71,71,21,87,83,66,66,66,62,62,51,78,78,77,59,47,13,13,55,56,92,90,90,59,59,26,68,0,0],"gold":19,"neow_bonus":"THREE_ENEMY_KILL","is_daily":false,"chose_seed":false,"campfire_upgraded":6,"win_rate":0.0,"timestamp":1612942412,"path_taken":["M","?","$","?","M","R","E","R","T","R","$","M","E","M","R","BOSS","M","?","?","$","?","R","E","R","T","M","E","?","M","$","R","BOSS","M","$","?","?","M","R","E"],"items_purchased_type":["Card","Card","Relic","Card"],"build_version":"2020-12-22","purchased_purges":2,"victory":false,"max_hp_per_floor":[75,75,75,80,80,80,80,80,80,80,80,80,87,87,87,87,87,87,92,92,92,92,92,92,92,92,92,92,92,92,92,92,92,92,92,92,92,92,92,92,92,92],"relic_stats":{"Regal Pillow":30,"counters":[18,83],"Blue Candle":[14],"Pantograph":25,"War Paint":["Defend_B","Defend_B"],"Cursed Key":0,"obtain_stats":[{"Solar Panel":34,"Regal Pillow":31,"NeowsBlessing":0,"Blue Candle":7,"Replay:Grab Bag":34,"Replay:Ancient Bell":17,"Omamori":28,"Incense Burner":34,"War Paint":20,"Cursed Key":34,"Replay:Arrowhead":17,"Mercury Hourglass":17,"Calling Bell":34,"Strawberry":13,"Pantograph":24,"ChewingGum":34,"ReplayTheSpireMod:TigerMarble":34,"Red Mask":38,"Cracked Core":0,"ReplayTheSpireMod:Lightbulb":9,"Toy Ornithopter":17,"Replay:Bottled Steam":26},{"Solar Panel":14,"Regal Pillow":13,"NeowsBlessing":0,"Blue Candle":3,"Replay:Grab Bag":14,"Replay:Ancient Bell":7,"Omamori":12,"Incense Burner":14,"War Paint":8,"Cursed Key":14,"Replay:Arrowhead":7,"Mercury Hourglass":7,"Calling Bell":14,"Strawberry":5,"Pantograph":10,"ChewingGum":14,"ReplayTheSpireMod:TigerMarble":14,"Red Mask":16,"Cracked Core":0,"ReplayTheSpireMod:Lightbulb":3,"Toy Ornithopter":7,"Replay:Bottled Steam":10},{"Solar Panel":57,"Regal Pillow":48,"NeowsBlessing":0,"Blue Candle":3,"Replay:Grab Bag":57,"Replay:Ancient Bell":25,"Omamori":44,"Incense Burner":57,"War Paint":28,"Cursed Key":57,"Replay:Arrowhead":25,"Mercury Hourglass":25,"Calling Bell":57,"Strawberry":10,"Pantograph":35,"ChewingGum":57,"ReplayTheSpireMod:TigerMarble":57,"Red Mask":66,"Cracked Core":0,"ReplayTheSpireMod:Lightbulb":3,"Toy Ornithopter":25,"Replay:Bottled Steam":35}],"Toy Ornithopter":25,"Mercury Hourglass":[186]},"card_choices":[{"not_picked":["Steam","BasicCrystalCard"],"picked":"Go for the Eyes","floor":1},{"not_picked":["Compile Driver","Chaos"],"picked":"Gash","floor":5},{"not_picked":["Time Bomb","Conserve Battery"],"picked":"Beam Cell","floor":7},{"not_picked":["Conserve Battery","Leap"],"picked":"ReplayTheSpireMod:Repulse","floor":12},{"not_picked":["Leap","Coolheaded","Compile Driver"],"picked":"SKIP","floor":13},{"not_picked":["Stack","ReplayGash"],"picked":"Scrape","floor":14},{"not_picked":["Rainbow","ReplayTheSpireMod:Omega Cannon"],"picked":"Meteor Strike","floor":16},{"not_picked":["ReplayTheSpireMod:Restless Dread","ReplayTheSpireMod:Doomed"],"picked":"Injury","floor":17},{"not_picked":["Delirium","SwitchConfidence"],"picked":"stsjorbsmod:Procrastination","floor":17},{"not_picked":["Hallucinations","Normality"],"picked":"TheCursedMod:Dregs","floor":17},{"not_picked":["Turbo+1","Rebound+1"],"picked":"Gash","floor":18},{"not_picked":["Rebound+1","ReplaySolidLightProjector+1"],"picked":"Gash","floor":22},{"not_picked":["Sunder","Coolheaded"],"picked":"Recycle","floor":24},{"not_picked":["BasicCrystalCard+1","Conserve Battery"],"picked":"Go for the Eyes","floor":27},{"not_picked":["Static Discharge","Ball Lightning","Rainbow"],"picked":"SKIP","floor":28},{"not_picked":["Leap","Rebound","Barrage"],"picked":"SKIP","floor":30},{"not_picked":["Rainbow","Amplify"],"picked":"Buffer","floor":33},{"not_picked":["Turbo+1","Rebound"],"picked":"BootSequence","floor":35},{"not_picked":["ReplayRNGCard","Stack","Defragment"],"picked":"SKIP","floor":37},{"not_picked":["Rip and Tear+1","Panic Button+1"],"picked":"Steam","floor":39}],"player_experience":255249,"relics_obtained":[{"floor":7,"key":"Blue Candle"},{"floor":9,"key":"ReplayTheSpireMod:Lightbulb"},{"floor":13,"key":"Strawberry"},{"floor":20,"key":"War Paint"},{"floor":24,"key":"Pantograph"},{"floor":26,"key":"Replay:Bottled Steam"},{"floor":28,"key":"Omamori"},{"floor":34,"key":"ReplayTheSpireMod:TigerMarble"},{"floor":34,"key":"Incense Burner"},{"floor":34,"key":"Solar Panel"}],"event_choices":[{"cards_removed":["Strike_B"],"damage_healed":0,"gold_gain":0,"player_choice":"Forget","damage_taken":0,"max_hp_gain":0,"max_hp_loss":0,"event_name":"Living Wall","floor":2,"gold_loss":0},{"damage_healed":0,"gold_gain":0,"player_choice":"Donut","damage_taken":0,"max_hp_gain":5,"max_hp_loss":0,"event_name":"Big Fish","floor":4,"gold_loss":0},{"damage_healed":0,"gold_gain":0,"player_choice":"Shed Blood","damage_taken":22,"max_hp_gain":5,"max_hp_loss":0,"event_name":"Forgotten Altar","floor":19,"gold_loss":0},{"damage_healed":0,"gold_gain":0,"player_choice":"CARD ","damage_taken":12,"max_hp_gain":0,"max_hp_loss":0,"event_name":"Knowing Skull","floor":29,"potions_obtained":[],"gold_loss":0,"cards_obtained":["Good Instincts"]},{"damage_healed":0,"gold_gain":0,"player_choice":"Paid","damage_taken":0,"relics_obtained":["Red Mask"],"max_hp_gain":0,"max_hp_loss":0,"event_name":"Tomb of Lord Red Mask","floor":38,"gold_loss":115}],"is_beta":false,"boss_relics":[{"not_picked":["Replay:Fungal Core","Inserter"],"picked":"Replay:Ancient Bell"},{"not_picked":["Replay:Wax Seal","Gremlin Food"],"picked":"Toy Ornithopter"},{"not_picked":["ReplayTheSpireMod:Shallot","The Courier"],"picked":"Mercury Hourglass"},{"not_picked":["Dead Branch","Emotion Chip"],"picked":"Replay:Arrowhead"},{"not_picked":["FrozenCore","Velvet Choker"],"picked":"Replay:Grab Bag"},{"not_picked":["Busted Crown","Abe\u0027s Treasure"],"picked":"Cursed Key"},{"not_picked":["Coffee Dripper","Replay:Wanted Poster"],"picked":"ChewingGum"},{"not_picked":["Replay:Drink Me","Runic Pyramid"],"picked":"Calling Bell"}],"items_purged_floors":[3,21],"is_endless":false,"potions_floor_spawned":[13,14,16,18,22,27,30,35],"killed_by":"R_Hoarder","ascension_level":2}}