{"host":"t1puqh5lxz8sp6fn","time":1612937645,"event":{"mods":["AchievementEnabler","BaseMod","Colored Powertips","Minty Spire (QoL Compilation)","Rare Cards Sparkle","Relic Stats","StSLib"],"gold_per_floor":[367,12,12,38,56,56,90,90,117,117,117,148,171,199,211,296,308,333,270,282,305,267,311,323,335,370,410,440,465,488,500,512,603,615,640,652,652],"floor_reached":36,"playtime":1340,"items_purged":[],"score":830,"play_id":"fe086eba-77b4-403b-b763-8ab4ee97fc94","local_time":"20210210031405","is_ascension_mode":true,"campfire_choices":[{"floor":6.0,"key":"REST"},{"data":"Sweeping Beam","floor":8.0,"key":"SMITH"},{"data":"Buffer","floor":10.0,"key":"SMITH"},{"data":"Beam Cell","floor":15.0,"key":"SMITH"},{"data":"Hologram","floor":24.0,"key":"SMITH"},{"floor":32.0,"key":"REST"}],"circlet_count":0,"master_deck":["AscendersBane","Strike_B","Strike_B","Strike_B","Defend_B+1","Defend_B","Defend_B","Defend_B","Zap+1","Dualcast","Sweeping Beam+1","Go for the Eyes+1","Buffer+1","Beam Cell+1","Gash","Compile Driver","Echo Form","Defragment+1","Hologram+1","Self Repair","Leap","Darkness","Capacitor","Necronomicurse","Echo Form","Glacier"],"relics":["Cracked Core","TungstenRod","PreservedInsect","Bronze Scales","MawBank","Nuclear Battery","Lantern","Boot","Pen Nib","Necronomicon","Philosopher\u0027s Stone"],"acts_visited":["Exordium","TheCity","TheBeyond"],"potions_floor_usage":[33,35],"damage_taken":[{"damage":1.0,"enemies":"Cultist","floor":1.0,"turns":4.0},{"damage":1.0,"enemies":"Jaw Worm","floor":5.0,"turns":3.0},{"damage":1.0,"enemies":"Gremlin Nob","floor":7.0,"turns":3.0},{"damage":6.0,"enemies":"Lagavulin","floor":12.0,"turns":4.0},{"damage":0.0,"enemies":"Small Slimes","floor":13.0,"turns":2.0},{"damage":0.0,"enemies":"3 Louse","floor":14.0,"turns":2.0},{"damage":0.0,"enemies":"Slime Boss","floor":16.0,"turns":7.0},{"damage":6.0,"enemies":"3 Byrds","floor":18.0,"turns":3.0},{"damage":0.0,"enemies":"Chosen","floor":21.0,"turns":3.0},{"damage":4.0,"enemies":"Gremlin Leader","floor":23.0,"turns":6.0},{"damage":25.0,"enemies":"Slavers","floor":27.0,"turns":4.0},{"damage":1.0,"enemies":"3 Cultists","floor":28.0,"turns":4.0},{"damage":23.0,"enemies":"Snake Plant","floor":29.0,"turns":4.0},{"damage":3.0,"enemies":"Chosen and Byrds","floor":30.0,"turns":6.0},{"damage":43,"enemies":"Champ","floor":33,"turns":11},{"damage":39,"enemies":"Orb Walker","floor":35,"turns":5},{"damage":27,"enemies":"3 Darklings","floor":36,"turns":5}],"seed_played":"-7020619286463051486","potions_obtained":[{"floor":5.0,"key":"AttackPotion"},{"floor":7.0,"key":"BlessingOfTheForge"},{"floor":12.0,"key":"Explosive Potion"},{"floor":18.0,"key":"Swift Potion"},{"floor":29.0,"key":"Regen Potion"},{"floor":33,"key":"Block Potion"}],"is_trial":false,"path_per_floor":["M","$","?","T","M","R","E","R","T","R","?","E","M","M","R","B",null,"M","?","$","M","?","E","R","$","T","E","M","M","M","?","R","B",null,"M","M"],"character_chosen":"DEFECT","items_purchased":["TungstenRod","AttackPotion"],"campfire_rested":2,"item_purchase_floors":[2,2],"current_hp_per_floor":[45,45,25,25,24,45,44,44,44,44,44,38,38,38,38,38,63,57,57,57,57,57,53,53,53,53,28,41,25,36,19,40,19,58,26,0,0],"gold":652,"neow_bonus":"TWO_FIFTY_GOLD","is_daily":false,"chose_seed":false,"campfire_upgraded":4,"win_rate":0.0,"timestamp":1612937645,"path_taken":["M","$","?","?","M","R","E","R","T","R","?","E","M","M","R","BOSS","M","?","$","M","?","E","R","$","T","E","?","?","?","?","R","BOSS","M","M"],"items_purchased_type":["Relic","Potion"],"build_version":"2020-12-13","purchased_purges":0,"victory":false,"max_hp_per_floor":[71,71,71,71,71,71,71,71,71,71,71,71,71,71,71,71,71,71,71,71,71,71,71,71,71,71,71,71,71,71,71,71,71,71,71,71,71],"relic_stats":{"counters":[17,76],"Bronze Scales":[210],"PreservedInsect":139,"Pen Nib":[7],"Necronomicon":[0],"MawBank":288,"Boot":[45],"obtain_stats":[{"Lantern":23,"Bronze Scales":7,"Philosopher\u0027s Stone":34,"PreservedInsect":4,"Pen Nib":27,"Necronomicon":31,"Cracked Core":0,"MawBank":12,"Boot":26,"TungstenRod":2,"Nuclear Battery":17},{"Lantern":10,"Bronze Scales":3,"Philosopher\u0027s Stone":15,"PreservedInsect":1,"Pen Nib":11,"Necronomicon":14,"Cracked Core":0,"MawBank":4,"Boot":10,"TungstenRod":1,"Nuclear Battery":7},{"Lantern":37,"Bronze Scales":10,"Philosopher\u0027s Stone":66,"PreservedInsect":4,"Pen Nib":41,"Necronomicon":55,"Cracked Core":0,"MawBank":14,"Boot":37,"TungstenRod":4,"Nuclear Battery":25}],"TungstenRod":37},"card_choices":[{"not_picked":["Storm","Gash"],"picked":"Sweeping Beam","floor":1.0},{"not_picked":["Cold Snap","Aggregate"],"picked":"Go for the Eyes","floor":5.0},{"not_picked":["Go for the Eyes","Chill"],"picked":"Buffer","floor":7.0},{"not_picked":["Redo","Auto Shields"],"picked":"Beam Cell","floor":12.0},{"not_picked":["Hello World","Double Energy"],"picked":"Gash","floor":13.0},{"not_picked":["Redo","Stack"],"picked":"Compile Driver","floor":14.0},{"not_picked":["Amplify","Creative AI"],"picked":"Echo Form","floor":16.0},{"not_picked":["Sweeping Beam","Consume"],"picked":"Defragment","floor":18.0},{"not_picked":["Beam Cell","Go for the Eyes"],"picked":"Hologram","floor":21.0},{"not_picked":["Lockon","Gash"],"picked":"Self Repair","floor":23.0},{"not_picked":["Cold Snap","Defragment"],"picked":"Leap","floor":27.0},{"not_picked":["Hyperbeam","Conserve Battery","Streamline"],"picked":"SKIP","floor":28.0},{"not_picked":["Reprogram","Barrage"],"picked":"Darkness","floor":29.0},{"not_picked":["Coolheaded","Beam Cell"],"picked":"Capacitor","floor":30.0},{"not_picked":["Amplify","Creative AI"],"picked":"Echo Form","floor":33},{"not_picked":["Hologram","Sweeping Beam"],"picked":"Glacier","floor":35}],"player_experience":501278,"relics_obtained":[{"floor":4.0,"key":"PreservedInsect"},{"floor":7.0,"key":"Bronze Scales"},{"floor":12.0,"key":"MawBank"},{"floor":23.0,"key":"Lantern"},{"floor":26.0,"key":"Boot"},{"floor":27.0,"key":"Pen Nib"},{"floor":31.0,"key":"Necronomicon"}],"event_choices":[{"damage_healed":0.0,"max_hp_gain":0.0,"max_hp_loss":0.0,"gold_gain":0.0,"event_name":"Shining Light","player_choice":"Entered Light","floor":3.0,"gold_loss":0.0,"damage_taken":21.0,"cards_upgraded":["Zap","Defend_B"]},{"damage_healed":0.0,"max_hp_gain":0.0,"max_hp_loss":0.0,"gold_gain":0.0,"event_name":"Liars Game","player_choice":"Ignored","floor":11.0,"gold_loss":0.0,"damage_taken":0.0},{"cards_removed":["Strike_B"],"damage_healed":0.0,"max_hp_gain":0.0,"max_hp_loss":0.0,"gold_gain":0.0,"event_name":"Beggar","player_choice":"Gave Gold","floor":19.0,"gold_loss":75.0,"damage_taken":0.0},{"damage_healed":0.0,"max_hp_gain":0.0,"max_hp_loss":0.0,"gold_gain":0.0,"event_name":"Designer","player_choice":"Upgraded Two","floor":22.0,"gold_loss":50.0,"damage_taken":0.0,"cards_upgraded":["Go for the Eyes","Defragment"]},{"damage_healed":0.0,"max_hp_gain":0.0,"max_hp_loss":0.0,"gold_gain":0.0,"event_name":"Cursed Tome","player_choice":"Obtained Book","floor":31.0,"gold_loss":0.0,"damage_taken":21.0}],"is_beta":false,"boss_relics":[{"not_picked":["Coffee Dripper","Busted Crown"],"picked":"Nuclear Battery"},{"not_picked":["Calling Bell","Inserter"],"picked":"Philosopher\u0027s Stone"}],"items_purged_floors":[],"is_endless":false,"potions_floor_spawned":[5,7,12,14,18,29,33],"killed_by":"3 Darklings","ascension_level":15}}