{"host":"kaame4qwxxqnygv7","time":1612968716,"event":{"mods":["AchievementEnabler","BaseMod","Better Match","Better Skull","Better Third Choice","Block Reminder","DeckTracker","Energized Spire","GungeonMod","Minty Spire (QoL Compilation)","Quick Restart","Red Circlet Mod","StSLib","SuperFastMode","The Blue Laboratory"],"gold_per_floor":[110,120,120,143,143,143,28,48,123,123,139,154,154,154,154,253,253,295,47,9,27,41,76,76,93,93,93,114,135,165,185,204,204,204,204,204],"floor_reached":35,"language":"KOR","playtime":1271,"items_purged":["DemoMod:Strike_Huntress"],"score":423,"play_id":"6863840e-4cc1-49dc-9af3-4dc57837b4f7","local_time":"20210210235156","is_ascension_mode":true,"campfire_choices":[{"data":"DemoMod:ManualReload","floor":6.0,"key":"SMITH"},{"floor":10.0,"key":"REST"},{"floor":13.0,"key":"REST"},{"floor":15.0,"key":"REST"},{"data":"DemoMod:CursedBullets","floor":24.0,"key":"SMITH"},{"data":"DemoMod:Roll","floor":27.0,"key":"SMITH"},{"floor":33.0,"key":"RECALL"}],"circlet_count":0,"master_deck":["AscendersBane","DemoMod:Strike_Huntress","DemoMod:Strike_Huntress","DemoMod:Defend_Huntress","DemoMod:Defend_Huntress","DemoMod:Defend_Huntress","DemoMod:Defend_Huntress","DemoMod:Roll+1","DemoMod:ManualReload+1","DemoMod:RustySidearm","DemoMod:CrossBow","DemoMod:RadGun+1","DemoMod:FinishedGun+1","DemoMod:PotionOfGunFriendShip+1","DemoMod:HardPowerCard+1","DemoMod:CursedBullets+1","DemoMod:SniperShot+1","DemoMod:ConditionalReflex+1","DemoMod:BlankBullets","DemoMod:BalloonGun+1"],"relics":["DemoMod:Dog","Lantern","Molten Egg 2","DemoMod:OrangeGuonStone","Toxic Egg 2","DemoMod:WaxWing","Dream Catcher"],"acts_visited":["Exordium","TheCity","DemoMod:Maze"],"potions_floor_usage":[35],"damage_taken":[{"damage":6.0,"enemies":"Jaw Worm","floor":1.0,"turns":4.0},{"damage":4.0,"enemies":"Small Slimes","floor":2.0,"turns":5.0},{"damage":0.0,"enemies":"Cultist","floor":8.0,"turns":3.0},{"damage":33.0,"enemies":"Exordium Thugs","floor":11.0,"turns":6.0},{"damage":11.0,"enemies":"Lots of Slimes","floor":12.0,"turns":5.0},{"damage":27.0,"enemies":"Hexaghost","floor":16.0,"turns":9.0},{"damage":0.0,"enemies":"Shell Parasite","floor":18.0,"turns":2.0},{"damage":0.0,"enemies":"Spheric Guardian","floor":21.0,"turns":1.0},{"damage":0.0,"enemies":"Snecko","floor":22.0,"turns":3.0},{"damage":7.0,"enemies":"Gremlin Leader","floor":23.0,"turns":7.0},{"damage":0.0,"enemies":"Snake Plant","floor":25.0,"turns":3.0},{"damage":0.0,"enemies":"DemoMod:2_Veteran_bullet_kins_and_red_shotgun_kin","floor":28.0,"turns":2.0},{"damage":0.0,"enemies":"DemoMod:Red_and_blue_shotgun_kin","floor":29.0,"turns":3.0},{"damage":0.0,"enemies":"DemoMod:2_Mousers","floor":30.0,"turns":7.0},{"damage":6.0,"enemies":"DemoMod:Veteran_shot_gun_kin_and_blue_shotgun_kin_with_gunsinger","floor":31.0,"turns":4.0},{"damage":19.0,"enemies":"DemoMod:Red_and_blue_shotgun_kin_with_gunsinger","floor":32.0,"turns":3.0},{"damage":35,"enemies":"DemoMod:ResourcefulRat","floor":35,"turns":5}],"seed_played":"-6909722074755395574","potions_obtained":[{"floor":2.0,"key":"blueLaboratory:BottleOfRum"},{"floor":5.0,"key":"Weak Potion"},{"floor":12.0,"key":"Weak Potion"},{"floor":18.0,"key":"blueLaboratory:BubblePotion"},{"floor":25.0,"key":"blueLaboratory:PolymorphPotion"},{"floor":31.0,"key":"Explosive Potion"},{"floor":32.0,"key":"Dexterity Potion"}],"is_trial":false,"path_per_floor":["M","M","?","T","?","R","$","M","T","R","M","M","R","T","R","B",null,"M","$","$","M","M","E","R","M","T","R","M","M","M","M","M","R","B","B"],"character_chosen":"HUNTRESS","items_purchased":["DemoMod:GnawedKey","DemoMod:PotionOfGunFriendShip+1","DemoMod:HardPowerCard+1","DemoMod:CursedBullets","DemoMod:SniperShot+1"],"campfire_rested":3,"item_purchase_floors":[7,19,19,19,20],"current_hp_per_floor":[57,53,41,41,41,41,41,41,41,62,29,18,39,39,60,33,61,61,61,61,61,61,54,54,54,66,66,66,66,66,60,41,41,32,0,0],"gold":204,"neow_bonus":"RANDOM_COMMON_RELIC","is_daily":false,"chose_seed":false,"campfire_upgraded":3,"win_rate":0.0,"timestamp":1612968716,"path_taken":["M","M","?","?","?","R","$","?","T","R","M","M","R","?","R","BOSS","M","?","$","?","M","E","R","M","T","R","M","M","M","M","M","R","BOSS","BOSS"],"items_purchased_type":["Relic","Card","Card","Card","Card"],"build_version":"2020-12-22","purchased_purges":1,"victory":false,"max_hp_per_floor":[70,70,70,70,70,70,70,70,70,70,70,70,70,70,70,70,70,70,70,70,70,70,70,70,70,70,70,70,70,70,70,70,70,70,70,70],"card_choices":[{"not_picked":["DemoMod:AC15","DemoMod:GunShield","DemoMod:BoxingGlove"],"picked":"SKIP","floor":1.0},{"not_picked":["DemoMod:Ejector","DemoMod:StickyCrossBow","DemoMod:ProbeStrike"],"picked":"SKIP","floor":2.0},{"not_picked":["DemoMod:StickyCrossBow+1","DemoMod:FastSwitch","DemoMod:Unmoved"],"picked":"SKIP","floor":8.0},{"not_picked":["DemoMod:StickyCrossBow+1","DemoMod:TableSutra"],"picked":"DemoMod:RadGun+1","floor":11.0},{"not_picked":["DemoMod:SAA+1","DemoMod:DoubleSwitch","DemoMod:AC15+1"],"picked":"SKIP","floor":12.0},{"not_picked":["DemoMod:Desperate+1","DemoMod:FullFirepower+1"],"picked":"DemoMod:FinishedGun+1","floor":16.0},{"not_picked":["DemoMod:ProbeStrike+1","DemoMod:Casey+1","DemoMod:TeaPot+1"],"picked":"SKIP","floor":18.0},{"not_picked":["DemoMod:Rummage+1","DemoMod:TripleGun+1","DemoMod:PracticeMakesPerfect+1"],"picked":"SKIP","floor":21.0},{"not_picked":["DemoMod:ZorGun+1","DemoMod:RadGun+1","DemoMod:DoubleSwitch+1"],"picked":"SKIP","floor":22.0},{"not_picked":["DemoMod:FeignSurrender+1","DemoMod:BattleInHaste+1"],"picked":"DemoMod:ConditionalReflex+1","floor":23.0},{"not_picked":["DemoMod:DoubleSwitch+1","DemoMod:FortunesFavor+1","DemoMod:BoxingGlove+1"],"picked":"SKIP","floor":25.0},{"not_picked":["DemoMod:Elimentaler+1","DemoMod:HuntsMan+1","DemoMod:Ejector+1"],"picked":"SKIP","floor":28.0},{"not_picked":["DemoMod:DoubleSwitch+1","DemoMod:MachoBrace+1"],"picked":"DemoMod:BlankBullets","floor":29.0},{"not_picked":["DemoMod:Ejector+1","DemoMod:BoxingGlove+1","DemoMod:DoubleSwitch+1"],"picked":"SKIP","floor":30.0},{"not_picked":["DemoMod:PotionOfGunFriendShip+1","DemoMod:GunstockTap+1","DemoMod:Replace+1"],"picked":"SKIP","floor":31.0},{"not_picked":["DemoMod:SAA+1","DemoMod:AWP+1"],"picked":"DemoMod:BalloonGun+1","floor":32.0}],"player_experience":275838,"relics_obtained":[{"floor":9.0,"key":"DemoMod:OrangeGuonStone"},{"floor":14.0,"key":"Toxic Egg 2"},{"floor":23.0,"key":"Dream Catcher"}],"event_choices":[{"damage_healed":0.0,"max_hp_gain":0.0,"max_hp_loss":0.0,"gold_gain":0.0,"event_name":"betterThird:BetterScrap","player_choice":"Relic ","floor":3.0,"gold_loss":0.0,"damage_taken":12.0,"cards_obtained":["Crippling Poison"]},{"damage_healed":0.0,"max_hp_gain":0.0,"max_hp_loss":0.0,"gold_gain":0.0,"event_name":"Lab","player_choice":"Got Potions","floor":5.0,"gold_loss":0.0,"damage_taken":0.0}],"is_beta":false,"boss_relics":[{"not_picked":["Coffee Dripper","energizedSpire:EnergizedDie"],"picked":"DemoMod:WaxWing"}],"items_purged_floors":[19],"is_endless":false,"potions_floor_spawned":[2,12,18,25,31,32],"killed_by":"DemoMod:ResourcefulRat","ascension_level":11}}