{"host":"iphsb0ccnjx0pfn6","time":1612960320,"event":{"mods":["2.2 Compatiblity","AchievementEnabler","BaseMod","Colored Map","DeckTracker","Keyboard Shortcuts","Minty Spire (QoL Compilation)","Permanent Neow","Quick Restart","Relic Stats","StSLib","SuperFastMode","Uncapped","everything is the same but u backflip on backflip"],"gold_per_floor":[113,131,131,181,66,91,91,116,116,116,145,145,157,169,169,245,245,264,279,296,31,31,31,56,56,56,56,67,67,92,92,92,92,92],"floor_reached":33,"language":"KOR","playtime":817,"items_purged":["Strike_P","Strike_P"],"score":702,"play_id":"8d223ad3-202b-4840-992b-62cf1bade2a8","local_time":"20210210213200","is_ascension_mode":true,"campfire_choices":[{"data":"Eruption","floor":7.0,"key":"SMITH"},{"floor":10.0,"key":"REST"},{"data":"MentalFortress","floor":12.0,"key":"SMITH"},{"data":"Indignation","floor":15.0,"key":"SMITH"},{"data":"Adaptation","floor":23,"key":"SMITH"},{"floor":25,"key":"REST"},{"floor":27,"key":"REST"},{"data":"Scrawl","floor":29,"key":"SMITH"},{"floor":32,"key":"REST"}],"circlet_count":0,"master_deck":["AscendersBane","Strike_P+1","Strike_P","Defend_P","Defend_P+1","Defend_P","Defend_P","Eruption+1","Vigilance","SashWhip","WheelKick","MentalFortress+1","Tantrum","Halt","Indignation+1","Scrawl+1","Adaptation+1","EmptyFist+1","Wallop"],"relics":["PureWater","NeowsBlessing","Strawberry","Anchor","Pantograph","InkBottle","Runic Pyramid","Lee\u0027s Waffle","Matryoshka","Dream Catcher","Pen Nib","Art of War"],"acts_visited":["Exordium","TheCity"],"potions_floor_usage":[24,28],"damage_taken":[{"damage":0.0,"enemies":"2 Louse","floor":1.0,"turns":1.0},{"damage":0.0,"enemies":"Small Slimes","floor":2.0,"turns":1.0},{"damage":0.0,"enemies":"Lagavulin","floor":6.0,"turns":1.0},{"damage":41.0,"enemies":"3 Sentries","floor":8.0,"turns":8.0},{"damage":0.0,"enemies":"Lagavulin","floor":11.0,"turns":2.0},{"damage":0.0,"enemies":"Cultist","floor":13.0,"turns":3.0},{"damage":0.0,"enemies":"Exordium Wildlife","floor":14.0,"turns":3.0},{"damage":19.0,"enemies":"Slime Boss","floor":16.0,"turns":6.0},{"damage":33.0,"enemies":"Chosen","floor":18.0,"turns":4.0},{"damage":3,"enemies":"Spheric Guardian","floor":19,"turns":3},{"damage":12,"enemies":"3 Cultists","floor":20,"turns":4},{"damage":68,"enemies":"Gremlin Leader","floor":24,"turns":5},{"damage":20,"enemies":"Cultist and Chosen","floor":28,"turns":6},{"damage":52,"enemies":"Slavers","floor":30,"turns":6},{"damage":51,"enemies":"Champ","floor":33,"turns":8}],"seed_played":"7691470642892749984","potions_obtained":[{"floor":1.0,"key":"FearPotion"},{"floor":13.0,"key":"LiquidBronze"},{"floor":16.0,"key":"EssenceOfSteel"},{"floor":19,"key":"Regen Potion"}],"is_trial":false,"path_per_floor":["M","M","?","?","$","E","R","E","T","R","E","R","M","M","R","B",null,"M","M","M","$","?","R","E","R","T","R","M","R","E","?","R","B"],"character_chosen":"WATCHER","items_purchased":["MentalFortress","Lee\u0027s Waffle"],"campfire_rested":4,"item_purchase_floors":[5,21],"current_hp_per_floor":[61,61,41,35,35,42,42,1,1,23,23,23,23,23,23,29,64,31,28,16,82,82,82,14,38,38,62,54,54,2,2,26,0,0],"gold":92,"neow_bonus":"THREE_ENEMY_KILL","is_daily":false,"chose_seed":false,"campfire_upgraded":5,"win_rate":0.0,"timestamp":1612960320,"path_taken":["M","M","?","?","$","E","R","E","T","R","E","R","M","M","R","BOSS","M","?","M","$","?","R","E","R","T","R","M","R","E","?","R","BOSS"],"items_purchased_type":["Card","Relic"],"build_version":"2020-12-22","purchased_purges":2,"victory":false,"max_hp_per_floor":[68,68,68,68,68,75,75,75,75,75,75,75,75,75,75,75,75,75,75,75,82,82,82,82,82,82,82,82,82,82,82,82,82,82],"relic_stats":{"Lee\u0027s Waffle":66,"Dream Catcher":2,"counters":[15,61],"Pantograph":50,"Pen Nib":[3],"Art of War":[0],"obtain_stats":[{"Anchor":8,"Lee\u0027s Waffle":21,"Dream Catcher":26,"Matryoshka":24,"NeowsBlessing":0,"Strawberry":6,"Pantograph":9,"Pen Nib":26,"Art of War":30,"PureWater":0,"InkBottle":11,"Runic Pyramid":17},{"Anchor":4,"Lee\u0027s Waffle":11,"Dream Catcher":12,"Matryoshka":12,"NeowsBlessing":0,"Strawberry":3,"Pantograph":4,"Pen Nib":12,"Art of War":14,"PureWater":0,"InkBottle":5,"Runic Pyramid":8},{"Anchor":11,"Lee\u0027s Waffle":36,"Dream Catcher":41,"Matryoshka":41,"NeowsBlessing":0,"Strawberry":3,"Pantograph":11,"Pen Nib":41,"Art of War":53,"PureWater":0,"InkBottle":13,"Runic Pyramid":25}],"InkBottle":[14]},"card_choices":[{"not_picked":["Protect","Consecrate"],"picked":"SashWhip","floor":1.0},{"not_picked":["ReachHeaven","JustLucky"],"picked":"WheelKick","floor":2.0},{"not_picked":["FlyingSleeves","Consecrate","JustLucky"],"picked":"SKIP","floor":6.0},{"not_picked":["JustLucky","Weave"],"picked":"Tantrum","floor":8.0},{"not_picked":["Establishment","FlyingSleeves","Prostrate"],"picked":"SKIP","floor":11.0},{"not_picked":["Prostrate","Halt","JustLucky"],"picked":"SKIP","floor":13.0},{"not_picked":["Prostrate","JustLucky"],"picked":"Halt","floor":13.0},{"not_picked":["Protect","CrushJoints"],"picked":"Indignation","floor":14.0},{"not_picked":["Blasphemy","MasterReality"],"picked":"Scrawl","floor":16.0},{"not_picked":["SignatureMove","WindmillStrike","Collect"],"picked":"SKIP","floor":18.0},{"not_picked":["CrushJoints","Crescendo","Prostrate+1"],"picked":"SKIP","floor":19},{"not_picked":["JustLucky","Collect"],"picked":"Adaptation","floor":20},{"not_picked":["WheelKick","Perseverance"],"picked":"EmptyFist+1","floor":24},{"not_picked":["FlurryOfBlows","Collect","Perseverance"],"picked":"SKIP","floor":28},{"not_picked":["Halt","CutThroughFate+1","Prostrate"],"picked":"SKIP","floor":30},{"not_picked":["EmptyBody","Worship+1"],"picked":"Wallop","floor":32}],"player_experience":1301060,"relics_obtained":[{"floor":6.0,"key":"Strawberry"},{"floor":8.0,"key":"Anchor"},{"floor":9.0,"key":"Pantograph"},{"floor":11.0,"key":"InkBottle"},{"floor":24,"key":"Matryoshka"},{"floor":26,"key":"Dream Catcher"},{"floor":26,"key":"Pen Nib"},{"floor":30,"key":"Art of War"}],"event_choices":[{"damage_healed":0.0,"max_hp_gain":0.0,"max_hp_loss":0.0,"gold_gain":0.0,"event_name":"Shining Light","player_choice":"Entered Light","floor":3.0,"gold_loss":0.0,"damage_taken":20.0,"cards_upgraded":["Strike_P","Defend_P"]},{"damage_healed":0.0,"max_hp_gain":0.0,"max_hp_loss":0.0,"gold_gain":50.0,"event_name":"FaceTrader","player_choice":"Touch","floor":4.0,"gold_loss":0.0,"damage_taken":6.0},{"damage_healed":0,"gold_gain":0,"player_choice":"Ignored","damage_taken":0,"max_hp_gain":0,"max_hp_loss":0,"event_name":"Cursed Tome","floor":31,"gold_loss":0}],"is_beta":false,"boss_relics":[{"not_picked":["Coffee Dripper","HolyWater"],"picked":"Runic Pyramid"}],"items_purged_floors":[5,21],"is_endless":false,"potions_floor_spawned":[1,13,16,19],"killed_by":"Champ","ascension_level":20}}