{"host":"19r1ww88x2tc73i0","time":1612948397,"event":{"mods":["BaseMod","BetterRewards","Colored Map","Minty Spire (QoL Compilation)","Relic Stats","StSLib","SuperFastMode","slay the spire mod where everything is the same but ironclad has a cowboy hat"],"gold_per_floor":[114,114,127,138,63,63,63,63],"floor_reached":7,"language":"ENG","playtime":215,"items_purged":["Strike_B"],"score":82,"play_id":"92331975-f590-43e9-b276-f8851a585cf3","local_time":"25640210161317","is_ascension_mode":true,"campfire_choices":[{"data":"Hologram","floor":6,"key":"SMITH"}],"circlet_count":0,"master_deck":["AscendersBane","Strike_B","Strike_B","Strike_B","Defend_B","Defend_B","Defend_B","Defend_B","Zap","Dualcast","Rip and Tear+1","Rebound","Hologram+1","Self Repair"],"relics":["Cracked Core","Incense Burner","Pen Nib","Anchor","HornCleat"],"acts_visited":["Exordium"],"potions_floor_usage":[],"damage_taken":[{"damage":0,"enemies":"Cultist","floor":1,"turns":3},{"damage":0,"enemies":"2 Louse","floor":3,"turns":2},{"damage":0,"enemies":"Jaw Worm","floor":4,"turns":2},{"damage":21,"enemies":"3 Sentries","floor":7,"turns":6}],"seed_played":"-8937311761158359060","potions_obtained":[{"floor":4,"key":"FearPotion"}],"is_trial":false,"path_per_floor":["M","?","M","M","$","R","E"],"character_chosen":"DEFECT","items_purchased":["Incense Burner","Pen Nib","Rip and Tear","Anchor","HornCleat"],"campfire_rested":0,"item_purchase_floors":[0,0,0,0,0],"current_hp_per_floor":[27,27,27,27,27,27,6,6],"gold":63,"neow_bonus":"","is_daily":false,"chose_seed":false,"campfire_upgraded":1,"win_rate":0.0,"timestamp":1612948397,"path_taken":["M","?","M","M","?","R","E"],"items_purchased_type":["Relic","Relic","Card","Relic","Relic"],"build_version":"2020-12-22","purchased_purges":1,"victory":false,"max_hp_per_floor":[71,71,71,71,71,71,71,71],"relic_stats":{"counters":[51,235],"Pen Nib":[1],"obtain_stats":[{"Regal Pillow":31,"Gremlin Horn":28,"CeramicFish":24,"SacredBark":34,"Vajra":14,"Incense Burner":0,"Runic Capacitor":0,"Boot":30,"PrismaticShard":27,"FrozenCore":17,"Centennial Puzzle":0,"Shovel":0,"Matryoshka":12,"HornCleat":0,"Sundial":12,"Tiny Chest":26,"MealTicket":40,"WingedGreaves":6,"Cracked Core":0,"Potion Belt":14,"Lee\u0027s Waffle":0,"Inserter":34,"Happy Flower":0,"Astrolabe":17,"Oddly Smooth Stone":0,"Thread and Needle":0,"Pen Nib":0,"Omamori":26,"Mercury Hourglass":8,"Strange Spoon":37,"DataDisk":9,"Anchor":0,"Shuriken":9,"Membership Card":31},{"Regal Pillow":21,"Gremlin Horn":20,"CeramicFish":19,"SacredBark":42,"Vajra":33,"Incense Burner":27,"Runic Capacitor":27,"Boot":21,"PrismaticShard":38,"FrozenCore":15,"Centennial Puzzle":6,"Shovel":6,"Matryoshka":13,"HornCleat":47,"Sundial":32,"Tiny Chest":19,"MealTicket":46,"WingedGreaves":11,"Cracked Core":0,"Potion Belt":14,"Lee\u0027s Waffle":6,"Inserter":22,"Happy Flower":27,"Astrolabe":34,"Oddly Smooth Stone":6,"Thread and Needle":27,"Pen Nib":47,"Omamori":19,"Mercury Hourglass":13,"Strange Spoon":44,"DataDisk":13,"Anchor":47,"Shuriken":30,"Membership Card":21},{"Regal Pillow":97,"Gremlin Horn":92,"CeramicFish":87,"SacredBark":194,"Vajra":156,"Incense Burner":137,"Runic Capacitor":137,"Boot":97,"PrismaticShard":173,"FrozenCore":65,"Centennial Puzzle":22,"Shovel":22,"Matryoshka":53,"HornCleat":222,"Sundial":152,"Tiny Chest":87,"MealTicket":220,"WingedGreaves":43,"Cracked Core":0,"Potion Belt":57,"Lee\u0027s Waffle":22,"Inserter":105,"Happy Flower":137,"Astrolabe":164,"Oddly Smooth Stone":22,"Thread and Needle":137,"Pen Nib":222,"Omamori":87,"Mercury Hourglass":53,"Strange Spoon":202,"DataDisk":53,"Anchor":222,"Shuriken":145,"Membership Card":97}]},"card_choices":[{"not_picked":["Redo","Loop"],"picked":"Rebound","floor":1},{"not_picked":["Storm","Go for the Eyes"],"picked":"Hologram","floor":3},{"not_picked":["Doom and Gloom","Double Energy"],"picked":"Self Repair","floor":4}],"player_experience":1043018,"relics_obtained":[],"event_choices":[{"damage_healed":0,"gold_gain":0,"player_choice":"Upgraded","damage_taken":0,"max_hp_gain":0,"max_hp_loss":0,"event_name":"Upgrade Shrine","floor":2,"gold_loss":0,"cards_upgraded":["Rip and Tear"]}],"is_beta":false,"boss_relics":[],"items_purged_floors":[5],"is_endless":false,"potions_floor_spawned":[4],"killed_by":"3 Sentries","ascension_level":20}}