{"host":"9e8t9l667fx7pth6","time":1612968678,"event":{"mods":["2.2 Compatiblity","AchievementEnabler","Aspiration","BaseMod","BetterRewards","Custom Start","Dark Map","Halation","Hubris","Minty Spire (QoL Compilation)","Remove Card Discount Mod","StSLib","The Blue Laboratory"],"gold_per_floor":[110,123,141,154,165,165,181,209,209,228,228,228],"floor_reached":11,"language":"ENG","playtime":448,"items_purged":[],"score":154,"play_id":"369e6957-b1fb-48b5-a3a0-b90aadc4e583","local_time":"20210210095118","is_ascension_mode":true,"campfire_choices":[{"floor":6,"key":"REST"}],"circlet_count":0,"master_deck":["AscendersBane","Strike_B","Strike_B","Strike_B","Strike_B","Defend_B","Defend_B","Defend_B","Defend_B","Zap","Dualcast","Sweeping Beam","Darkness","Go for the Eyes","Static Discharge","Cold Snap","Glacier","Chaos","Ball Lightning"],"relics":["Cracked Core","Mummified Hand","Dream Catcher"],"acts_visited":["Exordium"],"potions_floor_usage":[10,11,11],"damage_taken":[{"damage":0,"enemies":"2 Louse","floor":1,"turns":2},{"damage":12,"enemies":"Jaw Worm","floor":2,"turns":3},{"damage":7,"enemies":"Cultist","floor":3,"turns":4},{"damage":29,"enemies":"Exordium Thugs","floor":4,"turns":4},{"damage":16,"enemies":"2 Fungi Beasts","floor":5,"turns":3},{"damage":7,"enemies":"Blue Slaver","floor":7,"turns":4},{"damage":18,"enemies":"Lagavulin","floor":8,"turns":6},{"damage":0,"enemies":"Red Slaver","floor":10,"turns":5},{"damage":24,"enemies":"Gremlin Nob","floor":11,"turns":3}],"seed_played":"-5397406662450096189","potions_obtained":[{"floor":2,"key":"blueLaboratory:BiasPotion"},{"floor":3,"key":"FearPotion"},{"floor":10,"key":"blueLaboratory:BubblePotion"}],"is_trial":false,"path_per_floor":["M","M","M","M","M","R","M","E","T","M","E"],"character_chosen":"DEFECT","items_purchased":[],"campfire_rested":1,"item_purchase_floors":[],"current_hp_per_floor":[71,59,52,23,7,30,23,5,5,5,0,0],"gold":228,"neow_bonus":"TEN_PERCENT_HP_BONUS","is_daily":false,"chose_seed":false,"campfire_upgraded":0,"win_rate":0.0,"timestamp":1612968678,"path_taken":["M","M","M","M","M","R","M","E","T","M","E"],"items_purchased_type":[],"build_version":"2020-12-22","purchased_purges":0,"victory":false,"max_hp_per_floor":[78,78,78,78,78,78,78,78,78,78,78,78],"card_choices":[{"not_picked":["White Noise","Chaos"],"picked":"Sweeping Beam","floor":1},{"not_picked":["Undo","Rebound"],"picked":"Darkness","floor":2},{"not_picked":["Sweeping Beam","Barrage"],"picked":"Go for the Eyes","floor":3},{"not_picked":["Gash","Tempest"],"picked":"Static Discharge","floor":4},{"not_picked":["Barrage","Hologram"],"picked":"Cold Snap","floor":5},{"not_picked":["Barrage","Aggregate"],"picked":"Glacier","floor":7},{"not_picked":["Blizzard","Undo"],"picked":"Chaos","floor":8},{"not_picked":["Undo","Stack"],"picked":"Ball Lightning","floor":10}],"player_experience":1021555,"relics_obtained":[{"floor":8,"key":"Mummified Hand"},{"floor":9,"key":"Dream Catcher"}],"event_choices":[],"is_beta":false,"boss_relics":[],"items_purged_floors":[],"is_endless":false,"potions_floor_spawned":[2,3,4,10],"killed_by":"Gremlin Nob","ascension_level":19}}