{"host":"sygfylmorsvdndbx","time":1612979613,"event":{"mods":["AchievementEnabler","BaseMod","Bestiary","Highlight Path","Minty Spire (QoL Compilation)","Permanent Neow","Quick Restart","Relic Stats"],"gold_per_floor":[112,128,140,140,140,168,168,181,208,208,222,58,58,75,75,180,180,196,196,2,102,119,119,119],"floor_reached":23,"language":"ENG","playtime":2306,"items_purged":["Defend_B"],"score":277,"play_id":"37b3ba78-1260-44f0-8dc7-511b7337a0b7","local_time":"20210210125333","is_ascension_mode":true,"campfire_choices":[{"data":"Rebound","floor":7,"key":"SMITH"},{"data":"Genetic Algorithm","floor":10,"key":"SMITH"},{"data":"Sweeping Beam","floor":13,"key":"SMITH"},{"data":"Cold Snap","floor":15,"key":"SMITH"}],"circlet_count":0,"master_deck":["Strike_B","Defend_B","Defend_B","Zap","Dualcast","Leap+1","Turbo+1","Static Discharge+1","Rebound+1","Cold Snap+1","Sweeping Beam+1","Tempest","Genetic Algorithm+1","Aggregate","Capacitor","Skim","Machine Learning","Steam Power","Ball Lightning+1"],"relics":["Astrolabe","Strawberry","Happy Flower","Toy Ornithopter","Inserter","DataDisk"],"acts_visited":["Exordium","TheCity"],"potions_floor_usage":[6,16],"damage_taken":[{"damage":0,"enemies":"2 Louse","floor":1,"turns":2},{"damage":0,"enemies":"Cultist","floor":2,"turns":4},{"damage":1,"enemies":"Small Slimes","floor":3,"turns":4},{"damage":14,"enemies":"3 Sentries","floor":6,"turns":7},{"damage":14,"enemies":"Red Slaver","floor":8,"turns":2},{"damage":6,"enemies":"Blue Slaver","floor":11,"turns":6},{"damage":1,"enemies":"3 Louse","floor":14,"turns":3},{"damage":18,"enemies":"The Guardian","floor":16,"turns":11},{"damage":6,"enemies":"Spheric Guardian","floor":18,"turns":5},{"damage":27,"enemies":"2 Thieves","floor":22,"turns":4},{"damage":34,"enemies":"Book of Stabbing","floor":23,"turns":4}],"seed_played":"7993619720453511645","potions_obtained":[{"floor":2,"key":"Block Potion"},{"floor":6,"key":"SkillPotion"}],"is_trial":false,"path_per_floor":["M","M","M","?","?","E","R","M","T","R","M","$","R","M","R","B",null,"M","?","$","?","M","E"],"character_chosen":"DEFECT","items_purchased":["Capacitor","Weak Potion","DataDisk","Explosive Potion"],"campfire_rested":0,"item_purchase_floors":[12,12,20,20],"current_hp_per_floor":[68,68,67,67,67,53,53,39,39,39,33,33,33,32,32,19,66,60,60,60,60,33,0,0],"gold":119,"neow_bonus":"BOSS_RELIC","is_daily":false,"chose_seed":false,"campfire_upgraded":4,"win_rate":0.0,"timestamp":1612979613,"path_taken":["M","M","M","?","?","E","R","M","T","R","M","$","R","M","R","BOSS","M","?","?","?","?","E"],"items_purchased_type":["Card","Potion","Relic","Potion"],"build_version":"2020-12-22","purchased_purges":1,"victory":false,"max_hp_per_floor":[75,75,75,75,82,82,82,82,82,82,82,82,82,82,82,82,82,82,82,82,82,82,82,82],"relic_stats":{"Inserter":[6],"Happy Flower":[11],"counters":[11,52],"Astrolabe":["Leap","Turbo","Static Discharge"],"obtain_stats":[{"DataDisk":20,"Inserter":17,"Happy Flower":6,"Astrolabe":0,"Strawberry":5,"Cracked Core":0,"Toy Ornithopter":9},{"DataDisk":9,"Inserter":8,"Happy Flower":4,"Astrolabe":0,"Strawberry":3,"Cracked Core":0,"Toy Ornithopter":5},{"DataDisk":44,"Inserter":39,"Happy Flower":17,"Astrolabe":0,"Strawberry":10,"Cracked Core":0,"Toy Ornithopter":19}],"Toy Ornithopter":5},"card_choices":[{"not_picked":["Conserve Battery","Turbo"],"picked":"Rebound","floor":1},{"not_picked":["Redo","Steam"],"picked":"Cold Snap","floor":2},{"not_picked":["Compile Driver","Static Discharge"],"picked":"Sweeping Beam","floor":3},{"not_picked":["Capacitor","Redo"],"picked":"Tempest","floor":6},{"not_picked":["Skim","Auto Shields"],"picked":"Genetic Algorithm","floor":8},{"not_picked":["Sweeping Beam","Barrage"],"picked":"Aggregate","floor":11},{"not_picked":["Static Discharge","Reboot"],"picked":"Skim","floor":14},{"not_picked":["Thunder Strike","Reboot"],"picked":"Machine Learning","floor":16},{"not_picked":["Steam+1","Streamline","Loop"],"picked":"SKIP","floor":18},{"not_picked":["Rebound","Streamline"],"picked":"Ball Lightning+1","floor":22}],"player_experience":463773,"relics_obtained":[{"floor":6,"key":"Happy Flower"},{"floor":9,"key":"Toy Ornithopter"}],"event_choices":[{"damage_healed":0,"gold_gain":0,"player_choice":"Ignored","damage_taken":0,"max_hp_gain":0,"max_hp_loss":0,"event_name":"Liars Game","floor":4,"gold_loss":0},{"damage_healed":0,"gold_gain":0,"player_choice":"Success","damage_taken":7,"relics_obtained":["Strawberry"],"max_hp_gain":0,"max_hp_loss":0,"event_name":"Scrap Ooze","floor":5,"gold_loss":0},{"damage_healed":0,"gold_gain":0,"cards_transformed":["Strike_B"],"player_choice":"Transformed","damage_taken":0,"max_hp_gain":0,"max_hp_loss":0,"event_name":"Transmorgrifier","floor":19,"gold_loss":0,"cards_obtained":["Steam Power"]},{"damage_healed":0,"gold_gain":100,"player_choice":"Pray","damage_taken":0,"max_hp_gain":0,"max_hp_loss":0,"event_name":"Golden Shrine","floor":21,"gold_loss":0}],"is_beta":false,"boss_relics":[{"not_picked":["Snecko Eye","Calling Bell"],"picked":"Inserter"}],"items_purged_floors":[12],"is_endless":false,"potions_floor_spawned":[2,6],"killed_by":"Book of Stabbing","ascension_level":9}}