{"host":"1bvadgc0hovl67h4","time":1612986269,"event":{"mods":["BaseMod","Colored Map","Downfall","Hermit","Minty Spire (QoL Compilation)","Morshu Shopkeeper","Morshu Shopkeeper - ENHANCED","StSLib","The Cursed"],"gold_per_floor":[99,117,117,133,152,52,52,202,102,136,152,162,162,191,203,305,305,305,315,315,230,250,250,250,250,285,285,227,227,253,272,286,387,387,287,298,317,317,336,363,363,363,381,381,309,336,158,174,185,185,185,185,185,185],"floor_reached":52,"language":"ENG","playtime":3533,"items_purged":[],"score":815,"play_id":"0970457a-b924-4bea-8be5-ec100d82215d","local_time":"20210210114429","is_ascension_mode":true,"campfire_choices":[{"floor":1,"key":"RECALL"},{"data":"bronze:Branch","floor":6,"key":"SMITH"},{"data":"bronze:Replicate","floor":9,"key":"SMITH"},{"data":"bronze:Boost","floor":13,"key":"SMITH"},{"data":"bronze:Verify","floor":18,"key":"SMITH"},{"data":"bronze:Repulsor","floor":23,"key":"SMITH"},{"data":"bronze:Optimize","floor":25,"key":"SMITH"},{"floor":29,"key":"DIG"},{"floor":35,"key":"DIG"},{"floor":44,"key":"DIG"}],"circlet_count":0,"master_deck":["bronze:Strike","bronze:Strike","bronze:Strike","bronze:Strike","bronze:Defend","bronze:Defend","bronze:Defend","bronze:Defend","bronze:Replicate+1","bronze:Goto+1","bronze:Flail+1","bronze:Branch+1","downfall:Icky","bronze:Boost+1","bronze:Repair","bronze:GetLatest","bronze:FollowUp","bronze:Verify+1","bronze:FineTuning+1","bronze:Optimize+1","bronze:Repulsor+1","bronze:Return+1","bronze:Terminator","bronze:Branch+1","bronze:SpaghettiCode","bronze:GetLatest+1","bronze:FineTuning+1","Parasite","bronze:Separator+1","bronze:Frontload+1","bronze:Constructor+1","bronze:Library","bronze:BronzeOrb"],"relics":["bronze:BronzeCore","downfall:HeartBlessingRed","downfall:HeartBlessingBlue","White Beast Statue","Odd Mushroom","expansioncontent:StudyCardRelic","Blue Candle","Toy Ornithopter","Membership Card","Orichalcum","Shovel","Gambling Chip","Torii","SacredBark","downfall:HeartBlessingGreen","Toxic Egg 2","TungstenRod","Ornamental Fan","Bottled Tornado","Bag of Preparation","Bottled Flame","Singing Bowl"],"acts_visited":["Exordium","TheCity","TheBeyond","TheEnding"],"potions_floor_usage":[10,16,16,21,26,28,30,33,36,37,39,40,46,50],"damage_taken":[{"damage":11,"enemies":"2 Louse","floor":2,"turns":3},{"damage":0,"enemies":"Cultist","floor":4,"turns":2},{"damage":0,"enemies":"Small Slimes","floor":5,"turns":2},{"damage":16,"enemies":"Lagavulin","floor":10,"turns":5},{"damage":0,"enemies":"Blue Slaver","floor":11,"turns":2},{"damage":0,"enemies":"Lots of Slimes","floor":12,"turns":2},{"damage":13,"enemies":"The Mushroom Lair","floor":14,"turns":3},{"damage":3,"enemies":"3 Louse","floor":15,"turns":2},{"damage":0,"enemies":"SI_SHIV_ARCHETYPE","floor":16,"turns":4},{"damage":6,"enemies":"3 Byrds","floor":19,"turns":4},{"damage":0,"enemies":"downfall:FleeingMerchant","floor":21,"turns":4},{"damage":20,"enemies":"Centurion and Healer","floor":22,"turns":6},{"damage":40,"enemies":"Gremlin Leader","floor":26,"turns":5},{"damage":0,"enemies":"downfall:FleeingMerchant","floor":28,"turns":4},{"damage":33,"enemies":"Book of Stabbing","floor":30,"turns":5},{"damage":0,"enemies":"Sentry and Sphere","floor":31,"turns":3},{"damage":8,"enemies":"3 Cultists","floor":32,"turns":6},{"damage":25,"enemies":"DF_ARCHETYPE_CLAW","floor":33,"turns":6},{"damage":20,"enemies":"3 Shapes","floor":36,"turns":4},{"damage":0,"enemies":"Orb Walker","floor":37,"turns":3},{"damage":1,"enemies":"Writhing Mass","floor":39,"turns":5},{"damage":61,"enemies":"Reptomancer","floor":40,"turns":5},{"damage":16,"enemies":"Transient","floor":43,"turns":5},{"damage":11,"enemies":"Nemesis","floor":46,"turns":6},{"damage":23,"enemies":"Maw","floor":48,"turns":8},{"damage":0,"enemies":"Spire Growth","floor":49,"turns":5},{"damage":51,"enemies":"IC_BLOCK_ARCHETYPE","floor":50,"turns":9},{"damage":157,"enemies":"downfall:CharBossMerchant","floor":52,"turns":9}],"seed_played":"-546437532583819039","potions_obtained":[{"floor":2,"key":"Energy Potion"},{"floor":10,"key":"SmokeBomb"},{"floor":11,"key":"DistilledChaos"},{"floor":12,"key":"FairyPotion"},{"floor":14,"key":"champ:CounterPotion"},{"floor":16,"key":"Ancient Potion"},{"floor":19,"key":"Swift Potion"},{"floor":21,"key":"FairyPotion"},{"floor":26,"key":"hexamod:SoulburnPotion"},{"floor":28,"key":"SpeedPotion"},{"floor":30,"key":"SkillPotion"},{"floor":33,"key":"EssenceOfSteel"},{"floor":36,"key":"Explosive Potion"},{"floor":37,"key":"EssenceOfSteel"},{"floor":38,"key":"downfall:CursedFountainPotion"},{"floor":39,"key":"bronze:CleanCodePotion"},{"floor":40,"key":"sneckomod:MuddlingPotion"},{"floor":43,"key":"ColorlessPotion"},{"floor":46,"key":"SpeedPotion"}],"is_trial":false,"path_per_floor":["R","M","?","M","M","R","T","?","R","E","M","M","R","?","M","B",null,"R","M","?","$","M","R","T","R","E","?","$","R","E","M","M","B",null,"R","M","M","?","M","E","T","?","M","R","$","E","$","M","M","B",null,"E"],"character_chosen":"THE_AUTOMATON","items_purchased":["bronze:Optimize","Membership Card","Orichalcum","Shovel","Bag of Preparation","Singing Bowl","CultistPotion"],"campfire_rested":0,"item_purchase_floors":[21,28,28,28,45,47,47],"current_hp_per_floor":[70,59,59,59,59,59,59,59,69,53,53,60,60,54,58,58,80,80,80,80,80,70,70,70,70,40,40,53,53,35,42,41,21,80,80,60,72,72,80,26,26,26,20,20,20,24,24,14,14,25,82,0,0,0],"gold":185,"neow_bonus":"UPGRADE_CARD","is_daily":false,"chose_seed":false,"campfire_upgraded":6,"win_rate":0.0,"timestamp":1612986269,"path_taken":["R","M","?","?","M","R","T","?","R","E","M","M","R","?","M","BOSS","R","M","?","$","M","R","T","R","E","?","$","R","E","?","M","BOSS","R","M","?","?","?","E","T","?","M","R","$","E","$","M","M","BOSS","E"],"items_purchased_type":["Card","Relic","Relic","Relic","Relic","Relic","Potion"],"build_version":"2020-12-22","purchased_purges":0,"victory":false,"max_hp_per_floor":[70,70,70,70,70,70,70,70,80,80,80,80,80,80,80,80,80,80,80,80,80,80,80,80,80,80,80,80,80,80,80,80,80,80,80,80,80,80,80,80,80,80,80,80,80,80,80,82,82,82,82,82,82,82],"card_choices":[{"not_picked":["bronze:FineTuning","bronze:Frontload"],"picked":"bronze:Flail","floor":2},{"not_picked":["bronze:Iterate","bronze:CutThrough"],"picked":"bronze:Branch","floor":4},{"not_picked":["bronze:BuggyMess","bronze:DelayedGuard","bronze:Turbo"],"picked":"SKIP","floor":5},{"not_picked":["bronze:Constructor","bronze:BitShift"],"picked":"bronze:Boost","floor":10},{"not_picked":["bronze:BuggyMess","bronze:OilSpill"],"picked":"bronze:Repair","floor":11},{"not_picked":["bronze:Shield","bronze:BitShift","bronze:Safeguard"],"picked":"SKIP","floor":12},{"not_picked":["bronze:DarkDash","bronze:Shield"],"picked":"bronze:GetLatest","floor":14},{"not_picked":["bronze:CloningBeam","bronze:Overload"],"picked":"bronze:FollowUp","floor":15},{"not_picked":["bronze:TinkerersToolbox","bronze:InfiniteLoop"],"picked":"bronze:Verify","floor":16},{"not_picked":["bronze:Shield+1","bronze:Allocate+1","bronze:BuggyMess+1"],"picked":"SKIP","floor":19},{"not_picked":["bronze:GetLatest","bronze:Frontload"],"picked":"bronze:FineTuning+1","floor":21},{"not_picked":["bronze:Overload","bronze:Optimize"],"picked":"bronze:Repulsor","floor":22},{"not_picked":["bronze:ThunderWave","bronze:Overheat+1"],"picked":"bronze:Return+1","floor":26},{"not_picked":["bronze:Optimize","bronze:Overheat","bronze:Deprecate+1"],"picked":"SKIP","floor":28},{"not_picked":["bronze:DelayedSlice","bronze:MaxOutput+1"],"picked":"bronze:Terminator","floor":30},{"not_picked":["bronze:Terminator","bronze:BugBarrage+1","bronze:CloningBeam"],"picked":"SKIP","floor":31},{"not_picked":["bronze:Repair","bronze:Turbo"],"picked":"bronze:Branch+1","floor":32},{"not_picked":["bronze:Break","bronze:ThunderWave"],"picked":"bronze:SpaghettiCode","floor":33},{"not_picked":["bronze:BugBarrage","bronze:CutThrough+1"],"picked":"bronze:GetLatest+1","floor":36},{"not_picked":["bronze:Separator","bronze:ItsAFeature+1"],"picked":"bronze:FineTuning+1","floor":37},{"not_picked":["bronze:BugBarrage+1","bronze:WildBeam"],"picked":"bronze:Separator+1","floor":39},{"not_picked":["bronze:Deprecate+1","bronze:ChosenStrike"],"picked":"bronze:Frontload+1","floor":40},{"not_picked":["bronze:DelayedGuard+1","bronze:Invalidate+1"],"picked":"bronze:Constructor+1","floor":43},{"not_picked":["bronze:Shell+1","bronze:Invalidate+1"],"picked":"bronze:Library","floor":46},{"not_picked":["bronze:Turbo+1","bronze:Refactor+1","bronze:MaxOutput"],"picked":"Singing Bowl","floor":48},{"not_picked":["bronze:Backtrace","bronze:NullPointer+1"],"picked":"bronze:BronzeOrb","floor":49}],"player_experience":278157,"relics_obtained":[{"floor":10,"key":"White Beast Statue"},{"floor":14,"key":"Odd Mushroom"},{"floor":24,"key":"Blue Candle"},{"floor":26,"key":"Toy Ornithopter"},{"floor":29,"key":"Gambling Chip"},{"floor":30,"key":"Torii"},{"floor":35,"key":"Toxic Egg 2"},{"floor":40,"key":"TungstenRod"},{"floor":41,"key":"Ornamental Fan"},{"floor":44,"key":"Bottled Tornado"},{"floor":46,"key":"Bottled Flame"}],"event_choices":[{"damage_healed":0,"gold_gain":0,"player_choice":"Fought Mushrooms","damage_taken":0,"max_hp_gain":0,"max_hp_loss":0,"event_name":"Mushrooms","floor":14,"gold_loss":0},{"damage_healed":0,"gold_gain":0,"player_choice":"Got Potions","damage_taken":0,"max_hp_gain":0,"max_hp_loss":0,"event_name":"Lab","floor":27,"gold_loss":0}],"is_beta":false,"boss_relics":[{"not_picked":["Fusion Hammer","Coffee Dripper"],"picked":"expansioncontent:StudyCardRelic"},{"not_picked":["Velvet Choker","Astrolabe"],"picked":"SacredBark"}],"items_purged_floors":[],"is_endless":false,"potions_floor_spawned":[2,10,11,12,14,15,16,19,21,22,26,28,30,31,32,33,36,37,39,40,43,46,48,49],"killed_by":"downfall:CharBossMerchant","ascension_level":1}}