{"host":"7h05nr6qm89lgkco","time":1612964688,"event":{"mods":["BaseMod","Bestiary","Block Reminder","ChefMod","Colored Powertips","DeckTracker","Downfall","Friendly Minions","Minty Spire (QoL Compilation)","Quick Restart","Rare Cards Sparkle","Relic Stats","StSLib","The Cursed","The Poker Player","Unceasing Turn Reminder"],"gold_per_floor":[99,116,126,143,163,188,236,251,270,270,284,301,301,320,339,339,339,339],"floor_reached":16,"language":"ZHS","playtime":6887,"items_purged":[],"score":116,"play_id":"4e736a50-548c-48e7-8eee-f43a6733b8bb","local_time":"20210210214448","is_ascension_mode":true,"campfire_choices":[{"data":"Enlightenment","floor":1.0,"key":"SMITH"},{"data":"champ:IgnorePain","floor":10.0,"key":"SMITH"},{"data":"champ:ShieldSigil","floor":13.0,"key":"SMITH"}],"circlet_count":0,"master_deck":["champ:Strike","champ:Strike","champ:Strike","champ:Strike","champ:Defend","champ:Defend","champ:Defend","champ:Defend","champ:Execute","champ:Taunt","Enlightenment+1","champ:FanOfKnives","champ:FaceSlap","champ:ShieldSigil+1","champ:FaceSlap","champ:IgnorePain+1"],"relics":["champ:ChampionCrown","Pear","Centennial Puzzle"],"acts_visited":["Exordium"],"potions_floor_usage":[16,16,16],"damage_taken":[{"damage":10.0,"enemies":"Cultist","floor":2.0,"turns":4.0},{"damage":10.0,"enemies":"2 Louse","floor":3.0,"turns":3.0},{"damage":16.0,"enemies":"Jaw Worm","floor":4.0,"turns":2.0},{"damage":50.0,"enemies":"Large Slime","floor":5.0,"turns":8.0},{"damage":26.0,"enemies":"Gremlin Nob","floor":6.0,"turns":4.0},{"damage":0.0,"enemies":"2 Fungi Beasts","floor":8.0,"turns":1.0},{"damage":8.0,"enemies":"Red Slaver","floor":9.0,"turns":3.0},{"damage":10.0,"enemies":"Exordium Thugs","floor":11.0,"turns":3.0},{"damage":10.0,"enemies":"Large Slime","floor":12.0,"turns":4.0},{"damage":24.0,"enemies":"Gremlin Gang","floor":14.0,"turns":4.0},{"damage":45.0,"enemies":"Exordium Wildlife","floor":15.0,"turns":2.0},{"damage":67,"enemies":"WA_ARCHETYPE_RETAIN","floor":16,"turns":6}],"seed_played":"-6808798135262415544","potions_obtained":[{"floor":5.0,"key":"SpeedPotion"},{"floor":6.0,"key":"Fire Potion"},{"floor":9.0,"key":"SneckoOil"},{"floor":11.0,"key":"Block Potion"}],"is_trial":false,"path_per_floor":["R","M","M","M","M","E","T","M","M","R","M","M","R","M","M","B"],"character_chosen":"THE_CHAMP","items_purchased":[],"campfire_rested":0,"item_purchase_floors":[],"current_hp_per_floor":[90,90,90,84,69,68,68,68,75,75,65,65,65,46,31,0,0,0],"gold":339,"neow_bonus":"RANDOM_COLORLESS","is_daily":false,"chose_seed":false,"campfire_upgraded":3,"win_rate":0.0,"timestamp":1612964688,"path_taken":["R","M","?","M","M","E","T","M","M","R","M","M","R","M","M","BOSS"],"items_purchased_type":[],"build_version":"2020-12-22","purchased_purges":0,"victory":false,"max_hp_per_floor":[90,90,90,90,90,100,100,100,100,100,100,100,100,100,100,100,100,100],"relic_stats":{"Centennial Puzzle":[18],"counters":[12,44],"obtain_stats":[{"Centennial Puzzle":7,"Pear":6,"champ:ChampionCrown":0},{"Centennial Puzzle":5,"Pear":5,"champ:ChampionCrown":0},{"Centennial Puzzle":21,"Pear":21,"champ:ChampionCrown":0}]},"card_choices":[{"not_picked":["Finesse","Purity"],"picked":"Enlightenment","floor":0.0},{"not_picked":["champ:TornadoPunch","champ:GladiatorStyle"],"picked":"champ:FanOfKnives","floor":2.0},{"not_picked":["champ:DefensiveStyle","champ:Haymaker"],"picked":"champ:FaceSlap","floor":3.0},{"not_picked":["champ:StanceDance","champ:Endure"],"picked":"champ:ShieldSigil","floor":4.0},{"not_picked":["champ:AdrenalArmor","champ:ShieldSlam"],"picked":"champ:FaceSlap","floor":5.0},{"not_picked":["champ:DefensiveShout","champ:DefensiveStyle"],"picked":"champ:IgnorePain","floor":6.0},{"not_picked":["champ:TornadoPunch","champ:BringItOn","champ:PreciseThrust"],"picked":"SKIP","floor":8.0},{"not_picked":["champ:RapidStrikes","champ:TornadoPunch","champ:Backstep"],"picked":"SKIP","floor":9.0},{"not_picked":["champ:Haymaker","champ:EndlessRage","champ:StanceDance"],"picked":"SKIP","floor":11.0},{"not_picked":["champ:SkillfulDodge","champ:EndlessRage","champ:FanOfKnives"],"picked":"SKIP","floor":12.0},{"not_picked":["champ:ShieldSigil","champ:StanceDance","champ:EnGarde"],"picked":"SKIP","floor":14.0},{"not_picked":["champ:ShieldSigil","champ:StanceDance","champ:DeathBlow"],"picked":"SKIP","floor":15.0}],"player_experience":911672,"relics_obtained":[{"floor":6.0,"key":"Pear"},{"floor":7.0,"key":"Centennial Puzzle"}],"event_choices":[],"is_beta":false,"boss_relics":[],"items_purged_floors":[],"is_endless":false,"potions_floor_spawned":[5,6,9,11],"killed_by":"WA_ARCHETYPE_RETAIN","ascension_level":1}}