{"host":"2yqfi47fogfu1ic4","time":1612973984,"event":{"mods":["AchievementEnabler","BaseMod","Colored Map","Colored Powertips","Highlight Path","Minty Spire (QoL Compilation)","Permanent Neow","Relic Stats","StSLib"],"gold_per_floor":[114,114,114,132,0,0,0,18,86,104,130,130,157,177,177,250,250,265,540,560,22,41,75,75,75,102,102,119,119,119,150,150,224,224,240,260,260,260,274,302,302,328,328,345,345,391,391,425,425,425,425,425,425,46,81,81],"floor_reached":57,"language":"DEU","playtime":6100,"items_purged":["Strike_G","Regret","Choke+1"],"score":2966,"play_id":"251615e4-0fe0-4330-b75c-94d1eedeb889","local_time":"20210210171944","is_ascension_mode":true,"campfire_choices":[{"data":"Choke","floor":6.0,"key":"SMITH"},{"data":"Adrenaline","floor":12.0,"key":"SMITH"},{"data":"Blade Dance","floor":15.0,"key":"SMITH"},{"data":"Catalyst","floor":25,"key":"SMITH"},{"floor":27,"key":"REST"},{"data":"Catalyst","floor":29,"key":"SMITH"},{"floor":32,"key":"REST"},{"data":"Phantasmal Killer","floor":41,"key":"SMITH"},{"floor":45,"key":"RECALL"},{"data":"Neutralize","floor":47,"key":"SMITH"},{"data":"Backflip","floor":49,"key":"SMITH"},{"data":"After Image","floor":53,"key":"SMITH"}],"circlet_count":0,"master_deck":["AscendersBane","Strike_G+1","Defend_G","Defend_G","Defend_G+1","Survivor","Neutralize+1","Endless Agony+1","Escape Plan+1","PiercingWail+1","Bouncing Flask+1","Backflip+1","Slice","Sucker Punch+1","Adrenaline+1","Poisoned Stab+1","Blade Dance+1","Phantasmal Killer+1","Dagger Spray+1","Catalyst+1","Catalyst+1","Prepared+1","Burst+1","Bouncing Flask+1","Venomology+1","CurseOfTheBell","Crippling Poison+1","Blur+1","Deflect+1","After Image+1","Backflip+1","PiercingWail+1","Backflip+1","Blur+1","After Image"],"relics":["Astrolabe","Molten Egg 2","Ginger","Unceasing Top","Runic Pyramid","Kunai","Frozen Eye","Toxic Egg 2","Snake Skull","Pen Nib","Calling Bell","Ancient Tea Set","Question Card","CaptainsWheel","Blood Vial","Smiling Mask","Pocketwatch","Toolbox","Torii"],"acts_visited":["Exordium","TheCity","TheBeyond","TheEnding"],"potions_floor_usage":[16,23,23,35,36,39,40,42,42,42,42,42,44,46,46,48,48,50,51,55,55,56,56],"damage_taken":[{"damage":7.0,"enemies":"Jaw Worm","floor":1.0,"turns":5.0},{"damage":0.0,"enemies":"Small Slimes","floor":4.0,"turns":4.0},{"damage":0.0,"enemies":"2 Louse","floor":8.0,"turns":2.0},{"damage":0.0,"enemies":"Lots of Slimes","floor":10.0,"turns":6.0},{"damage":0.0,"enemies":"Gremlin Nob","floor":11.0,"turns":2.0},{"damage":4.0,"enemies":"3 Sentries","floor":13.0,"turns":7.0},{"damage":0.0,"enemies":"Blue Slaver","floor":14.0,"turns":1.0},{"damage":9,"enemies":"Slime Boss","floor":16,"turns":8},{"damage":0,"enemies":"Chosen","floor":18,"turns":3},{"damage":0,"enemies":"Spheric Guardian","floor":20,"turns":3},{"damage":0,"enemies":"Snake Plant","floor":22,"turns":4},{"damage":36,"enemies":"Slavers","floor":23,"turns":4},{"damage":0,"enemies":"Cultist and Chosen","floor":28,"turns":3},{"damage":18,"enemies":"Book of Stabbing","floor":31,"turns":4},{"damage":0,"enemies":"Collector","floor":33,"turns":3},{"damage":0,"enemies":"3 Shapes","floor":35,"turns":5},{"damage":12,"enemies":"3 Darklings","floor":36,"turns":3},{"damage":0,"enemies":"Jaw Worm Horde","floor":39,"turns":3},{"damage":13,"enemies":"Giant Head","floor":40,"turns":3},{"damage":0,"enemies":"Nemesis","floor":42,"turns":3},{"damage":0,"enemies":"Sphere and 2 Shapes","floor":44,"turns":6},{"damage":0,"enemies":"2 Orb Walkers","floor":46,"turns":4},{"damage":0,"enemies":"Maw","floor":48,"turns":4},{"damage":4,"enemies":"Donu and Deca","floor":50,"turns":11},{"damage":11,"enemies":"Time Eater","floor":51,"turns":7},{"damage":14,"enemies":"Shield and Spear","floor":55,"turns":8},{"damage":45,"enemies":"The Heart","floor":56,"turns":8}],"seed_played":"-6494686993363937608","potions_obtained":[{"floor":1.0,"key":"DistilledChaos"},{"floor":8.0,"key":"Fire Potion"},{"floor":11.0,"key":"SneckoOil"},{"floor":13.0,"key":"Strength Potion"},{"floor":18,"key":"Dexterity Potion"},{"floor":31,"key":"Explosive Potion"},{"floor":39,"key":"Fruit Juice"},{"floor":40,"key":"EntropicBrew"},{"floor":42,"key":"SpeedPotion"},{"floor":55,"key":"FairyPotion"}],"is_trial":false,"path_per_floor":["M","?","?","M","$","R","?","M","T","M","E","R","E","M","R","B",null,"M","?","M","$","M","E","?","R","T","R","M","R","?","E","R","B",null,"M","M","?","?","M","E","R","E","T","M","R","?","R","M","R","B","B",null,"R","$","E","B",null],"character_chosen":"THE_SILENT","items_purchased":["Backflip","Kunai","Frozen Eye","Toolbox","Blur+1","LiquidMemories"],"campfire_rested":2,"item_purchase_floors":[5,21,21,54,54,54],"current_hp_per_floor":[52,32,32,32,32,32,32,32,32,32,32,32,28,28,28,19,54,54,54,54,54,54,18,18,18,18,37,37,37,37,19,38,38,59,59,47,47,47,47,39,39,53,53,55,55,57,57,59,59,57,48,63,63,63,51,8],"gold":81,"neow_bonus":"BOSS_RELIC","is_daily":false,"chose_seed":false,"campfire_upgraded":9,"win_rate":0.0,"timestamp":1612973984,"path_taken":["M","?","?","M","$","R","?","M","T","?","E","R","E","M","R","BOSS","M","?","?","$","?","E","?","R","T","R","M","R","?","E","R","BOSS","M","M","?","?","M","E","R","E","T","M","R","?","R","M","R","BOSS","BOSS","R","$","E","BOSS"],"items_purchased_type":["Card","Relic","Relic","Relic","Card","Potion"],"build_version":"2020-12-22","purchased_purges":3,"victory":true,"max_hp_per_floor":[66,66,66,66,66,66,66,66,66,66,66,66,66,66,66,66,66,66,66,66,66,66,66,66,66,66,66,66,66,66,66,66,66,66,66,66,63,63,63,68,68,68,68,68,68,68,68,68,68,68,68,68,68,68,68,68],"relic_stats":{"Torii":4,"counters":[27,124],"Astrolabe":["Endless Agony","Escape Plan","PiercingWail"],"Snake Skull":[129],"Pen Nib":[10],"Ginger":[18],"Question Card":9,"Smiling Mask":75,"Blood Vial":16,"Kunai":[32],"obtain_stats":[{"Torii":55,"Astrolabe":0,"Snake Skull":26,"Pen Nib":31,"Ginger":11,"Ancient Tea Set":34,"Question Card":34,"Smiling Mask":42,"Calling Bell":34,"Blood Vial":40,"Frozen Eye":21,"CaptainsWheel":34,"Toolbox":54,"Molten Egg 2":9,"Kunai":21,"Toxic Egg 2":23,"Unceasing Top":13,"Ring of the Snake":0,"Runic Pyramid":17,"Pocketwatch":46},{"Torii":26,"Astrolabe":0,"Snake Skull":12,"Pen Nib":14,"Ginger":5,"Ancient Tea Set":15,"Question Card":15,"Smiling Mask":20,"Calling Bell":15,"Blood Vial":19,"Frozen Eye":10,"CaptainsWheel":15,"Toolbox":25,"Molten Egg 2":3,"Kunai":10,"Toxic Egg 2":12,"Unceasing Top":6,"Ring of the Snake":0,"Runic Pyramid":8,"Pocketwatch":22},{"Torii":116,"Astrolabe":0,"Snake Skull":49,"Pen Nib":56,"Ginger":19,"Ancient Tea Set":59,"Question Card":59,"Smiling Mask":76,"Calling Bell":59,"Blood Vial":73,"Frozen Eye":41,"CaptainsWheel":59,"Toolbox":108,"Molten Egg 2":11,"Kunai":41,"Toxic Egg 2":49,"Unceasing Top":26,"Ring of the Snake":0,"Runic Pyramid":35,"Pocketwatch":86}],"Unceasing Top":[13],"Pocketwatch":[9]},"card_choices":[{"not_picked":["Distraction","Sucker Punch","Concentrate"],"picked":"SKIP","floor":1.0},{"not_picked":["Prepared","Setup"],"picked":"Choke","floor":4.0},{"not_picked":["Outmaneuver","A Thousand Cuts"],"picked":"Slice","floor":8.0},{"not_picked":["Flying Knee+1","Well Laid Plans"],"picked":"Sucker Punch+1","floor":10.0},{"not_picked":["Tactician","Cloak And Dagger"],"picked":"Adrenaline","floor":11.0},{"not_picked":["Prepared","Eviscerate+1"],"picked":"Poisoned Stab+1","floor":13.0},{"not_picked":["PiercingWail","Deadly Poison"],"picked":"Blade Dance","floor":14.0},{"not_picked":["Burst","Envenom"],"picked":"Phantasmal Killer","floor":16},{"not_picked":["Deflect+1","Noxious Fumes"],"picked":"Dagger Spray+1","floor":18},{"not_picked":["Flying Knee+1","PiercingWail"],"picked":"Catalyst","floor":20},{"not_picked":["Backflip","Crippling Poison"],"picked":"Catalyst","floor":22},{"not_picked":["Sucker Punch+1","Flying Knee+1"],"picked":"Prepared+1","floor":23},{"not_picked":["Distraction+1","All Out Attack+1","Backstab+1"],"picked":"SKIP","floor":28},{"not_picked":["Heel Hook+1","Calculated Gamble+1"],"picked":"Bouncing Flask+1","floor":31},{"not_picked":["Tools of the Trade","Malaise+1"],"picked":"Venomology+1","floor":33},{"not_picked":["Acrobatics+1","Cloak And Dagger+1","Caltrops+1"],"picked":"Crippling Poison+1","floor":35},{"not_picked":["Bane+1","Dodge and Roll+1","Sucker Punch+1"],"picked":"Blur+1","floor":36},{"not_picked":["Well Laid Plans+1","Caltrops","Dagger Spray+1"],"picked":"Deflect+1","floor":39},{"not_picked":["Expertise+1","Acrobatics+1","Dodge and Roll+1"],"picked":"After Image","floor":40},{"not_picked":["Tactician+1","Accuracy","Distraction+1"],"picked":"Backflip+1","floor":42},{"not_picked":["Eviscerate+1","Noxious Fumes","Cloak And Dagger+1","Infinite Blades"],"picked":"SKIP","floor":44},{"not_picked":["Infinite Blades","Sucker Punch+1","Cloak And Dagger+1"],"picked":"PiercingWail+1","floor":46},{"not_picked":["Well Laid Plans","Acrobatics+1","Catalyst+1"],"picked":"Backflip+1","floor":48},{"not_picked":["Sucker Punch+1","Slice+1","Predator+1"],"picked":"After Image","floor":55}],"player_experience":1755737,"relics_obtained":[{"floor":9.0,"key":"Molten Egg 2"},{"floor":11.0,"key":"Ginger"},{"floor":13.0,"key":"Unceasing Top"},{"floor":23,"key":"Toxic Egg 2"},{"floor":26,"key":"Snake Skull"},{"floor":31,"key":"Pen Nib"},{"floor":34,"key":"Ancient Tea Set"},{"floor":34,"key":"Question Card"},{"floor":34,"key":"CaptainsWheel"},{"floor":40,"key":"Blood Vial"},{"floor":42,"key":"Smiling Mask"},{"floor":46,"key":"Pocketwatch"},{"floor":55,"key":"Torii"}],"event_choices":[{"damage_healed":0.0,"max_hp_gain":0.0,"max_hp_loss":0.0,"gold_gain":0.0,"event_name":"Shining Light","player_choice":"Entered Light","floor":2.0,"gold_loss":0.0,"damage_taken":20.0,"cards_upgraded":["Defend_G","Strike_G"]},{"damage_healed":0.0,"max_hp_gain":0.0,"max_hp_loss":0.0,"gold_gain":0.0,"cards_transformed":["Strike_G"],"event_name":"Living Wall","player_choice":"Change","floor":3.0,"gold_loss":0.0,"damage_taken":0.0,"cards_obtained":["Bouncing Flask"]},{"damage_healed":0.0,"max_hp_gain":0.0,"max_hp_loss":0.0,"gold_gain":0.0,"event_name":"Accursed Blacksmith","player_choice":"Forge","floor":7.0,"gold_loss":0.0,"damage_taken":0.0,"cards_upgraded":["Bouncing Flask"]},{"damage_healed":0,"gold_gain":275,"player_choice":"Desecrate","damage_taken":0,"max_hp_gain":0,"max_hp_loss":0,"event_name":"Golden Shrine","floor":19,"gold_loss":0,"cards_obtained":["Regret"]},{"damage_healed":0,"gold_gain":0,"player_choice":"Read","damage_taken":0,"max_hp_gain":0,"max_hp_loss":0,"event_name":"The Library","floor":24,"gold_loss":0,"cards_obtained":["Burst"]},{"damage_healed":0,"gold_gain":0,"player_choice":"Ignored","damage_taken":0,"max_hp_gain":0,"max_hp_loss":0,"event_name":"Vampires","floor":30,"gold_loss":0},{"damage_healed":0,"gold_gain":0,"player_choice":"Max HP","damage_taken":0,"max_hp_gain":0,"max_hp_loss":3,"event_name":"Winding Halls","floor":37,"gold_loss":0},{"cards_removed":["Defend_G"],"damage_healed":0,"gold_gain":0,"player_choice":"Removed Skill","damage_taken":0,"max_hp_gain":0,"max_hp_loss":0,"event_name":"Falling","floor":38,"gold_loss":0},{"damage_healed":0,"gold_gain":0,"player_choice":"Fight","damage_taken":0,"max_hp_gain":0,"max_hp_loss":0,"event_name":"Mysterious Sphere","floor":46,"gold_loss":0}],"is_beta":false,"boss_relics":[{"not_picked":["Runic Dome","SlaversCollar"],"picked":"Runic Pyramid"},{"not_picked":["Empty Cage","Busted Crown"],"picked":"Calling Bell"}],"items_purged_floors":[5,21,54],"is_endless":false,"potions_floor_spawned":[1,8,11,13,14,18,22,31,39,40,42,44,55],"ascension_level":20}}