{"host":"6q94iy5iz6612v89","time":1612920420,"event":{"mods":["2.2 Compatiblity","AchievementEnabler","BaseMod","Colored Map","DeckTracker","Keyboard Shortcuts","Minty Spire (QoL Compilation)","Permanent Neow","StSLib","SuperFastMode"],"gold_per_floor":[363,383,383,70,82,115,115,140,166,180,180,192,222,237,237,310,310,325,335,235,285,305,305,333,333,333,208,227,2,18,18,18,90,140,157,167,182,200,200,200],"floor_reached":39,"language":"KOR","playtime":1855,"items_purged":["Strike_R","Rage","Brutality","Twin Strike"],"score":850,"play_id":"a96c39ec-96e3-4cf6-b2b0-8697ad6c7812","local_time":"20210210102700","is_ascension_mode":true,"campfire_choices":[{"floor":7.0,"key":"RECALL"},{"floor":11.0,"key":"REST"},{"data":"Armaments","floor":15.0,"key":"SMITH"},{"data":"Sword Boomerang","floor":23.0,"key":"SMITH"},{"data":"Inflame","floor":25.0,"key":"SMITH"},{"data":"Dropkick","floor":32.0,"key":"SMITH"}],"circlet_count":0,"master_deck":["AscendersBane","Bash+1","Armaments+1","Carnage+1","Bludgeon+1","Power Through+1","Shrug It Off","Impervious","Rage","Battle Trance","Sword Boomerang+1","Dropkick+1","Impervious","Inflame+1","Second Wind","Limit Break","Sword Boomerang"],"relics":["Burning Blood","TheAbacus","Whetstone","Vajra","Potion Belt","Anchor","Pandora\u0027s Box","Red Skull","Paper Frog","Tiny House"],"acts_visited":["Exordium","TheCity","TheBeyond"],"potions_floor_usage":[37,37,37],"damage_taken":[{"damage":14.0,"enemies":"Small Slimes","floor":1.0,"turns":5.0},{"damage":7.0,"enemies":"Cultist","floor":2.0,"turns":4.0},{"damage":7.0,"enemies":"Jaw Worm","floor":5.0,"turns":2.0},{"damage":8.0,"enemies":"Gremlin Nob","floor":6.0,"turns":3.0},{"damage":20.0,"enemies":"3 Sentries","floor":8.0,"turns":9.0},{"damage":19.0,"enemies":"Gremlin Gang","floor":10.0,"turns":5.0},{"damage":0.0,"enemies":"Exordium Wildlife","floor":12.0,"turns":2.0},{"damage":7.0,"enemies":"Lagavulin","floor":13.0,"turns":6.0},{"damage":5.0,"enemies":"Large Slime","floor":14.0,"turns":5.0},{"damage":27.0,"enemies":"The Guardian","floor":16.0,"turns":14.0},{"damage":12.0,"enemies":"Chosen","floor":18.0,"turns":3.0},{"damage":7.0,"enemies":"2 Thieves","floor":19.0,"turns":4.0},{"damage":6.0,"enemies":"Centurion and Healer","floor":22.0,"turns":7.0},{"damage":20.0,"enemies":"Gremlin Leader","floor":24.0,"turns":5.0},{"damage":0.0,"enemies":"Snecko","floor":28.0,"turns":3.0},{"damage":10.0,"enemies":"Chosen and Byrds","floor":30.0,"turns":4.0},{"damage":9.0,"enemies":"Collector","floor":33.0,"turns":6.0},{"damage":10.0,"enemies":"3 Shapes","floor":35.0,"turns":5.0},{"damage":32.0,"enemies":"3 Darklings","floor":36.0,"turns":8.0},{"damage":20,"enemies":"Transient","floor":37,"turns":6},{"damage":35,"enemies":"4 Shapes","floor":38,"turns":12},{"damage":32,"enemies":"2 Orb Walkers","floor":39,"turns":3}],"seed_played":"-3724024424223341384","potions_obtained":[{"floor":5.0,"key":"FearPotion"},{"floor":8.0,"key":"PowerPotion"},{"floor":13.0,"key":"SteroidPotion"},{"floor":14.0,"key":"SneckoOil"},{"floor":19.0,"key":"DuplicationPotion"},{"floor":28.0,"key":"Fire Potion"},{"floor":30.0,"key":"DuplicationPotion"},{"floor":33.0,"key":"Strength Potion"},{"floor":34.0,"key":"Regen Potion"},{"floor":35.0,"key":"LiquidMemories"},{"floor":36.0,"key":"SpeedPotion"}],"is_trial":false,"path_per_floor":["M","M","?","$","M","E","R","E","T","M","R","M","E","M","R","B",null,"M","M","$","?","M","R","E","R","T","$","M","$","M","?","R","B",null,"M","M","M","M","?"],"character_chosen":"IRONCLAD","items_purchased":["Bludgeon","TheAbacus","Second Wind"],"campfire_rested":1,"item_purchase_floors":[4,4,29],"current_hp_per_floor":[42,41,41,41,40,38,38,24,24,11,33,39,38,39,39,18,61,55,54,54,47,47,47,33,33,33,33,39,39,35,35,35,32,69,65,39,40,11,0,0],"gold":200,"neow_bonus":"TWO_FIFTY_GOLD","is_daily":false,"chose_seed":false,"campfire_upgraded":4,"win_rate":0.0,"timestamp":1612920420,"path_taken":["M","M","?","$","M","E","R","E","T","M","R","M","E","M","R","BOSS","M","M","?","?","?","R","E","R","T","$","M","$","M","?","R","BOSS","M","M","M","?","?"],"items_purchased_type":["Card","Relic","Card"],"build_version":"2020-12-22","purchased_purges":4,"victory":false,"max_hp_per_floor":[75,75,75,75,75,75,75,75,75,75,75,75,75,75,75,75,75,75,75,75,75,75,75,75,75,75,75,75,75,75,75,75,75,80,80,80,80,80,80,80],"card_choices":[{"not_picked":["True Grit","Fire Breathing"],"picked":"Armaments","floor":1.0},{"not_picked":["Clash","Cleave"],"picked":"Carnage","floor":2.0},{"not_picked":["Pommel Strike","Havoc","Whirlwind"],"picked":"SKIP","floor":5.0},{"not_picked":["True Grit","Reckless Charge","Havoc"],"picked":"SKIP","floor":6.0},{"not_picked":["True Grit","Reckless Charge","Havoc"],"picked":"SKIP","floor":6.0},{"not_picked":["Combust","Inflame"],"picked":"Twin Strike","floor":8.0},{"not_picked":["Warcry","Sword Boomerang","Flex"],"picked":"SKIP","floor":10.0},{"not_picked":["Juggernaut","Whirlwind"],"picked":"Power Through","floor":12.0},{"not_picked":["Thunderclap","Armaments"],"picked":"Shrug It Off","floor":13.0},{"not_picked":["Burning Pact","Dark Embrace","Perfected Strike"],"picked":"SKIP","floor":14.0},{"not_picked":["Limit Break","Exhume"],"picked":"Impervious","floor":16.0},{"not_picked":["Disarm","Flame Barrier"],"picked":"Inflame","floor":18.0},{"not_picked":["Perfected Strike+1","Warcry","Havoc"],"picked":"SKIP","floor":19.0},{"not_picked":["Perfected Strike","Shrug It Off","Infernal Blade"],"picked":"SKIP","floor":22.0},{"not_picked":["Havoc+1","Dark Embrace","Battle Trance+1"],"picked":"SKIP","floor":24.0},{"not_picked":["Clash","True Grit","Bloodletting"],"picked":"SKIP","floor":28.0},{"not_picked":["Shrug It Off","Clash","Armaments"],"picked":"SKIP","floor":30.0},{"not_picked":["Juggernaut","Double Tap"],"picked":"Limit Break","floor":33.0},{"not_picked":["Iron Wave","Fire Breathing","Dual Wield+1"],"picked":"SKIP","floor":35.0},{"not_picked":["Battle Trance","Clothesline","Combust+1"],"picked":"SKIP","floor":36.0},{"not_picked":["Shrug It Off","Clothesline","Havoc"],"picked":"SKIP","floor":37},{"not_picked":["Thunderclap","Pommel Strike"],"picked":"Sword Boomerang","floor":38}],"player_experience":1482726,"relics_obtained":[{"floor":6.0,"key":"Whetstone"},{"floor":8.0,"key":"Vajra"},{"floor":9.0,"key":"Potion Belt"},{"floor":13.0,"key":"Anchor"},{"floor":24.0,"key":"Red Skull"},{"floor":26.0,"key":"Paper Frog"}],"event_choices":[{"cards_removed":["Strike_R"],"damage_healed":0.0,"max_hp_gain":0.0,"max_hp_loss":0.0,"gold_gain":0.0,"event_name":"Purifier","player_choice":"Purged","floor":3.0,"gold_loss":0.0,"damage_taken":0.0},{"damage_healed":0.0,"max_hp_gain":0.0,"max_hp_loss":0.0,"gold_gain":50.0,"event_name":"FaceTrader","player_choice":"Touch","floor":21.0,"gold_loss":0.0,"damage_taken":7.0},{"damage_healed":0.0,"max_hp_gain":0.0,"max_hp_loss":0.0,"gold_gain":0.0,"event_name":"Upgrade Shrine","player_choice":"Upgraded","floor":31.0,"gold_loss":0.0,"damage_taken":0.0,"cards_upgraded":["Bash"]},{"damage_healed":0,"gold_gain":0,"player_choice":"Fight","damage_taken":0,"max_hp_gain":0,"max_hp_loss":0,"event_name":"Mysterious Sphere","floor":39,"gold_loss":0}],"is_beta":false,"boss_relics":[{"not_picked":["Fusion Hammer","Black Blood"],"picked":"Pandora\u0027s Box"},{"not_picked":["Runic Pyramid","Runic Dome"],"picked":"Tiny House"}],"items_purged_floors":[4,20,27,29],"is_endless":false,"potions_floor_spawned":[5,8,13,14,19,28,30,33,35,36],"killed_by":"2 Orb Walkers","ascension_level":20}}