{"host":"uu4d5a1dg638aknc","time":1612935874,"event":{"mods":["BaseMod","Minty Spire (QoL Compilation)","Quick Restart","Rare Cards Sparkle","Relic Stats","StSLib","The Alterego","The Bladedancer","Waifu the Spire"],"gold_per_floor":[109,34,34,34,44,44,69,69,94,114,132,132,32,52,52,149,149,163,38,38,54,54,54,54,54],"floor_reached":24,"language":"ZHS","playtime":612,"items_purged":["blademaster:Defend","blademaster:Defend","blademaster:FlockOfBlades"],"score":194,"play_id":"0be7e078-59eb-41e0-bb60-4674ac977e15","local_time":"20210210134434","is_ascension_mode":false,"campfire_choices":[{"data":"blademaster:BladeMastery","floor":6,"key":"SMITH"},{"floor":12,"key":"REST"},{"data":"blademaster:RagingBlow","floor":15,"key":"SMITH"},{"data":"blademaster:HighVoltage","floor":23,"key":"SMITH"}],"circlet_count":0,"master_deck":["blademaster:Strike","blademaster:Strike","blademaster:Strike","blademaster:Strike","blademaster:Defend","blademaster:RagingBlow+1","blademaster:HighVoltage+1","blademaster:BladeMastery+1","blademaster:Havoc","blademaster:Empower"],"relics":["blademaster:DancersAmulet","Art of War","NlothsMask"],"acts_visited":["Exordium","TheCity"],"potions_floor_usage":[16,16],"damage_taken":[{"damage":1.0,"enemies":"2 Louse","floor":1.0,"turns":2.0},{"damage":1,"enemies":"Cultist","floor":5,"turns":3},{"damage":5,"enemies":"Gremlin Nob","floor":7,"turns":3},{"damage":11,"enemies":"Jaw Worm","floor":10,"turns":3},{"damage":29,"enemies":"Red Slaver","floor":11,"turns":5},{"damage":0,"enemies":"Looter","floor":14,"turns":2},{"damage":63,"enemies":"The Guardian","floor":16,"turns":11},{"damage":10,"enemies":"Chosen","floor":18,"turns":3},{"damage":9,"enemies":"3 Byrds","floor":21,"turns":4},{"damage":47,"enemies":"Book of Stabbing","floor":24,"turns":4}],"seed_played":"-5020878761427372884","potions_obtained":[{"floor":1.0,"key":"Regen Potion"},{"floor":5,"key":"AttackPotion"},{"floor":16,"key":"Explosive Potion"}],"is_trial":false,"path_per_floor":["M","$","?","?","M","R","E","?","T","M","M","R","$","M","R","B",null,"M","$","?","M","$","R","E"],"character_chosen":"THE_BLADEMASTER","items_purchased":[],"campfire_rested":1,"item_purchase_floors":[],"current_hp_per_floor":[74,74,74,74,73,73,68,68,68,57,28,50,50,50,50,2,75,65,65,51,42,42,42,0,0],"gold":54,"neow_bonus":"ONE_RANDOM_RARE_CARD","is_daily":false,"chose_seed":false,"campfire_upgraded":3,"win_rate":0.0,"timestamp":1612935874,"path_taken":["M","$","?","?","M","R","E","?","T","?","M","R","$","M","R","BOSS","M","$","?","M","$","R","E"],"items_purchased_type":[],"build_version":"2020-12-22","purchased_purges":3,"victory":false,"max_hp_per_floor":[75,75,75,75,75,75,75,75,75,75,75,75,75,75,75,75,75,75,75,80,80,80,80,80,80],"relic_stats":{"counters":[10,40],"Art of War":[5],"obtain_stats":[{"Art of War":7,"blademaster:StanceHealPerk":7,"blademaster:DancersAmulet":0,"NlothsMask":8},{"Art of War":3,"blademaster:StanceHealPerk":3,"blademaster:DancersAmulet":0,"NlothsMask":3},{"Art of War":8,"blademaster:StanceHealPerk":8,"blademaster:DancersAmulet":0,"NlothsMask":8}]},"card_choices":[{"not_picked":["blademaster:Sharpen","blademaster:SlyStabs"],"picked":"blademaster:BladeMastery","floor":1.0},{"not_picked":["blademaster:BloodyBlow","blademaster:Stormstrike","blademaster:Safeguard"],"picked":"SKIP","floor":5},{"not_picked":["blademaster:SlyStabs","blademaster:AirSlash"],"picked":"blademaster:Havoc","floor":7},{"not_picked":["blademaster:Discharge","blademaster:AspectOfWind","blademaster:Stability"],"picked":"SKIP","floor":10},{"not_picked":["blademaster:AwakeningDefend","blademaster:Quickstep","blademaster:Stormstrike"],"picked":"SKIP","floor":11},{"not_picked":["blademaster:FuriousStrike","blademaster:AspectOfLightning","blademaster:ChargingUp"],"picked":"SKIP","floor":14},{"not_picked":["blademaster:CloudOfSteel","blademaster:HighVoltage"],"picked":"blademaster:Empower","floor":16},{"not_picked":["blademaster:Rupture","blademaster:Quickness","blademaster:ThunderSlash"],"picked":"SKIP","floor":18},{"not_picked":["blademaster:CullingStrike","blademaster:Discharge","blademaster:TraverseCut"],"picked":"SKIP","floor":21}],"player_experience":97895,"relics_obtained":[{"floor":7,"key":"Art of War"},{"floor":7,"key":"blademaster:StanceHealPerk"}],"event_choices":[{"damage_healed":0.0,"max_hp_gain":0.0,"max_hp_loss":0.0,"gold_gain":0.0,"event_name":"Golden Idol","player_choice":"Ignored","floor":3.0,"gold_loss":0.0,"damage_taken":0.0},{"cards_removed":["blademaster:Defend"],"damage_healed":0.0,"max_hp_gain":0.0,"max_hp_loss":0.0,"gold_gain":0.0,"event_name":"Living Wall","player_choice":"Forget","floor":4.0,"gold_loss":0.0,"damage_taken":0.0},{"damage_healed":0,"gold_gain":0,"player_choice":"Trade","damage_taken":0,"relics_obtained":["NlothsMask"],"max_hp_gain":0,"max_hp_loss":0,"event_name":"FaceTrader","floor":8,"gold_loss":0},{"damage_healed":0,"gold_gain":0,"player_choice":"Shed Blood","damage_taken":19,"max_hp_gain":5,"max_hp_loss":0,"event_name":"Forgotten Altar","floor":20,"gold_loss":0}],"is_beta":false,"boss_relics":[{"not_picked":["Busted Crown","Philosopher\u0027s Stone","Cursed Key"]}],"items_purged_floors":[2,13,19],"is_endless":false,"potions_floor_spawned":[1,5,16],"killed_by":"Book of Stabbing","ascension_level":0}}