{"host":"yhhyog5h1q67ienp","time":1612918382,"event":{"mods":["AchievementEnabler","BaseMod","Block Reminder","Colored Map","Colored Powertips","Minty Spire (QoL Compilation)","Quick Restart","Relic Stats","StSLib","ojb\u0027s Better Paths Mod","ojb\u0027s Info Mod"],"gold_per_floor":[113,113,127,277,297,330,405,431,431,431,431],"floor_reached":10,"language":"ENG","playtime":643,"items_purged":[],"score":152,"play_id":"fd4ff311-404e-4034-9879-8589c92f7966","local_time":"20210209215302","is_ascension_mode":true,"campfire_choices":[],"circlet_count":0,"master_deck":["AscendersBane","Strike_R","Strike_R","Strike_R","Strike_R","Strike_R","Defend_R","Defend_R","Defend_R","Defend_R","Bash","CurseOfTheBell","Twin Strike","Pommel Strike","Spot Weakness","Uppercut","Reaper"],"relics":["Calling Bell","Omamori","The Courier","Champion Belt","StrikeDummy","Bag of Preparation","Pen Nib","Blue Candle"],"acts_visited":["Exordium"],"potions_floor_usage":[],"damage_taken":[{"damage":2,"enemies":"2 Louse","floor":1,"turns":4},{"damage":0,"enemies":"Small Slimes","floor":3,"turns":2},{"damage":0,"enemies":"Cultist","floor":5,"turns":2},{"damage":20,"enemies":"3 Sentries","floor":6,"turns":6},{"damage":20,"enemies":"Lagavulin","floor":8,"turns":4},{"damage":31,"enemies":"3 Sentries","floor":10,"turns":4}],"seed_played":"7076444304849802419","potions_obtained":[{"floor":8,"key":"LiquidBronze"}],"is_trial":false,"path_per_floor":["M","?","M","?","M","E","?","E","T","E"],"character_chosen":"IRONCLAD","items_purchased":[],"campfire_rested":0,"item_purchase_floors":[],"current_hp_per_floor":[66,55,55,55,55,35,24,4,4,0,0],"gold":431,"neow_bonus":"BOSS_RELIC","is_daily":false,"chose_seed":false,"campfire_upgraded":0,"win_rate":0.0,"timestamp":1612918382,"path_taken":["M","?","M","?","M","E","?","E","T","E"],"items_purchased_type":[],"build_version":"2020-12-22","purchased_purges":0,"victory":false,"max_hp_per_floor":[75,75,75,75,75,75,75,75,75,75,75],"relic_stats":{"counters":[6,22],"Blue Candle":[1],"Pen Nib":[0],"Bag of Preparation":[4],"Champion Belt":[4],"obtain_stats":[{"Calling Bell":0,"Blue Candle":9,"The Courier":0,"Pen Nib":8,"Omamori":0,"Bag of Preparation":6,"Champion Belt":0,"StrikeDummy":2,"Burning Blood":0},{"Calling Bell":0,"Blue Candle":5,"The Courier":0,"Pen Nib":5,"Omamori":0,"Bag of Preparation":4,"Champion Belt":0,"StrikeDummy":1,"Burning Blood":0},{"Calling Bell":0,"Blue Candle":18,"The Courier":0,"Pen Nib":18,"Omamori":0,"Bag of Preparation":14,"Champion Belt":0,"StrikeDummy":4,"Burning Blood":0}]},"card_choices":[{"not_picked":["Sword Boomerang","Shrug It Off"],"picked":"Twin Strike","floor":1},{"not_picked":["Perfected Strike","Heavy Blade"],"picked":"Pommel Strike","floor":3},{"not_picked":["Double Tap","Flex"],"picked":"Spot Weakness","floor":5},{"not_picked":["Sever Soul","Sword Boomerang"],"picked":"Uppercut","floor":6},{"not_picked":["True Grit","Flex"],"picked":"Reaper","floor":8}],"player_experience":1440671,"relics_obtained":[{"floor":0,"key":"Omamori"},{"floor":0,"key":"The Courier"},{"floor":0,"key":"Champion Belt"},{"floor":6,"key":"Bag of Preparation"},{"floor":8,"key":"Pen Nib"},{"floor":9,"key":"Blue Candle"}],"event_choices":[{"damage_healed":0,"gold_gain":0,"player_choice":"Success","damage_taken":11,"relics_obtained":["StrikeDummy"],"max_hp_gain":0,"max_hp_loss":0,"event_name":"Scrap Ooze","floor":2,"gold_loss":0},{"damage_healed":0,"gold_gain":150,"player_choice":"AGREE","damage_taken":0,"max_hp_gain":0,"max_hp_loss":0,"event_name":"Liars Game","floor":4,"gold_loss":0,"cards_obtained":["Doubt"]},{"damage_healed":0,"gold_gain":75,"player_choice":"Gather Gold","damage_taken":11,"max_hp_gain":0,"max_hp_loss":0,"event_name":"World of Goop","floor":7,"gold_loss":0}],"is_beta":false,"boss_relics":[],"items_purged_floors":[],"is_endless":false,"potions_floor_spawned":[8],"killed_by":"3 Sentries","ascension_level":20}}