{"host":"takgv9cv6xf64vhq","time":1612969097,"event":{"mods":["BaseMod","Colored Powertips","Conspire","Decade(王小明)","Downfall","Energized Spire","Hermit","Hubris","LagranYue(拉格朗・月)","Marisa（F雨　魔理沙）","Minty Spire (QoL Compilation)","Replay The Spire","StSLib","The Cursed","The Hierophant","The Jungle","The Servant 0.9.4","TheHeartMod"],"gold_per_floor":[113,126,14,28,42,67,67,97,97,30,42,59,59,70,70,168,168,150,150,164,178,22,54,70,70,70,70,70,89,89,89],"floor_reached":30,"language":"ZHS","playtime":1643,"items_purged":["Strike_B"],"score":408,"play_id":"4d2fec0a-639a-4b26-bc84-aaba2e3fce56","local_time":"20210210225817","is_ascension_mode":true,"campfire_choices":[{"floor":7.0,"key":"REST"},{"data":"BasicCrystalCard","floor":15.0,"key":"SMITH"},{"data":"Consume","floor":25.0,"key":"SMITH"}],"circlet_count":0,"master_deck":["Strike_B+1","Strike_B+1","Defend_B","Defend_B","Defend_B","Defend_B","Zap","Dualcast","ReplaySolidLightProjector","Hologram","BasicCrystalCard+1","BasicCrystalCard","Conserve Battery","Hello World","Steam","Consume+1","Reboot","Coolheaded","ReplayTheSpireMod:Calculation Training","Core Surge","BootSequence+1","downfall:Bewildered","FIFO Queue","Defragment+1","ReplaySort","Panic Button"],"relics":["Black Star","LagranYue:MagicReflectiveArmorRelic","Incense Burner","hexamod:BolsterEngine","Replay:Baseball","Whetstone","Eternal Feather","hubris:Icosahedron","hubris:Backtick","Ice Cream","sneckomod:BabySnecko","Medical Kit","bronze:BronzeIdol","Onion Ring","Slimebound:PreparedRelic"],"acts_visited":["Exordium","TheCity"],"potions_floor_usage":[30],"damage_taken":[{"damage":7.0,"enemies":"Jaw Worm","floor":1.0,"turns":6.0},{"damage":1.0,"enemies":"Cultist","floor":2.0,"turns":3.0},{"damage":2.0,"enemies":"2 Louse","floor":4.0,"turns":3.0},{"damage":5.0,"enemies":"Looter","floor":5.0,"turns":4.0},{"damage":45.0,"enemies":"Gremlin Nob","floor":6.0,"turns":4.0},{"damage":9.0,"enemies":"Lagavulin","floor":8.0,"turns":7.0},{"damage":0.0,"enemies":"2 Fungi Beasts","floor":11.0,"turns":2.0},{"damage":2.0,"enemies":"3 Louse","floor":12.0,"turns":4.0},{"damage":0.0,"enemies":"Gremlin Gang","floor":14.0,"turns":1.0},{"damage":0.0,"enemies":"Hexaghost","floor":16.0,"turns":10.0},{"damage":25.0,"enemies":"2 Thieves","floor":18.0,"turns":4.0},{"damage":0.0,"enemies":"Spheric Guardian","floor":20.0,"turns":6.0},{"damage":0.0,"enemies":"Snecko","floor":21.0,"turns":7.0},{"damage":7.0,"enemies":"Slavers","floor":23.0,"turns":8.0},{"damage":5.0,"enemies":"Chosen and Byrds","floor":24.0,"turns":9.0},{"damage":0.0,"enemies":"Centurion and Healer","floor":29.0,"turns":8.0},{"damage":45,"enemies":"Gremlin Leader","floor":30,"turns":3}],"seed_played":"-6466134824514588295","potions_obtained":[{"floor":1.0,"key":"LiquidMemories"},{"floor":4.0,"key":"Explosive Potion"},{"floor":5.0,"key":"champ:CounterPotion"},{"floor":8.0,"key":"Reflective Coating"},{"floor":12.0,"key":"BlessingOfTheForge"},{"floor":18.0,"key":"Fire Potion"},{"floor":21.0,"key":"Dexterity Potion"}],"is_trial":false,"path_per_floor":["M","M","$","M","M","E","R","E","T","?","M","M","?","M","R","B",null,"M","?","M","M","$","E","M","R","T","?","?","M","E"],"character_chosen":"DEFECT","items_purchased":["BasicCrystalCard","Medical Kit"],"campfire_rested":1,"item_purchase_floors":[3,22],"current_hp_per_floor":[61,60,60,58,53,8,30,21,21,21,21,19,19,19,31,31,64,39,39,39,39,39,32,27,42,42,42,42,42,0,0],"gold":89,"neow_bonus":"BOSS_RELIC","is_daily":false,"chose_seed":false,"campfire_upgraded":2,"win_rate":0.0,"timestamp":1612969097,"path_taken":["M","M","$","M","M","E","R","E","T","?","?","M","?","M","R","BOSS","M","?","M","M","$","E","M","R","T","?","?","M","E"],"items_purchased_type":["Card","Relic"],"build_version":"2020-12-22","purchased_purges":1,"victory":false,"max_hp_per_floor":[75,75,75,75,75,75,75,75,75,75,75,75,75,75,75,75,75,75,75,75,75,75,75,75,75,75,75,75,75,75,75],"card_choices":[{"not_picked":["Aggregate","Rebound"],"picked":"ReplaySolidLightProjector","floor":1.0},{"not_picked":["Streamline","Reinforced Body"],"picked":"Hologram","floor":2.0},{"not_picked":["Fusion","ReplayTheSpireMod:GoodbyeWorld"],"picked":"Conserve Battery","floor":4.0},{"not_picked":["BasicCrystalCard","Barrage"],"picked":"Hello World","floor":5.0},{"not_picked":["ReplaySolidLightProjector","Force Field"],"picked":"Steam","floor":6.0},{"not_picked":["Panic Button","Turbo"],"picked":"Consume","floor":8.0},{"not_picked":["Lockon","BasicCrystalCard"],"picked":"Reboot","floor":11.0},{"not_picked":["Reinforced Body","Beam Cell"],"picked":"Coolheaded","floor":12.0},{"not_picked":["hubris:Ukulele","Barrage"],"picked":"ReplayTheSpireMod:Calculation Training","floor":14.0},{"not_picked":["Thunder Strike","Multi-Cast"],"picked":"Core Surge","floor":16.0},{"not_picked":["Stack","Compile Driver"],"picked":"BootSequence+1","floor":18.0},{"not_picked":["Rebound","Coolheaded"],"picked":"FIFO Queue","floor":20.0},{"not_picked":["Cold Snap","Steam Power"],"picked":"Defragment","floor":21.0},{"not_picked":["Streamline+1","Coolheaded"],"picked":"ReplaySort","floor":23.0},{"not_picked":["Compile Driver+1","ReplayGash"],"picked":"Panic Button","floor":24.0},{"not_picked":["All For One","Streamline","Rebound"],"picked":"SKIP","floor":29.0}],"player_experience":491256,"relics_obtained":[{"floor":6.0,"key":"LagranYue:MagicReflectiveArmorRelic"},{"floor":6.0,"key":"Incense Burner"},{"floor":8.0,"key":"hexamod:BolsterEngine"},{"floor":8.0,"key":"Replay:Baseball"},{"floor":9.0,"key":"Whetstone"},{"floor":23.0,"key":"bronze:BronzeIdol"},{"floor":23.0,"key":"Onion Ring"},{"floor":26.0,"key":"Slimebound:PreparedRelic"}],"event_choices":[{"damage_healed":0.0,"max_hp_gain":0.0,"max_hp_loss":0.0,"gold_gain":0.0,"event_name":"WeMeetAgain","player_choice":"Paid Gold","floor":10.0,"gold_loss":67.0,"damage_taken":0.0,"relics_obtained":["Eternal Feather"]},{"cards_removed":["Strike_B"],"damage_healed":0.0,"max_hp_gain":0.0,"max_hp_loss":0.0,"gold_gain":0.0,"event_name":"Back to Basics","player_choice":"Elegance","floor":27.0,"gold_loss":0.0,"damage_taken":0.0},{"damage_healed":0.0,"max_hp_gain":0.0,"max_hp_loss":0.0,"gold_gain":0.0,"event_name":"Accursed Blacksmith","player_choice":"Forge","floor":28.0,"gold_loss":0.0,"damage_taken":0.0,"cards_upgraded":["Defragment"]}],"is_beta":false,"boss_relics":[{"not_picked":["conspire:RunicOctahedron","Ring of Chaos"],"picked":"hubris:Backtick"}],"items_purged_floors":[3],"is_endless":false,"potions_floor_spawned":[1,4,5,8,12,18,21],"killed_by":"Gremlin Leader","ascension_level":6}}