{"host":"7sni158j623xchr2","time":1612942821,"event":{"mods":["BaseMod","Colored Map","Highlight Path","Minty Spire (QoL Compilation)","Permanent Neow","Potion Indicator Mod","Rare Cards Sparkle","Relic Sorter","Relic Stats","StSLib","everything is the same but u backflip on backflip"],"gold_per_floor":[110,110,123,137,156,156,156,185,210,230,259,259,273,299,299,395,395,410,509,509,520,105,105,137,137,137,151,171,197,210,210,210,308,308,322,85,85,360,360,360,360,360,360,389,389,389,407,442,442,442,442,442,12,40,40],"floor_reached":56,"language":"ENG","playtime":1813,"items_purged":["Strike_G","Defend_G","Defend_G"],"score":1375,"play_id":"b8ed9e52-40d7-4481-adf5-9c67c19e26eb","local_time":"20210210014021","is_ascension_mode":true,"campfire_choices":[{"data":"Dash","floor":6,"key":"SMITH"},{"data":"Venomology","floor":12,"key":"SMITH"},{"data":"Footwork","floor":15,"key":"SMITH"},{"data":"Burst","floor":23,"key":"SMITH"},{"data":"Neutralize","floor":25,"key":"SMITH"},{"data":"Deadly Poison","floor":32,"key":"SMITH"},{"floor":40,"key":"RECALL"},{"data":"Deflect","floor":41,"key":"SMITH"},{"data":"Panache","floor":42,"key":"SMITH"},{"data":"Deflect","floor":49,"key":"SMITH"},{"data":"Acrobatics","floor":52,"key":"SMITH"}],"circlet_count":0,"master_deck":["Strike_G+1","Strike_G","Strike_G+1","Defend_G","Survivor","Dash+1","Acrobatics+1","Deadly Poison+1","Deflect+1","Venomology+1","Deflect+1","Footwork+1","Burst+1","Ghostly+1","Ghostly+1","Ghostly+1","Ghostly+1","Ghostly+1","Burst+1","PiercingWail+1","Impatience+1","Bouncing Flask+1","Blur+1","Night Terror+1","Catalyst+1","Panache+1","Blind+1","Footwork+1","Well Laid Plans+1","Panacea+1","Escape Plan+1","Backflip+1","PiercingWail+1"],"relics":["Ring of the Snake","Omamori","Whetstone","Odd Mushroom","Juzu Bracelet","Calling Bell","Toy Ornithopter","Toxic Egg 2","StoneCalendar","Membership Card","Snake Skull","Kunai","Art of War","Cursed Key","WingedGreaves","HornCleat","Meat on the Bone","Ice Cream","CaptainsWheel","Lee\u0027s Waffle","Pantograph"],"acts_visited":["Exordium","TheCity","TheBeyond","TheEnding"],"potions_floor_usage":[8,8,13,14,14,16,16,16,28,29,33,33,50,50,55,55,55,55],"damage_taken":[{"damage":0,"enemies":"Jaw Worm","floor":1,"turns":3},{"damage":1,"enemies":"Cultist","floor":3,"turns":4},{"damage":0,"enemies":"Small Slimes","floor":4,"turns":3},{"damage":7,"enemies":"3 Louse","floor":5,"turns":4},{"damage":1,"enemies":"Lagavulin","floor":8,"turns":5},{"damage":0,"enemies":"Blue Slaver","floor":10,"turns":4},{"damage":0,"enemies":"The Mushroom Lair","floor":11,"turns":6},{"damage":0,"enemies":"2 Fungi Beasts","floor":13,"turns":3},{"damage":9,"enemies":"3 Sentries","floor":14,"turns":10},{"damage":20,"enemies":"Slime Boss","floor":16,"turns":10},{"damage":0,"enemies":"Shell Parasite","floor":18,"turns":7},{"damage":4,"enemies":"Chosen","floor":21,"turns":7},{"damage":3,"enemies":"Slavers","floor":24,"turns":7},{"damage":3,"enemies":"Snake Plant","floor":27,"turns":7},{"damage":1,"enemies":"Centurion and Healer","floor":28,"turns":7},{"damage":3,"enemies":"Book of Stabbing","floor":29,"turns":8},{"damage":0,"enemies":"Snecko","floor":30,"turns":5},{"damage":2,"enemies":"Champ","floor":33,"turns":11},{"damage":1,"enemies":"3 Darklings","floor":35,"turns":7},{"damage":0,"enemies":"Nemesis","floor":44,"turns":7},{"damage":0,"enemies":"3 Shapes","floor":47,"turns":7},{"damage":2,"enemies":"Reptomancer","floor":48,"turns":7},{"damage":1,"enemies":"Awakened One","floor":50,"turns":13},{"damage":3,"enemies":"Shield and Spear","floor":54,"turns":7},{"damage":12,"enemies":"The Heart","floor":55,"turns":6}],"seed_played":"4118032988377998697","potions_obtained":[{"floor":1,"key":"Ancient Potion"},{"floor":2,"key":"Poison Potion"},{"floor":2,"key":"FearPotion"},{"floor":11,"key":"PowerPotion"},{"floor":14,"key":"ColorlessPotion"},{"floor":18,"key":"LiquidBronze"}],"is_trial":false,"path_per_floor":["M","?","M","M","M","R","?","E","T","M","?","R","M","E","R","B",null,"M","?","?","M","$","R","E","R","T","M","M","E","M","?","R","B",null,"M","$","?","?","?","R","R","R","T","E","?","?","M","E","R","B",null,"R","$","E","B",null],"character_chosen":"THE_SILENT","items_purchased":["Membership Card","Burst+1","PiercingWail+1","GhostInAJar","Snake Skull","Impatience+1","Catalyst+1","WingedGreaves","CaptainsWheel","Lee\u0027s Waffle","Panacea+1","Escape Plan+1","Backflip+1","Block Potion"],"campfire_rested":0,"item_purchase_floors":[22,22,22,22,22,22,36,36,53,53,53,53,53,53],"current_hp_per_floor":[63,63,62,62,55,55,48,47,47,47,47,47,47,38,38,18,63,63,63,31,27,27,27,24,24,24,21,25,27,27,27,27,29,31,30,30,30,30,20,20,20,20,20,20,20,20,20,18,18,27,31,31,38,35,38],"gold":40,"neow_bonus":"TRANSFORM_TWO_CARDS","is_daily":false,"chose_seed":false,"campfire_upgraded":10,"win_rate":0.0,"timestamp":1612942821,"path_taken":["M","?","?","M","M","R","?","E","T","M","?","R","M","E","R","BOSS","M","?","?","M","$","R","E","R","T","M","M","E","M","?","R","BOSS","M","$","?","?","?","R","R","R","T","E","?","?","M","E","R","BOSS","R","$","E","BOSS"],"items_purchased_type":["Relic","Card","Card","Potion","Relic","Card","Card","Relic","Relic","Relic","Card","Card","Card","Potion"],"build_version":"2020-12-22","purchased_purges":3,"victory":true,"max_hp_per_floor":[63,63,63,63,63,63,63,63,63,63,63,63,63,63,63,63,63,63,63,31,31,31,31,31,31,31,31,31,31,31,31,31,31,31,31,31,31,31,31,31,31,31,31,31,31,31,31,31,31,31,31,31,38,38,38],"relic_stats":{"Lee\u0027s Waffle":7,"counters":[25,165],"StoneCalendar":[513],"Snake Skull":[120],"Juzu Bracelet":1,"Whetstone":["Strike_G","Strike_G"],"Cursed Key":0,"Pantograph":3,"Art of War":[25],"Kunai":[4],"obtain_stats":[{"Ice Cream":48,"Lee\u0027s Waffle":53,"StoneCalendar":17,"Snake Skull":22,"Omamori":8,"Juzu Bracelet":14,"Whetstone":9,"Odd Mushroom":11,"Cursed Key":34,"Calling Bell":17,"CaptainsWheel":53,"HornCleat":44,"Pantograph":54,"WingedGreaves":36,"Art of War":29,"Membership Card":22,"Kunai":24,"Toxic Egg 2":17,"Toy Ornithopter":17,"Ring of the Snake":0,"Meat on the Bone":46},{"Ice Cream":22,"Lee\u0027s Waffle":23,"StoneCalendar":10,"Snake Skull":12,"Omamori":5,"Juzu Bracelet":9,"Whetstone":5,"Odd Mushroom":7,"Cursed Key":18,"Calling Bell":10,"CaptainsWheel":23,"HornCleat":20,"Pantograph":24,"WingedGreaves":19,"Art of War":16,"Membership Card":12,"Kunai":13,"Toxic Egg 2":10,"Toy Ornithopter":10,"Ring of the Snake":0,"Meat on the Bone":20},{"Ice Cream":139,"Lee\u0027s Waffle":152,"StoneCalendar":52,"Snake Skull":66,"Omamori":19,"Juzu Bracelet":42,"Whetstone":19,"Odd Mushroom":29,"Cursed Key":111,"Calling Bell":52,"CaptainsWheel":152,"HornCleat":125,"Pantograph":159,"WingedGreaves":118,"Art of War":95,"Membership Card":66,"Kunai":73,"Toxic Egg 2":52,"Toy Ornithopter":52,"Ring of the Snake":0,"Meat on the Bone":125}],"Toy Ornithopter":36,"Ring of the Snake":[50],"Meat on the Bone":0},"card_choices":[{"not_picked":["Concentrate","Reflex","Slice"],"picked":"SKIP","floor":1},{"not_picked":["Backflip","Deflect"],"picked":"Deadly Poison","floor":3},{"not_picked":["Sucker Punch","Infinite Blades"],"picked":"Deflect","floor":4},{"not_picked":["Poisoned Stab","Accuracy","Slice"],"picked":"SKIP","floor":5},{"not_picked":["Escape Plan","Prepared","Underhanded Strike"],"picked":"SKIP","floor":8},{"not_picked":["Cloak And Dagger","Endless Agony"],"picked":"Venomology","floor":10},{"not_picked":["Backflip","Poisoned Stab"],"picked":"Deflect","floor":13},{"not_picked":["Bane","Burst"],"picked":"Footwork","floor":14},{"not_picked":["Storm of Steel","Tools of the Trade"],"picked":"Burst","floor":16},{"not_picked":["Choke","Prepared+1","Sucker Punch+1"],"picked":"SKIP","floor":18},{"not_picked":["Deflect+1","Noxious Fumes","Setup+1"],"picked":"SKIP","floor":21},{"not_picked":["Acrobatics+1","Deadly Poison+1","Underhanded Strike"],"picked":"SKIP","floor":24},{"not_picked":["Heel Hook+1","Backflip+1"],"picked":"Bouncing Flask+1","floor":27},{"not_picked":["Backstab","Tactician+1","Riddle With Holes"],"picked":"SKIP","floor":28},{"not_picked":["Deadly Poison+1","Blade Dance+1"],"picked":"Blur+1","floor":29},{"not_picked":["Blade Dance+1","Deflect+1","Concentrate+1"],"picked":"SKIP","floor":30},{"not_picked":["Glass Knife","Burst+1"],"picked":"Night Terror+1","floor":33},{"not_picked":["Flying Knee","Dagger Spray","Quick Slash"],"picked":"SKIP","floor":35},{"not_picked":["Blind+1","Discovery+1"],"picked":"Panache","floor":39},{"not_picked":["Transmutation+1","Discovery+1"],"picked":"Blind+1","floor":39},{"not_picked":["Cloak And Dagger+1","Dagger Spray+1"],"picked":"Footwork+1","floor":44},{"not_picked":["Outmaneuver+1","Infinite Blades+1","Quick Slash+1"],"picked":"SKIP","floor":47},{"not_picked":["Blade Dance+1","Acrobatics+1"],"picked":"Well Laid Plans+1","floor":48},{"not_picked":["Dodge and Roll+1","Dagger Spray+1"],"picked":"PiercingWail+1","floor":54}],"player_experience":1773309,"relics_obtained":[{"floor":8,"key":"Omamori"},{"floor":9,"key":"Whetstone"},{"floor":11,"key":"Odd Mushroom"},{"floor":14,"key":"Juzu Bracelet"},{"floor":17,"key":"Toy Ornithopter"},{"floor":17,"key":"Toxic Egg 2"},{"floor":17,"key":"StoneCalendar"},{"floor":24,"key":"Kunai"},{"floor":29,"key":"Art of War"},{"floor":44,"key":"HornCleat"},{"floor":48,"key":"Ice Cream"},{"floor":54,"key":"Pantograph"}],"event_choices":[{"damage_healed":0,"gold_gain":0,"player_choice":"Got Potions","damage_taken":0,"max_hp_gain":0,"max_hp_loss":0,"event_name":"Lab","floor":2,"gold_loss":0},{"cards_removed":["Strike_G"],"damage_healed":0,"gold_gain":0,"player_choice":"Card Removal","damage_taken":7,"max_hp_gain":0,"max_hp_loss":0,"event_name":"Golden Wing","floor":7,"gold_loss":0},{"damage_healed":0,"gold_gain":0,"player_choice":"Fought Mushrooms","damage_taken":0,"max_hp_gain":0,"max_hp_loss":0,"event_name":"Mushrooms","floor":11,"gold_loss":0},{"damage_healed":0,"gold_gain":99,"player_choice":"Stole From Cult","damage_taken":0,"max_hp_gain":0,"max_hp_loss":0,"event_name":"Nest","floor":19,"gold_loss":0},{"damage_healed":0,"gold_gain":0,"player_choice":"Became a Ghost","damage_taken":0,"max_hp_gain":0,"max_hp_loss":32,"event_name":"Ghosts","floor":20,"gold_loss":0,"cards_obtained":["Ghostly","Ghostly","Ghostly","Ghostly","Ghostly"]},{"damage_healed":0,"gold_gain":0,"player_choice":"Ignored","damage_taken":0,"max_hp_gain":0,"max_hp_loss":0,"event_name":"Vampires","floor":31,"gold_loss":0},{"cards_removed":["Neutralize"],"damage_healed":0,"gold_gain":0,"player_choice":"Removed Attack","damage_taken":0,"max_hp_gain":0,"max_hp_loss":0,"event_name":"Falling","floor":37,"gold_loss":0},{"damage_healed":0,"gold_gain":275,"player_choice":"Desecrate","damage_taken":0,"max_hp_gain":0,"max_hp_loss":0,"event_name":"Golden Shrine","floor":38,"gold_loss":0,"cards_obtained":["Regret"]},{"damage_healed":0,"gold_gain":0,"player_choice":"Memory 3","damage_taken":10,"max_hp_gain":0,"max_hp_loss":0,"event_name":"SensoryStone","floor":39,"gold_loss":0},{"damage_healed":0,"gold_gain":0,"player_choice":"Ignored","damage_taken":0,"max_hp_gain":0,"max_hp_loss":0,"event_name":"Tomb of Lord Red Mask","floor":45,"gold_loss":0},{"damage_healed":0,"gold_gain":0,"player_choice":"Gave Potion","damage_taken":0,"relics_obtained":["Meat on the Bone"],"max_hp_gain":0,"max_hp_loss":0,"event_name":"WeMeetAgain","floor":46,"gold_loss":0}],"is_beta":false,"boss_relics":[{"not_picked":["Runic Dome","Fusion Hammer"],"picked":"Calling Bell"},{"not_picked":["Pandora\u0027s Box","Philosopher\u0027s Stone"],"picked":"Cursed Key"}],"items_purged_floors":[22,36,53],"is_endless":false,"potions_floor_spawned":[1,11,13,14,18,28,29,35,44,48],"ascension_level":1}}