{"host":"jwt4l0du6olwgnrx","time":1612949193,"event":{"mods":["BaseMod","Marisa£®ÏF”Í°°ƒß¿Ì…≥£©","Minty Spire (QoL Compilation)","Remilia£®¿Ÿ√◊¿Ú—«£©","StSLib","Waifu the Spire","Yakumo Yukari mod"],"gold_per_floor":[129,109,160,214,262,364,442,538,538,568,625,655,655,754,754,979,979,1024,1066,1117,1117,1195,1276,1276,1315,1315,1405,1462,1462,1581,1677,1677,1902,1902,1956,1956,1956],"floor_reached":36,"language":"ZHS","playtime":1198,"items_purged":[],"score":1417,"play_id":"ddbf263c-b3d3-45a4-9412-fbbc64f5d54b","local_time":"20210210172633","daily_mods":["Specialized","ControlledChaos","Heirloom","DeadlyEvents","Cursed Run","Midas","Terminal"],"is_ascension_mode":true,"campfire_choices":[{"floor":13,"key":"REST"},{"floor":15,"key":"REST"},{"floor":24,"key":"REST"},{"floor":32,"key":"REST"}],"circlet_count":0,"master_deck":["AscendersBane","Strike_RM","Strike_RM","Strike_RM","Strike_RM","Defend_RM","Defend_RM","Defend_RM","Defend_RM","RedMoon","ScarletShoot","Stigmanizer","Stigmanizer","Stigmanizer","Stigmanizer","Stigmanizer","BloodAndWine","BombardNight","UnstableMagic","MastersStateliness","TransientEternity","Stigmanizer","ScarletNetherworld","Decay","NightLord","TricksterDevil+1","DiffusionOfMisfortune","Septette","Normality","KillingBlow","BombardNight+1","Stigmanizer","HunterOfTheNight","SuperhumanBloodyKnife","UltimateOffering","Stigmanizer","Pain","FavorOfDestiny+1","Stigmanizer","Maim+1","Stigmanizer","Clumsy","BatForm","RedRainbow+1"],"relics":["Cursed Key","Darkstone Periapt","Du-Vu Doll","Frozen Eye","TypeBBloodRedTea","Matryoshka","RedBat","Oddly Smooth Stone","Regal Pillow","Bottled Tornado","Meat on the Bone","Fusion Hammer","Gremlin Horn","Kunai","MealTicket","Letter Opener","Toxic Egg 2","FaceOfCleric","The Courier","Bag of Marbles","APieceOfRedMist"],"acts_visited":["Exordium","TheCity","TheBeyond"],"potions_floor_usage":[16,16,30,33,33,35,36,36],"damage_taken":[{"damage":0,"enemies":"2 Louse","floor":1,"turns":2},{"damage":1,"enemies":"Cultist","floor":3,"turns":2},{"damage":0,"enemies":"Small Slimes","floor":4,"turns":1},{"damage":0,"enemies":"Exordium Thugs","floor":5,"turns":3},{"damage":0,"enemies":"Lagavulin","floor":6,"turns":3},{"damage":0,"enemies":"Gremlin Nob","floor":7,"turns":3},{"damage":40,"enemies":"Lagavulin","floor":8,"turns":4},{"damage":7,"enemies":"Red Slaver","floor":10,"turns":2},{"damage":0,"enemies":"Large Slime","floor":11,"turns":2},{"damage":0,"enemies":"Gremlin Gang","floor":12,"turns":1},{"damage":0,"enemies":"3 Sentries","floor":14,"turns":2},{"damage":35,"enemies":"Hexaghost","floor":16,"turns":4},{"damage":32,"enemies":"2 Thieves","floor":18,"turns":1},{"damage":0,"enemies":"Shell Parasite","floor":19,"turns":1},{"damage":12,"enemies":"Snake Plant","floor":20,"turns":1},{"damage":4,"enemies":"Book of Stabbing","floor":22,"turns":2},{"damage":43,"enemies":"Slavers","floor":23,"turns":3},{"damage":35,"enemies":"Snecko","floor":25,"turns":3},{"damage":5,"enemies":"Book of Stabbing","floor":27,"turns":3},{"damage":0,"enemies":"Cultist and Chosen","floor":28,"turns":2},{"damage":42,"enemies":"Slavers","floor":30,"turns":3},{"damage":26,"enemies":"Gremlin Leader","floor":31,"turns":4},{"damage":75,"enemies":"Champ","floor":33,"turns":4},{"damage":27,"enemies":"3 Shapes","floor":35,"turns":4},{"damage":65,"enemies":"3 Shapes","floor":36,"turns":5}],"seed_played":"286052064946185319","potions_obtained":[{"floor":1,"key":"FearPotion"},{"floor":2,"key":"Ancient Potion"},{"floor":16,"key":"AttackPotion"},{"floor":19,"key":"ColorlessPotion"},{"floor":33,"key":"Fire Potion"},{"floor":35,"key":"SkillPotion"}],"is_trial":true,"path_per_floor":["M","?","M","M","M","E","E","E","T","M","M","M","R","E","R","B",null,"M","M","M","?","E","E","R","M","T","E","M","?","E","E","R","B",null,"M","?"],"character_chosen":"REMILIA","items_purchased":[],"campfire_rested":4,"item_purchase_floors":[],"current_hp_per_floor":[66,66,66,65,64,63,62,31,37,33,36,39,62,61,60,54,62,44,47,38,38,59,32,57,40,46,49,54,54,29,27,57,24,53,44,0,0],"gold":1956,"neow_bonus":"","is_daily":false,"chose_seed":false,"campfire_upgraded":0,"win_rate":0.0,"timestamp":1612949193,"path_taken":["M","?","?","?","M","E","?","E","T","M","M","M","R","E","R","BOSS","M","M","M","?","?","E","R","M","T","E","M","?","E","?","R","BOSS","M","?"],"items_purchased_type":[],"build_version":"2020-12-22","purchased_purges":0,"victory":false,"max_hp_per_floor":[68,67,66,65,64,63,62,61,66,65,64,63,62,61,60,65,64,63,62,61,60,59,58,57,56,61,60,59,58,58,58,57,63,62,62,62,62],"card_choices":[{"not_picked":["VampirishNight","StarOfDavid"],"picked":"BloodAndWine","floor":1},{"not_picked":["CharismaGuard","VampireKiss"],"picked":"BombardNight","floor":3},{"not_picked":["BloodHunter","CharismaGuard"],"picked":"UnstableMagic","floor":4},{"not_picked":["EndlessAdversity","BombardNight"],"picked":"MastersStateliness","floor":5},{"not_picked":["StarOfDavid","RedMagic"],"picked":"TransientEternity","floor":6},{"not_picked":["BloodHunter","CharismaGuard"],"picked":"Stigmanizer","floor":7},{"not_picked":["BlasphemousPunishment","FitfulNightmare"],"picked":"ScarletNetherworld","floor":8},{"not_picked":["CharismaGuard","RedRainbow"],"picked":"NightLord","floor":10},{"not_picked":["RedRainbow","ScarletDevilSign"],"picked":"TricksterDevil","floor":11},{"not_picked":["StarOfDavid","EndlessAdversity"],"picked":"DiffusionOfMisfortune","floor":12},{"not_picked":["EndlessAdversity","VampireKiss"],"picked":"Septette","floor":14},{"not_picked":["CeilingFear","TransientEternity"],"picked":"KillingBlow","floor":16},{"not_picked":["ScarletNetherworld","BloodyMagicSquare"],"picked":"BombardNight+1","floor":18},{"not_picked":["BlasphemousPunishment","BombardNight"],"picked":"Stigmanizer","floor":19},{"not_picked":["StarOfDavid+1","BlasphemousPunishment"],"picked":"HunterOfTheNight","floor":20},{"not_picked":["UnstableMagic","CharismaGuard"],"picked":"SuperhumanBloodyKnife","floor":22},{"not_picked":["HellCatastrophe","BadLadyScramble+1"],"picked":"UltimateOffering","floor":23},{"not_picked":["ScarletDevil","EndlessAdversity"],"picked":"Stigmanizer","floor":25},{"not_picked":["EmergencyRegeneration+1","BlasphemousPunishment+1"],"picked":"FavorOfDestiny+1","floor":27},{"not_picked":["StarOfDavid","BombardNight"],"picked":"Stigmanizer","floor":28},{"not_picked":["EndlessAdversity","EquivalentExchange"],"picked":"Maim+1","floor":30},{"not_picked":["CharismaGuard","ScarletSymphony+1"],"picked":"Stigmanizer","floor":31},{"not_picked":["EquivalentExchange","ChaoticDestiny+1"],"picked":"BatForm","floor":33},{"not_picked":["FavorOfDestiny+1","EndlessAdversity"],"picked":"RedRainbow+1","floor":35}],"player_experience":369123,"relics_obtained":[{"floor":6,"key":"Matryoshka"},{"floor":7,"key":"RedBat"},{"floor":8,"key":"Oddly Smooth Stone"},{"floor":9,"key":"Regal Pillow"},{"floor":9,"key":"Bottled Tornado"},{"floor":14,"key":"Meat on the Bone"},{"floor":22,"key":"Gremlin Horn"},{"floor":23,"key":"Kunai"},{"floor":26,"key":"MealTicket"},{"floor":26,"key":"Letter Opener"},{"floor":27,"key":"Toxic Egg 2"},{"floor":30,"key":"The Courier"},{"floor":31,"key":"Bag of Marbles"}],"event_choices":[{"damage_healed":0,"gold_gain":0,"player_choice":"Bought 1 Potion","damage_taken":0,"max_hp_gain":0,"max_hp_loss":0,"event_name":"The Woman in Blue","floor":2,"gold_loss":0},{"damage_healed":0,"gold_gain":0,"player_choice":"Upgraded","damage_taken":0,"max_hp_gain":0,"max_hp_loss":0,"event_name":"Upgrade Shrine","floor":21,"gold_loss":0,"cards_upgraded":["TricksterDevil"]},{"damage_healed":0,"gold_gain":0,"player_choice":"Trade","damage_taken":0,"relics_obtained":["FaceOfCleric"],"max_hp_gain":0,"max_hp_loss":0,"event_name":"FaceTrader","floor":29,"gold_loss":0}],"is_beta":false,"boss_relics":[{"not_picked":["Tiny House","Runic Pyramid"],"picked":"Fusion Hammer"},{"not_picked":["Coffee Dripper","Empty Cage"],"picked":"APieceOfRedMist"}],"items_purged_floors":[],"is_endless":false,"potions_floor_spawned":[1,6,7,10,16,19,20,22,33,35],"killed_by":"3 Shapes","ascension_level":20}}