{"host":"i1xfvbr0z23eel2z","time":1612931976,"event":{"mods":["2.2 Compatiblity","BaseMod","Colored Map","Highlight Path","Minty Spire (QoL Compilation)","StSLib","Together in Spire"],"gold_per_floor":[119,119,119,134,134,152,152,187,187,187,205,218,218,254,254,385,385,390,305,305,305],"floor_reached":20,"language":"ENG","playtime":871,"items_purged":[],"score":132,"play_id":"19b246df-ccd0-4243-9760-aa680ae2070e","local_time":"20210209233936","is_ascension_mode":false,"campfire_choices":[{"floor":7,"key":"REST"},{"data":"Zap","floor":10,"key":"SMITH"},{"data":"Dualcast","floor":13,"key":"SMITH"},{"data":"Darkness","floor":15,"key":"SMITH"}],"circlet_count":0,"master_deck":["Strike_B","Strike_B","Strike_B","Strike_B","Defend_B","Defend_B","Defend_B","Defend_B","Zap+1","Dualcast+1","Melter","Injury","Darkness+1"],"relics":["Cracked Core","Letter Opener","Golden Idol","Shuriken","Nunchaku","Dream Catcher","SlaversCollar","Mercury Hourglass"],"acts_visited":["Exordium","TheCity"],"potions_floor_usage":[4,8,14,16,18,20],"damage_taken":[{"damage":11,"enemies":"Jaw Worm","floor":1,"turns":2},{"damage":5,"enemies":"Small Slimes","floor":4,"turns":2},{"damage":0,"enemies":"2 Louse","floor":6,"turns":2},{"damage":5,"enemies":"3 Sentries","floor":8,"turns":3},{"damage":0,"enemies":"Gremlin Gang","floor":11,"turns":2},{"damage":2,"enemies":"Blue Slaver","floor":12,"turns":2},{"damage":6,"enemies":"Lagavulin","floor":14,"turns":5},{"damage":19,"enemies":"The Guardian","floor":16,"turns":6},{"damage":0,"enemies":"2 Thieves","floor":18,"turns":2},{"damage":7,"enemies":"Shell Parasite","floor":20,"turns":2}],"seed_played":"4273047538184439117","potions_obtained":[{"floor":0,"key":"LiquidBronze"},{"floor":0,"key":"Swift Potion"},{"floor":0,"key":"LiquidBronze"},{"floor":4,"key":"GamblersBrew"},{"floor":8,"key":"Block Potion"},{"floor":12,"key":"DistilledChaos"},{"floor":14,"key":"SkillPotion"},{"floor":16,"key":"Fire Potion"}],"is_trial":false,"path_per_floor":["M","?","T","M","?","M","R","E","T","R","M","M","R","E","R","B",null,"M","?","M"],"character_chosen":"DEFECT","items_purchased":[],"campfire_rested":1,"item_purchase_floors":[],"current_hp_per_floor":[64,64,64,59,59,59,75,70,70,70,70,68,68,62,62,43,75,75,75,68,68],"gold":305,"neow_bonus":"THREE_SMALL_POTIONS","is_daily":false,"chose_seed":false,"campfire_upgraded":3,"win_rate":0.0,"timestamp":1612931976,"path_taken":["M","?","?","M","?","M","R","E","T","R","?","M","R","E","R","BOSS","M","?","M"],"items_purchased_type":[],"build_version":"2020-12-22","purchased_purges":0,"victory":false,"max_hp_per_floor":[75,75,75,75,75,75,75,75,75,75,75,75,75,75,75,75,75,75,75,75,75],"card_choices":[{"not_picked":["Rebound","Go for the Eyes"],"picked":"Melter","floor":1},{"not_picked":["White Noise","Go for the Eyes","Hologram"],"picked":"SKIP","floor":4},{"not_picked":["Hologram","Rebound","Reprogram"],"picked":"SKIP","floor":6},{"not_picked":["FTL","Melter","Rebound"],"picked":"SKIP","floor":8},{"not_picked":["Hello World","Self Repair"],"picked":"Darkness","floor":11},{"not_picked":["Barrage","White Noise","Seek"],"picked":"SKIP","floor":12},{"not_picked":["Go for the Eyes","Leap","Lockon"],"picked":"SKIP","floor":14},{"not_picked":["Gash","Streamline","Static Discharge+1"],"picked":"SKIP","floor":18}],"player_experience":94656,"relics_obtained":[{"floor":3,"key":"Letter Opener"},{"floor":8,"key":"Shuriken"},{"floor":9,"key":"Nunchaku"},{"floor":14,"key":"Dream Catcher"}],"event_choices":[{"damage_healed":0,"gold_gain":0,"player_choice":"Ignored","damage_taken":0,"max_hp_gain":0,"max_hp_loss":0,"event_name":"Shining Light","floor":2,"gold_loss":0},{"damage_healed":0,"gold_gain":0,"player_choice":"Take Wound","damage_taken":0,"relics_obtained":["Golden Idol"],"max_hp_gain":0,"max_hp_loss":0,"event_name":"Golden Idol","floor":5,"gold_loss":0,"cards_obtained":["Injury"]},{"damage_healed":0,"gold_gain":0,"player_choice":"Obtained Relic","damage_taken":0,"relics_obtained":["Mercury Hourglass"],"max_hp_gain":0,"max_hp_loss":0,"event_name":"Addict","floor":19,"gold_loss":85}],"is_beta":false,"boss_relics":[{"not_picked":["FrozenCore","Tiny House"],"picked":"SlaversCollar"}],"items_purged_floors":[],"is_endless":false,"potions_floor_spawned":[4,8,12,14,16],"killed_by":"Shell Parasite","ascension_level":0}}