{"host":"p5axfb00mxhraew6","time":1612959766,"event":{"mods":["100% Spire Juice","Abigail Mod","Act Like it!","BaseMod","CapriCore","Friendly Minions","GifTheSpireLib","Jedi Mod","KomeijiMod","Lobotomy","MarisaÅiñ∂âJÅ@ñÇóùçπÅj","Minty Spire (QoL Compilation)","Prisma Mod","ReimuÅiîé??öÎÅj","RemiliaÅiÂQïƒ‰ª?Åj","SOSÅiézîb?îVéqÅj","StSLib","Td1madao Mod","The Alterego","The Immortal","The Problem Sleuth","Yakumo Yukari mod"],"gold_per_floor":[182,241,311,43,85,85,131,131,131,108,120,177,253,306,318,409,421,479,541,53,69,83,83,139,139,185,229,229,263,163,210,210,333,333,383,432,432,432,488,543,559,561,561],"floor_reached":42,"language":"ENG","playtime":2083,"items_purged":["Shoot","Shoot"],"score":1163,"play_id":"df3e85ca-6268-4c87-a794-08026464a7bc","local_time":"20210210212246","is_ascension_mode":true,"campfire_choices":[{"data":"LucifercomboA","floor":6.0,"key":"SMITH"},{"data":"Lucifer","floor":8.0,"key":"SMITH"},{"floor":15.0,"key":"REST"},{"data":"Apotheosis","floor":23,"key":"SMITH"},{"floor":25,"key":"REST"},{"data":"Attack_b","floor":28,"key":"SMITH"},{"floor":32,"key":"REST"}],"circlet_count":0,"master_deck":["AscendersBane","Attack_a","Attack_a","Attack_b+1","Provocation+1","Defend_Dante","Defend_Dante+1","Redorb+1","Lucifer+1","Millionstab","LucifercomboA+1","LucifercomboD+1","Swordcombo+1","Swordmaster","Apotheosis+1","Millionstab+1","LucifercomboC+1","Royaldefend+1","Millionstab+1","Millionstab+1","Millionstab+1","Royalguard","Dash2+1","Flash of Steel+1","SSScard","VitalstarM+1","GilgameshcomboA+1"],"relics":["SSS","Combocheck","Bottled Tornado","War Paint","MawBank","Molten Egg 2","Philosopher\u0027s Stone","jedi:arcanewood","Ancient Tea Set","Empty Cage","Art of War"],"acts_visited":["Exordium","TheCity","TheBeyond"],"potions_floor_usage":[21,36,39,40,41],"damage_taken":[{"damage":5.0,"enemies":"2 Louse","floor":1.0,"turns":5.0},{"damage":4.0,"enemies":"Jaw Worm","floor":2.0,"turns":4.0},{"damage":6.0,"enemies":"Small Slimes","floor":3.0,"turns":5.0},{"damage":22.0,"enemies":"Exordium Wildlife","floor":5.0,"turns":4.0},{"damage":10.0,"enemies":"3 Sentries","floor":7.0,"turns":3.0},{"damage":0.0,"enemies":"Lots of Slimes","floor":12.0,"turns":2.0},{"damage":0.0,"enemies":"Gremlin Nob","floor":13.0,"turns":2.0},{"damage":12.0,"enemies":"Looter","floor":14.0,"turns":2.0},{"damage":29.0,"enemies":"Slime Boss","floor":16.0,"turns":6.0},{"damage":26.0,"enemies":"2 Thieves","floor":18.0,"turns":3.0},{"damage":0,"enemies":"Shell Parasite","floor":21,"turns":1},{"damage":5,"enemies":"Snecko","floor":22,"turns":3},{"damage":22,"enemies":"Snake Plant","floor":24,"turns":2},{"damage":6,"enemies":"Sentry and Sphere","floor":27,"turns":3},{"damage":0,"enemies":"Chosen and Byrds","floor":29,"turns":2},{"damage":6,"enemies":"Cultist and Chosen","floor":31,"turns":3},{"damage":0,"enemies":"Champ","floor":33,"turns":2},{"damage":25,"enemies":"3 Shapes","floor":35,"turns":6},{"damage":2,"enemies":"Orb Walker","floor":36,"turns":3},{"damage":0,"enemies":"Jaw Worm Horde","floor":39,"turns":3},{"damage":16,"enemies":"Reptomancer","floor":40,"turns":3},{"damage":0,"enemies":"Transient","floor":41,"turns":1},{"damage":35,"enemies":"Sphere and 2 Shapes","floor":42,"turns":3}],"seed_played":"9162009122933740340","potions_obtained":[{"floor":1.0,"key":"MagicPotion:ReiMu"},{"floor":2.0,"key":"Ancient Potion"},{"floor":7.0,"key":"GrandPatriotsElixir:ReiMu"},{"floor":13.0,"key":"Weak Potion"},{"floor":24,"key":"AttackPotion"},{"floor":27,"key":"Ancient Potion"},{"floor":29,"key":"Ancient Potion"},{"floor":31,"key":"LiquidMemories"},{"floor":33,"key":"EssenceOfSteel"},{"floor":39,"key":"ColorlessPotion"},{"floor":40,"key":"jedi:StrikingPotion"},{"floor":41,"key":"Explosive Potion"}],"is_trial":false,"path_per_floor":["M","M","M","$","M","R","E","R","T","?","?","M","E","M","R","B",null,"M","?","$","M","M","R","M","R","T","M","R","M","$","M","R","B",null,"M","M","?","?","M","E","M","M"],"character_chosen":"DANTE","items_purchased":["Bottled Tornado","Apotheosis","Millionstab+1","jedi:arcanewood"],"campfire_rested":3,"item_purchase_floors":[4,20,20,20],"current_hp_per_floor":[63,59,53,53,31,31,21,21,21,39,39,39,39,27,49,20,61,35,35,35,35,30,30,8,30,30,24,24,24,24,18,40,40,66,41,39,39,39,39,23,23,0,0],"gold":561,"neow_bonus":"UPGRADE_CARD","is_daily":false,"chose_seed":false,"campfire_upgraded":4,"win_rate":0.0,"timestamp":1612959766,"path_taken":["M","M","M","$","M","R","E","R","T","?","?","M","E","M","R","BOSS","M","?","$","M","M","R","M","R","T","M","R","M","$","M","R","BOSS","M","M","?","?","?","E","M","M"],"items_purchased_type":["Relic","Card","Card","Relic"],"build_version":"2020-12-22","purchased_purges":2,"victory":false,"max_hp_per_floor":[75,75,75,75,75,75,75,75,75,75,75,75,75,75,75,75,75,75,75,75,75,75,75,75,75,75,75,75,75,75,75,75,75,75,75,75,75,75,75,75,75,75,75],"card_choices":[{"not_picked":["Swordmaster","Millionkick"],"picked":"Lucifer","floor":1.0},{"not_picked":["Whiteorb","Weaponupgrade"],"picked":"Millionstab","floor":2.0},{"not_picked":["Doubleshoot","Greenorb","Unrisingdragon"],"picked":"SKIP","floor":3.0},{"not_picked":["Weaponupgrade","Stinger"],"picked":"LucifercomboA","floor":5.0},{"not_picked":["Unrisingdragon","Airhike","Hightime"],"picked":"SKIP","floor":7.0},{"not_picked":["Weaponchange","Hightime","Rebellion"],"picked":"SKIP","floor":12.0},{"not_picked":["Gunslinger","Royalguard"],"picked":"LucifercomboD+1","floor":13.0},{"not_picked":["Whiteorb","Lucifer","Airhike"],"picked":"SKIP","floor":14.0},{"not_picked":["Blueorb","Enemystep"],"picked":"Swordcombo+1","floor":16.0},{"not_picked":["Honeycombofire","Kick13+1"],"picked":"Swordmaster","floor":18.0},{"not_picked":["Pandora","Dash2"],"picked":"LucifercomboC+1","floor":21},{"not_picked":["Fullhouse+1","LucifercomboA+1"],"picked":"Royaldefend+1","floor":22},{"not_picked":["Millionkick+1","Chargeshoot2+1"],"picked":"Millionstab+1","floor":24},{"not_picked":["Pandora","Lucifer"],"picked":"Millionstab+1","floor":27},{"not_picked":["Weaponchange","GilgameshcomboA+1"],"picked":"Millionstab+1","floor":29},{"not_picked":["Gunstinger+1","Weaponchange","Unrisingdragon+1"],"picked":"SKIP","floor":31},{"not_picked":["Weaponreturn","Darkslayer"],"picked":"Royalguard","floor":33},{"not_picked":["Whiteorb","Chargeshoot+1","Lucifer"],"picked":"SKIP","floor":35},{"not_picked":["Gunslinger","Millionstab+1"],"picked":"Dash2+1","floor":36},{"not_picked":["Swift Strike+1","Blind"],"picked":"Flash of Steel+1","floor":37},{"not_picked":["Gunslinger+1","Greenorb"],"picked":"SSScard","floor":39},{"not_picked":["Kick13+1","Shock+1"],"picked":"VitalstarM+1","floor":40},{"not_picked":["Kick13+1","Weaponupgrade"],"picked":"GilgameshcomboA+1","floor":41}],"player_experience":1287333,"relics_obtained":[{"floor":7.0,"key":"War Paint"},{"floor":9.0,"key":"MawBank"},{"floor":13.0,"key":"Molten Egg 2"},{"floor":26,"key":"Ancient Tea Set"},{"floor":40,"key":"Art of War"}],"event_choices":[{"damage_healed":18.0,"max_hp_gain":0.0,"max_hp_loss":0.0,"gold_gain":0.0,"event_name":"The Cleric","player_choice":"Healed","floor":10.0,"gold_loss":35.0,"damage_taken":0.0},{"damage_healed":0.0,"max_hp_gain":0.0,"max_hp_loss":0.0,"gold_gain":50.0,"event_name":"Nest","player_choice":"Stole From Cult","floor":19.0,"gold_loss":0.0,"damage_taken":0.0},{"damage_healed":0,"gold_gain":0,"player_choice":"Memory 1","damage_taken":0,"max_hp_gain":0,"max_hp_loss":0,"event_name":"SensoryStone","floor":37,"gold_loss":0},{"damage_healed":0,"gold_gain":0,"player_choice":"Ignored","damage_taken":0,"max_hp_gain":0,"max_hp_loss":0,"event_name":"Tomb of Lord Red Mask","floor":38,"gold_loss":0}],"is_beta":false,"boss_relics":[{"not_picked":["Runic Pyramid","Runic Dome"],"picked":"Philosopher\u0027s Stone"},{"not_picked":["Cursed Key","Pandora\u0027s Box"],"picked":"Empty Cage"}],"items_purged_floors":[20,30],"is_endless":false,"potions_floor_spawned":[1,2,7,12,13,24,27,29,31,33,39,40,41],"killed_by":"Sphere and 2 Shapes","ascension_level":20}}