{"host":"pc7bizyp7423q6r6","time":1612915959,"event":{"mods":["AchievementEnabler","Act Like it!","Aspiration","BaseMod","Better Match","Better Note","Better Third Choice","BetterRewards","Block Reminder","Conspire","Disable Question Mark Monsters","Emptier Cage","GifTheSpireLib","Hubris","Infinite Spire","Minty Spire (QoL Compilation)","Rare Cards Sparkle","Relic Stats","Replay The Spire","Robot Space Explorer","Spicy Shops","StSLib","Stuff the Spire","The Blue Laboratory","The Cursed","Wandering Minibosses","everything is the same but u backflip on backflip"],"gold_per_floor":[114,126,106,122,47,47,81,29,29,29,49,49,49,63,8,8,8,8],"floor_reached":17,"language":"ENG","playtime":503,"items_purged":[],"score":210,"play_id":"b5f50ef1-adc8-4216-b578-de39bbb2c1b6","local_time":"20210209181239","is_ascension_mode":true,"campfire_choices":[{"data":"infinitespire:OneForAll","floor":6.0,"key":"SMITH"},{"data":"True Grit","floor":12.0,"key":"SMITH"},{"data":"Armaments","floor":16,"key":"SMITH"}],"circlet_count":0,"master_deck":["AscendersBane","Strike_R","Strike_R","Strike_R","Strike_R","Defend_R","Defend_R","Defend_R","Defend_R","Bash","infinitespire:OneForAll+1","Exhume","Cleave","Ghostly Armor","Shrug It Off","Demonic Infusion","True Grit+1","Armaments+1"],"relics":["Burning Blood","aspiration:Nostalgia","Ring of the Snake","Ice Cream","Kunai","conspire:GiftBox"],"acts_visited":["Exordium"],"potions_floor_usage":[],"damage_taken":[{"damage":11.0,"enemies":"Small Slimes","floor":1.0,"turns":4.0},{"damage":7.0,"enemies":"Cultist","floor":2.0,"turns":4.0},{"damage":14.0,"enemies":"2 Louse","floor":4.0,"turns":3.0},{"damage":50.0,"enemies":"3 Sentries","floor":7.0,"turns":11.0},{"damage":11.0,"enemies":"Large Slime","floor":11.0,"turns":5.0},{"damage":0.0,"enemies":"2 Fungi Beasts","floor":14.0,"turns":4.0},{"damage":26,"enemies":"Slime Boss","floor":17,"turns":8}],"seed_played":"593608883858532932","potions_obtained":[{"floor":2.0,"key":"LiquidBronze"},{"floor":3.0,"key":"blueLaboratory:FruitPreserves"},{"floor":7.0,"key":"blueLaboratory:BottleOfRum"},{"floor":14.0,"key":"blueLaboratory:TrueEctoplasm"}],"is_trial":false,"path_per_floor":["M","M","?","M","?","R","E","$","?","T","M","R","?","M","$","R","B"],"character_chosen":"IRONCLAD","items_purchased":["Shrug It Off","Armaments"],"campfire_rested":0,"item_purchase_floors":[8,15],"current_hp_per_floor":[63,62,62,54,54,54,43,43,43,43,38,38,38,44,44,44,18,18],"gold":8,"neow_bonus":"NOSTALGIA","is_daily":false,"chose_seed":false,"campfire_upgraded":3,"win_rate":0.0,"timestamp":1612915959,"path_taken":["M","M","?","?","?","R","E","$","?","T","M","R","?","M","$","R","BOSS"],"items_purchased_type":["Card","Card"],"build_version":"2020-12-22","purchased_purges":0,"victory":false,"max_hp_per_floor":[75,75,75,75,75,75,75,75,75,75,75,75,75,75,75,75,75,75],"relic_stats":{"counters":[7,39],"Kunai":[1],"obtain_stats":[{"Ice Cream":7,"conspire:GiftBox":10,"aspiration:Nostalgia":0,"Kunai":9,"Burning Blood":0,"Ring of the Snake":0},{"Ice Cream":4,"conspire:GiftBox":4,"aspiration:Nostalgia":0,"Kunai":4,"Burning Blood":0,"Ring of the Snake":0},{"Ice Cream":22,"conspire:GiftBox":22,"aspiration:Nostalgia":0,"Kunai":22,"Burning Blood":0,"Ring of the Snake":0}],"Burning Blood":36,"Ring of the Snake":[14]},"card_choices":[{"not_picked":["Shrug It Off","Run Through"],"picked":"infinitespire:OneForAll","floor":1.0},{"not_picked":["Armaments","Warcry"],"picked":"Exhume","floor":2.0},{"not_picked":["Anger","hubris:ReadiedAction"],"picked":"Cleave","floor":4.0},{"not_picked":["Flex","Defy Death"],"picked":"Ghostly Armor","floor":7.0},{"not_picked":["StuffTheSpire:TitanForm","Replay:Many Hands"],"picked":"Demonic Infusion","floor":10.0},{"not_picked":["Run Through","StuffTheSpire:Resist"],"picked":"True Grit","floor":11.0},{"not_picked":["Rampage","Pommel Strike","Cleave"],"picked":"SKIP","floor":14.0}],"player_experience":1731941,"relics_obtained":[{"floor":7.0,"key":"Ice Cream"},{"floor":10.0,"key":"conspire:GiftBox"}],"event_choices":[{"damage_healed":0.0,"max_hp_gain":0.0,"max_hp_loss":0.0,"gold_gain":0.0,"event_name":"The Woman in Blue","player_choice":"Bought 1 Potion","floor":3.0,"gold_loss":0.0,"damage_taken":0.0},{"cards_removed":["Strike_R"],"damage_healed":0.0,"max_hp_gain":0.0,"max_hp_loss":0.0,"gold_gain":0.0,"event_name":"The Cleric","player_choice":"Card Removal","floor":5.0,"gold_loss":75.0,"damage_taken":0.0},{"damage_healed":0.0,"max_hp_gain":0.0,"max_hp_loss":0.0,"gold_gain":0.0,"event_name":"Dead Adventurer","player_choice":"Searched \u00271\u0027 times","floor":9.0,"gold_loss":0.0,"damage_taken":0.0,"relics_obtained":["Kunai"]}],"is_beta":false,"boss_relics":[],"items_purged_floors":[],"is_endless":false,"potions_floor_spawned":[2,7,11,14],"killed_by":"Slime Boss","ascension_level":20}}