{"host":"aas8f8jvicx6tcxp","time":1612959568,"event":{"mods":["BaseMod","Better Third Choice","BetterRewards","Minty Spire (QoL Compilation)","Shop Mod","StSLib","The Construct","Warlord Emblem"],"gold_per_floor":[117,9,29,46,121,121,134,162,174,204,70,87,87,100,100,100,100],"floor_reached":16,"language":"ENG","playtime":1284,"items_purged":[],"score":104,"play_id":"6c2080fb-04fa-47ce-be42-82ab3a2a12e3","local_time":"20210210061928","is_ascension_mode":false,"campfire_choices":[{"data":"WarlordEmblem:RuneDefend","floor":6,"key":"SMITH"},{"floor":13,"key":"REST"},{"floor":15,"key":"REST"}],"circlet_count":0,"master_deck":["WarlordEmblem:RuneStrike","WarlordEmblem:RuneStrike","WarlordEmblem:RuneStrike","WarlordEmblem:RuneStrike","WarlordEmblem:Defend_DK","WarlordEmblem:Defend_DK","WarlordEmblem:Defend_DK","WarlordEmblem:Defend_DK","WarlordEmblem:RuneDefend+1","WarlordEmblem:RuneHeavyStrike","WarlordEmblem:EvilPower","WarlordEmblem:RuneInspire","WarlordEmblem:DeathGateway","WarlordEmblem:RuneRecover","WarlordEmblem:EvilPower","WarlordEmblem:Execute","WarlordEmblem:EvilSee","WarlordEmblem:Withstand"],"relics":["WarlordEmblem:RuneSword","WarlordEmblem:BloodRealm","NeowsBlessing","MawBank","WarlordEmblem:ProtectBox","WarlordEmblem:MagicRuneSword"],"acts_visited":["Exordium"],"potions_floor_usage":[8,12,16],"damage_taken":[{"damage":0,"enemies":"Cultist","floor":1,"turns":1},{"damage":0,"enemies":"Jaw Worm","floor":3,"turns":1},{"damage":0,"enemies":"2 Louse","floor":4,"turns":2},{"damage":36,"enemies":"Lots of Slimes","floor":7,"turns":6},{"damage":31,"enemies":"3 Sentries","floor":8,"turns":13},{"damage":7,"enemies":"2 Fungi Beasts","floor":10,"turns":4},{"damage":7,"enemies":"Large Slime","floor":12,"turns":8},{"damage":8,"enemies":"3 Louse","floor":14,"turns":4},{"damage":64,"enemies":"Hexaghost","floor":16,"turns":12}],"seed_played":"2279982857474429910","potions_obtained":[{"floor":1,"key":"EssenceOfSteel"},{"floor":10,"key":"ColorlessPotion"},{"floor":12,"key":"Block Potion"}],"is_trial":false,"path_per_floor":["M","$","M","M","?","R","M","E","T","M","$","M","R","M","R","B"],"character_chosen":"DeathKnight","items_purchased":["WarlordEmblem:RuneInspire","WarlordEmblem:DeathGateway","WarlordEmblem:MagicRuneSword"],"campfire_rested":2,"item_purchase_floors":[2,2,11],"current_hp_per_floor":[80,80,80,80,69,69,39,14,14,7,7,10,34,32,56,0,0],"gold":100,"neow_bonus":"THREE_ENEMY_KILL","is_daily":false,"chose_seed":false,"campfire_upgraded":1,"win_rate":0.0,"timestamp":1612959568,"path_taken":["M","?","?","M","?","R","M","E","T","M","$","M","R","M","R","BOSS"],"items_purchased_type":["Card","Card","Relic"],"build_version":"2020-12-22","purchased_purges":0,"victory":false,"max_hp_per_floor":[80,80,80,80,80,80,80,80,80,80,80,80,80,80,80,80,80],"card_choices":[{"not_picked":["WarlordEmblem:DarkSimulation","WarlordEmblem:EvilSee"],"picked":"WarlordEmblem:EvilPower","floor":1},{"not_picked":["WarlordEmblem:RuneDiffer","WarlordEmblem:CurseStrike","WarlordEmblem:FrozenDeath"],"picked":"SKIP","floor":3},{"not_picked":["WarlordEmblem:FrozenWill","WarlordEmblem:BlackCommand"],"picked":"WarlordEmblem:RuneRecover","floor":4},{"not_picked":["WarlordEmblem:Withstand","WarlordEmblem:RuneFocus","WarlordEmblem:EvilWorm"],"picked":"SKIP","floor":7},{"not_picked":["WarlordEmblem:DeathStrike","WarlordEmblem:EvilWorm"],"picked":"WarlordEmblem:EvilPower","floor":8},{"not_picked":["WarlordEmblem:Annihilation","WarlordEmblem:RuneMultiplex"],"picked":"WarlordEmblem:Execute","floor":10},{"not_picked":["WarlordEmblem:DeathStrike","WarlordEmblem:DeathCoil"],"picked":"WarlordEmblem:EvilSee","floor":12},{"not_picked":["WarlordEmblem:BodyStrike","WarlordEmblem:WinterHorn"],"picked":"WarlordEmblem:Withstand","floor":14}],"player_experience":222617,"relics_obtained":[{"floor":8,"key":"MawBank"},{"floor":9,"key":"WarlordEmblem:ProtectBox"}],"event_choices":[{"damage_healed":0,"gold_gain":75,"player_choice":"Gold","damage_taken":11,"max_hp_gain":0,"max_hp_loss":0,"event_name":"betterThird:BetterGoop","floor":5,"gold_loss":0}],"is_beta":false,"boss_relics":[],"items_purged_floors":[],"is_endless":false,"potions_floor_spawned":[1,10,12],"killed_by":"Hexaghost","ascension_level":0}}