{"host":"l4p18zw33fr8bdc3","time":1612925291,"event":{"mods":["AchievementEnabler","BaseMod","Bestiary","Block Reminder","Colored Map","Colored Powertips","Curses Come First","Minty Spire (QoL Compilation)","Quick Restart","Rare Cards Sparkle","StSLib"],"gold_per_floor":[114,125,125,143,163,195,215,250,250,250,250,250,285,10,10,105,105,120,132,132,132,132,165,165,182,182,208,133,143,143,143,143,245,245,260,260,35,85,85,85,96,114,414,439,31,31,51,63,63,63,63],"floor_reached":50,"language":"ENG","playtime":5106,"items_purged":["Strike_R"],"score":634,"play_id":"7fa5d63c-612f-434a-9690-c3fbf186e82c","local_time":"20210209214811","is_ascension_mode":true,"campfire_choices":[{"data":"Pommel Strike","floor":10,"key":"SMITH"},{"data":"Uppercut","floor":12,"key":"SMITH"},{"data":"Rampage","floor":15,"key":"SMITH"},{"floor":24,"key":"REST"},{"floor":32,"key":"REST"},{"data":"Whirlwind","floor":40,"key":"SMITH"},{"floor":46,"key":"RECALL"},{"floor":49,"key":"REST"}],"circlet_count":0,"master_deck":["Defend_R","Defend_R+1","Defend_R","Defend_R","Bash","True Grit+1","Intimidate","Dropkick","Uppercut+1","Pommel Strike+1","Rampage+1","Headbutt","Impervious","Battle Trance","Reaper","Warcry+1","Dual Wield","Shrug It Off","Fiend Fire","Whirlwind+1","Double Tap","Master of Strategy","Flex","Shrug It Off","Madness","Madness","Disarm","Spot Weakness+1","Sentinel+1","Armaments","Dark Embrace+1"],"relics":["Black Blood","Bottled Flame","War Paint","Letter Opener","Lizard Tail","Frozen Eye","Mark of Pain","Sundial","PreservedInsect","Bronze Scales","MutagenicStrength","Girya","Old Coin","Question Card","Gambling Chip"],"acts_visited":["Exordium","TheCity","TheBeyond"],"potions_floor_usage":[6,8,8,16,23,27,33,35,44,48,50],"damage_taken":[{"damage":7,"enemies":"Small Slimes","floor":1,"turns":5},{"damage":3,"enemies":"2 Louse","floor":2,"turns":3},{"damage":1,"enemies":"Cultist","floor":4,"turns":4},{"damage":8,"enemies":"Exordium Thugs","floor":5,"turns":5},{"damage":21,"enemies":"Lagavulin","floor":6,"turns":7},{"damage":9,"enemies":"Blue Slaver","floor":7,"turns":3},{"damage":20,"enemies":"3 Sentries","floor":8,"turns":6},{"damage":11,"enemies":"Lagavulin","floor":13,"turns":6},{"damage":11,"enemies":"The Guardian","floor":16,"turns":11},{"damage":18,"enemies":"3 Byrds","floor":18,"turns":7},{"damage":9,"enemies":"Shell Parasite","floor":19,"turns":5},{"damage":34,"enemies":"Book of Stabbing","floor":23,"turns":7},{"damage":26,"enemies":"Shelled Parasite and Fungi","floor":25,"turns":6},{"damage":26,"enemies":"Slavers","floor":27,"turns":6},{"damage":22,"enemies":"Snake Plant","floor":29,"turns":4},{"damage":67,"enemies":"Champ","floor":33,"turns":10},{"damage":59,"enemies":"3 Darklings","floor":35,"turns":6},{"damage":7,"enemies":"Mind Bloom Boss Battle","floor":38,"turns":7},{"damage":9,"enemies":"3 Shapes","floor":41,"turns":5},{"damage":16,"enemies":"Spire Growth","floor":42,"turns":6},{"damage":15,"enemies":"Nemesis","floor":44,"turns":5},{"damage":17,"enemies":"3 Darklings","floor":47,"turns":4},{"damage":57,"enemies":"Jaw Worm Horde","floor":48,"turns":4},{"damage":107,"enemies":"Time Eater","floor":50,"turns":8}],"seed_played":"-8797707555550464011","potions_obtained":[{"floor":4,"key":"LiquidBronze"},{"floor":5,"key":"Regen Potion"},{"floor":7,"key":"SkillPotion"},{"floor":8,"key":"Fire Potion"},{"floor":23,"key":"Strength Potion"},{"floor":27,"key":"Ancient Potion"},{"floor":33,"key":"Regen Potion"},{"floor":38,"key":"Fire Potion"},{"floor":44,"key":"ElixirPotion"},{"floor":48,"key":"FairyPotion"}],"is_trial":false,"path_per_floor":["M","M","?","M","M","E","M","E","T","R","?","R","E","$","R","B",null,"M","M","?","?","?","E","R","M","T","E","?","M","T","?","R","B",null,"M","?","$","?","?","R","M","M","T","E","$","R","M","M","R","B"],"character_chosen":"IRONCLAD","items_purchased":["Frozen Eye","Dexterity Potion","Master of Strategy","Flex","Gambling Chip","Armaments","Weak Potion"],"campfire_rested":3,"item_purchase_floors":[14,14,37,37,45,45,45],"current_hp_per_floor":[79,80,73,78,76,61,58,58,58,58,58,58,53,53,53,48,80,71,74,74,74,59,31,56,36,36,34,34,21,21,21,46,48,85,60,60,60,72,61,61,76,72,72,79,79,79,80,35,60,0,0],"gold":63,"neow_bonus":"TRANSFORM_CARD","is_daily":false,"chose_seed":false,"campfire_upgraded":4,"win_rate":0.0,"timestamp":1612925291,"path_taken":["M","M","?","M","M","E","M","E","T","R","?","R","E","$","R","BOSS","M","?","?","?","?","E","R","M","T","E","?","M","?","?","R","BOSS","M","?","$","?","?","R","M","M","T","E","?","R","M","M","R","BOSS"],"items_purchased_type":["Relic","Potion","Card","Card","Relic","Card","Potion"],"build_version":"2020-12-22","purchased_purges":1,"victory":false,"max_hp_per_floor":[80,80,80,80,80,80,80,80,80,80,80,80,80,80,80,80,80,80,80,80,80,85,85,85,85,85,85,85,85,85,85,85,85,85,85,85,85,85,85,85,85,85,85,85,85,85,85,85,85,85,85],"card_choices":[{"not_picked":["Clash","Hemokinesis"],"picked":"Intimidate","floor":1},{"not_picked":["Twin Strike","Flex"],"picked":"Dropkick","floor":2},{"not_picked":["Fire Breathing","Heavy Blade"],"picked":"Uppercut","floor":4},{"not_picked":["Armaments","Thunderclap"],"picked":"Pommel Strike","floor":5},{"not_picked":["Dropkick","Perfected Strike"],"picked":"Rampage","floor":6},{"not_picked":["Thunderclap","Warcry"],"picked":"Headbutt","floor":7},{"not_picked":["Dark Embrace","Twin Strike"],"picked":"Impervious","floor":8},{"not_picked":["Heavy Blade","Clash"],"picked":"Battle Trance","floor":13},{"not_picked":["Immolate","Fiend Fire"],"picked":"Reaper","floor":16},{"not_picked":["Havoc","Metallicize+1"],"picked":"Warcry+1","floor":18},{"not_picked":["Power Through+1","Clothesline"],"picked":"Dual Wield","floor":19},{"not_picked":["Iron Wave","Cleave"],"picked":"Shrug It Off","floor":23},{"not_picked":["Dual Wield+1","Iron Wave+1"],"picked":"Fiend Fire","floor":25},{"not_picked":["Sword Boomerang","Headbutt"],"picked":"Whirlwind","floor":27},{"not_picked":["Battle Trance","Perfected Strike+1","Havoc+1"],"picked":"SKIP","floor":29},{"not_picked":["Demon Form","Feed"],"picked":"Double Tap","floor":33},{"not_picked":["Hemokinesis","Perfected Strike+1","Sword Boomerang"],"picked":"SKIP","floor":35},{"not_picked":["Feed","Thunderclap"],"picked":"Shrug It Off","floor":38},{"not_picked":["Dual Wield","Iron Wave+1"],"picked":"Disarm","floor":41},{"not_picked":["Warcry+1","Sword Boomerang"],"picked":"Spot Weakness+1","floor":42},{"not_picked":["Armaments","Rupture"],"picked":"Sentinel+1","floor":44},{"not_picked":["Metallicize","Headbutt","Pommel Strike"],"picked":"Dark Embrace+1","floor":47},{"not_picked":["Iron Wave","Sword Boomerang","Twin Strike","Cleave"],"picked":"SKIP","floor":48}],"player_experience":268603,"relics_obtained":[{"floor":6,"key":"Bottled Flame"},{"floor":8,"key":"War Paint"},{"floor":9,"key":"Letter Opener"},{"floor":13,"key":"Lizard Tail"},{"floor":23,"key":"Sundial"},{"floor":26,"key":"PreservedInsect"},{"floor":27,"key":"Bronze Scales"},{"floor":38,"key":"Girya"},{"floor":43,"key":"Old Coin"},{"floor":44,"key":"Question Card"}],"event_choices":[{"cards_removed":["Strike_R"],"damage_healed":0,"gold_gain":0,"player_choice":"Card Removal","damage_taken":7,"max_hp_gain":0,"max_hp_loss":0,"event_name":"Golden Wing","floor":3,"gold_loss":0},{"cards_removed":["Strike_R"],"damage_healed":0,"gold_gain":0,"player_choice":"Offered Basic","damage_taken":0,"max_hp_gain":0,"max_hp_loss":0,"event_name":"Bonfire Elementals","floor":11,"gold_loss":0},{"damage_healed":0,"gold_gain":0,"player_choice":"Ignored","damage_taken":0,"max_hp_gain":0,"max_hp_loss":0,"event_name":"Ghosts","floor":20,"gold_loss":0},{"damage_healed":0,"gold_gain":0,"player_choice":"Ignored","damage_taken":0,"max_hp_gain":0,"max_hp_loss":0,"event_name":"Vampires","floor":21,"gold_loss":0},{"damage_healed":0,"gold_gain":0,"player_choice":"Shed Blood","damage_taken":20,"max_hp_gain":5,"max_hp_loss":0,"event_name":"Forgotten Altar","floor":22,"gold_loss":0},{"cards_removed":["Strike_R"],"damage_healed":0,"gold_gain":0,"player_choice":"Gave Gold","damage_taken":0,"max_hp_gain":0,"max_hp_loss":0,"event_name":"Beggar","floor":28,"gold_loss":75},{"damage_healed":0,"gold_gain":0,"player_choice":"Inject Mutagens","damage_taken":0,"relics_obtained":["MutagenicStrength"],"max_hp_gain":0,"max_hp_loss":0,"event_name":"Drug Dealer","floor":31,"gold_loss":0},{"damage_healed":0,"gold_gain":0,"player_choice":"Ignored","damage_taken":0,"max_hp_gain":0,"max_hp_loss":0,"event_name":"Tomb of Lord Red Mask","floor":36,"gold_loss":0},{"damage_healed":0,"gold_gain":0,"player_choice":"Fight","damage_taken":0,"max_hp_gain":0,"max_hp_loss":0,"event_name":"MindBloom","floor":38,"gold_loss":0},{"damage_healed":0,"gold_gain":0,"player_choice":"Embrace Madness","damage_taken":11,"max_hp_gain":0,"max_hp_loss":0,"event_name":"Winding Halls","floor":39,"gold_loss":0,"cards_obtained":["Madness","Madness"]}],"is_beta":false,"boss_relics":[{"not_picked":["Empty Cage","Cursed Key"],"picked":"Mark of Pain"},{"not_picked":["Pandora\u0027s Box","SlaversCollar"],"picked":"Black Blood"}],"items_purged_floors":[14],"is_endless":false,"potions_floor_spawned":[4,5,7,8,23,27,33,38,44,48],"killed_by":"Time Eater","ascension_level":4}}