{"host":"39hztz5hia41w0n0","time":1612991961,"event":{"mods":["2.2 Compatiblity","AchievementEnabler","Act Like it!","AlwaysNeverKeys","Aspiration","BaseMod","Better Altar","Better Note","Better Sensory Stone","Better Skull","Better Third Choice","BetterRewards","Block Reminder","Colored Map","Colored Powertips","Conspire","Curses Come First","DeckTracker","Defuse TimeMaze Blight","Downfall","Energized Spire","GifTheSpireLib","Googly Eyes","Halation","Highlight Path","Hubris","Infinite Spire","Minty Spire (QoL Compilation)","Permanent Neow","Potion Indicator Mod","Quick Restart","RatMod","Relic Filter","Relic Sorter","Relic Stats","Replay The Spire","Reworked Bosses","Shop Mod","Spicy Shops","Spikes Relics","StSLib","Stuff the Spire","SuperFastMode","Uncapped","Unceasing Turn Reminder","UnlockEverythingMod","Username Fix","egg"],"gold_per_floor":[12,25,25,42,55,55,55,55],"floor_reached":7,"language":"ENG","playtime":399,"items_purged":[],"score":45,"play_id":"3076afb6-99c7-44ac-bc69-73a511657c4e","local_time":"20210210161921","is_ascension_mode":true,"campfire_choices":[{"floor":6,"key":"REST"}],"circlet_count":0,"master_deck":["Strike_G","Strike_G","Strike_G","Strike_G","Strike_G","Defend_G","Defend_G","Defend_G","Defend_G","Defend_G","Survivor","Neutralize","infinitespire:Neurotoxin"],"relics":["Ring of the Snake"],"acts_visited":["Exordium"],"potions_floor_usage":[7],"damage_taken":[{"damage":13,"enemies":"Jaw Worm","floor":1,"turns":4},{"damage":6,"enemies":"Cultist","floor":2,"turns":5},{"damage":0,"enemies":"Small Slimes","floor":4,"turns":3},{"damage":19,"enemies":"Exordium Wildlife","floor":5,"turns":6},{"damage":47,"enemies":"3 Sentries","floor":7,"turns":12}],"seed_played":"-1125157596334527287","potions_obtained":[{"floor":1,"key":"Milkshake"},{"floor":4,"key":"Block Potion"}],"is_trial":false,"path_per_floor":["M","M","?","M","M","R","E"],"character_chosen":"THE_SILENT","items_purchased":[],"campfire_rested":1,"item_purchase_floors":[],"current_hp_per_floor":[57,51,51,51,32,53,6,6],"gold":55,"neow_bonus":"THREE_RARE_CARDS","is_daily":false,"chose_seed":false,"campfire_upgraded":0,"win_rate":0.0,"timestamp":1612991961,"path_taken":["M","M","?","?","M","R","E"],"items_purchased_type":[],"build_version":"2020-12-22","purchased_purges":0,"victory":false,"max_hp_per_floor":[70,70,70,70,70,70,70,70],"relic_stats":{"counters":[5,30],"obtain_stats":[{"Ring of the Snake":0},{"Ring of the Snake":0},{"Ring of the Snake":0}],"Ring of the Snake":[10]},"card_choices":[{"not_picked":["rat:SilverCoating","Atom Bomb"],"picked":"infinitespire:Neurotoxin","floor":0},{"not_picked":["StuffTheSpire:BrimstoneBlast","StuffTheSpire:ClusterCrunch","Prepared"],"picked":"SKIP","floor":1},{"not_picked":["rat:Garrote","conspire:PoisonWeapons","Reflex"],"picked":"SKIP","floor":2},{"not_picked":["Outmaneuver","rat:SiphonSilver","Riddle With Holes"],"picked":"SKIP","floor":4},{"not_picked":["ReplayTheSpireMod:Exploit Weakness","Sucker Punch","Dagger Throw"],"picked":"SKIP","floor":5}],"player_experience":93523,"relics_obtained":[],"event_choices":[{"damage_healed":0,"gold_gain":0,"player_choice":"Ignored","damage_taken":0,"max_hp_gain":0,"max_hp_loss":0,"event_name":"betterNote:BetterNote","floor":3,"gold_loss":0,"cards_obtained":["Neutralize"]}],"is_beta":false,"boss_relics":[],"items_purged_floors":[],"is_endless":false,"potions_floor_spawned":[1,4],"killed_by":"3 Sentries","ascension_level":1}}