{"host":"njo8qgvy2a57fcny","time":1612917361,"event":{"mods":["Aspiration","BaseMod","BetterRewards","CCEM2","Colored Map","Colored Powertips","Conspire","Custom Start","Downfall","Energized Spire","GifTheSpireLib","Halation","Hermit","Hubris","Infinite Spire","Jedi Mod","Jorbs\u0027s Wanderer Trilogy","Mimic Mod","Minty Spire (QoL Compilation)","Quick Restart","Random Character Button","Random Character Mod","Rare Cards Sparkle","Relic Sorter","Reliquary","Replay The Spire","Shop Mod","StSLib","Stuff the Spire","The Animator","The Jungle","The Runesmith","The Servant 0.9.4","Unceasing Turn Reminder","thorton"],"gold_per_floor":[99,117,128,139,156,56,79,112,12,45,45,71,90,104,116,213,213,213,228,240,240,254,254,254,254],"floor_reached":23,"language":"ENG","playtime":1750,"items_purged":[],"score":258,"play_id":"9be42f3d-3fc8-40c8-9dc5-9979537b3e06","local_time":"20210210113601","is_ascension_mode":true,"campfire_choices":[{"floor":1,"key":"RECALL"},{"data":"bronze:Repair","floor":6,"key":"SMITH"},{"data":"bronze:Constructor","floor":9,"key":"SMITH"},{"data":"bronze:Shell","floor":11,"key":"SMITH"},{"data":"bronze:Replicate","floor":18,"key":"SMITH"}],"circlet_count":0,"master_deck":["bronze:Strike","bronze:Strike","bronze:Strike","bronze:Strike","bronze:Defend","bronze:Defend","bronze:Defend","bronze:Defend","bronze:Replicate+1","bronze:Goto","bronze:Constructor+1","bronze:OilSpill","bronze:Repair+1","bronze:Shell+1","bronze:InfiniteBeams","bronze:ChosenStrike","bronze:Shell","bronze:InfiniteBeams","bronze:WhirlingStrike","bronze:Format","hubris:Sloth","CommonCold","bronze:InfiniteBeams"],"relics":["bronze:BronzeCore","downfall:HeartBlessingRed","hubris:TenFootPole","Orichalcum","downfall:HeartBlessingGreen","hubris:TinFlute","Replay:Ancient Bell","reliquary:Stiletto","bronze:CableSpool","Bird Faced Urn"],"acts_visited":["Exordium","TheCity"],"potions_floor_usage":[8,12,16,16,19,23],"damage_taken":[{"damage":4,"enemies":"Jaw Worm","floor":2,"turns":5},{"damage":0,"enemies":"Small Slimes","floor":3,"turns":4},{"damage":0,"enemies":"2 Louse","floor":4,"turns":3},{"damage":0,"enemies":"Large Slime","floor":5,"turns":6},{"damage":54,"enemies":"Gremlin Nob","floor":8,"turns":6},{"damage":15,"enemies":"Lagavulin","floor":10,"turns":6},{"damage":8,"enemies":"Gremlin Nob","floor":12,"turns":4},{"damage":4,"enemies":"Red Slaver","floor":13,"turns":5},{"damage":14,"enemies":"3 Louse","floor":14,"turns":6},{"damage":4,"enemies":"Exordium Thugs","floor":15,"turns":5},{"damage":9,"enemies":"WA_ARCHETYPE_RETAIN","floor":16,"turns":5},{"damage":41,"enemies":"3 Byrds","floor":19,"turns":7},{"damage":17,"enemies":"Centurion and Healer","floor":20,"turns":9},{"damage":57,"enemies":"Snake Plant","floor":22,"turns":6},{"damage":54,"enemies":"Book of Stabbing","floor":23,"turns":5}],"seed_played":"-1306376190393899903","potions_obtained":[{"floor":4,"key":"LiquidMemories"},{"floor":5,"key":"Elixir"},{"floor":13,"key":"jedi:holywater"},{"floor":14,"key":"Strength Potion"},{"floor":16,"key":"PowerPotion"},{"floor":20,"key":"Dexterity Potion"}],"is_trial":false,"path_per_floor":["R_BF","M","M","M","M","R","T","E","R","E","R","E","M","M","M","B",null,"R_BF","M","M","?","M","E"],"character_chosen":"THE_AUTOMATON","items_purchased":[],"campfire_rested":0,"item_purchase_floors":[],"current_hp_per_floor":[77,73,73,73,77,77,77,33,33,28,28,30,36,32,38,39,77,77,48,55,55,26,0,0,0],"gold":254,"neow_bonus":"TEN_PERCENT_HP_BONUS","is_daily":false,"chose_seed":false,"campfire_upgraded":4,"win_rate":0.0,"timestamp":1612917361,"path_taken":["R_BF","M","M","M","M","R","T","E","R","E","R","E","M","M","M","BOSS","R_BF","M","M","?","M","E"],"items_purchased_type":[],"build_version":"2020-12-22","purchased_purges":0,"victory":false,"max_hp_per_floor":[77,77,77,77,77,77,77,77,77,77,77,77,77,77,77,77,77,77,77,77,77,77,77,77,77],"card_choices":[{"not_picked":["bronze:DelayedSlice","bronze:Iterate"],"picked":"bronze:Constructor","floor":2},{"not_picked":["bronze:Branch","bronze:BugBarrage"],"picked":"bronze:OilSpill","floor":3},{"not_picked":["bronze:Repulsor","bronze:Frontload"],"picked":"bronze:Repair","floor":4},{"not_picked":["bronze:BronzeArmor","bronze:Allocate"],"picked":"bronze:Shell","floor":5},{"not_picked":["bronze:Deprecate","bronze:ItsAFeature"],"picked":"bronze:InfiniteBeams","floor":8},{"not_picked":["bronze:Flail","bronze:BronzeArmor"],"picked":"bronze:ChosenStrike","floor":10},{"not_picked":["bronze:BuggyMess","bronze:Return"],"picked":"bronze:Shell","floor":12},{"not_picked":["bronze:WhirlingStrike","bronze:DelayedSlice","bronze:Overheat"],"picked":"SKIP","floor":13},{"not_picked":["bronze:DelayedSlice","bronze:Terminator"],"picked":"bronze:InfiniteBeams","floor":14},{"not_picked":["bronze:AlphaBuild","bronze:Frontload"],"picked":"bronze:WhirlingStrike","floor":15},{"not_picked":["bronze:FindAndReplace","bronze:RecursiveStrike"],"picked":"bronze:Format","floor":16},{"not_picked":["Amnesia","Shame"],"picked":"hubris:Sloth","floor":17},{"not_picked":["StuffTheSpire:GnomedCurse","downfall:Aged"],"picked":"jedi:frostbite","floor":17},{"not_picked":["downfall:Icky","hubris:Despair"],"picked":"CommonCold","floor":17},{"not_picked":["bronze:DarkDash","bronze:BronzeOrb","bronze:Invalidate"],"picked":"SKIP","floor":19},{"not_picked":["bronze:Repair","bronze:OilSpill+1"],"picked":"bronze:InfiniteBeams","floor":20},{"not_picked":["bronze:Frontload","bronze:DarkDash","bronze:Branch"],"picked":"SKIP","floor":22}],"player_experience":809553,"relics_obtained":[{"floor":7,"key":"hubris:TenFootPole"},{"floor":8,"key":"Orichalcum"},{"floor":12,"key":"hubris:TinFlute"}],"event_choices":[],"is_beta":false,"boss_relics":[{"not_picked":["conspire:SeveredTorchhead","hubris:Backtick"],"picked":"Replay:Ancient Bell"},{"not_picked":["CCEMRelics:FakeTeeth","hubris:OldNail"],"picked":"reliquary:Stiletto"},{"not_picked":["Chameleon Ring","halation:Toothbrush"],"picked":"bronze:CableSpool"},{"not_picked":["halation:OrihimeAndHikoboshiSamaAndTears","Pocketwatch"],"picked":"Bird Faced Urn"}],"items_purged_floors":[],"is_endless":false,"potions_floor_spawned":[4,5,13,14,16,20],"killed_by":"Book of Stabbing","ascension_level":4}}