{"host":"jbmvtpvel2a8rbg6","time":1612915903,"event":{"mods":["Aspiration","BaseMod","Better Match","Better Sensory Stone","Better Skull","Conspire","Downfall","Energized Spire","GungeonMod","Hubris","Infinite Spire","Minty Spire (QoL Compilation)","RRrroohrrRGHHhhh!!","Reliquary","Replay The Spire","StSLib","Wandering Minibosses"],"gold_per_floor":[118,118,132,40,51,86,86,113,113,38,38,38,55,86,86,11,38,38,38],"floor_reached":18,"language":"ENG","playtime":2166,"items_purged":["ReplayTheSpireMod:Splinters"],"score":128,"play_id":"bef28779-cbe8-4da3-9d0a-d8b4aee830ce","local_time":"20210209161143","is_ascension_mode":false,"campfire_choices":[{"floor":15,"key":"REST"}],"circlet_count":0,"master_deck":["Strike_G","Strike_G","Strike_G","Strike_G","Strike_G","Defend_G","Defend_G","Defend_G","Defend_G","Defend_G","Survivor","Neutralize","DemoMod:TableTechRage","Defend_G","Dagger Spray","Die Die Die","conspire:Banana","rorgmod:Tendon Slice","CurseOfTheBell","CurseOfTheBell","Spreading Infection","Poison Darts","Masterful Stab","Poison Darts+1","Dagger Throw+1","Cloak And Dagger","Toxin Wave"],"relics":["Ring of the Snake","Replay:Multitool","downfall:ExtraCursedBell","reliquary:ExpiredCoupon","Paper Crane","hubris:Zylophone","conspire:Flyswatter","conspire:DeflatedDodgeball","Replay:Rubber Ducky","Bag of Preparation"],"acts_visited":["Exordium"],"potions_floor_usage":[8,8,17],"damage_taken":[{"damage":4,"enemies":"Cultist","floor":1,"turns":6},{"damage":0,"enemies":"2 Louse","floor":3,"turns":2},{"damage":0,"enemies":"Jaw Worm","floor":5,"turns":4},{"damage":16,"enemies":"3 Sentries","floor":6,"turns":6},{"damage":9,"enemies":"Gremlin Nob","floor":8,"turns":3},{"damage":2,"enemies":"Red Slaver","floor":13,"turns":3},{"damage":18,"enemies":"Lagavulin","floor":14,"turns":6},{"damage":15,"enemies":"conspire:MimicChest","floor":17,"turns":4},{"damage":43,"enemies":"The Guardian","floor":18,"turns":8}],"seed_played":"867336261260955556","potions_obtained":[{"floor":1,"key":"Block Potion"},{"floor":5,"key":"Poison Potion"},{"floor":6,"key":"sneckomod:MuddlingPotion"},{"floor":8,"key":"hexamod:SoulburnPotion"}],"is_trial":false,"path_per_floor":["M","?","M","$","M","E","?","E","T","?","PTL","PTL","M","E","R","$","R","B"],"character_chosen":"THE_SILENT","items_purchased":["conspire:Banana"],"campfire_rested":1,"item_purchase_floors":[4],"current_hp_per_floor":[66,66,66,66,67,52,57,50,50,50,50,50,48,32,56,56,41,0,0],"gold":38,"neow_bonus":"THREE_RARE_CARDS","is_daily":false,"chose_seed":false,"campfire_upgraded":0,"win_rate":0.0,"timestamp":1612915903,"path_taken":["M","?","?","$","M","E","?","E","T","?","PTL","PTL","M","E","R","?","R","BOSS"],"items_purchased_type":["Card"],"build_version":"2020-12-22","purchased_purges":1,"victory":false,"max_hp_per_floor":[70,70,70,70,71,72,77,79,79,79,79,79,79,81,81,81,81,83,83],"card_choices":[{"not_picked":["Night Terror","Unload"],"picked":"rorgmod:Storm of Steel","floor":0},{"not_picked":["Acrobatics","Cloak And Dagger"],"picked":"Dagger Spray","floor":1},{"not_picked":["Dagger Throw","Sucker Punch","Deadly Poison"],"picked":"SKIP","floor":3},{"not_picked":["hubris:SlightOfHand","Calculated Gamble","rorgmod:Accuracy"],"picked":"SKIP","floor":5},{"not_picked":["Outmaneuver","Adrenaline"],"picked":"rorgmod:Tendon Slice","floor":6},{"not_picked":["Deadly Poison","Calculated Gamble"],"picked":"Masterful Stab","floor":8},{"not_picked":["rorgmod:Storm of Steel+1","A Thousand Cuts+1"],"picked":"Poison Darts+1","floor":10},{"not_picked":["hubris:SlightOfHand+1","Cloak And Dagger+1"],"picked":"Dagger Throw+1","floor":10},{"not_picked":["Flying Knee","hubris:Sniper","rorgmod:Phantasmal Killer"],"picked":"SKIP","floor":13},{"not_picked":["Replay:Poison Smokescreen","PiercingWail"],"picked":"Cloak And Dagger","floor":14},{"not_picked":["Bouncing Flask","Sucker Punch"],"picked":"Toxin Wave","floor":17}],"player_experience":851037,"relics_obtained":[{"floor":6,"key":"Replay:Multitool"},{"floor":7,"key":"reliquary:ExpiredCoupon"},{"floor":7,"key":"Paper Crane"},{"floor":7,"key":"hubris:Zylophone"},{"floor":8,"key":"conspire:Flyswatter"},{"floor":9,"key":"conspire:DeflatedDodgeball"},{"floor":14,"key":"Replay:Rubber Ducky"},{"floor":17,"key":"Bag of Preparation"}],"event_choices":[{"damage_healed":0,"gold_gain":0,"cards_transformed":["rorgmod:Storm of Steel"],"player_choice":"Transformed","damage_taken":0,"max_hp_gain":0,"max_hp_loss":0,"event_name":"Transmorgrifier","floor":2,"gold_loss":0,"cards_obtained":["Die Die Die"]},{"damage_healed":0,"gold_gain":0,"player_choice":"2","damage_taken":0,"max_hp_gain":0,"max_hp_loss":0,"event_name":"betterMatch:BetterMatch","floor":10,"gold_loss":0,"cards_obtained":["betterMatch:RareCard","betterMatch:CommonCard"]}],"is_beta":false,"boss_relics":[],"items_purged_floors":[16],"is_endless":false,"potions_floor_spawned":[1,5,6,8],"killed_by":"The Guardian","ascension_level":0}}