{"host":"ilhhjx796p2x2wmd","time":1612961304,"event":{"mods":["AchievementEnabler","BaseMod","BetterRewards","Colored Map","Colored Powertips","DeckTracker","Highlight Path","Minty Spire (QoL Compilation)","Permanent Neow","Rare Cards Sparkle","Shop Mod"],"gold_per_floor":[112,128,128,149,162,196,221,221,221,237,258,292,308,323,323,453,453,478,107,107,131,131,131],"floor_reached":22,"language":"KOR","playtime":637,"items_purged":["Defend_R"],"score":283,"play_id":"6ab78241-8a6a-43ae-86f3-c69ed51568dd","local_time":"20210210214824","is_ascension_mode":true,"campfire_choices":[{"data":"Immolate","floor":8,"key":"SMITH"},{"data":"Armaments","floor":15,"key":"SMITH"}],"circlet_count":0,"master_deck":["Strike_R","Strike_R","Strike_R","Strike_R","Strike_R","Defend_R","Defend_R","Defend_R","Bash","Immolate+1","Shrug It Off","Wild Strike","Sentinel","True Grit","Perfected Strike","Armaments+1","Perfected Strike","Wild Strike","Bludgeon","Battle Trance"],"relics":["Black Blood","Golden Idol","FossilizedHelix","Boot","Omamori","Turnip","Enchiridion"],"acts_visited":["Exordium","TheCity"],"potions_floor_usage":[6,13,16,16],"damage_taken":[{"damage":0,"enemies":"2 Louse","floor":1,"turns":1},{"damage":2,"enemies":"Jaw Worm","floor":2,"turns":3},{"damage":0,"enemies":"Cultist","floor":4,"turns":2},{"damage":10,"enemies":"Red Slaver","floor":5,"turns":3},{"damage":10,"enemies":"3 Sentries","floor":6,"turns":4},{"damage":2,"enemies":"Large Slime","floor":7,"turns":5},{"damage":3,"enemies":"Exordium Wildlife","floor":10,"turns":5},{"damage":0,"enemies":"Looter","floor":11,"turns":2},{"damage":5,"enemies":"Gremlin Nob","floor":12,"turns":4},{"damage":11,"enemies":"Exordium Thugs","floor":13,"turns":3},{"damage":0,"enemies":"3 Louse","floor":14,"turns":3},{"damage":65,"enemies":"Hexaghost","floor":16,"turns":12},{"damage":6,"enemies":"Chosen","floor":18,"turns":4},{"damage":51,"enemies":"3 Byrds","floor":21,"turns":5},{"damage":12,"enemies":"Centurion and Healer","floor":22,"turns":3}],"seed_played":"-7397517135544115069","potions_obtained":[{"floor":1,"key":"BloodPotion"},{"floor":2,"key":"SneckoOil"},{"floor":11,"key":"Block Potion"},{"floor":14,"key":"Explosive Potion"},{"floor":16,"key":"CultistPotion"}],"is_trial":false,"path_per_floor":["M","M","?","M","M","E","M","R","T","M","M","E","M","M","R","B",null,"M","$","?","M","M"],"character_chosen":"IRONCLAD","items_purchased":["Turnip"],"campfire_rested":0,"item_purchase_floors":[19],"current_hp_per_floor":[57,61,41,47,43,39,43,43,43,46,52,53,48,54,54,11,63,69,69,53,14,2,2],"gold":131,"neow_bonus":"THREE_RARE_CARDS","is_daily":false,"chose_seed":false,"campfire_upgraded":2,"win_rate":0.0,"timestamp":1612961304,"path_taken":["M","M","?","M","M","E","M","R","T","M","M","E","M","M","R","BOSS","M","$","?","M","M"],"items_purchased_type":["Relic"],"build_version":"2020-12-22","purchased_purges":1,"victory":false,"max_hp_per_floor":[80,80,80,80,80,80,80,80,80,80,80,80,80,80,80,80,80,80,80,80,80,80,80],"card_choices":[{"not_picked":["Exhume","Demon Form"],"picked":"Immolate","floor":0},{"not_picked":["Shockwave","Second Wind","Rage"],"picked":"SKIP","floor":1},{"not_picked":["Clothesline","Twin Strike"],"picked":"Shrug It Off","floor":2},{"not_picked":["Carnage","Searing Blow"],"picked":"Wild Strike","floor":4},{"not_picked":["Warcry","Sentinel","Metallicize"],"picked":"SKIP","floor":5},{"not_picked":["Sever Soul","Reckless Charge"],"picked":"Sentinel","floor":6},{"not_picked":["Reckless Charge","Clash"],"picked":"True Grit","floor":7},{"not_picked":["Flex","Clash"],"picked":"Perfected Strike","floor":10},{"not_picked":["Clash","Heavy Blade"],"picked":"Armaments","floor":11},{"not_picked":["Exhume","Body Slam"],"picked":"Perfected Strike","floor":12},{"not_picked":["Sword Boomerang","Heavy Blade"],"picked":"Wild Strike","floor":13},{"not_picked":["Uppercut","Power Through","Flame Barrier"],"picked":"SKIP","floor":14},{"not_picked":["Immolate","Brutality"],"picked":"Bludgeon","floor":16},{"not_picked":["Rage","Dark Embrace","Cleave"],"picked":"SKIP","floor":18},{"not_picked":["Twin Strike","Bloodletting"],"picked":"Battle Trance","floor":21}],"player_experience":336491,"relics_obtained":[{"floor":6,"key":"FossilizedHelix"},{"floor":9,"key":"Boot"},{"floor":12,"key":"Omamori"},{"floor":20,"key":"Enchiridion"}],"event_choices":[{"damage_healed":0,"gold_gain":0,"player_choice":"Take Damage","damage_taken":20,"relics_obtained":["Golden Idol"],"max_hp_gain":0,"max_hp_loss":0,"event_name":"Golden Idol","floor":3,"gold_loss":0},{"damage_healed":0,"gold_gain":0,"player_choice":"Obtained Book","damage_taken":16,"max_hp_gain":0,"max_hp_loss":0,"event_name":"Cursed Tome","floor":20,"gold_loss":0}],"is_beta":false,"boss_relics":[{"not_picked":["Velvet Choker","Runic Dome"],"picked":"Black Blood"}],"items_purged_floors":[19],"is_endless":false,"potions_floor_spawned":[1,2,11,14,16],"killed_by":"Centurion and Healer","ascension_level":8}}