{"host":"aas8f8jvicx6tcxp","time":1612933509,"event":{"mods":["BaseMod","Better Third Choice","BetterRewards","Clockwork Mod","Minty Spire (QoL Compilation)","Shop Mod","StSLib","The Bladedancer","The Cursed"],"gold_per_floor":[144,319,319,319,52,142,142,232,232,277,322,367,11,56,56,356,356,401,401,446,491,536,536,536,581,631,676,676,676],"floor_reached":28,"language":"ENG","playtime":2277,"items_purged":["Doubt"],"score":332,"play_id":"6d1a5f21-6a02-48f0-beff-c5a5db57dbfc","local_time":"20210209230509","daily_mods":["SealedDeck","Purple Cards","Midas"],"is_ascension_mode":false,"campfire_choices":[{"floor":7,"key":"REST"},{"floor":15,"key":"REST"},{"floor":24,"key":"REST"}],"circlet_count":0,"master_deck":["Deflect","Deflect","Evaluate","Backflip","Cloak And Dagger","Caltrops","Dagger Throw","Swivel","FollowUp","FollowUp","ClearTheMind","MasterReality","Dodge and Roll","ReachHeaven","Fasting2","FollowUp","DeusExMachina","Meditate","SandsOfTime","Masterful Stab","Blade Dance","Panacea","Consecrate","Malaise","Worship","Setup","ForeignInfluence+1","Tantrum","LikeWater"],"relics":["Ring of the Serpent","ClockworkSouvenir","Snake Skull","Vajra","Centennial Puzzle","Membership Card","Orichalcum","Red Mask","PreservedInsect"],"acts_visited":["Exordium","TheCity"],"potions_floor_usage":[6,18,19,19,21,25],"damage_taken":[{"damage":0,"enemies":"Jaw Worm","floor":1,"turns":2},{"damage":19,"enemies":"Gremlin Nob","floor":6,"turns":5},{"damage":0,"enemies":"Lagavulin","floor":8,"turns":6},{"damage":0,"enemies":"Small Slimes","floor":10,"turns":3},{"damage":0,"enemies":"Cultist","floor":11,"turns":4},{"damage":1,"enemies":"2 Fungi Beasts","floor":12,"turns":3},{"damage":0,"enemies":"Large Slime","floor":14,"turns":4},{"damage":0,"enemies":"Slime Boss","floor":16,"turns":7},{"damage":19,"enemies":"3 Byrds","floor":18,"turns":4},{"damage":21,"enemies":"Masked Bandits","floor":19,"turns":4},{"damage":9,"enemies":"2 Thieves","floor":20,"turns":3},{"damage":7,"enemies":"Snake Plant","floor":21,"turns":3},{"damage":0,"enemies":"Chosen and Byrds","floor":22,"turns":4},{"damage":8,"enemies":"Shelled Parasite and Fungi","floor":25,"turns":3},{"damage":14,"enemies":"Centurion and Healer","floor":27,"turns":4},{"damage":4,"enemies":"Slavers","floor":28,"turns":1}],"seed_played":"-5810517303651203205","potions_obtained":[{"floor":1,"key":"PowerPotion"},{"floor":10,"key":"Strength Potion"},{"floor":14,"key":"Energy Potion"},{"floor":16,"key":"Fire Potion"},{"floor":19,"key":"FearPotion"},{"floor":20,"key":"GamblersBrew"},{"floor":25,"key":"Dexterity Potion"}],"is_trial":false,"path_per_floor":["M","?","?","?","$","E","R","E","T","M","M","M","$","M","R","B",null,"M","?","M","M","M","?","R","M","T","M","E"],"character_chosen":"THE_SILENT","items_purchased":["ReachHeaven","ClockworkSouvenir","Fasting2","Membership Card","Orichalcum","Blade Dance","Panacea","Consecrate"],"campfire_rested":3,"item_purchase_floors":[5,5,5,13,13,13,13,13],"current_hp_per_floor":[70,70,70,70,70,51,70,70,70,70,70,69,69,69,70,70,70,51,30,21,14,14,5,26,18,18,4,0,0],"gold":676,"neow_bonus":"","is_daily":true,"chose_seed":false,"campfire_upgraded":0,"win_rate":0.0,"timestamp":1612933509,"path_taken":["M","?","?","?","$","E","R","E","T","?","M","M","$","M","R","BOSS","M","?","M","M","M","?","R","M","T","M","E"],"items_purchased_type":["Card","Relic","Card","Relic","Relic","Card","Card","Card"],"build_version":"2020-12-22","purchased_purges":1,"victory":false,"max_hp_per_floor":[70,70,70,70,70,70,70,70,70,70,70,70,70,70,70,70,70,70,70,70,70,70,70,70,70,70,70,70,70],"card_choices":[{"not_picked":["Protect","Sucker Punch"],"picked":"ClearTheMind","floor":1},{"not_picked":["Blasphemy","Grand Finale"],"picked":"FollowUp","floor":6},{"not_picked":["CarveReality","Perseverance"],"picked":"DeusExMachina","floor":8},{"not_picked":["Sucker Punch","Prepared"],"picked":"Meditate","floor":10},{"not_picked":["Dagger Spray","Halt"],"picked":"SandsOfTime","floor":11},{"not_picked":["Cloak And Dagger","ThirdEye"],"picked":"Masterful Stab","floor":12},{"not_picked":["Dagger Throw","JustLucky","Phantasmal Killer"],"picked":"SKIP","floor":14},{"not_picked":["Scrawl","Judgement"],"picked":"Malaise","floor":16},{"not_picked":["MentalFortress","Halt"],"picked":"Worship","floor":18},{"not_picked":["CutThroughFate","Expertise+1"],"picked":"Setup","floor":19},{"not_picked":["FlyingSleeves","Deadly Poison+1"],"picked":"ForeignInfluence+1","floor":20},{"not_picked":["Weave","Poisoned Stab"],"picked":"Tantrum","floor":21},{"not_picked":["Dagger Spray","Sucker Punch","Dodge and Roll"],"picked":"SKIP","floor":22},{"not_picked":["Dodge and Roll","Crescendo"],"picked":"LikeWater","floor":25},{"not_picked":["ClearTheMind","Poisoned Stab","Heel Hook"],"picked":"SKIP","floor":27}],"player_experience":289649,"relics_obtained":[{"floor":6,"key":"Snake Skull"},{"floor":8,"key":"Vajra"},{"floor":9,"key":"Centennial Puzzle"},{"floor":19,"key":"Red Mask"},{"floor":26,"key":"PreservedInsect"}],"event_choices":[{"damage_healed":0,"gold_gain":175,"player_choice":"AGREE","damage_taken":144,"max_hp_gain":0,"max_hp_loss":0,"event_name":"betterThird:BetterSerpent","floor":2,"gold_loss":0},{"damage_healed":0,"gold_gain":0,"player_choice":"Ignored","damage_taken":0,"max_hp_gain":0,"max_hp_loss":0,"event_name":"Golden Wing","floor":3,"gold_loss":0},{"damage_healed":0,"gold_gain":0,"player_choice":"2 cards matched","damage_taken":0,"max_hp_gain":0,"max_hp_loss":0,"event_name":"Match and Keep!","floor":4,"gold_loss":0,"cards_obtained":["MasterReality","Dodge and Roll"]},{"damage_healed":0,"gold_gain":0,"player_choice":"Fought Bandits","damage_taken":0,"max_hp_gain":0,"max_hp_loss":0,"event_name":"Masked Bandits","floor":19,"gold_loss":0},{"damage_healed":0,"gold_gain":0,"player_choice":"Stopped","damage_taken":9,"max_hp_gain":0,"max_hp_loss":0,"event_name":"Cursed Tome","floor":23,"gold_loss":0}],"is_beta":false,"boss_relics":[{"not_picked":["WristBlade","Philosopher\u0027s Stone"],"picked":"Ring of the Serpent"}],"items_purged_floors":[13],"is_endless":false,"potions_floor_spawned":[1,10,14,16,19,20,25],"killed_by":"Slavers","ascension_level":0}}