{"host":"nwtxriuk34b069je","time":1612922510,"event":{"mods":["AchievementEnabler","BaseMod","Better Skull","Colored Map","Colored Powertips","Hermit","Minty Spire (QoL Compilation)","Relic Stats","StSLib"],"gold_per_floor":[115,126,93,93,18,18,18,18,18,33,33,51,68,86,86,187,187,112,112,112,127,146,146,164,164,188,223,82,82,82,48,48,149,149,163,16,92,111,111,111,130,180,180,180,180],"floor_reached":44,"language":"ENG","playtime":1847,"items_purged":[],"score":564,"play_id":"194b2840-79e5-4063-bb8c-ec2bdee4cda1","local_time":"20210209200150","is_ascension_mode":false,"campfire_choices":[{"data":"Genetic Algorithm","floor":6,"key":"SMITH"},{"floor":11,"key":"REST"},{"floor":15,"key":"REST"},{"floor":23,"key":"REST"},{"data":"Self Repair","floor":25,"key":"SMITH"},{"floor":30,"key":"REST"},{"data":"Static Discharge","floor":32,"key":"SMITH"}],"circlet_count":0,"master_deck":["Strike_B+1","Strike_B+1","Strike_B+1","Defend_B+1","Defend_B+1","Defend_B+1","Zap","Dualcast","Defragment","Leap","Loop","Genetic Algorithm+1","Amplify","Gash","Coolheaded","Capacitor","Ball Lightning","Stack","Chill+1","Genetic Algorithm","Consume+1","Self Repair+1","Melter","Thunder Strike","Gash","Static Discharge+1","Madness","Madness","Streamline+1"],"relics":["Cracked Core","Dream Catcher","SacredBark","Oddly Smooth Stone","Strawberry","Black Star","MealTicket","HornCleat","Turnip","Kunai"],"acts_visited":["Exordium","TheCity","TheBeyond"],"potions_floor_usage":[16,18,27,33,38],"damage_taken":[{"damage":13,"enemies":"2 Louse","floor":1,"turns":2},{"damage":1,"enemies":"Cultist","floor":2,"turns":3},{"damage":9,"enemies":"Small Slimes","floor":10,"turns":3},{"damage":7,"enemies":"Blue Slaver","floor":12,"turns":4},{"damage":14,"enemies":"2 Fungi Beasts","floor":13,"turns":4},{"damage":13,"enemies":"Lots of Slimes","floor":14,"turns":6},{"damage":31,"enemies":"Hexaghost","floor":16,"turns":9},{"damage":8,"enemies":"2 Thieves","floor":18,"turns":5},{"damage":8,"enemies":"Shell Parasite","floor":21,"turns":7},{"damage":18,"enemies":"Shelled Parasite and Fungi","floor":22,"turns":8},{"damage":26,"enemies":"Snake Plant","floor":24,"turns":7},{"damage":30,"enemies":"Slavers","floor":27,"turns":9},{"damage":56,"enemies":"Automaton","floor":33,"turns":12},{"damage":40,"enemies":"Orb Walker","floor":35,"turns":4},{"damage":43,"enemies":"3 Darklings","floor":38,"turns":5},{"damage":32,"enemies":"4 Shapes","floor":41,"turns":7},{"damage":15,"enemies":"Mind Bloom Boss Battle","floor":42,"turns":10},{"damage":28,"enemies":"Jaw Worm Horde","floor":44,"turns":9}],"seed_played":"6217160485516095172","potions_obtained":[{"floor":12,"key":"PowerPotion"},{"floor":16,"key":"Fruit Juice"},{"floor":24,"key":"Energy Potion"},{"floor":27,"key":"SpeedPotion"},{"floor":33,"key":"Dexterity Potion"},{"floor":35,"key":"BlessingOfTheForge"},{"floor":42,"key":"FairyPotion"}],"is_trial":true,"path_per_floor":["M","M","$","?","$","R","?","?","T","M","R","M","M","M","R","B",null,"M","?","?","M","M","R","M","R","T","E","$","?","R","$","R","B",null,"M","$","T","M","?","?","M","?","T","M"],"character_chosen":"DEFECT","items_purchased":["Loop","Genetic Algorithm","Thunder Strike","Static Discharge","MealTicket"],"campfire_rested":4,"item_purchase_floors":[3,5,28,31,36],"current_hp_per_floor":[62,61,61,46,46,46,46,46,46,37,59,52,38,25,47,16,75,77,77,77,69,51,76,50,50,50,37,37,37,64,64,64,18,92,62,62,62,29,80,70,48,43,43,15,15],"gold":180,"neow_bonus":"","is_daily":false,"chose_seed":false,"campfire_upgraded":3,"win_rate":0.0,"timestamp":1612922510,"path_taken":["M","M","$","?","$","R","?","?","T","M","R","M","?","?","R","BOSS","M","?","?","M","M","R","M","R","T","E","$","?","R","$","R","BOSS","M","$","?","?","?","?","M","?","T","?"],"items_purchased_type":["Card","Card","Card","Card","Relic"],"build_version":"2020-12-22","purchased_purges":0,"victory":false,"max_hp_per_floor":[75,75,75,75,75,75,75,75,75,75,75,75,75,75,75,75,75,85,85,85,85,85,85,85,85,85,92,92,92,92,92,92,92,92,92,92,92,92,80,80,80,80,80,80,80],"relic_stats":{"Dream Catcher":4,"counters":[18,113],"MealTicket":0,"Turnip":[0],"Black Star":0,"Kunai":[0],"obtain_stats":[{"Dream Catcher":9,"HornCleat":37,"SacredBark":17,"Strawberry":27,"Oddly Smooth Stone":26,"MealTicket":36,"Turnip":42,"Black Star":34,"Kunai":43,"Cracked Core":0},{"Dream Catcher":2,"HornCleat":14,"SacredBark":7,"Strawberry":12,"Oddly Smooth Stone":11,"MealTicket":14,"Turnip":17,"Black Star":13,"Kunai":17,"Cracked Core":0},{"Dream Catcher":5,"HornCleat":82,"SacredBark":30,"Strawberry":66,"Oddly Smooth Stone":57,"MealTicket":82,"Turnip":104,"Black Star":78,"Kunai":104,"Cracked Core":0}]},"card_choices":[{"not_picked":["Conserve Battery","Beam Cell"],"picked":"Defragment","floor":1},{"not_picked":["Recycle","Tempest"],"picked":"Leap","floor":2},{"not_picked":["Barrage","Skim"],"picked":"Gash","floor":10},{"not_picked":["Beam Cell","Barrage"],"picked":"Coolheaded","floor":12},{"not_picked":["Streamline","Genetic Algorithm"],"picked":"Capacitor","floor":13},{"not_picked":["White Noise","Compile Driver"],"picked":"Ball Lightning","floor":14},{"not_picked":["Hello World","Turbo"],"picked":"Stack","floor":15},{"not_picked":["Redo","Hologram+1"],"picked":"Chill+1","floor":18},{"not_picked":["Sweeping Beam","Aggregate","Reinforced Body"],"picked":"SKIP","floor":21},{"not_picked":["Stack","Rip and Tear"],"picked":"Genetic Algorithm","floor":22},{"not_picked":["Streamline+1","Chill+1"],"picked":"Consume","floor":23},{"not_picked":["Rebound","Gash"],"picked":"Self Repair","floor":24},{"not_picked":["Doom and Gloom","Ball Lightning"],"picked":"Melter","floor":27},{"not_picked":["Reboot","Hologram+1"],"picked":"Gash","floor":30},{"not_picked":["Steam","Static Discharge","Chill"],"picked":"SKIP","floor":35},{"not_picked":["Leap","Cold Snap+1","Fission"],"picked":"SKIP","floor":38},{"not_picked":["Defragment+1","Reprogram+1"],"picked":"Streamline+1","floor":41}],"player_experience":539993,"relics_obtained":[{"floor":9,"key":"Dream Catcher"},{"floor":26,"key":"Oddly Smooth Stone"},{"floor":27,"key":"Strawberry"},{"floor":37,"key":"HornCleat"},{"floor":42,"key":"Turnip"},{"floor":43,"key":"Kunai"}],"event_choices":[{"damage_healed":0,"gold_gain":0,"player_choice":"Entered Light","damage_taken":15,"max_hp_gain":0,"max_hp_loss":0,"event_name":"Shining Light","floor":4,"gold_loss":0,"cards_upgraded":["Defend_B","Defend_B"]},{"damage_healed":0,"gold_gain":0,"cards_transformed":["Strike_B"],"player_choice":"Change","damage_taken":0,"max_hp_gain":0,"max_hp_loss":0,"event_name":"Living Wall","floor":7,"gold_loss":0,"cards_obtained":["Amplify"]},{"cards_removed":["Defend_B"],"damage_healed":0,"gold_gain":0,"player_choice":"Purged","damage_taken":0,"max_hp_gain":0,"max_hp_loss":0,"event_name":"Purifier","floor":8,"gold_loss":0},{"damage_healed":0,"gold_gain":0,"player_choice":"Simplicity","damage_taken":0,"max_hp_gain":0,"max_hp_loss":0,"event_name":"Back to Basics","floor":19,"gold_loss":0,"cards_upgraded":["Strike_B","Strike_B","Strike_B","Defend_B"]},{"damage_healed":0,"gold_gain":0,"player_choice":"Ignored","damage_taken":0,"max_hp_gain":0,"max_hp_loss":0,"event_name":"Ghosts","floor":20,"gold_loss":0},{"damage_healed":0,"gold_gain":0,"player_choice":"Upgraded","damage_taken":0,"max_hp_gain":0,"max_hp_loss":0,"event_name":"Upgrade Shrine","floor":29,"gold_loss":0,"cards_upgraded":["Consume"]},{"damage_healed":80,"gold_gain":0,"player_choice":"Heal","damage_taken":0,"max_hp_gain":0,"max_hp_loss":12,"event_name":"The Moai Head","floor":39,"gold_loss":0},{"damage_healed":0,"gold_gain":0,"player_choice":"Embrace Madness","damage_taken":10,"max_hp_gain":0,"max_hp_loss":0,"event_name":"Winding Halls","floor":40,"gold_loss":0,"cards_obtained":["Madness","Madness"]},{"damage_healed":0,"gold_gain":0,"player_choice":"Fight","damage_taken":0,"max_hp_gain":0,"max_hp_loss":0,"event_name":"MindBloom","floor":42,"gold_loss":0}],"is_beta":false,"boss_relics":[{"not_picked":["SlaversCollar","Snecko Eye"],"picked":"SacredBark"},{"not_picked":["Astrolabe","Fusion Hammer"],"picked":"Black Star"}],"items_purged_floors":[],"is_endless":true,"potions_floor_spawned":[12,16,24,27,33,35,42],"killed_by":"Jaw Worm Horde","ascension_level":0}}