{"host":"ox77rn1xcurm2t5a","time":1612993478,"event":{"mods":["2.2 Compatiblity","AchievementEnabler","Act Like it!","Aspiration","BaseMod","Best Route Mod","Better Match","Better Note","Better Sensory Stone","Block Reminder","Colored Map","Colored Powertips","Conjunction","Conspire","Custom Start","Energized Spire","GifTheSpireLib","Gold Saver","Gremlin Skip","Halation","Highlight Path","Hubris","Infinite Spire","Minty Spire (QoL Compilation)","Pale of the Ancients","Quick Restart","Replay The Spire","Reworked Bosses","ShortenTheSpire","Spire Exporter","StSLib","Stuff the Spire","Wandering Minibosses"],"gold_per_floor":[879,879,879,127,141,141,167,167,191,208,208,208,8162,8177,8177,8249,8249,8221,8221,8247,7341,7341,7341,7376,7376,7451,7451,7470,7499,7499,7510,7510,7583,7583,7597,7613,7623,7637,6877,6877,6892,6919,6966,7016,7016,7016],"floor_reached":45,"language":"ENG","playtime":2134,"items_purged":["Zap","Strike_B","Strike_B+1","Parasite"],"score":1308,"play_id":"fad55cc4-9664-407a-9876-503848ff0b2b","local_time":"20210210234438","is_ascension_mode":true,"campfire_choices":[{"floor":6.0,"key":"RECALL"},{"data":"Capacitor","floor":8.0,"key":"SMITH"},{"data":"Dualcast","floor":12.0,"key":"SMITH"},{"data":"Creative AI","floor":15.0,"key":"SMITH"},{"data":"Blizzard","floor":23.0,"key":"SMITH"},{"data":"Loop","floor":25.0,"key":"SMITH"},{"floor":27.0,"key":"REST"},{"floor":30.0,"key":"REST"},{"data":"Cold Snap","floor":32.0,"key":"SMITH"},{"floor":40.0,"key":"REST"}],"circlet_count":0,"master_deck":["AscendersBane","Strike_B+1","Strike_B+1","Defend_B+1","Defend_B+1","Defend_B+1","Defend_B+1","Dualcast+1","Cold Snap","Capacitor+1","Leap","Gash","Coolheaded","Creative AI+1","Gash","Loop+1","Blizzard+1","Coolheaded","Cold Snap+1","Redo+1","Cold Snap+1","Conserve Battery","Glacier"],"relics":["Cracked Core","NeowsBlessing","infinitespire:WardingShard","halation:Jellyphish","Counterbalance","Bag of Marbles","Mirror","StuffTheSpire:BottledEssence","StuffTheSpire:RunicConfusion","Red Mask","Lantern","ReplayTheSpireMod:Lightbulb","ClockworkSouvenir","halation:Toothbrush","hubris:BottledRain","halation:KoshaPiece","hubris:Backtick","Happy Flower","aspiration:Nostalgia","Iron Core","hubris:SphereOfDissonance","Ancient Tea Set","halation:Trompette","StuffTheSpire:HeavyRock","Replay:Wax Seal"],"acts_visited":["Exordium","TheCity","TheBeyond"],"potions_floor_usage":[],"damage_taken":[{"damage":0.0,"enemies":"2 Louse","floor":1.0,"turns":1.0},{"damage":0.0,"enemies":"Jaw Worm","floor":5.0,"turns":1.0},{"damage":0.0,"enemies":"Gremlin Nob","floor":7.0,"turns":1.0},{"damage":0.0,"enemies":"Cultist","floor":10.0,"turns":4.0},{"damage":0.0,"enemies":"2 Fungi Beasts","floor":14.0,"turns":4.0},{"damage":62.0,"enemies":"Fading Forest","floor":16.0,"turns":13.0},{"damage":15.0,"enemies":"2 Thieves","floor":18.0,"turns":4.0},{"damage":33.0,"enemies":"Masked Bandits","floor":20.0,"turns":7.0},{"damage":0.0,"enemies":"Gremlin Leader","floor":24.0,"turns":14.0},{"damage":12.0,"enemies":"Spheric Guardian","floor":28.0,"turns":7.0},{"damage":0.0,"enemies":"Book of Stabbing","floor":29.0,"turns":1.0},{"damage":3.0,"enemies":"Snake Plant","floor":31.0,"turns":6.0},{"damage":25.0,"enemies":"hubris:MusketHawk","floor":33.0,"turns":10.0},{"damage":21.0,"enemies":"Orb Walker","floor":35.0,"turns":5.0},{"damage":12.0,"enemies":"3 Darklings","floor":36.0,"turns":7.0},{"damage":16.0,"enemies":"Jaw Worm Horde","floor":37.0,"turns":9.0},{"damage":6.0,"enemies":"Writhing Mass","floor":38.0,"turns":8.0},{"damage":28.0,"enemies":"Maw","floor":41.0,"turns":9.0},{"damage":0.0,"enemies":"R_Hoarder","floor":42.0,"turns":16.0},{"damage":7,"enemies":"Giant Head","floor":45,"turns":5}],"seed_played":"506761583051202541","potions_obtained":[{"floor":5.0,"key":"Toxic Potion"},{"floor":16.0,"key":"infinitespire:BlackPotion"},{"floor":28.0,"key":"Conjunction:LightningMarble"},{"floor":31.0,"key":"FocusPotion"},{"floor":36.0,"key":"BlessingOfTheForge"},{"floor":37.0,"key":"PowerPotion"}],"is_trial":false,"path_per_floor":["M","?","?","$","M","R","E","R","T","M","?","R","$","M","R","B",null,"M","?","?","$","?","R","E","R","T","R","M","E","R","M","R","B",null,"M","M","M","M","$","R","M","E","T","?","E"],"character_chosen":"DEFECT","items_purchased":["infinitespire:WardingShard","halation:Jellyphish","Capacitor","DistilledChaos","Leap","Bag of Marbles","Mirror","StuffTheSpire:BottledEssence","Creative AI","PowerPotion","Lantern","ReplayTheSpireMod:Lightbulb","ClockworkSouvenir","Loop","FocusPotion","Blizzard","aspiration:Nostalgia","hubris:SphereOfDissonance","Ancient Tea Set"],"campfire_rested":3,"item_purchase_floors":[4,4,4,4,4,13,13,13,13,13,21,21,21,21,21,21,39,39,39],"current_hp_per_floor":[64,64,64,64,64,64,64,64,64,64,64,64,64,64,64,28,60,45,45,12,12,12,12,12,12,12,33,21,21,42,39,39,14,57,36,24,10,4,7,28,6,6,6,6,0,0],"gold":7016,"neow_bonus":"THREE_ENEMY_KILL","is_daily":false,"chose_seed":false,"campfire_upgraded":6,"win_rate":0.0,"timestamp":1612993478,"path_taken":["M","?","?","$","M","R","E","R","T","M","?","R","$","?","R","BOSS","M","?","?","$","?","R","E","R","T","R","M","E","R","M","R","BOSS","M","M","M","M","$","R","?","E","T","?","E"],"items_purchased_type":["Relic","Relic","Card","Potion","Card","Relic","Relic","Relic","Card","Potion","Relic","Relic","Relic","Card","Potion","Card","Relic","Relic","Relic"],"build_version":"2020-12-22","purchased_purges":4,"victory":false,"max_hp_per_floor":[71,71,71,71,71,71,71,71,71,71,71,71,71,71,71,71,71,71,71,71,71,71,71,71,71,71,71,71,71,71,71,71,71,71,71,71,71,71,71,71,71,71,71,71,71,71],"card_choices":[{"not_picked":["Sunder","Turbo"],"picked":"Cold Snap","floor":1.0},{"not_picked":["Darkness","Compile Driver"],"picked":"Gash","floor":5.0},{"not_picked":["Blizzard","ReplayTheSpireMod:Reroute Power","Self Repair"],"picked":"SKIP","floor":7.0},{"not_picked":["Leap","Redo"],"picked":"Coolheaded","floor":10.0},{"not_picked":["Chaos","FTL"],"picked":"Gash","floor":14.0},{"not_picked":["Self Repair","conspire:SharedLibrary+1","Lockon"],"picked":"SKIP","floor":18.0},{"not_picked":["Go for the Eyes+1","Steam"],"picked":"Coolheaded","floor":24.0},{"not_picked":["StuffTheSpire:LoadUp","Consume+1"],"picked":"Cold Snap","floor":28.0},{"not_picked":["Chill","Static Discharge"],"picked":"Redo+1","floor":29.0},{"not_picked":["StuffTheSpire:LoadUp","Panic Button","Redo"],"picked":"SKIP","floor":31.0},{"not_picked":["Coolheaded","Chaos+1"],"picked":"Cold Snap+1","floor":35.0},{"not_picked":["ReplayTheSpireMod:Repulse","StuffTheSpire:LoadUp"],"picked":"Conserve Battery","floor":36.0},{"not_picked":["StuffTheSpire:LoadUp+1","conspire:Rain","Barrage"],"picked":"SKIP","floor":37.0},{"not_picked":["Crystallizer","Hologram","Compile Driver"],"picked":"SKIP","floor":38.0},{"not_picked":["Rebound","Ball Lightning"],"picked":"Glacier","floor":41.0},{"not_picked":["Compile Driver","FIFO Queue","ReplayTheSpireMod:Calculation Training"],"picked":"SKIP","floor":42.0}],"player_experience":3076371,"relics_obtained":[{"floor":7.0,"key":"Counterbalance"},{"floor":20.0,"key":"Red Mask"},{"floor":24.0,"key":"halation:Toothbrush"},{"floor":26.0,"key":"hubris:BottledRain"},{"floor":29.0,"key":"halation:KoshaPiece"},{"floor":42.0,"key":"halation:Trompette"},{"floor":43.0,"key":"StuffTheSpire:HeavyRock"}],"event_choices":[{"damage_healed":0.0,"max_hp_gain":0.0,"max_hp_loss":0.0,"gold_gain":1.0,"event_name":"betterStone:BetterStone","player_choice":"1","floor":2.0,"gold_loss":0.0,"damage_taken":0.0},{"damage_healed":0.0,"max_hp_gain":0.0,"max_hp_loss":0.0,"gold_gain":0.0,"event_name":"Back to Basics","player_choice":"Simplicity","floor":19.0,"gold_loss":0.0,"damage_taken":0.0,"cards_upgraded":["Strike_B","Strike_B","Strike_B","Defend_B","Defend_B","Defend_B","Defend_B"]},{"damage_healed":0.0,"max_hp_gain":0.0,"max_hp_loss":0.0,"gold_gain":0.0,"event_name":"Masked Bandits","player_choice":"Fought Bandits","floor":20.0,"gold_loss":0.0,"damage_taken":0.0},{"damage_healed":0.0,"max_hp_gain":0.0,"max_hp_loss":0.0,"gold_gain":0.0,"event_name":"FaceTrader","player_choice":"Leave","floor":22.0,"gold_loss":0.0,"damage_taken":0.0},{"damage_healed":0.0,"max_hp_gain":0.0,"max_hp_loss":0.0,"gold_gain":50.0,"event_name":"Golden Shrine","player_choice":"Pray","floor":44.0,"gold_loss":0.0,"damage_taken":0.0}],"is_beta":false,"boss_relics":[{"not_picked":["halation:MonkeysPaw","halation:HeavySnake"],"picked":"StuffTheSpire:RunicConfusion"},{"not_picked":["energizedSpire:HugeHouse","Empty Cage"],"picked":"hubris:Backtick"}],"items_purged_floors":[4,13,21,39],"is_endless":false,"potions_floor_spawned":[5,7,10,16,28,31,36,37],"killed_by":"Giant Head","ascension_level":20}}