{"host":"d4hjo1dp8g06u19c","time":1612956789,"event":{"mods":["Act Like it!","Arknights","BaseMod","Better Match","BetterRewards","Colored Map","Colored Powertips","Downfall","LagranYue(¿≠∏Ò¿ °§‘¬)","Marisa£®ÏF”Í°°ƒß¿Ì…≥£©","Minty Spire (QoL Compilation)","Quick Restart","Remove Card Discount Mod","Shop Mod","Spicy Shops","StSLib","The Animator","The Servant 0.9.4","TheSwordswoman","UnlockEverythingMod","Youmu£®ªÍ∆«—˝√Œ£©","noobMod","ÛÙª÷∏ƒœ"],"gold_per_floor":[109,109,69,144,65,65,104,104,104,118,118,118],"floor_reached":11,"language":"ZHS","playtime":374,"items_purged":["LagranYue:BaseDefendCard","LagranYue:BaseDefendCard"],"score":94,"play_id":"bb564f88-4e41-47b6-88d8-bc2756cf00b2","local_time":"20210210193309","is_ascension_mode":false,"campfire_choices":[{"data":"LagranYue:AttackRubyCard","floor":6,"key":"SMITH"},{"data":"LagranYue:SkillKadeboSwordCard","floor":8,"key":"SMITH"}],"circlet_count":0,"master_deck":["LagranYue:BaseAttackCard","LagranYue:BaseAttackCard","LagranYue:BaseAttackCard","LagranYue:BaseDefendCard","LagranYue:AttackTopazCard","LagranYue:SkillBrokenSwordCard","LagranYue:BaseAttackCard","LagranYue:BaseDefendCard","LagranYue:SkillExplosiveArmorCard","LagranYue:SkillKadeboSwordCard+1","LagranYue:AttackRubyCard+1","LagranYue:RubyDefendCard"],"relics":["LagranYue:ArmsProficiencyRelics","ice","LagranYue:RandomDrawCardRelic","NeowsBlessing","Golden Idol","LagranYue:EnkiduRelics","Akabeko"],"acts_visited":["Exordium"],"potions_floor_usage":[11],"damage_taken":[{"damage":0,"enemies":"2 Louse","floor":1,"turns":1},{"damage":0,"enemies":"Gremlin Nob","floor":7,"turns":1},{"damage":0,"enemies":"ats:Genji","floor":10,"turns":1},{"damage":10,"enemies":"Lagavulin","floor":11,"turns":3}],"seed_played":"-217981072817374455","potions_obtained":[{"floor":10,"key":"AttackPotion"}],"is_trial":false,"path_per_floor":["M","?","$","?","$","R","E","R","T","M","E"],"character_chosen":"LagranYueCharacter","items_purchased":["LagranYue:SkillKadeboSwordCard","LagranYue:AttackRubyCard"],"campfire_rested":0,"item_purchase_floors":[3,5],"current_hp_per_floor":[75,57,57,46,46,46,46,46,46,46,37,37],"gold":118,"neow_bonus":"THREE_ENEMY_KILL","is_daily":false,"chose_seed":false,"campfire_upgraded":2,"win_rate":0.0,"timestamp":1612956789,"path_taken":["M","?","$","?","$","R","E","R","T","M","E"],"items_purchased_type":["Card","Card"],"build_version":"2020-12-22","purchased_purges":2,"victory":false,"max_hp_per_floor":[75,75,75,75,75,75,75,75,75,75,75,75],"card_choices":[{"not_picked":["LagranYue:MultipleThornsCard","LagranYue:SkillTestamentCard"],"picked":"LagranYue:SkillExplosiveArmorCard","floor":1},{"not_picked":["LagranYue:AttackSapphireCard","LagranYue:AttackEngravingRoseCard"],"picked":"LagranYue:RubyDefendCard","floor":7},{"not_picked":["LagranYue:SkillTestamentCard","LagranYue:SkillIncompleteArchCard","LagranYue:SkillExplosiveArmorCard"],"picked":"SKIP","floor":10}],"player_experience":142265,"relics_obtained":[{"floor":7,"key":"LagranYue:EnkiduRelics"},{"floor":9,"key":"Akabeko"}],"event_choices":[{"damage_healed":0,"gold_gain":0,"player_choice":"Take Damage","damage_taken":18,"relics_obtained":["Golden Idol"],"max_hp_gain":0,"max_hp_loss":0,"event_name":"Golden Idol","floor":2,"gold_loss":0},{"damage_healed":0,"gold_gain":75,"player_choice":"Gather Gold","damage_taken":11,"max_hp_gain":0,"max_hp_loss":0,"event_name":"World of Goop","floor":4,"gold_loss":0}],"is_beta":false,"boss_relics":[],"items_purged_floors":[3,3],"is_endless":false,"potions_floor_spawned":[10],"killed_by":"Lagavulin","ascension_level":0}}