{"host":"mm0v83pkg2fvsdgl","time":1612918402,"event":{"mods":["2.2 Compatiblity","Alarm Clock","AlwaysNeverKeys","BaseMod","Beaked The Cultist","Bestiary","Better Altar","Better Match","Better Note","Better Sensory Stone","Better Silent Start","Better Third Choice","Clawfect","Displayed Cursed Tome","Energized Spire","Friendly Minions","Highlight Path","Ironclad Rager","Keyboard Shortcuts","Lotus Mark","Marisa????????","Marked Mod","Mimic Mod","Minty Spire (QoL Compilation)","Permanent Neow","Railgun Mod","Remove Card Discount Mod","Shade Mod","Somnambulant","Spicy Shops","StSLib","Swap Starting Deck Mod","The Construct","The Disciple","The Dragon Tamer","TheHeartMod","TheVacant","Transform Curses","Unceasing Turn Reminder","Wandering Minibosses"],"gold_per_floor":[114,129,129,144,159,189,204,219,219,6,36,36,51,66,66,166,166,181,196,211,226,48,78,78,93,118,118,154,24,54,69,69,169,169,184,199,199,199,199,199],"floor_reached":38,"language":"ENG","playtime":4052,"items_purged":["Pain","Sword Boomerang","Shade:ExtraLimbs","Shade:StitchTogether","somnambulantmod: Unknow","LockedScales","BiteCommand","BiteCommand","construct:ClusterMines","TheRailgun:Iron_Dust_Vial","True Grit","OneTimeOff","theVacant:Thoughtseize","beaked:DesperateSwing","Steam","Shame","Deadly Poison+1"],"score":532,"play_id":"88d4abae-89a1-4c22-90ec-72c1ff301f2c","local_time":"20210209195322","daily_mods":["Draft","Diverse","DeadlyEvents"],"is_ascension_mode":false,"metric_token":2579,"campfire_choices":[{"data":"TheRailgun:Sister_Noise","floor":12,"key":"SMITH"},{"data":"theHeart:SpireGrowth","floor":15,"key":"SMITH"},{"data":"Limit Break","floor":24,"key":"SMITH"},{"data":"Secret Technique","floor":32,"key":"SMITH"}],"dtmod_dragon_data":[0,58,1,0,12,4],"circlet_count":0,"master_deck":["somnambulantmod: RacingThoughts+1","Flex","theHeart:CapillaryExchange+1","theHeart:Cleanse","construct:Forcefield","Warcry","beaked:VigorBurst","beaked:Tweet+1","theHeart:SpireGrowth+1","TheRailgun:Sister_Noise+1","Limit Break+1","PowerUp","Berserk","Backstab+1","PathToVictory+1","Secret Technique+1"],"relics":["DTMod:PactStone","WarpedTongs","Blood Vial","Vajra","Membership Card","Cauldron","InkBottle","energizedSpire:DeadBattery","construct:RocketBooster","MealTicket","Akabeko","Happy Flower","White Beast Statue","Orrery","Gambling Chip","Runic Dome"],"acts_visited":["Exordium","TheCity","TheBeyond"],"potions_floor_usage":[8,8,13,18,19,21,23,23,38,38,38],"damage_taken":[{"damage":0,"enemies":"Small Slimes","floor":1,"turns":3},{"damage":0,"enemies":"Cultist","floor":2,"turns":3},{"damage":0,"enemies":"2 Louse","floor":4,"turns":3},{"damage":11,"enemies":"Exordium Thugs","floor":5,"turns":5},{"damage":4,"enemies":"Gremlin Nob","floor":6,"turns":4},{"damage":5,"enemies":"Looter","floor":7,"turns":4},{"damage":40,"enemies":"Gremlin Gang","floor":8,"turns":4},{"damage":5,"enemies":"Lagavulin","floor":11,"turns":5},{"damage":0,"enemies":"Large Slime","floor":13,"turns":6},{"damage":2,"enemies":"Blue Slaver","floor":14,"turns":4},{"damage":8,"enemies":"The Guardian","floor":16,"turns":8},{"damage":0,"enemies":"2 Thieves","floor":18,"turns":4},{"damage":5,"enemies":"Shell Parasite","floor":19,"turns":4},{"damage":0,"enemies":"Centurion and Healer","floor":20,"turns":5},{"damage":16,"enemies":"3 Cultists","floor":21,"turns":5},{"damage":38,"enemies":"Slavers","floor":23,"turns":9},{"damage":15,"enemies":"Cultist and Chosen","floor":25,"turns":7},{"damage":4,"enemies":"Snake Plant","floor":28,"turns":13},{"damage":6,"enemies":"Gremlin Leader","floor":30,"turns":6},{"damage":11,"enemies":"Snake Plant","floor":31,"turns":4},{"damage":0,"enemies":"Champ","floor":33,"turns":8},{"damage":0,"enemies":"3 Darklings","floor":35,"turns":5},{"damage":0,"enemies":"3 Shapes","floor":36,"turns":5},{"damage":98,"enemies":"Nemesis","floor":38,"turns":8}],"seed_played":"-878916022338446095","potions_obtained":[{"floor":1,"key":"Swift Potion"},{"floor":4,"key":"ColorlessPotion"},{"floor":5,"key":"ColorlessPotion"},{"floor":7,"key":"SkillPotion"},{"floor":10,"key":"Block Potion"},{"floor":10,"key":"Fire Potion"},{"floor":13,"key":"Fruit Juice"},{"floor":16,"key":"Regen Potion"},{"floor":21,"key":"construct:ShiftPotion"},{"floor":23,"key":"Fruit Juice"},{"floor":30,"key":"EntropicBrew"},{"floor":31,"key":"FairyPotion"},{"floor":33,"key":"Weak Potion"},{"floor":36,"key":"Block Potion"}],"is_trial":false,"path_per_floor":["M","M","?","M","M","E","M","M","T","$","E","R","M","M","R","B",null,"M","M","M","M","$","E","R","M","T","?","MIM","$","E","M","R","B",null,"M","M","?","E"],"character_chosen":"THE_DT","items_purchased":["Membership Card","Cauldron","TheRailgun:Sister_Noise","construct:RocketBooster","Orrery","Secret Technique"],"campfire_rested":0,"item_purchase_floors":[10,10,10,22,29,29],"current_hp_per_floor":[45,45,45,50,42,41,47,12,12,12,18,18,34,37,37,40,55,55,50,55,42,42,22,22,30,30,30,59,60,59,52,52,60,60,60,60,60,0,0,0],"gold":199,"neow_bonus":"","is_daily":true,"chose_seed":false,"campfire_upgraded":4,"win_rate":0.0,"timestamp":1612918402,"path_taken":["M","M","?","?","M","E","M","M","T","$","?","R","M","M","R","BOSS","M","?","M","M","$","E","R","M","T","?","?","$","?","M","R","BOSS","M","M","?","?"],"items_purchased_type":["Relic","Relic","Card","Relic","Relic","Card"],"build_version":"2020-12-22","purchased_purges":17,"victory":false,"max_hp_per_floor":[45,45,45,50,50,50,50,50,50,50,50,50,55,55,55,55,55,55,55,55,55,55,60,60,60,60,60,60,60,60,60,60,60,60,60,60,60,60,60,60],"card_choices":[{"not_picked":["OrrerysSun","beaked:Brace"],"picked":"Steam","floor":0},{"not_picked":["TheRailgun:Pull","Worship"],"picked":"somnambulantmod: RacingThoughts","floor":0},{"not_picked":["HandsUpC","Dropkick"],"picked":"Flex","floor":0},{"not_picked":["DTMod:HeatWave","Darkness"],"picked":"theHeart:CapillaryExchange","floor":0},{"not_picked":["beaked:FeelMyPain","somnambulantmod: OpeningUp"],"picked":"Sword Boomerang","floor":0},{"not_picked":["beaked:Tradeoff","construct:Backfire"],"picked":"Shade:ExtraLimbs","floor":0},{"not_picked":["Shade:CoffinDance","DTMod:ComboAttack"],"picked":"Shade:StitchTogether","floor":0},{"not_picked":["TheRailgun:Hypercharge","theVacant:Spinshield"],"picked":"True Grit","floor":0},{"not_picked":["TheRailgun:Thunderbolt","construct:SaveState"],"picked":"theHeart:Cleanse","floor":0},{"not_picked":["Shade:CommandSoldier","Parity"],"picked":"BiteCommand","floor":0},{"not_picked":["theVacant:Fling","Carnage"],"picked":"OneTimeOff","floor":0},{"not_picked":["True Grit","construct:Reinforce"],"picked":"BiteCommand","floor":0},{"not_picked":["Indignation","Poisoned Stab"],"picked":"construct:ClusterMines","floor":0},{"not_picked":["Shade:FeralStrike","somnambulantmod: Repression"],"picked":"theVacant:Thoughtseize","floor":0},{"not_picked":["theHeart:TentacleWhip","theVacant:OnSecondThought"],"picked":"construct:Forcefield","floor":0},{"not_picked":["beaked:Tradeoff","TheRailgun:Teleporter"],"picked":"LockedScales","floor":1},{"not_picked":["somnambulantmod: SleepingBody","Disarm"],"picked":"Warcry","floor":2},{"not_picked":["TheRailgun:Sister_Network","Shrug It Off"],"picked":"beaked:VigorBurst","floor":4},{"not_picked":["6A","Heavy Blade"],"picked":"beaked:Tweet","floor":5},{"not_picked":["DTMod:Punisher","somnambulantmod: Remember"],"picked":"theHeart:SpireGrowth","floor":6},{"not_picked":["Impervious","theVacant:BattleScars"],"picked":"TheRailgun:Iron_Dust_Vial","floor":7},{"not_picked":["beaked:Windmill","theHeart:Hemoblastosis"],"picked":"somnambulantmod: Unknow","floor":8},{"not_picked":["JustLucky","TheRailgun:Oneesama"],"picked":"beaked:DesperateSwing","floor":11},{"not_picked":["theVacant:CleanseSoul","theHeart:BloodClots","theHeart:Cleanse"],"picked":"SKIP","floor":13},{"not_picked":["DTMod:ShieldDrain","theHeart:Devour","LockedUrn"],"picked":"SKIP","floor":14},{"not_picked":["DTMod:Harmonize","Devotion"],"picked":"Limit Break","floor":16},{"not_picked":["somnambulantmod: NightmareFuel","GrandCross+1"],"picked":"PowerUp","floor":18},{"not_picked":["IllusionStar","Shade:FleshLikeOak","theHeart:AdaptiveCells+1"],"picked":"SKIP","floor":19},{"not_picked":["Clawfect:ClawSnap","DTMod:BlazingStrike+1","theVacant:FranticBlow"],"picked":"SKIP","floor":20},{"not_picked":["beaked:Tradeoff","theHeart:Embolism"],"picked":"Berserk","floor":21},{"not_picked":["Shade:ClawBack","Crippling Poison+1"],"picked":"Backstab","floor":23},{"not_picked":["DTMod:Training","somnambulantmod: Sleepyhead","Stagnate"],"picked":"SKIP","floor":25},{"not_picked":["DTMod:Training","somnambulantmod: Sleepyhead","Stagnate"],"picked":"SKIP","floor":25},{"not_picked":["Escape Plan+1","construct:SweepLaser"],"picked":"Deadly Poison+1","floor":28},{"not_picked":["LockedMedicine","Heatsinks"],"picked":"PathToVictory+1","floor":29},{"not_picked":["theVacant:Spinshield","beaked:SacrificialAttack+1","TheRailgun:Discharge"],"picked":"SKIP","floor":30},{"not_picked":["beaked:SurvivalInstinct","theVacant:Fortify","Shade:Brains"],"picked":"SKIP","floor":31},{"not_picked":["CrunchTime+1","Adaptation","DTMod:QuickFly"],"picked":"SKIP","floor":35},{"not_picked":["CrunchTime+1","Adaptation","DTMod:QuickFly"],"picked":"SKIP","floor":35},{"not_picked":["somnambulantmod: SnuggleUp","beaked:WarriorEssence","Intimidate+1"],"picked":"SKIP","floor":36}],"player_experience":655558,"relics_obtained":[{"floor":6,"key":"Blood Vial"},{"floor":9,"key":"Vajra"},{"floor":11,"key":"InkBottle"},{"floor":23,"key":"MealTicket"},{"floor":26,"key":"Akabeko"},{"floor":28,"key":"White Beast Statue"},{"floor":30,"key":"Gambling Chip"}],"event_choices":[{"damage_healed":0,"gold_gain":0,"player_choice":"Rummage","damage_taken":0,"relics_obtained":["WarpedTongs"],"max_hp_gain":0,"max_hp_loss":0,"event_name":"Accursed Blacksmith","floor":3,"gold_loss":0,"cards_obtained":["Pain"]},{"damage_healed":0,"gold_gain":0,"player_choice":"Stole Relic","damage_taken":0,"relics_obtained":["Happy Flower"],"max_hp_gain":0,"max_hp_loss":0,"event_name":"Addict","floor":27,"gold_loss":0,"cards_obtained":["Shame"]},{"damage_healed":0,"gold_gain":0,"player_choice":"Upgraded","damage_taken":0,"max_hp_gain":0,"max_hp_loss":0,"event_name":"Upgrade Shrine","floor":37,"gold_loss":0,"cards_upgraded":["somnambulantmod: RacingThoughts"]}],"is_beta":false,"boss_relics":[{"not_picked":["energizedSpire:NeverEndingSparkler","energizedSpire:OgreHead"],"picked":"energizedSpire:DeadBattery"},{"not_picked":["energizedSpire:EnergizedDie","energizedSpire:RedRose"],"picked":"Runic Dome"}],"items_purged_floors":[10,22,22,22,22,22,22,22,22,22,22,22,22,22,22,29,29],"is_endless":false,"potions_floor_spawned":[1,4,5,7,13,16,21,23,30,31,33,35,36],"killed_by":"Nemesis","ascension_level":0}}