{"host":"nn0usk9aafse27ii","time":1612978180,"event":{"mods":["BaseMod","Colored Map","Highlight Path","Minty Spire (QoL Compilation)","Shop Mod","StSLib"],"gold_per_floor":[144,189,364,409,454,454,499,499,499,449,494,569,70,115,115,415,415,460,505,550,595,640,640,730,730,730],"floor_reached":25,"language":"ENG","playtime":1787,"items_purged":[],"score":294,"play_id":"0d962e47-c70d-4e41-81d6-b232af616ee8","local_time":"20210210092940","daily_mods":["SealedDeck","Purple Cards","Midas"],"is_ascension_mode":false,"campfire_choices":[{"floor":6,"key":"REST"},{"floor":8,"key":"REST"},{"floor":15,"key":"REST"},{"floor":23,"key":"REST"}],"circlet_count":0,"master_deck":["FearNoEvil","Slice","Bouncing Flask","Blade Dance","Backflip","BattleHymn","Infinite Blades","Cloak And Dagger","Backflip","Evaluate","FollowUp","Consecrate","Protect","Pray","Dash","Consecrate","Consecrate","Devotion","Noxious Fumes+1","Cloak And Dagger+1","Endless Agony+1","Prostrate","Deflect+1"],"relics":["Ring of the Snake","Snake Skull","ClockworkSouvenir","Unceasing Top","WristBlade","Vajra"],"acts_visited":["Exordium","TheCity"],"potions_floor_usage":[14,16,16,22,25,25,25],"damage_taken":[{"damage":5,"enemies":"Jaw Worm","floor":1,"turns":3},{"damage":1,"enemies":"Small Slimes","floor":2,"turns":3},{"damage":0,"enemies":"Cultist","floor":4,"turns":2},{"damage":1,"enemies":"2 Fungi Beasts","floor":5,"turns":3},{"damage":16,"enemies":"Large Slime","floor":7,"turns":4},{"damage":0,"enemies":"3 Louse","floor":11,"turns":3},{"damage":0,"enemies":"Gremlin Gang","floor":14,"turns":2},{"damage":0,"enemies":"Slime Boss","floor":16,"turns":5},{"damage":30,"enemies":"3 Byrds","floor":18,"turns":4},{"damage":10,"enemies":"2 Thieves","floor":19,"turns":2},{"damage":15,"enemies":"Snake Plant","floor":20,"turns":4},{"damage":0,"enemies":"Chosen and Byrds","floor":21,"turns":4},{"damage":12,"enemies":"Shelled Parasite and Fungi","floor":22,"turns":4},{"damage":21,"enemies":"Slavers","floor":24,"turns":4},{"damage":10,"enemies":"Centurion and Healer","floor":25,"turns":2}],"seed_played":"-5810517303651203205","potions_obtained":[{"floor":1,"key":"PowerPotion"},{"floor":2,"key":"Explosive Potion"},{"floor":5,"key":"LiquidMemories"},{"floor":19,"key":"Swift Potion"},{"floor":20,"key":"Energy Potion"},{"floor":21,"key":"Fire Potion"},{"floor":24,"key":"FearPotion"}],"is_trial":false,"path_per_floor":["M","M","?","M","M","R","M","R","T","?","M","?","$","M","R","B",null,"M","M","M","M","M","R","E","M"],"character_chosen":"THE_SILENT","items_purchased":["ClockworkSouvenir","Unceasing Top","Consecrate"],"campfire_rested":4,"item_purchase_floors":[13,13,13],"current_hp_per_floor":[65,64,64,64,63,70,54,70,70,70,70,63,63,63,70,70,70,40,30,15,15,3,24,3,0,0],"gold":730,"neow_bonus":"","is_daily":true,"chose_seed":false,"campfire_upgraded":0,"win_rate":0.0,"timestamp":1612978180,"path_taken":["M","M","?","M","M","R","M","R","T","?","M","?","$","M","R","BOSS","M","M","M","?","M","R","E","M"],"items_purchased_type":["Relic","Relic","Card"],"build_version":"2020-12-22","purchased_purges":0,"victory":false,"max_hp_per_floor":[70,70,70,70,70,70,70,70,70,70,70,70,70,70,70,70,70,70,70,70,70,70,70,70,70,70],"card_choices":[{"not_picked":["EmptyBody","Dagger Throw"],"picked":"FollowUp","floor":1},{"not_picked":["Sanctity","Endless Agony"],"picked":"Consecrate","floor":2},{"not_picked":["Sucker Punch","Evaluate"],"picked":"Protect","floor":4},{"not_picked":["CrushJoints","Grand Finale"],"picked":"Pray","floor":5},{"not_picked":["Protect","Sucker Punch","Prepared"],"picked":"SKIP","floor":7},{"not_picked":["Dodge and Roll","MentalFortress"],"picked":"Dash","floor":11},{"not_picked":["WheelKick","Deadly Poison"],"picked":"Consecrate","floor":14},{"not_picked":["DeusExMachina","Wish"],"picked":"Devotion","floor":16},{"not_picked":["EmptyMind","WindmillStrike","FlyingSleeves"],"picked":"SKIP","floor":18},{"not_picked":["Reflex","FlurryOfBlows"],"picked":"Noxious Fumes+1","floor":19},{"not_picked":["SandsOfTime+1","BowlingBash"],"picked":"Cloak And Dagger+1","floor":20},{"not_picked":["PiercingWail","Blade Dance"],"picked":"Endless Agony+1","floor":21},{"not_picked":["Deadly Poison","Poisoned Stab"],"picked":"Prostrate","floor":22},{"not_picked":["Bane","Noxious Fumes+1"],"picked":"Deflect+1","floor":24}],"player_experience":500253,"relics_obtained":[{"floor":9,"key":"Snake Skull"},{"floor":24,"key":"Vajra"}],"event_choices":[{"damage_healed":0,"gold_gain":175,"player_choice":"AGREE","damage_taken":0,"max_hp_gain":0,"max_hp_loss":0,"event_name":"Liars Game","floor":3,"gold_loss":0,"cards_obtained":["Doubt"]},{"cards_removed":["Doubt"],"damage_healed":0,"gold_gain":0,"player_choice":"Card Removal","damage_taken":0,"max_hp_gain":0,"max_hp_loss":0,"event_name":"The Cleric","floor":10,"gold_loss":50},{"damage_healed":0,"gold_gain":75,"player_choice":"Touch","damage_taken":7,"max_hp_gain":0,"max_hp_loss":0,"event_name":"FaceTrader","floor":12,"gold_loss":0}],"is_beta":false,"boss_relics":[{"not_picked":["Ring of the Serpent","Philosopher\u0027s Stone"],"picked":"WristBlade"}],"items_purged_floors":[],"is_endless":false,"potions_floor_spawned":[1,2,5,19,20,21,24],"killed_by":"Centurion and Healer","ascension_level":0}}