{"host":"if46sxignvy4ka0k","time":1612931049,"event":{"mods":["BaseMod","Minty Spire (QoL Compilation)","StSLib","The Cursed"],"gold_per_floor":[112,132,132,177,177,177,211,222,271,271,296,306,331,347,347,347,347],"floor_reached":16,"language":"ENG","playtime":717,"items_purged":[],"score":120,"play_id":"be6bcde1-009b-4223-b62c-a460b7fce24a","local_time":"20210209222409","is_ascension_mode":false,"campfire_choices":[{"data":"TheCursedMod:CursedWand","floor":6,"key":"SMITH"},{"data":"TheCursedMod:CircleOfFlame","floor":15,"key":"SMITH"}],"circlet_count":0,"master_deck":["TheCursedMod:Strike_TheCursed","TheCursedMod:Strike_TheCursed","TheCursedMod:Strike_TheCursed","TheCursedMod:Strike_TheCursed","TheCursedMod:Defend_TheCursed","TheCursedMod:Defend_TheCursed","TheCursedMod:Defend_TheCursed","TheCursedMod:Defend_TheCursed","TheCursedMod:CursedWand+1","TheCursedMod:CleanUpWorkshop","TheCursedMod:Dregs","Dramatic Entrance+1","TheCursedMod:Stretching","TheCursedMod:Wield","TheCursedMod:CircleOfBlood","TheCursedMod:SurpriseAttack","TheCursedMod:SurpriseAttack","TheCursedMod:CursedBoomerang","TheCursedMod:CircleOfFlame+1"],"relics":["TheCursedMod:BlackMagic101","MealTicket","Blood Vial","Meat on the Bone","TheCursedMod:Tack","TheCursedMod:DemonicMark","Bag of Marbles"],"acts_visited":["Exordium"],"potions_floor_usage":[7,11,13,16],"damage_taken":[{"damage":1,"enemies":"Jaw Worm","floor":1,"turns":3},{"damage":0,"enemies":"Small Slimes","floor":2,"turns":4},{"damage":15,"enemies":"3 Sentries","floor":7,"turns":12},{"damage":0,"enemies":"2 Louse","floor":8,"turns":1},{"damage":8,"enemies":"Gremlin Nob","floor":11,"turns":4},{"damage":1,"enemies":"Gremlin Gang","floor":12,"turns":2},{"damage":18,"enemies":"Lagavulin","floor":13,"turns":4},{"damage":0,"enemies":"2 Fungi Beasts","floor":14,"turns":1},{"damage":59,"enemies":"The Guardian","floor":16,"turns":11}],"seed_played":"-901029877694928596","potions_obtained":[{"floor":1,"key":"Dexterity Potion"},{"floor":8,"key":"PowerPotion"},{"floor":11,"key":"ColorlessPotion"},{"floor":13,"key":"AttackPotion"}],"is_trial":false,"path_per_floor":["M","M","?","T","?","R","E","M","T","?","E","M","E","M","R","B"],"character_chosen":"THE_CURSED","items_purchased":[],"campfire_rested":0,"item_purchase_floors":[],"current_hp_per_floor":[74,74,62,62,62,62,49,51,51,75,67,74,57,59,59,4,4],"gold":347,"neow_bonus":"RANDOM_COLORLESS","is_daily":false,"chose_seed":false,"campfire_upgraded":2,"win_rate":0.0,"timestamp":1612931049,"path_taken":["M","M","?","?","?","R","E","M","T","?","E","M","E","M","R","BOSS"],"items_purchased_type":[],"build_version":"2020-12-22","purchased_purges":0,"victory":false,"max_hp_per_floor":[75,75,75,75,75,75,75,75,75,75,75,75,75,75,75,75,75],"card_choices":[{"not_picked":["Deep Breath","Finesse"],"picked":"Dramatic Entrance","floor":0},{"not_picked":["TheCursedMod:SpitefulStrike","TheCursedMod:TacticalStrike"],"picked":"TheCursedMod:EmpowerCircles","floor":1},{"not_picked":["TheCursedMod:Wield","TheCursedMod:Torture"],"picked":"TheCursedMod:Stretching","floor":2},{"not_picked":["TheCursedMod:VitalStrike","TheCursedMod:RapidMovement"],"picked":"TheCursedMod:Wield","floor":7},{"not_picked":["TheCursedMod:UltimatePain","TheCursedMod:RapidMovement"],"picked":"TheCursedMod:CircleOfBlood","floor":8},{"not_picked":["TheCursedMod:CursedBoomerang","TheCursedMod:SpreadPlague"],"picked":"TheCursedMod:SurpriseAttack","floor":11},{"not_picked":["TheCursedMod:CursedAmulet","TheCursedMod:DemonicPact"],"picked":"TheCursedMod:SurpriseAttack","floor":12},{"not_picked":["TheCursedMod:RavingStaff","TheCursedMod:Mangle"],"picked":"TheCursedMod:CursedBoomerang","floor":13},{"not_picked":["TheCursedMod:AshesToAshes","TheCursedMod:ReleasedStrength"],"picked":"TheCursedMod:CircleOfFlame","floor":14}],"player_experience":2152830,"relics_obtained":[{"floor":4,"key":"Blood Vial"},{"floor":7,"key":"Meat on the Bone"},{"floor":9,"key":"TheCursedMod:Tack"},{"floor":11,"key":"TheCursedMod:DemonicMark"},{"floor":13,"key":"Bag of Marbles"}],"event_choices":[{"damage_healed":0,"gold_gain":0,"player_choice":"Success","damage_taken":12,"relics_obtained":["MealTicket"],"max_hp_gain":0,"max_hp_loss":0,"event_name":"Scrap Ooze","floor":3,"gold_loss":0},{"damage_healed":0,"gold_gain":0,"player_choice":"Grow","damage_taken":0,"max_hp_gain":0,"max_hp_loss":0,"event_name":"Living Wall","floor":5,"gold_loss":0,"cards_upgraded":["Dramatic Entrance"]},{"cards_removed":["TheCursedMod:EmpowerCircles"],"damage_healed":24,"gold_gain":0,"player_choice":"Offered Uncommon","damage_taken":0,"max_hp_gain":0,"max_hp_loss":0,"event_name":"Bonfire Elementals","floor":10,"gold_loss":0}],"is_beta":false,"boss_relics":[],"items_purged_floors":[],"is_endless":false,"potions_floor_spawned":[1,8,11,13],"killed_by":"The Guardian","ascension_level":0}}