{"host":"0kk91h4bq4kgfj0u","time":1612922803,"event":{"mods":["BaseMod","Bestiary","Block Reminder","Colored Map","Colored Powertips","Curses Come First","Highlight Path","Minty Spire (QoL Compilation)","Relic Stats","StSLib"],"gold_per_floor":[116,127,127,87,87,116,116,135,161,236,78,78,97,97,97,97,97],"floor_reached":16,"language":"ENG","playtime":554,"items_purged":[],"score":127,"play_id":"ac35cdc3-a00b-41d4-ad30-8f3467cb3928","local_time":"20210209210643","is_ascension_mode":true,"campfire_choices":[{"floor":7,"key":"REST"},{"floor":12,"key":"REST"},{"floor":15,"key":"REST"}],"circlet_count":0,"master_deck":["Strike_G+1","Strike_G","Strike_G","Strike_G","Strike_G","Defend_G","Defend_G","Defend_G","Defend_G","Defend_G","Survivor","Neutralize","Underhanded Strike","Poisoned Stab","Flying Knee+1","Caltrops","Sucker Punch","Leg Sweep","Footwork","Cloak And Dagger","Blade Dance","Dodge and Roll"],"relics":["Ring of the Snake","Toy Ornithopter","Lantern","Boot"],"acts_visited":["Exordium"],"potions_floor_usage":[6],"damage_taken":[{"damage":0,"enemies":"Small Slimes","floor":1,"turns":3},{"damage":4,"enemies":"Jaw Worm","floor":2,"turns":4},{"damage":22,"enemies":"Lagavulin","floor":6,"turns":6},{"damage":0,"enemies":"2 Louse","floor":8,"turns":2},{"damage":25,"enemies":"Gremlin Gang","floor":13,"turns":4},{"damage":48,"enemies":"Hexaghost","floor":16,"turns":11}],"seed_played":"4897530534102531349","potions_obtained":[{"floor":1,"key":"LiquidMemories"}],"is_trial":false,"path_per_floor":["M","M","?","$","?","E","R","M","T","?","$","R","M","?","R","B"],"character_chosen":"THE_SILENT","items_purchased":["Caltrops","Footwork","Cloak And Dagger","Blade Dance"],"campfire_rested":3,"item_purchase_floors":[4,11,11,11],"current_hp_per_floor":[63,59,41,41,27,10,31,31,31,20,20,41,16,21,43,0,0],"gold":97,"neow_bonus":"THREE_CARDS","is_daily":false,"chose_seed":false,"campfire_upgraded":0,"win_rate":0.0,"timestamp":1612922803,"path_taken":["M","M","?","$","?","E","R","M","T","?","$","R","M","?","R","BOSS"],"items_purchased_type":["Card","Card","Card","Card"],"build_version":"2020-12-22","purchased_purges":0,"victory":false,"max_hp_per_floor":[70,70,70,70,70,70,70,70,70,70,70,70,70,75,75,75,75],"relic_stats":{"counters":[6,30],"Boot":[23],"obtain_stats":[{"Lantern":6,"Boot":9,"Toy Ornithopter":3,"Ring of the Snake":0},{"Lantern":3,"Boot":4,"Toy Ornithopter":2,"Ring of the Snake":0},{"Lantern":13,"Boot":15,"Toy Ornithopter":7,"Ring of the Snake":0}],"Toy Ornithopter":5,"Ring of the Snake":[12]},"card_choices":[{"not_picked":["Acrobatics","Skewer"],"picked":"Underhanded Strike","floor":0},{"not_picked":["Backstab","PiercingWail"],"picked":"Poisoned Stab","floor":1},{"not_picked":["Underhanded Strike","Finisher"],"picked":"Flying Knee","floor":2},{"not_picked":["Underhanded Strike","Doppelganger"],"picked":"Sucker Punch","floor":6},{"not_picked":["Heel Hook","Choke"],"picked":"Leg Sweep","floor":8},{"not_picked":["Endless Agony","PiercingWail"],"picked":"Dodge and Roll","floor":13}],"player_experience":865444,"relics_obtained":[{"floor":6,"key":"Lantern"},{"floor":9,"key":"Boot"}],"event_choices":[{"damage_healed":0,"gold_gain":0,"player_choice":"Success","damage_taken":18,"relics_obtained":["Toy Ornithopter"],"max_hp_gain":0,"max_hp_loss":0,"event_name":"Scrap Ooze","floor":3,"gold_loss":0},{"damage_healed":0,"gold_gain":0,"player_choice":"Entered Light","damage_taken":14,"max_hp_gain":0,"max_hp_loss":0,"event_name":"Shining Light","floor":5,"gold_loss":0,"cards_upgraded":["Strike_G","Flying Knee"]},{"damage_healed":0,"gold_gain":75,"player_choice":"Gather Gold","damage_taken":11,"max_hp_gain":0,"max_hp_loss":0,"event_name":"World of Goop","floor":10,"gold_loss":0},{"damage_healed":0,"gold_gain":0,"player_choice":"Donut","damage_taken":0,"max_hp_gain":5,"max_hp_loss":0,"event_name":"Big Fish","floor":14,"gold_loss":0}],"is_beta":false,"boss_relics":[],"items_purged_floors":[],"is_endless":false,"potions_floor_spawned":[1],"killed_by":"Hexaghost","ascension_level":6}}