{"host":"avq773cl9g5msfol","time":1612962021,"event":{"mods":["100% Spire Juice","AchievementEnabler","Act Like it!","Ascension Unlocker","Aspiration","Astrologer","Bard","Bartender","BaseMod","Better Altar","Better Third Choice","BetterRewards","CapriCore","ChefMod","Colored Map","Colored Powertips","Conspire","Dio Mod","Downfall","Elementarium","Energized Spire","Gensokyo","GifTheSpireLib","Hallownest","Hermit","Highlight Path","Hubris","Humility","Infinite Spire","Jorbs\u0027s Wanderer Trilogy","Koishi","Magitek Elite","Marisa????????","Marked Mod","Menagerie","Minty Spire (QoL Compilation)","Pale of the Ancients","Potionbrewer","Quarter Circle Forward PUNCH!","Rare Cards Sparkle","Reimu??????","Relic Stats","Reliquary","Remilia??????","Replay The Spire","Robot Space Explorer","SacredBarkPlus","Shade Mod","Somnambulant","Spicy Shops","Spire Arcade","StSLib","The Administrix","The Animator","The Blue Laboratory","The Bug Knight","The Construct","The Cursed","The Disciple","The Dragon Tamer","The Exalted","The Hayseed","The Hierophant","The Hydrologist","The Immortal","The Marked","The Mystic","The Problem Sleuth","The Runesmith","The Senshi","The Vixen","The Wild Card","TheFirefly","Wandering Minibosses","Wide Potions","vexMod"],"gold_per_floor":[34338,34338,34338,119,130,162,237,248,273,291,291,311,311,329,346,424,424,424,442,442,576,576,276,276,295,308,308,327,327,344,375,385,458,458,458,468,478,478,478,528,528,559,559,592,592,618,630,684,701,701,701,736,188,188,188,188],"floor_reached":57,"language":"ENG","playtime":4174,"items_purged":["champ:ArenaPreparation+1","champ:Haymaker+1","champ:Haymaker+1"],"score":3558,"play_id":"cd957b06-df4f-4a07-bb96-732b3ccbcdc6","local_time":"20210210200021","is_ascension_mode":true,"campfire_choices":[{"data":"champ:Taunt","floor":1,"key":"SMITH"},{"data":"champ:Execute","floor":11,"key":"SMITH"},{"data":"wanderingMiniBosses:FinaleOfPromise","floor":13,"key":"SMITH"},{"floor":18,"key":"RECALL"},{"data":"Replay:Fractal Strike","floor":23,"key":"SMITH"},{"data":"infinitespire:NeuralNetwork","floor":43,"key":"SMITH"},{"floor":45,"key":"REST"},{"data":"champ:Parry","floor":54,"key":"SMITH"}],"circlet_count":0,"master_deck":["AscendersBane","champ:Execute+1","champ:Taunt+1","champ:ArenaPreparation+1","champ:TornadoPunch+1","champ:FalseCounter+1","champ:SkillfulDodge+1","champ:HoldFirm+1","champ:ShieldSlam+1","champ:Improvising+1","champ:StanceDance+1","champ:GutPunch+1","champ:EnragedBash+1","champ:DeathBlow+1","champ:EndlessRage+1","champ:EnGarde+1","Master of Strategy+1","champ:GladiatorForm+1","champ:DefensiveShout+1","champ:BerserkerStyle+1","expansioncontent:QuickStudy+1","champ:BerserkersShout+1","champ:DefensiveStyle+1","champ:ShieldWall+1","champ:CrookedStrike+1","champ:FlashCut+1","champ:DancingMaster+1","champ:Haymaker+1","champ:IronFortress+1","champ:TripleStrike+1","champ:Duel+1","champ:PerfectedStrike+1","champ:ShieldThrow+1","wanderingMiniBosses:FinaleOfPromise+1","champ:SwordThrow+1","Replay:Fractal Strike+1","infinitespire:FinalStrike+1","champ:VampiricStrike+1","Night Terror+1","champ:UltimateStance+1","champ:ViciousMockery+1","infinitespire:NeuralNetwork+1","champ:Parry+1","champ:EnchantCrown+1","expansioncontent:StudyTheSpire+1"],"relics":["champ:ChampionCrown","Golden Egg","Quantum Egg","Membership Card","hubris:CuriousFeather","Pocketwatch","Meat on the Bone","champ:SpectersHand","OrangePellets","hubris:FunFungus","Ice Cream","Mummified Hand","aspiration:HatOfInfinitePower","Ribbon","wanderingMiniBosses:Blackblade","hubris:ScarierMask","Replay:Towering Pillar of Hats","downfall:HeartBlessingRed","downfall:HeartBlessingGreen","downfall:HeartBlessingBlue","PreservedInsect","infinitespire:Beetle Shell","SlaversCollar","downfall:ExtraCursedKey","CatCart","ClockworkSouvenir","ReplayTheSpireMod:TigerMarble"],"acts_visited":["Hallownest:Greenpath","Gensokyo:Gensokyoer","TheBeyond","TheEnding"],"potions_floor_usage":[48,50,50,50,50,50,52,55,55,55,56,56,56],"damage_taken":[{"damage":0,"enemies":"Hallownest:monsterHuskGuard","floor":4,"turns":1},{"damage":0,"enemies":"2_ Uuma","floor":5,"turns":2},{"damage":35,"enemies":"Hallownest:eliteVengeflyKing","floor":6,"turns":2},{"damage":7,"enemies":"Hallownest:2_MossCreeps","floor":8,"turns":2},{"damage":67,"enemies":"Hallownest:eliteMossKnight","floor":9,"turns":2},{"damage":34,"enemies":"Hallownest:1_Baldur_1_Crawlid_1_Warrior","floor":10,"turns":2},{"damage":76,"enemies":"Hallownest:1_Ooma_and_2_Uuma","floor":12,"turns":3},{"damage":7,"enemies":"Hallownest:monsterFoolEater","floor":14,"turns":2},{"damage":14,"enemies":"Hallownest:monsterMossCharger","floor":15,"turns":1},{"damage":28,"enemies":"DF_ARCHETYPE_STREAMLINE","floor":16,"turns":2},{"damage":14,"enemies":"Gensokyo:3_Dogs","floor":19,"turns":2},{"damage":40,"enemies":"downfall:FleeingMerchant","floor":21,"turns":3},{"damage":21,"enemies":"Gensokyo:2_Gloops","floor":25,"turns":1},{"damage":29,"enemies":"Gensokyo:Swordslinger","floor":26,"turns":2},{"damage":14,"enemies":"Gensokyo:Monolith_and_Dog","floor":28,"turns":1},{"damage":7,"enemies":"Gensokyo:Slime_Group","floor":30,"turns":2},{"damage":8,"enemies":"Gensokyo:Reisen","floor":31,"turns":2},{"damage":5,"enemies":"Gensokyo:Chomper_and_Gloop","floor":32,"turns":1},{"damage":36,"enemies":"IC_MUSHROOM_ARCHETYPE","floor":33,"turns":3},{"damage":78,"enemies":"3 Darklings","floor":36,"turns":3},{"damage":2,"enemies":"Orb Walker","floor":37,"turns":2},{"damage":4,"enemies":"Reptomancer","floor":42,"turns":3},{"damage":5,"enemies":"HollowMod:StalkingDevout","floor":44,"turns":3},{"damage":29,"enemies":"Nemesis","floor":46,"turns":3},{"damage":23,"enemies":"Spire Growth","floor":47,"turns":2},{"damage":27,"enemies":"Orin","floor":48,"turns":3},{"damage":85,"enemies":"Transient","floor":49,"turns":7},{"damage":115,"enemies":"WA_ARCHETYPE_DIVINITY","floor":50,"turns":5},{"damage":60,"enemies":"downfall:CharBossMerchant","floor":52,"turns":3},{"damage":65,"enemies":"downfall:NeowBoss","floor":55,"turns":5},{"damage":150,"enemies":"downfall:NeowBossFinal","floor":56,"turns":5}],"seed_played":"-6277153185710286569","potions_obtained":[],"is_trial":false,"path_per_floor":["R","?","?","M","M","E","T","M","E","M","R","M","R","M","M","B",null,"R_BF","M","AVR","$","?","R","T","M","M","?","M","?","M","E","M","B",null,"R_BF","M","M","?","AVR","?","T","E","R","E","R","E","M","?","M","B",null,"E","$","R","B","B",null],"character_chosen":"THE_CHAMP","items_purchased":["champ:StanceDance","champ:GutPunch","champ:EnragedBash","champ:DeathBlow","Membership Card","champ:EndlessRage+1","champ:EnGarde","hubris:CuriousFeather","Master of Strategy","champ:GladiatorForm","Pocketwatch","Meat on the Bone","champ:SpectersHand","champ:DefensiveShout","champ:BerserkerStyle","Block Potion","expansioncontent:QuickStudy","OrangePellets","hubris:FunFungus","Ice Cream","champ:BerserkersShout","champ:DefensiveStyle","Mummified Hand","champ:ShieldWall","aspiration:HatOfInfinitePower","Ribbon","champ:CrookedStrike","champ:FlashCut","champ:Haymaker","champ:DancingMaster","champ:Haymaker","champ:IronFortress","champ:TripleStrike","champ:Duel","champ:PerfectedStrike","champ:OpenerPotion","Replay:Towering Pillar of Hats","ClockworkSouvenir","champ:EnchantCrown","ReplayTheSpireMod:TigerMarble","expansioncontent:StudyTheSpire"],"campfire_rested":1,"item_purchase_floors":[0,0,0,0,0,0,0,0,0,0,0,0,0,0,0,0,0,0,0,0,0,0,0,0,0,0,0,0,0,0,0,0,0,0,0,0,21,53,53,53,53],"current_hp_per_floor":[73,81,46,46,48,62,62,64,64,81,81,81,81,81,81,81,81,81,81,81,81,81,91,91,91,83,72,72,72,72,66,66,79,88,91,91,91,91,91,91,91,91,91,91,91,91,75,87,91,91,91,91,91,91,91,91],"gold":188,"neow_bonus":"","is_daily":false,"chose_seed":false,"campfire_upgraded":6,"win_rate":0.0,"timestamp":1612962021,"path_taken":["R","?","?","M","M","E","T","M","E","M","R","M","R","M","M","BOSS","R_BF","M","AVR","?","?","R","T","M","M","?","M","?","M","E","M","BOSS","R_BF","M","M","?","AVR","?","T","E","R","E","R","E","?","?","M","BOSS","E","$","R","BOSS","BOSS"],"items_purchased_type":["Card","Card","Card","Card","Relic","Card","Card","Relic","Card","Card","Relic","Relic","Relic","Card","Card","Potion","Card","Relic","Relic","Relic","Card","Card","Relic","Card","Relic","Relic","Card","Card","Card","Card","Card","Card","Card","Card","Card","Potion","Relic","Relic","Card","Relic","Card"],"build_version":"2020-12-22","purchased_purges":3,"victory":true,"max_hp_per_floor":[81,81,81,81,81,81,81,81,81,81,81,81,81,81,81,81,81,81,81,81,81,81,91,91,91,91,91,91,91,91,91,91,91,91,91,91,91,91,91,91,91,91,91,91,91,91,91,91,91,91,91,91,91,91,91,91],"relic_stats":{"OrangePellets":[57],"counters":[65,161],"Mummified Hand":[266],"PreservedInsect":357,"obtain_stats":[{"Ice Cream":0,"Golden Egg":0,"downfall:HeartBlessingGreen":23,"DemoMod:GlassGuonStoneRelic":2,"Bottled Tornado":13,"vexMod:CardConverter":22,"Ribbon":0,"downfall:ExtraCursedKey":38,"Toxic Egg 2":0,"champ:FightingForDummies":42,"Hallownest:SoulVesselRelic":46,"Oddly Smooth Stone":12,"infinitespire:Beetle Shell":31,"OrangePellets":0,"SlaversCollar":34,"wanderingMiniBosses:Blackblade":9,"PaintedHorse:ReiMu":3,"Molten Egg 2":0,"Pandora\u0027s Box":0,"infinitespire:EmpoweringShard":14,"ReplayTheSpireMod:TigerMarble":53,"CatCart":48,"aspiration:HatOfInfinitePower":0,"bronze:MakeshiftBattery":44,"Pocketwatch":0,"Meat on the Bone":0,"vexMod:PlasmaPancake":39,"aspiration:Lifesprig":10,"champ:ChampionCrown":0,"Hallownest:GodTamersBeastRelic":45,"ClockworkSouvenir":53,"hubris:Backtick":22,"downfall:HeartBlessingBlue":11,"Mummified Hand":27,"hubris:ScarierMask":17,"hubris:CuriousFeather":22,"hubris:FunFungus":0,"aspiration:FutureDiary":34,"TheSimpletonMod:PicklingJar":48,"Replay:Towering Pillar of Hats":21,"downfall:HeartBlessingRed":23,"hubris:64BitClover":1,"Quantum Egg":0,"champ:ChampionCrownUpgraded":17,"PreservedInsect":24,"Omamori":40,"Orichalcum":41,"Membership Card":0,"ReplayTheSpireMod:Lightbulb":31,"champ:SpectersHand":0,"RuthlessExorcism:ReiMu":24,"ReplayTheSpireMod:ShopPack":44},{"Ice Cream":34,"Golden Egg":34,"downfall:HeartBlessingGreen":46,"DemoMod:GlassGuonStoneRelic":1,"Bottled Tornado":8,"vexMod:CardConverter":13,"Ribbon":34,"downfall:ExtraCursedKey":55,"Toxic Egg 2":0,"champ:FightingForDummies":26,"Hallownest:SoulVesselRelic":30,"Oddly Smooth Stone":8,"infinitespire:Beetle Shell":51,"OrangePellets":34,"SlaversCollar":53,"wanderingMiniBosses:Blackblade":6,"PaintedHorse:ReiMu":1,"Molten Egg 2":0,"Pandora\u0027s Box":0,"infinitespire:EmpoweringShard":9,"ReplayTheSpireMod:TigerMarble":63,"CatCart":60,"aspiration:HatOfInfinitePower":34,"bronze:MakeshiftBattery":26,"Pocketwatch":34,"Meat on the Bone":34,"vexMod:PlasmaPancake":24,"aspiration:Lifesprig":7,"champ:ChampionCrown":0,"Hallownest:GodTamersBeastRelic":30,"ClockworkSouvenir":63,"hubris:Backtick":13,"downfall:HeartBlessingBlue":7,"Mummified Hand":16,"hubris:ScarierMask":44,"hubris:CuriousFeather":13,"hubris:FunFungus":34,"aspiration:FutureDiary":21,"TheSimpletonMod:PicklingJar":32,"Replay:Towering Pillar of Hats":46,"downfall:HeartBlessingRed":46,"hubris:64BitClover":0,"Quantum Egg":34,"champ:ChampionCrownUpgraded":11,"PreservedInsect":46,"Omamori":25,"Orichalcum":25,"Membership Card":34,"ReplayTheSpireMod:Lightbulb":19,"champ:SpectersHand":34,"RuthlessExorcism:ReiMu":13,"ReplayTheSpireMod:ShopPack":26},{"Ice Cream":81,"Golden Egg":81,"downfall:HeartBlessingGreen":105,"DemoMod:GlassGuonStoneRelic":2,"Bottled Tornado":20,"vexMod:CardConverter":31,"Ribbon":81,"downfall:ExtraCursedKey":122,"Toxic Egg 2":0,"champ:FightingForDummies":61,"Hallownest:SoulVesselRelic":70,"Oddly Smooth Stone":20,"infinitespire:Beetle Shell":113,"OrangePellets":81,"SlaversCollar":117,"wanderingMiniBosses:Blackblade":14,"PaintedHorse:ReiMu":2,"Molten Egg 2":0,"Pandora\u0027s Box":0,"infinitespire:EmpoweringShard":23,"ReplayTheSpireMod:TigerMarble":151,"CatCart":136,"aspiration:HatOfInfinitePower":81,"bronze:MakeshiftBattery":61,"Pocketwatch":81,"Meat on the Bone":81,"vexMod:PlasmaPancake":56,"aspiration:Lifesprig":17,"champ:ChampionCrown":0,"Hallownest:GodTamersBeastRelic":70,"ClockworkSouvenir":151,"hubris:Backtick":31,"downfall:HeartBlessingBlue":17,"Mummified Hand":37,"hubris:ScarierMask":100,"hubris:CuriousFeather":31,"hubris:FunFungus":81,"aspiration:FutureDiary":50,"TheSimpletonMod:PicklingJar":76,"Replay:Towering Pillar of Hats":105,"downfall:HeartBlessingRed":105,"hubris:64BitClover":0,"Quantum Egg":81,"champ:ChampionCrownUpgraded":27,"PreservedInsect":105,"Omamori":59,"Orichalcum":59,"Membership Card":81,"ReplayTheSpireMod:Lightbulb":46,"champ:SpectersHand":81,"RuthlessExorcism:ReiMu":31,"ReplayTheSpireMod:ShopPack":61}],"Pocketwatch":[3],"Meat on the Bone":60},"card_choices":[{"not_picked":["champ:ArenaPreparation","champ:Backstep","champ:ShieldSlam"],"picked":"SKIP","floor":4},{"not_picked":["champ:Haymaker","champ:PreciseThrust","champ:DefensiveShout"],"picked":"SKIP","floor":5},{"not_picked":["champ:AdrenalArmor","champ:ShieldSigil","champ:GladiatorStyle"],"picked":"SKIP","floor":6},{"not_picked":["champ:CrookedStrike","champ:Shatter","champ:Haymaker"],"picked":"SKIP","floor":8},{"not_picked":["champ:FocusedBerserking","champ:ShieldSigil","champ:ArenaPreparation"],"picked":"SKIP","floor":9},{"not_picked":["champ:PerfectedStrike","champ:RageSigil"],"picked":"champ:ShieldThrow","floor":10},{"not_picked":[],"picked":"wanderingMiniBosses:FinaleOfPromise","floor":12},{"not_picked":["champ:RisingSlash","champ:FlashCut","champ:SkillfulDodge"],"picked":"SKIP","floor":12},{"not_picked":["champ:BerserkersShout","champ:PerfectedStrike","champ:ArenaPreparation"],"picked":"SKIP","floor":14},{"not_picked":["champ:CrookedStrike","champ:Backstep","champ:CrownThrow"],"picked":"SKIP","floor":15},{"not_picked":["champ:VampiricStrike","champ:DancingMaster"],"picked":"champ:SwordThrow","floor":16},{"not_picked":["champ:Shatter","champ:Haymaker","champ:StanceDance"],"picked":"SKIP","floor":19},{"not_picked":["champ:GutPunch","champ:ShieldSigil"],"picked":"champ:VampiricStrike","floor":21},{"not_picked":["champ:Lariat","champ:BringItOn+1","champ:ShieldSigil"],"picked":"SKIP","floor":25},{"not_picked":["champ:Lariat","champ:FalseCounter","champ:Shatter"],"picked":"SKIP","floor":26},{"not_picked":["champ:CrownThrow","champ:CrookedStrike","champ:BerserkersShout"],"picked":"SKIP","floor":28},{"not_picked":["champ:PerfectedStrike","champ:StanceDance+1","champ:Shatter"],"picked":"SKIP","floor":30},{"not_picked":["champ:SetATrap","champ:FancyFootwork","champ:DefensiveStyle"],"picked":"SKIP","floor":31},{"not_picked":["champ:PreciseThrust","champ:SwordThrow","champ:Shatter"],"picked":"SKIP","floor":32},{"not_picked":["champ:EnchantCrown","champ:ShieldThrow"],"picked":"champ:UltimateStance","floor":33},{"not_picked":["champ:Shatter+1","champ:CalledShot+1"],"picked":"champ:ViciousMockery+1","floor":36},{"not_picked":["champ:BladeFlurry","champ:FocusedBerserking","champ:ShieldSlam+1"],"picked":"SKIP","floor":37},{"not_picked":["champ:EndlessRage","champ:PreemptiveStrike","champ:GladiatorStyle"],"picked":"SKIP","floor":42},{"not_picked":["champ:PreemptiveStrike","champ:PerfectedStrike","champ:FanOfKnives"],"picked":"SKIP","floor":44},{"not_picked":["champ:StanceDance","champ:Shatter","champ:BerserkersShout"],"picked":"SKIP","floor":46},{"not_picked":["champ:BerserkerStyle","champ:SetATrap","champ:IronFortress+1"],"picked":"SKIP","floor":47},{"not_picked":["champ:RecklessLeap","champ:Haymaker","champ:FlashCut+1"],"picked":"SKIP","floor":49},{"not_picked":["champ:FlashCut","champ:Circumvent"],"picked":"champ:Parry","floor":52}],"player_experience":1453675,"relics_obtained":[{"floor":12,"key":"wanderingMiniBosses:Blackblade"},{"floor":24,"key":"PreservedInsect"},{"floor":31,"key":"infinitespire:Beetle Shell"},{"floor":48,"key":"CatCart"}],"event_choices":[{"damage_healed":0,"gold_gain":0,"player_choice":"Fight","damage_taken":0,"max_hp_gain":0,"max_hp_loss":0,"event_name":"OrinTheCat","floor":48,"gold_loss":0}],"is_beta":false,"boss_relics":[{"not_picked":["vexMod:CursedCompass","Runic Pyramid"],"picked":"hubris:ScarierMask"},{"not_picked":["ReplayTheSpireMod:DimensionalGlitch","energizedSpire:OgreHead"],"picked":"SlaversCollar"}],"items_purged_floors":[0,0,0],"is_endless":false,"potions_floor_spawned":[5,8,12,25,28,32,33,37,42,46,49],"ascension_level":20,"is_humility":true}}