{"host":"am0cr9xwekqmrere","time":1612974420,"event":{"mods":["AchievementEnabler","Act Like it!","BaseMod","Better Altar","Better Match","Better Note","Better Sensory Stone","Better Skull","Better Third Choice","BetterRewards","Conspire","Downfall","Hubris","Infinite Spire","Minty Spire (QoL Compilation)","Rare Cards Sparkle","Spicy Shops","StSLib","Unceasing Turn Reminder"],"gold_per_floor":[0,11,11,11,0,19,72,72,72,72],"floor_reached":8,"language":"ENG","playtime":419,"items_purged":[],"score":46,"play_id":"7ff8e653-b628-4126-aea2-82b9cd5adf06","local_time":"20210210102700","is_ascension_mode":true,"campfire_choices":[{"data":"bronze:Replicate","floor":1,"key":"SMITH"}],"circlet_count":0,"master_deck":["bronze:Strike","bronze:Strike","bronze:Strike","bronze:Strike","bronze:Defend","bronze:Defend","bronze:Defend","bronze:Defend","bronze:Replicate+1","bronze:Goto","bronze:Safeguard","bronze:Spike","bronze:DazingPulse","bronze:TinkerersToolbox","bronze:ForceShield","bronze:Overheat"],"relics":["bronze:BronzeCore","hubris:BundleOfHerbs","Dream Catcher"],"acts_visited":["Exordium"],"potions_floor_usage":[5,6],"damage_taken":[{"damage":0,"enemies":"2 Louse","floor":2,"turns":2},{"damage":60,"enemies":"2 Louse","floor":3,"turns":7},{"damage":5,"enemies":"downfall:FleeingMerchant","floor":5,"turns":4},{"damage":0,"enemies":"Small Slimes","floor":6,"turns":2},{"damage":11,"enemies":"3 Sentries","floor":8,"turns":6}],"seed_played":"5487664282381390543","potions_obtained":[{"floor":2,"key":"BlessingOfTheForge"},{"floor":3,"key":"champ:CounterPotion"},{"floor":6,"key":"Ancient Potion"}],"is_trial":false,"path_per_floor":["R","M","?","?","$","M","T","E"],"character_chosen":"THE_AUTOMATON","items_purchased":[],"campfire_rested":0,"item_purchase_floors":[],"current_hp_per_floor":[70,70,10,10,5,5,5,0,0,0],"gold":72,"neow_bonus":"ONE_RARE_RELIC","is_daily":false,"chose_seed":false,"campfire_upgraded":1,"win_rate":0.0,"timestamp":1612974420,"path_taken":["R","M","?","?","$","M","T","E"],"items_purchased_type":[],"build_version":"2020-12-22","purchased_purges":0,"victory":false,"max_hp_per_floor":[70,70,70,70,70,70,70,70,70,70],"card_choices":[{"not_picked":["bronze:ChildClass","bronze:Invalidate"],"picked":"bronze:Safeguard","floor":2},{"not_picked":[],"picked":"bronze:Spike","floor":3},{"not_picked":[],"picked":"bronze:DazingPulse","floor":3},{"not_picked":["bronze:ForceShield","bronze:DigitalCarnage"],"picked":"bronze:TinkerersToolbox","floor":3},{"not_picked":["bronze:DarkDash","bronze:Virus"],"picked":"bronze:ForceShield","floor":5},{"not_picked":["bronze:WildBeam","bronze:Shield"],"picked":"bronze:Overheat","floor":6}],"player_experience":2762695,"relics_obtained":[{"floor":7,"key":"Dream Catcher"}],"event_choices":[{"damage_healed":0,"gold_gain":0,"player_choice":"Leave","damage_taken":0,"max_hp_gain":0,"max_hp_loss":0,"event_name":"conspire:Investor","floor":4,"gold_loss":0}],"is_beta":false,"boss_relics":[],"items_purged_floors":[],"is_endless":false,"potions_floor_spawned":[2,3,6],"killed_by":"3 Sentries","ascension_level":1}}