{"host":"dw8ij7emqco3quom","time":1612999665,"event":{"mods":["BaseMod","Minty Spire (QoL Compilation)"],"gold_per_floor":[118,138,213,213,239,239,264,264,264,114,142,142,142,170,170,265,315,333,33,45,45,56,81,81,107,157,0,14,67,67,86,86,181,181,198,198,211,211,151,151,151,170,170,204,204,204,231,248,248,248,248,248,16,43,43,43],"floor_reached":55,"language":"FRA","playtime":4261,"items_purged":["Defend_P","Defend_P"],"score":960,"play_id":"cca38f13-ccd4-4223-b69f-da03adec0143","local_time":"20210211002745","is_ascension_mode":true,"campfire_choices":[{"data":"Eruption","floor":6.0,"key":"SMITH"},{"floor":8.0,"key":"REST"},{"floor":13.0,"key":"REST"},{"floor":15.0,"key":"DIG"},{"floor":24.0,"key":"REST"},{"floor":30.0,"key":"REST"},{"floor":32.0,"key":"REST"},{"floor":40.0,"key":"RECALL"},{"floor":45.0,"key":"REST"},{"floor":49.0,"key":"REST"},{"data":"DevaForm","floor":52.0,"key":"SMITH"}],"circlet_count":0,"master_deck":["Strike_P","Strike_P","Defend_P+1","Defend_P","Eruption+1","Vigilance","BattleHymn","Crescendo","ConjureBlade+1","InnerPeace+1","DevaForm+1","Scrawl+1","Crescendo+1","ClearTheMind+1","FollowUp+1","EmptyMind+1","FollowUp","Protect+1","MasterReality","TalkToTheHand+1","Halt+1","Vault+1","CurseOfTheBell","DeceiveReality+1","Evaluate+1","Evaluate+1","ConjureBlade+1","TalkToTheHand+1","Secret Technique+1","FearNoEvil+1","Establishment"],"relics":["PureWater","Bag of Preparation","Oddly Smooth Stone","Toxic Egg 2","PreservedInsect","Shovel","Darkstone Periapt","Tiny House","Gambling Chip","TungstenRod","Orichalcum","Ancient Tea Set","Nunchaku","Calling Bell","Vajra","The Courier","Prayer Wheel","White Beast Statue","Ornamental Fan","CaptainsWheel","Strawberry","Pen Nib"],"acts_visited":["Exordium","TheCity","TheBeyond","TheEnding"],"potions_floor_usage":[55,55],"damage_taken":[{"damage":0.0,"enemies":"2 Louse","floor":1.0,"turns":2.0},{"damage":4.0,"enemies":"Jaw Worm","floor":2.0,"turns":3.0},{"damage":18.0,"enemies":"Lagavulin","floor":7.0,"turns":6.0},{"damage":18.0,"enemies":"Gremlin Nob","floor":11.0,"turns":3.0},{"damage":0.0,"enemies":"Lagavulin","floor":14.0,"turns":2.0},{"damage":0.0,"enemies":"Slime Boss","floor":16.0,"turns":4.0},{"damage":30.0,"enemies":"3 Byrds","floor":18.0,"turns":5.0},{"damage":17.0,"enemies":"Shell Parasite","floor":20.0,"turns":3.0},{"damage":9.0,"enemies":"Snecko","floor":22.0,"turns":3.0},{"damage":0.0,"enemies":"Gremlin Leader","floor":23.0,"turns":4.0},{"damage":24.0,"enemies":"Slavers","floor":25.0,"turns":5.0},{"damage":13.0,"enemies":"3 Cultists","floor":28.0,"turns":5.0},{"damage":12.0,"enemies":"Snake Plant","floor":31.0,"turns":4.0},{"damage":17.0,"enemies":"Champ","floor":33.0,"turns":9.0},{"damage":24.0,"enemies":"3 Darklings","floor":35.0,"turns":6.0},{"damage":2.0,"enemies":"Orb Walker","floor":37.0,"turns":4.0},{"damage":4.0,"enemies":"Transient","floor":42.0,"turns":5.0},{"damage":20.0,"enemies":"Reptomancer","floor":44.0,"turns":6.0},{"damage":7.0,"enemies":"Giant Head","floor":47.0,"turns":6.0},{"damage":1.0,"enemies":"Sphere and 2 Shapes","floor":48.0,"turns":5.0},{"damage":50.0,"enemies":"Awakened One","floor":50.0,"turns":10.0},{"damage":9.0,"enemies":"Shield and Spear","floor":54.0,"turns":10.0},{"damage":89,"enemies":"The Heart","floor":55,"turns":9}],"seed_played":"-7821110633312157192","potions_obtained":[{"floor":7.0,"key":"BottledMiracle"},{"floor":12.0,"key":"DuplicationPotion"},{"floor":12.0,"key":"GamblersBrew"},{"floor":14.0,"key":"DuplicationPotion"},{"floor":16.0,"key":"StancePotion"},{"floor":17.0,"key":"EntropicBrew"},{"floor":20.0,"key":"Fire Potion"},{"floor":22.0,"key":"CultistPotion"},{"floor":33.0,"key":"Block Potion"},{"floor":35.0,"key":"FearPotion"},{"floor":37.0,"key":"SkillPotion"},{"floor":44.0,"key":"LiquidMemories"},{"floor":47.0,"key":"DuplicationPotion"},{"floor":48.0,"key":"EssenceOfSteel"},{"floor":54.0,"key":"GamblersBrew"}],"is_trial":false,"path_per_floor":["M","M","?","?","T","R","E","R","T","$","E","?","R","E","R","B",null,"M","$","M","?","M","E","R","E","T","?","M","T","R","M","R","B",null,"M","?","M","?","$","R","?","M","T","E","R","?","E","M","R","B",null,"R","$","E","B"],"character_chosen":"WATCHER","items_purchased":["ConjureBlade+1","Gambling Chip","Explosive Potion","Strawberry"],"campfire_rested":7,"item_purchase_floors":[10,19,53,53],"current_hp_per_floor":[72,68,57,62,62,62,44,67,67,67,49,49,72,72,72,72,82,52,52,35,35,26,26,50,26,26,26,13,13,37,25,49,32,88,64,64,62,62,62,62,62,58,58,38,64,64,57,56,82,32,88,88,95,86,0,0],"gold":43,"neow_bonus":"RANDOM_COMMON_RELIC","is_daily":false,"chose_seed":false,"campfire_upgraded":2,"win_rate":0.0,"timestamp":1612999665,"path_taken":["M","M","?","?","?","R","E","R","T","?","E","?","R","E","R","BOSS","M","?","M","?","M","E","R","E","T","?","M","?","R","?","R","BOSS","M","?","M","?","$","R","?","?","T","E","R","?","E","M","R","BOSS","R","$","E","BOSS"],"items_purchased_type":["Card","Relic","Potion","Relic"],"build_version":"2020-12-22","purchased_purges":2,"victory":false,"max_hp_per_floor":[72,72,72,77,77,77,77,77,77,77,77,77,77,77,77,77,82,82,82,82,82,82,82,82,82,82,82,82,82,82,82,82,82,88,88,88,88,88,88,88,88,88,88,88,88,88,88,88,88,88,88,88,95,95,95,95],"card_choices":[{"not_picked":["EmptyBody","Protect"],"picked":"BattleHymn","floor":1.0},{"not_picked":["JustLucky","WheelKick"],"picked":"Crescendo","floor":2.0},{"not_picked":["CrushJoints","Weave","Prostrate+1"],"picked":"SKIP","floor":7.0},{"not_picked":["MentalFortress","SignatureMove"],"picked":"InnerPeace+1","floor":11.0},{"not_picked":["MentalFortress","Sanctity+1"],"picked":"DevaForm","floor":14.0},{"not_picked":["Wish+1","Devotion"],"picked":"Scrawl+1","floor":16.0},{"not_picked":["BowlingBash","Prostrate+1"],"picked":"Crescendo+1","floor":17.0},{"not_picked":["Protect+1","Nirvana"],"picked":"ClearTheMind+1","floor":18.0},{"not_picked":["Prostrate+1","Scrawl+1"],"picked":"FollowUp+1","floor":20.0},{"not_picked":["Conclude","FollowUp"],"picked":"Protect+1","floor":22.0},{"not_picked":["EmptyFist","Halt+1"],"picked":"MasterReality","floor":23.0},{"not_picked":["ForeignInfluence+1","FlyingSleeves","EmptyMind+1"],"picked":"SKIP","floor":25.0},{"not_picked":["ForeignInfluence+1","Adaptation"],"picked":"TalkToTheHand+1","floor":28.0},{"not_picked":["Crescendo+1","Vault+1"],"picked":"Halt+1","floor":31.0},{"not_picked":["LessonLearned","Blasphemy+1"],"picked":"Vault+1","floor":33.0},{"not_picked":["TalkToTheHand","ThirdEye+1"],"picked":"DeceiveReality+1","floor":35.0},{"not_picked":["Consecrate","InnerPeace+1","Weave+1"],"picked":"SKIP","floor":35.0},{"not_picked":["SignatureMove+1","CrushJoints"],"picked":"Evaluate+1","floor":37.0},{"not_picked":["Halt+1","MentalFortress"],"picked":"Evaluate+1","floor":37.0},{"not_picked":["BowlingBash+1","EmptyMind+1"],"picked":"TalkToTheHand+1","floor":42.0},{"not_picked":["LessonLearned","Halt+1","MentalFortress+1"],"picked":"SKIP","floor":42.0},{"not_picked":["Adaptation+1","Ragnarok","Protect+1"],"picked":"SKIP","floor":44.0},{"not_picked":["Metamorphosis+1","Sadistic Nature"],"picked":"Secret Technique+1","floor":46.0},{"not_picked":["SashWhip","FollowUp"],"picked":"FearNoEvil+1","floor":47.0},{"not_picked":["Weave+1","BowlingBash","Collect+1"],"picked":"SKIP","floor":48.0},{"not_picked":["SashWhip+1","EmptyMind+1","WreathOfFlame+1"],"picked":"SKIP","floor":48.0},{"not_picked":["Crescendo+1","PathToVictory+1"],"picked":"Establishment","floor":54.0}],"player_experience":726931,"relics_obtained":[{"floor":5.0,"key":"Oddly Smooth Stone"},{"floor":7.0,"key":"Toxic Egg 2"},{"floor":11.0,"key":"PreservedInsect"},{"floor":14.0,"key":"Shovel"},{"floor":15.0,"key":"Darkstone Periapt"},{"floor":23.0,"key":"TungstenRod"},{"floor":25.0,"key":"Orichalcum"},{"floor":26.0,"key":"Ancient Tea Set"},{"floor":29.0,"key":"Nunchaku"},{"floor":34.0,"key":"Vajra"},{"floor":34.0,"key":"The Courier"},{"floor":34.0,"key":"Prayer Wheel"},{"floor":43.0,"key":"White Beast Statue"},{"floor":44.0,"key":"Ornamental Fan"},{"floor":47.0,"key":"CaptainsWheel"},{"floor":54.0,"key":"Pen Nib"}],"event_choices":[{"damage_healed":0.0,"max_hp_gain":0.0,"max_hp_loss":0.0,"gold_gain":75.0,"event_name":"World of Goop","player_choice":"Gather Gold","floor":3.0,"gold_loss":0.0,"damage_taken":11.0},{"damage_healed":0.0,"max_hp_gain":5.0,"max_hp_loss":0.0,"gold_gain":0.0,"event_name":"Big Fish","player_choice":"Donut","floor":4.0,"gold_loss":0.0,"damage_taken":0.0},{"damage_healed":0.0,"max_hp_gain":0.0,"max_hp_loss":0.0,"gold_gain":0.0,"event_name":"Lab","player_choice":"Got Potions","floor":12.0,"gold_loss":0.0,"damage_taken":0.0},{"damage_healed":0.0,"max_hp_gain":0.0,"max_hp_loss":0.0,"gold_gain":0.0,"cards_transformed":["Strike_P","Strike_P"],"event_name":"Drug Dealer","player_choice":"Became Test Subject","floor":21.0,"gold_loss":0.0,"damage_taken":0.0,"cards_obtained":["EmptyMind","FollowUp"]},{"damage_healed":0.0,"max_hp_gain":0.0,"max_hp_loss":0.0,"gold_gain":0.0,"event_name":"Masked Bandits","player_choice":"Paid Fearfully","floor":27.0,"gold_loss":157.0,"damage_taken":0.0},{"damage_healed":0.0,"max_hp_gain":0.0,"max_hp_loss":0.0,"gold_gain":0.0,"event_name":"Mysterious Sphere","player_choice":"Ignored","floor":36.0,"gold_loss":0.0,"damage_taken":0.0},{"damage_healed":0.0,"max_hp_gain":0.0,"max_hp_loss":0.0,"gold_gain":0.0,"event_name":"Tomb of Lord Red Mask","player_choice":"Ignored","floor":38.0,"gold_loss":0.0,"damage_taken":0.0},{"damage_healed":0.0,"max_hp_gain":0.0,"max_hp_loss":0.0,"gold_gain":0.0,"event_name":"Duplicator","player_choice":"Copied","floor":41.0,"gold_loss":0.0,"damage_taken":0.0,"cards_obtained":["ConjureBlade"]},{"damage_healed":0.0,"max_hp_gain":0.0,"max_hp_loss":0.0,"gold_gain":0.0,"event_name":"SensoryStone","player_choice":"Memory 1","floor":46.0,"gold_loss":0.0,"damage_taken":0.0}],"is_beta":false,"boss_relics":[{"not_picked":["Philosopher\u0027s Stone","Sozu"],"picked":"Tiny House"},{"not_picked":["Coffee Dripper","Astrolabe"],"picked":"Calling Bell"}],"items_purged_floors":[39,53],"is_endless":false,"potions_floor_spawned":[7,14,16,20,22,33,35,37,44,47,48,54],"killed_by":"The Heart","ascension_level":2}}