{"host":"6azrrw3tf7wb0f4b","time":1612938869,"event":{"mods":["BaseMod","DeckTracker","Minty Spire (QoL Compilation)","SuperFastMode"],"gold_per_floor":[119,139,139,64,139,139,159,174,224,224,10,36,49,65,65,140,140,178,217,148,148,148,148,173,173],"floor_reached":24,"language":"KOR","playtime":540,"items_purged":["Strike_P","Strike_P"],"score":323,"play_id":"93a483c6-617b-4514-bc54-bec4e50891e2","local_time":"20210210153429","is_ascension_mode":true,"campfire_choices":[{"data":"CrushJoints","floor":6,"key":"SMITH"},{"floor":10,"key":"REST"},{"floor":15,"key":"REST"},{"floor":23,"key":"REST"}],"circlet_count":0,"master_deck":["AscendersBane","Strike_P","Defend_P","Defend_P","Defend_P","Defend_P","Eruption+1","Vigilance","CrushJoints+1","SashWhip","LikeWater","Evaluate","Adaptation","Wallop","EmptyFist","Vengeance","Wish","FlurryOfBlows+1","Consecrate","Scrawl","Writhe"],"relics":["PureWater","Blood Vial","Dream Catcher","Fusion Hammer","Regal Pillow"],"acts_visited":["Exordium","TheCity"],"potions_floor_usage":[12,18,19],"damage_taken":[{"damage":0,"enemies":"2 Louse","floor":1,"turns":3},{"damage":16,"enemies":"Small Slimes","floor":2,"turns":5},{"damage":0,"enemies":"Jaw Worm","floor":7,"turns":3},{"damage":3,"enemies":"3 Louse","floor":8,"turns":4},{"damage":38,"enemies":"3 Sentries","floor":12,"turns":13},{"damage":2,"enemies":"Blue Slaver","floor":13,"turns":4},{"damage":2,"enemies":"Exordium Wildlife","floor":14,"turns":4},{"damage":19,"enemies":"Slime Boss","floor":16,"turns":4},{"damage":17,"enemies":"Chosen","floor":18,"turns":8},{"damage":26,"enemies":"Spheric Guardian","floor":19,"turns":5},{"damage":65,"enemies":"Book of Stabbing","floor":24,"turns":5}],"seed_played":"-3840114992562508732","potions_obtained":[{"floor":1,"key":"Weak Potion"},{"floor":7,"key":"BottledMiracle"},{"floor":14,"key":"Energy Potion"},{"floor":16,"key":"Block Potion"}],"is_trial":false,"path_per_floor":["M","M","?","$","?","R","M","M","T","R","$","E","M","M","R","B",null,"M","M","$","?","?","R","E"],"character_chosen":"WATCHER","items_purchased":["Adaptation","Wallop","Scrawl"],"campfire_rested":3,"item_purchase_floors":[11,11,20],"current_hp_per_floor":[65,49,42,42,31,31,31,28,28,49,49,13,13,13,34,17,58,43,19,19,19,19,55,0,0],"gold":173,"neow_bonus":"UPGRADE_CARD","is_daily":false,"chose_seed":false,"campfire_upgraded":1,"win_rate":0.0,"timestamp":1612938869,"path_taken":["M","M","?","$","?","R","M","M","T","R","$","E","M","M","R","BOSS","M","M","$","?","?","R","E"],"items_purchased_type":["Card","Card","Card"],"build_version":"2020-12-22","purchased_purges":2,"victory":false,"max_hp_per_floor":[72,72,72,72,72,72,72,72,72,72,72,72,72,72,72,72,72,72,72,72,72,72,72,72,72],"card_choices":[{"not_picked":["DeceiveReality","PathToVictory"],"picked":"CrushJoints","floor":1},{"not_picked":["ClearTheMind","Protect"],"picked":"SashWhip","floor":2},{"not_picked":["Pray","FollowUp"],"picked":"LikeWater","floor":7},{"not_picked":["MasterReality","FlyingSleeves"],"picked":"Evaluate","floor":8},{"not_picked":["EmptyFist","Nirvana","SandsOfTime"],"picked":"SKIP","floor":12},{"not_picked":["Nirvana","SandsOfTime"],"picked":"EmptyFist","floor":12},{"not_picked":["Swivel","JustLucky","Evaluate"],"picked":"SKIP","floor":13},{"not_picked":["EmptyFist","CrushJoints","Swivel"],"picked":"SKIP","floor":14},{"not_picked":["Evaluate","Halt"],"picked":"Vengeance","floor":15},{"not_picked":["DeusExMachina","Omniscience"],"picked":"Wish","floor":16},{"not_picked":["ThirdEye","CrushJoints"],"picked":"FlurryOfBlows+1","floor":18},{"not_picked":["JustLucky","SignatureMove+1"],"picked":"Consecrate","floor":19}],"player_experience":765196,"relics_obtained":[{"floor":9,"key":"Blood Vial"},{"floor":12,"key":"Dream Catcher"}],"event_choices":[{"cards_removed":["Strike_P"],"damage_healed":0,"gold_gain":0,"player_choice":"Card Removal","damage_taken":7,"max_hp_gain":0,"max_hp_loss":0,"event_name":"Golden Wing","floor":3,"gold_loss":0},{"damage_healed":0,"gold_gain":75,"player_choice":"Gather Gold","damage_taken":11,"max_hp_gain":0,"max_hp_loss":0,"event_name":"World of Goop","floor":5,"gold_loss":0},{"damage_healed":0,"gold_gain":0,"player_choice":"Opened","damage_taken":0,"relics_obtained":["Regal Pillow"],"max_hp_gain":0,"max_hp_loss":0,"event_name":"The Mausoleum","floor":21,"gold_loss":0,"cards_obtained":["Writhe"]},{"damage_healed":0,"gold_gain":0,"player_choice":"Ignored","damage_taken":0,"max_hp_gain":0,"max_hp_loss":0,"event_name":"Vampires","floor":22,"gold_loss":0}],"is_beta":false,"boss_relics":[{"not_picked":["SacredBark","Coffee Dripper"],"picked":"Fusion Hammer"}],"items_purged_floors":[4,11],"is_endless":false,"potions_floor_spawned":[1,7,14,16],"killed_by":"Book of Stabbing","ascension_level":13}}