{"host":"1y3caoxlf2txzqg0","time":1612942606,"event":{"mods":["Alarm Clock","BaseMod","Colored Map","DeckTracker","Downfall","GifTheSpireLib","Minty Spire (QoL Compilation)","Rare Cards Sparkle","Relic Stats","Spire Birthday Party","StSLib"],"gold_per_floor":[99,111,561,624,624,11,86,86,86,86,86],"floor_reached":9,"language":"DEU","playtime":1482,"items_purged":[],"score":72,"play_id":"c905350a-5b53-4967-b3df-e1cb8e282ff5","local_time":"20210210083646","is_ascension_mode":false,"campfire_choices":[{"floor":1.0,"key":"RECALL"}],"circlet_count":0,"master_deck":["Guardian:Strike_Guardian","Guardian:Strike_Guardian","Guardian:Strike_Guardian","Guardian:Strike_Guardian","Guardian:Defend_Guardian","Guardian:Defend_Guardian","Guardian:Defend_Guardian","Guardian:Defend_Guardian","Guardian:CurlUp","Guardian:TwinSlam","Guardian:EvasiveProtocol","downfall:Icky","downfall:Icky","downfall:Icky","Guardian:Gem_Fragmented","Guardian:WalkerClaw","Guardian:Gem_Purple","Guardian:Gem_Lightblue"],"relics":["Guardian:ModeShifter","Bag of Marbles","Guardian:PickAxe","Mango","Ice Cream","Pantograph"],"acts_visited":["Exordium"],"potions_floor_usage":[],"damage_taken":[{"damage":0.0,"enemies":"Cultist","floor":2.0,"turns":4.0},{"damage":26.0,"enemies":"3 Sentries","floor":4.0,"turns":10.0},{"damage":20.0,"enemies":"3 Sentries","floor":5.0,"turns":5.0},{"damage":5.0,"enemies":"downfall:FleeingMerchant","floor":6.0,"turns":4.0},{"damage":63,"enemies":"Gremlin Nob","floor":9,"turns":6}],"seed_played":"3093071173320618977","potions_obtained":[{"floor":2.0,"key":"CultistPotion"}],"is_trial":false,"path_per_floor":["R","M","?","?","?","$","T","R","E"],"character_chosen":"GUARDIAN","items_purchased":["Mango","Ice Cream"],"campfire_rested":0,"item_purchase_floors":[6,6],"current_hp_per_floor":[88,88,88,62,42,51,51,51,0,0,0],"gold":86,"neow_bonus":"TEN_PERCENT_HP_BONUS","is_daily":false,"chose_seed":false,"campfire_upgraded":0,"win_rate":0.0,"timestamp":1612942606,"path_taken":["R","M","?","?","?","$","T","R","E"],"items_purchased_type":["Relic","Relic"],"build_version":"2020-12-22","purchased_purges":0,"victory":false,"max_hp_per_floor":[88,88,88,88,88,102,102,102,102,102,102],"relic_stats":{"counters":[5,29],"Pantograph":0,"obtain_stats":[{"Guardian:PickAxe":5,"Ice Cream":6,"Pantograph":7,"Guardian:ModeShifter":0,"Mango":6,"Bag of Marbles":4},{"Guardian:PickAxe":3,"Ice Cream":4,"Pantograph":4,"Guardian:ModeShifter":0,"Mango":4,"Bag of Marbles":2},{"Guardian:PickAxe":19,"Ice Cream":23,"Pantograph":23,"Guardian:ModeShifter":0,"Mango":23,"Bag of Marbles":14}]},"card_choices":[{"not_picked":["Guardian:ArmoredProtocol","Guardian:VentSteam"],"picked":"Guardian:EvasiveProtocol","floor":2.0},{"not_picked":["Guardian:DecasProtection","Guardian:PrismaticBarrier"],"picked":"Guardian:Gem_Fragmented","floor":4.0},{"not_picked":["Guardian:Gem_Cyan","Guardian:Reroute"],"picked":"Guardian:WalkerClaw","floor":6.0}],"player_experience":971048,"relics_obtained":[{"floor":4.0,"key":"Bag of Marbles"},{"floor":7.0,"key":"Pantograph"}],"event_choices":[],"is_beta":false,"boss_relics":[],"items_purged_floors":[],"is_endless":false,"potions_floor_spawned":[2,5],"killed_by":"Gremlin Nob","ascension_level":0}}