{"host":"m9osufisr3agwk96","time":1612945310,"event":{"mods":["AchievementEnabler","Aspiration","BaseMod","Colored Map","Colored Powertips","Downfall","Friendly Minions","Hermit","Highlight Path","Hubris","Minty Spire (QoL Compilation)","Rare Cards Sparkle","Reliquary","Replay The Spire","Shop Mod","StSLib"],"gold_per_floor":[115,115,115,128,144,144,177,177,247,268,268,282,292,6,6,105,105,129,129,150,150,150,183,183,231,257,288,320,320,350,43,43,154,154,175,195,195,209,209],"floor_reached":38,"language":"ENG","playtime":1332,"items_purged":[],"score":480,"play_id":"83120136-6cbd-4e8a-94e0-2fcf71643066","local_time":"20210210002150","is_ascension_mode":true,"campfire_choices":[{"floor":6,"key":"REST"},{"floor":8,"key":"REST"},{"data":"Hyperbeam","floor":11,"key":"SMITH"},{"floor":15,"key":"REST"},{"data":"Double Energy","floor":24,"key":"SMITH"},{"floor":29,"key":"REST"},{"data":"Defragment","floor":32,"key":"SMITH"}],"circlet_count":0,"master_deck":["Strike_B","Strike_B","Strike_B","Strike_B","Defend_B","Defend_B","Defend_B","Defend_B","Dualcast","Hyperbeam+1","Go for the Eyes+1","Tempest+1","Ball Lightning","Defragment+1","Double Energy+1","Coolheaded","Steam Power","Aggregate","Biased Cognition","CurseOfTheBell","Sunder+1","hubris:Prefetch","Beam Cell","Coolheaded+1","Echo Form","Conserve Battery","Ball Lightning+1","Defragment+1","Undo","Streamline+1","Ball Lightning+1","Electrodynamics","Turbo","Storm","Glacier+1"],"relics":["Cracked Core","hubris:Reverence","InkBottle","Odd Mushroom","Prayer Wheel","hubris:Spice","Calling Bell","Replay:Bandana","Pondfish Scales","MealTicket","hubris:Zylophone","Unceasing Top"],"acts_visited":["Exordium","TheCity","TheBeyond"],"potions_floor_usage":[5,10,18,23,25,35],"damage_taken":[{"damage":0,"enemies":"Small Slimes","floor":1,"turns":2},{"damage":1,"enemies":"2 Louse","floor":4,"turns":2},{"damage":0,"enemies":"Jaw Worm","floor":5,"turns":2},{"damage":17,"enemies":"3 Sentries","floor":7,"turns":4},{"damage":4,"enemies":"The Mushroom Lair","floor":10,"turns":2},{"damage":2,"enemies":"2 Fungi Beasts","floor":12,"turns":2},{"damage":14,"enemies":"Looter","floor":13,"turns":4},{"damage":46,"enemies":"Slime Boss","floor":16,"turns":7},{"damage":6,"enemies":"Shell Parasite","floor":18,"turns":5},{"damage":18,"enemies":"2 Thieves","floor":20,"turns":3},{"damage":13,"enemies":"Gremlin Leader","floor":23,"turns":6},{"damage":43,"enemies":"Slavers","floor":25,"turns":5},{"damage":0,"enemies":"Centurion and Healer","floor":27,"turns":3},{"damage":2,"enemies":"3 Cultists","floor":28,"turns":3},{"damage":3,"enemies":"Sentry and Sphere","floor":30,"turns":3},{"damage":32,"enemies":"Automaton","floor":33,"turns":8},{"damage":12,"enemies":"3 Darklings","floor":35,"turns":3},{"damage":4,"enemies":"3 Shapes","floor":36,"turns":4},{"damage":62,"enemies":"Transient","floor":38,"turns":5}],"seed_played":"2936625121260970204","potions_obtained":[{"floor":1,"key":"BlessingOfTheForge"},{"floor":7,"key":"PowerPotion"},{"floor":16,"key":"FearPotion"},{"floor":20,"key":"Reflective Coating"},{"floor":23,"key":"PotionOfCapacity"},{"floor":27,"key":"SteroidPotion"},{"floor":33,"key":"Venom Potion"}],"is_trial":false,"path_per_floor":["M","?","?","M","M","R","E","R","T","?","R","M","M","$","R","B",null,"M","?","M","?","?","E","R","E","T","M","M","R","M","$","R","B",null,"M","M","T","M"],"character_chosen":"DEFECT","items_purchased":["hubris:Spice","hubris:Zylophone"],"campfire_rested":4,"item_purchase_floors":[14,31],"current_hp_per_floor":[75,60,60,59,59,75,58,75,75,71,71,69,55,63,83,37,91,85,67,49,49,96,83,83,40,40,40,38,62,59,74,74,42,72,60,56,56,0,0],"gold":209,"neow_bonus":"ONE_RANDOM_RARE_CARD","is_daily":false,"chose_seed":false,"campfire_upgraded":3,"win_rate":0.0,"timestamp":1612945310,"path_taken":["M","?","?","M","M","R","E","R","T","?","R","M","M","$","R","BOSS","M","?","M","?","?","E","R","E","T","M","?","R","M","?","R","BOSS","M","M","?","?"],"items_purchased_type":["Relic","Relic"],"build_version":"2020-12-22","purchased_purges":0,"victory":false,"max_hp_per_floor":[75,75,75,75,75,75,75,75,75,75,75,75,75,83,83,83,91,91,96,96,96,96,96,96,88,88,80,80,80,80,80,80,80,72,72,72,72,72,72],"card_choices":[{"not_picked":["ReplayTheSpireMod:System Scan","Barrage"],"picked":"Go for the Eyes","floor":1},{"not_picked":["Compile Driver","Glacier"],"picked":"Ball Lightning","floor":4},{"not_picked":["Redo","Hologram"],"picked":"Defragment","floor":5},{"not_picked":["Leap","Hello World"],"picked":"Double Energy","floor":7},{"not_picked":["ReplaySort","Go for the Eyes"],"picked":"Coolheaded","floor":10},{"not_picked":["Undo","Go for the Eyes"],"picked":"ReplayTheSpireMod:Fabricate Wheel","floor":12},{"not_picked":["Leap","Conserve Battery"],"picked":"Steam Power","floor":13},{"not_picked":["BootSequence","Go for the Eyes"],"picked":"Aggregate","floor":13},{"not_picked":["Fission","All For One"],"picked":"Biased Cognition","floor":16},{"not_picked":["Streamline+1","Stack+1"],"picked":"Sunder+1","floor":18},{"not_picked":["Redo+1","Aggregate"],"picked":"hubris:Prefetch","floor":18},{"not_picked":["Go for the Eyes","Rebound"],"picked":"Beam Cell","floor":20},{"not_picked":["Hologram+1","Recycle"],"picked":"Coolheaded+1","floor":20},{"not_picked":["Gash","Hologram"],"picked":"Echo Form","floor":23},{"not_picked":["hubris:SpiceAddiction","Consume"],"picked":"Conserve Battery","floor":25},{"not_picked":["Go for the Eyes+1","Conserve Battery"],"picked":"Ball Lightning+1","floor":27},{"not_picked":["Coolheaded","BootSequence"],"picked":"hubris:SpiceAddiction","floor":27},{"not_picked":["Seek","Leap"],"picked":"Defragment+1","floor":28},{"not_picked":["Barrage","BasicCrystalCard"],"picked":"Undo","floor":28},{"not_picked":["Consume","Leap"],"picked":"Streamline+1","floor":30},{"not_picked":["Fusion","Sweeping Beam"],"picked":"Ball Lightning+1","floor":30},{"not_picked":["ReplayTheSpireMod:Omega Cannon","hubris:SpiceAddiction"],"picked":"Electrodynamics","floor":33},{"not_picked":["hubris:SpiceAddiction","Conserve Battery"],"picked":"Turbo","floor":35},{"not_picked":["Streamline","Go for the Eyes","ReplayTheSpireMod:System Scan"],"picked":"SKIP","floor":35},{"not_picked":["Static Discharge","Gash+1"],"picked":"Storm","floor":36},{"not_picked":["Redo","Streamline"],"picked":"Glacier+1","floor":36}],"player_experience":445395,"relics_obtained":[{"floor":7,"key":"hubris:Reverence"},{"floor":9,"key":"InkBottle"},{"floor":10,"key":"Odd Mushroom"},{"floor":17,"key":"hubris:Spice"},{"floor":17,"key":"Replay:Bandana"},{"floor":17,"key":"Pondfish Scales"},{"floor":23,"key":"MealTicket"},{"floor":25,"key":"hubris:Spice"},{"floor":37,"key":"Unceasing Top"}],"event_choices":[{"damage_healed":0,"gold_gain":0,"player_choice":"Entered Light","damage_taken":15,"max_hp_gain":0,"max_hp_loss":0,"event_name":"Shining Light","floor":2,"gold_loss":0,"cards_upgraded":["Zap","Go for the Eyes"]},{"damage_healed":0,"gold_gain":0,"player_choice":"Fought Mushrooms","damage_taken":0,"max_hp_gain":0,"max_hp_loss":0,"event_name":"Mushrooms","floor":10,"gold_loss":0},{"damage_healed":0,"gold_gain":0,"player_choice":"Shed Blood","damage_taken":23,"max_hp_gain":5,"max_hp_loss":0,"event_name":"Forgotten Altar","floor":19,"gold_loss":0},{"damage_healed":47,"gold_gain":0,"player_choice":"Full Heal","damage_taken":0,"max_hp_gain":0,"max_hp_loss":0,"event_name":"Wheel of Change","floor":22,"gold_loss":0}],"is_beta":false,"boss_relics":[{"not_picked":["aspiration:FutureDiary","hubris:VirtuousBlindfold"],"picked":"Calling Bell"},{"not_picked":["hubris:Spice","Snecko Eye"],"picked":"hubris:Spice"}],"items_purged_floors":[],"is_endless":false,"potions_floor_spawned":[1,7,16,20,23,27,33],"killed_by":"Transient","ascension_level":2}}