{"host":"o3b7ow6d1xe49css","time":1612936901,"event":{"mods":["Act Like it!","Aspiration","BaseMod","Bestiary","Better Altar","Better Match","Better Note","Better Sensory Stone","Better Skull","Better Third Choice","Colored Powertips","Conspire","Energized Spire","Force Act Four","GifTheSpireLib","Halation","Hermit","Hubris","Infinite Spire","Lobotomy","Minty Spire (QoL Compilation)","Quick Restart","Rare Cards Sparkle","Relic Filter Mod","Reliquary","Replay The Spire","Spicy Shops","Spikes Relics","Spire Arcade","StSLib","Stuff the Spire","The Blue Laboratory","Wandering Minibosses"],"gold_per_floor":[112,132,146,146,14,14,14],"floor_reached":6,"language":"ENG","playtime":391,"items_purged":["Injury"],"score":45,"play_id":"fb402e65-1f88-45cc-bbeb-7813a60309da","local_time":"20210209210141","daily_mods":["Heirloom","Flight"],"is_ascension_mode":true,"campfire_choices":[],"circlet_count":0,"master_deck":["Strike_G","Strike_G","Strike_G","Strike_G","Strike_G","Defend_G","Defend_G","Defend_G","Defend_G","Defend_G","Survivor","Neutralize","conspire:PoisonWeapons","UniverseFragment","Catalyst","PiercingWail","ReplayTheSpireMod:Chaos Vortex"],"relics":["Ring of the Snake","Ring of Chaos","infinitespire:Joker Card","CogitoBucket","infinitespire:Satchel"],"acts_visited":["Exordium"],"potions_floor_usage":[],"damage_taken":[{"damage":0,"enemies":"Cultist","floor":1,"turns":4},{"damage":1,"enemies":"Jaw Worm","floor":2,"turns":3},{"damage":0,"enemies":"conspire:RoseBush","floor":3,"turns":5},{"damage":6,"enemies":"Lagavulin","floor":6,"turns":13}],"seed_played":"4279405330171724476","potions_obtained":[{"floor":3,"key":"blueLaboratory:AbyssPotion"}],"is_trial":true,"path_per_floor":["M","M","M","?","$","E"],"character_chosen":"THE_SILENT","items_purchased":["infinitespire:Satchel"],"campfire_rested":0,"item_purchase_floors":[5],"current_hp_per_floor":[70,69,69,52,52,46,46],"gold":14,"neow_bonus":"","is_daily":false,"chose_seed":false,"campfire_upgraded":0,"win_rate":0.0,"timestamp":1612936901,"path_taken":["M","M","M","?","$","E"],"items_purchased_type":["Relic"],"build_version":"2020-12-22","purchased_purges":1,"victory":false,"max_hp_per_floor":[70,70,70,70,70,70,70],"card_choices":[{"not_picked":["Deadly Poison","Underhanded Strike"],"picked":"conspire:PoisonWeapons","floor":1},{"not_picked":["SingingMachine","FieryBird","OldLady"],"picked":"Singing Bowl","floor":1},{"not_picked":["CrumblingArmor","VoidDream"],"picked":"UniverseFragment","floor":1},{"not_picked":["Draining Mist","Distraction"],"picked":"Catalyst","floor":2},{"not_picked":["MHz","WallGazer","ShyLook"],"picked":"Singing Bowl","floor":2},{"not_picked":["Dodge and Roll","Slice"],"picked":"PiercingWail","floor":3},{"not_picked":["VoidDream","Wellcheers","CherryBlossoms"],"picked":"Singing Bowl","floor":3},{"not_picked":["infinitespire:Menacing","infinitespire:DeathsTouch"],"picked":"ReplayTheSpireMod:Chaos Vortex","floor":4}],"player_experience":1341827,"relics_obtained":[],"event_choices":[],"is_beta":false,"boss_relics":[],"items_purged_floors":[5],"is_endless":false,"potions_floor_spawned":[3],"killed_by":"Lagavulin","ascension_level":5}}