{"host":"dwyzfvnzfcqffr30","time":1612970111,"event":{"mods":["2.2 Compatiblity","Act Like it!","Aspiration","BaseMod","Beaked The Cultist","Better Altar","Better Match","Better Note","Better Sensory Stone","Better Skull","Better Third Choice","Clockwork Mod","Colored Map","Colored Powertips","Conspire","Downfall","Elementarium","GifTheSpireLib","Halation","Hermit","Hubris","Infinite Spire","Ironclad Rager","Jedi Mod","Menagerie","Mimic Mod","Minty Spire (QoL Compilation)","Permanent Neow","Random Character Button","Relic Filter Mod","Reliquary","Replay The Spire","Spicy Shops","Spikes Relics","StSLib","Stuff the Spire","The Construct","The Disciple","The Druid","The Marked","TheFirefly","Trackpad","Wandering Minibosses"],"gold_per_floor":[115,183,20,71,95,127,127,162,162,187,232,232,273,307,307,398,398,447,151,170,202,202,250,277,343,391,391,445,507,565,27,27,115,115,147,186,217,92,92,133,133,179,179,229,79,102,102,127,0,9,9,9,9,50,103],"floor_reached":56,"language":"ENG","playtime":8652,"items_purged":["hubris:Compulsion","Multi-Cast+1","downfall:Aged","Parasite","downfall:Icky","thefirefly:Strike+1"],"score":2847,"play_id":"14a5333c-a8e4-4611-b92f-32b6602571a3","local_time":"20210210071511","is_ascension_mode":true,"campfire_choices":[{"floor":15.0,"key":"RECALL"},{"floor":32,"key":"REST"},{"data":"thefirefly:IonizedBarrier+1","floor":52,"key":"SMITH"}],"circlet_count":0,"master_deck":["AscendersBane","beaked:CrazyRituals+1","thefirefly:Strike+1","thefirefly:Strike+1","thefirefly:Strike+1","thefirefly:Defend+1","thefirefly:Defend+1","thefirefly:Defend+1","thefirefly:Defend+1","thefirefly:StealthMode+1","thefirefly:PhotonBlast+1","MasterReality+1","Apotheosis+1","thefirefly:EvasiveManeuver+1","Specialist+1","thefirefly:FlareScreen+1","thefirefly:MirrorShield+1","thefirefly:SearingEnigma+1","thefirefly:RerouteCircuit+1","thefirefly:FlareScreen+1","thefirefly:LaserMail+1","thefirefly:Rend+1","thefirefly:SearingEnigma+1","thefirefly:CoveringFire+1","thefirefly:IonizedBarrier+2"],"relics":["thefirefly:StealthSystem","Bottled Tornado","halation:Prosthetics","hubris:TinFlute","SacredBark","conspire:InfiniteJournal","infinitespire:EvilPickle","Quantum Egg","Frozen Egg 2","Molten Egg 2","Toxic Egg 2","StuffTheSpire:ForceGauntlet","Pondfish Scales","halation:PromiseList","Singing Bowl","aspiration:FrozenJewel","jedi:heavyjacket","StuffTheSpire:Gunfinga","Strawberry","ShockBauble","Question Card","Replay:Ancient Bell","halation:IllGainedPizza","StuffTheSpire:SapphireSignet","Counterbalance","reliquary:PartyBalloon","conspire:InfiniteJournal","infinitespire:EmpoweringShard","aspiration:TomeofQuesting","Prayer Wheel","reliquary:Bookmark","SpikesRelics:DaevaFist","wanderingMiniBosses:AbyssPearl","MealTicket","Anchor","Elementarium:ElementariumTrophy","SlaversCollar","MiniBlackHole","halation:AfternoonTea","trackpad:WondrousWand","Prayer Wheel","expansioncontent:StudyCardRelic","Red Mask","infinitespire:Beetle Shell"],"acts_visited":["Exordium","Elementarium:Elementarium","TheBeyond","TheEnding"],"potions_floor_usage":[33,33,42,50,50],"damage_taken":[{"damage":3.0,"enemies":"Cultist","floor":1.0,"turns":3.0},{"damage":6.0,"enemies":"Jaw Worm","floor":4.0,"turns":3.0},{"damage":4.0,"enemies":"2 Louse","floor":5.0,"turns":3.0},{"damage":0.0,"enemies":"Gremlin Nob","floor":6.0,"turns":3.0},{"damage":0.0,"enemies":"Lagavulin","floor":8.0,"turns":7.0},{"damage":0.0,"enemies":"Looter","floor":10.0,"turns":4.0},{"damage":0.0,"enemies":"Gremlin Nob","floor":11.0,"turns":4.0},{"damage":0.0,"enemies":"Replay:BlueRogue","floor":13.0,"turns":7.0},{"damage":0.0,"enemies":"2 Fungi Beasts","floor":14.0,"turns":3.0},{"damage":6.0,"enemies":"The Guardian","floor":16.0,"turns":8.0},{"damage":0.0,"enemies":"Elementarium:MUD_AND_TAR_GOLEMS","floor":18.0,"turns":4.0},{"damage":0.0,"enemies":"Elementarium:2_ELEMENTALS","floor":21.0,"turns":7.0},{"damage":0.0,"enemies":"Elementarium:WarGolem","floor":23.0,"turns":7.0},{"damage":0.0,"enemies":"Elementarium:RubyGolem","floor":24.0,"turns":1.0},{"damage":0.0,"enemies":"Elementarium:FIRE_NOBILITY","floor":25.0,"turns":5.0},{"damage":0.0,"enemies":"Elementarium:VOID_CORRUPTION_AND_TAR_GOLEM","floor":26.0,"turns":7.0},{"damage":0.0,"enemies":"Elementarium:VOID_CORRUPTION_AND_TAR_GOLEM","floor":28.0,"turns":6.0},{"damage":0.0,"enemies":"Elementarium:WarGolem","floor":29.0,"turns":5.0},{"damage":0,"enemies":"Elementarium:STONE_GOLEMS","floor":30,"turns":4},{"damage":0,"enemies":"Elementarium:PHOENIXES","floor":33,"turns":6},{"damage":0,"enemies":"Orb Walker","floor":35,"turns":5},{"damage":0,"enemies":"3 Darklings","floor":36,"turns":5},{"damage":10,"enemies":"Writhing Mass","floor":37,"turns":5},{"damage":0,"enemies":"Nemesis","floor":40,"turns":7},{"damage":0,"enemies":"Reptomancer","floor":42,"turns":4},{"damage":0,"enemies":"Giant Head","floor":44,"turns":6},{"damage":0,"enemies":"Spire Growth","floor":46,"turns":3},{"damage":0,"enemies":"Maw","floor":48,"turns":5},{"damage":0,"enemies":"Awakened One","floor":50,"turns":7},{"damage":0,"enemies":"Shield and Spear","floor":54,"turns":3},{"damage":9,"enemies":"The Heart","floor":55,"turns":6}],"seed_played":"-2157285609240775088","potions_obtained":[{"floor":4.0,"key":"hexamod:SoulburnPotion"},{"floor":5.0,"key":"Weak Potion"},{"floor":10.0,"key":"Strength Potion"},{"floor":11.0,"key":"LiquidBronze"},{"floor":23.0,"key":"jedi:StrikingPotion"},{"floor":28.0,"key":"AttackPotion"},{"floor":35,"key":"hexamod:SoulburnPotion"},{"floor":48,"key":"PowerPotion"}],"is_trial":false,"path_per_floor":["M","$","$","M","M","E","$","E","T","M","E","?","E","M","R","B",null,"M","$","?","M","?","E","M","E","MIM","AVR","M","E","M","$","R","B",null,"M","M","M","$","?","E","$","E","T","E","$","M","AVR","M","R_BF","B",null,"R","$","E","B",null],"character_chosen":"THE_FIREFLY","items_purchased":["StuffTheSpire:ForceGauntlet","Specialist+1","Pondfish Scales","halation:PromiseList","reliquary:PartyBalloon","Explosive Potion","MealTicket","Anchor","PowerPotion"],"campfire_rested":1,"item_purchase_floors":[2,2,2,3,19,19,31,31,31],"current_hp_per_floor":[62,62,62,56,52,54,54,56,56,58,58,40,42,44,44,38,77,79,79,43,45,68,68,68,70,72,72,76,78,82,82,106,108,108,110,114,114,111,111,113,113,115,115,117,117,119,119,125,125,127,127,127,127,129,120],"gold":103,"neow_bonus":"ONE_RANDOM_RARE_CARD","is_daily":false,"chose_seed":false,"campfire_upgraded":1,"win_rate":0.0,"timestamp":1612970111,"path_taken":["M","?","$","M","M","E","$","E","T","M","E","?","E","?","R","BOSS","M","$","?","M","?","E","M","E","MIM","AVR","?","E","M","$","R","BOSS","M","M","M","$","?","E","$","E","T","E","?","M","AVR","M","R_BF","BOSS","R","$","E","BOSS"],"items_purchased_type":["Relic","Card","Relic","Relic","Relic","Potion","Relic","Relic","Potion"],"build_version":"2020-12-22","purchased_purges":6,"victory":true,"max_hp_per_floor":[65,65,65,65,65,67,67,69,69,71,71,78,80,82,82,82,88,90,90,90,92,92,92,92,94,96,96,100,102,106,106,106,108,108,110,114,114,111,111,113,113,115,115,117,117,119,119,125,125,127,127,127,127,129,129],"card_choices":[{"not_picked":["thefirefly:Pacify+1","thefirefly:PhantomStrike+1"],"picked":"thefirefly:EvasiveManeuver+1","floor":1.0},{"not_picked":["thefirefly:FullProjection+1","thefirefly:PhantomStrike+1"],"picked":"thefirefly:FlareScreen+1","floor":4.0},{"not_picked":["thefirefly:Preload+1","thefirefly:ErraticMotions+1"],"picked":"thefirefly:MirrorShield+1","floor":5.0},{"not_picked":["thefirefly:EvasiveManeuver+1","thefirefly:Prominence+1","thefirefly:BoltzmannBrain+1"],"picked":"Singing Bowl","floor":6.0},{"not_picked":["thefirefly:Rend+1","thefirefly:Distort+1","thefirefly:FlakCannon+1"],"picked":"Singing Bowl","floor":8.0},{"not_picked":["thefirefly:InterceptingShot+1","thefirefly:EvasiveManeuver+1","thefirefly:MirrorShield+1"],"picked":"Singing Bowl","floor":10.0},{"not_picked":["thefirefly:Flight+1","thefirefly:MindControl+1"],"picked":"thefirefly:SearingEnigma+1","floor":11.0},{"not_picked":["thefirefly:DataMiner+1","thefirefly:NebulaVeil+1","thefirefly:EvasiveManeuver+1"],"picked":"Singing Bowl","floor":13.0},{"not_picked":["thefirefly:Pacify+1","thefirefly:BoltzmannBrain+1","thefirefly:Rend+1","thefirefly:Preload+1"],"picked":"Singing Bowl","floor":14.0},{"not_picked":["thefirefly:TachyonBeam+1","thefirefly:HyperspaceAssault+1","thefirefly:BoltzmannBrain+1"],"picked":"thefirefly:RerouteCircuit+1","floor":16.0},{"not_picked":["ReplayTheSpireMod:Restless Dread","Parasite","hubris:Lust","downfall:Icky"],"picked":"Singing Bowl","floor":17.0},{"not_picked":["Shame","Overencumbered","Hallucinations","hubris:Compulsion"],"picked":"Singing Bowl","floor":17.0},{"not_picked":["ReplayTheSpireMod:Faulty Equipment","downfall:Aged","Parasite","hubris:Envy"],"picked":"Singing Bowl","floor":17.0},{"not_picked":["thefirefly:StarCinder+1","thefirefly:ErraticMotions+1","thefirefly:Unburden+1","thefirefly:Rend+1"],"picked":"Singing Bowl","floor":18.0},{"not_picked":["thefirefly:ArtillleryBeam+1","thefirefly:Quine+1","thefirefly:EvasiveManeuver+1"],"picked":"thefirefly:FlareScreen+1","floor":20.0},{"not_picked":["thefirefly:ArtillleryBeam+1","thefirefly:HyperFocus+1","thefirefly:FlareScreen+1","thefirefly:InterceptingShot+1"],"picked":"Singing Bowl","floor":21.0},{"not_picked":["thefirefly:ShieldArray+1","thefirefly:Boost+1","thefirefly:Lamentation+1"],"picked":"thefirefly:LaserMail+1","floor":23.0},{"not_picked":["thefirefly:LifeSupport+1","thefirefly:StoredPower+1","thefirefly:Ruminate+1"],"picked":"thefirefly:Rend+1","floor":24.0},{"not_picked":["thefirefly:Flight+1","thefirefly:NebulaVeil+1","thefirefly:LaserBarrage+1","thefirefly:ChargedLaser+1"],"picked":"Singing Bowl","floor":25.0},{"not_picked":["thefirefly:ArtillleryBeam+1","thefirefly:QuantumTunneling+1","thefirefly:ShieldGenerator+1","thefirefly:Reposition+1"],"picked":"Singing Bowl","floor":26.0},{"not_picked":["thefirefly:RecollectionSubroutine+1","thefirefly:Unburden+1","thefirefly:ShieldArray+1","thefirefly:ArtillleryBeam+1"],"picked":"Singing Bowl","floor":28.0},{"not_picked":["thefirefly:Distort+1","thefirefly:InterceptingShot+1","thefirefly:StarCinder+1","thefirefly:EvasiveManeuver+1"],"picked":"Singing Bowl","floor":28.0},{"not_picked":["thefirefly:FlakCannon+1","thefirefly:SoulStrike+1","thefirefly:PhantomStrike+1","thefirefly:Exile+1"],"picked":"Singing Bowl","floor":29.0},{"not_picked":["thefirefly:FlareScreen+1","thefirefly:SteadyAim+1","thefirefly:Prominence+1","thefirefly:MirrorShield+1"],"picked":"Singing Bowl","floor":30},{"not_picked":["thefirefly:LaserMail+1","thefirefly:CoveringFire+1","thefirefly:Rend+1","thefirefly:StoredPower+1"],"picked":"Singing Bowl","floor":30},{"not_picked":["thefirefly:MindControl+1","thefirefly:Unburden+1","thefirefly:TachyonBeam+1","thefirefly:ParadoxEngine+1"],"picked":"Singing Bowl","floor":33},{"not_picked":["thefirefly:LaserBarrage+1","thefirefly:RecollectionSubroutine+1","thefirefly:RollBack+1"],"picked":"thefirefly:SearingEnigma+1","floor":35},{"not_picked":["thefirefly:LaserMail+1","thefirefly:Reposition+1","thefirefly:Distort+1","thefirefly:CoveringFire+1"],"picked":"Singing Bowl","floor":35},{"not_picked":["thefirefly:ErraticMotions+1","thefirefly:EnergyShield+1","thefirefly:RecollectionSubroutine+1","thefirefly:EvasiveManeuver+1"],"picked":"Singing Bowl","floor":36},{"not_picked":["thefirefly:InterceptingShot+1","thefirefly:StarCinder+1","thefirefly:Flight+1","thefirefly:SteadyAim+1"],"picked":"Singing Bowl","floor":36},{"not_picked":["thefirefly:ErraticMotions+1","thefirefly:InterceptingShot+1","thefirefly:Dematerialize+1"],"picked":"thefirefly:CoveringFire+1","floor":37},{"not_picked":["thefirefly:ShieldArray+1","thefirefly:ArtillleryBeam+1","thefirefly:Quine+1","thefirefly:AccountUncertainty+1"],"picked":"SKIP","floor":37},{"not_picked":["thefirefly:SteadyAim+1","thefirefly:ArtillleryBeam+1","thefirefly:RecollectionSubroutine+1","thefirefly:InterceptingShot+1"],"picked":"Singing Bowl","floor":40},{"not_picked":["thefirefly:EvasiveManeuver+1","thefirefly:StoredPower+1","thefirefly:DecoyShot+1","thefirefly:BreachMissile+1"],"picked":"Singing Bowl","floor":42},{"not_picked":["thefirefly:AutoTargeting+1","thefirefly:MirrorShield+1","thefirefly:AccountUncertainty+1","thefirefly:Prominence+1"],"picked":"Singing Bowl","floor":44},{"not_picked":["thefirefly:ArtillleryBeam+1","thefirefly:PhantomStrike+1","thefirefly:RollBack+1","thefirefly:StarCinder+1"],"picked":"Singing Bowl","floor":46},{"not_picked":["thefirefly:RecollectionSubroutine+1","thefirefly:FlakCannon+1","thefirefly:CoveringFire+1"],"picked":"thefirefly:IonizedBarrier+1","floor":46},{"not_picked":["thefirefly:LustForEternity+1","thefirefly:InterceptingShot+1","thefirefly:Distort+1","thefirefly:CoveringFire+1"],"picked":"Singing Bowl","floor":48},{"not_picked":["thefirefly:FlareScreen+1","thefirefly:Exile+1","thefirefly:ShieldArray+1","thefirefly:StoredPower+1"],"picked":"Singing Bowl","floor":48},{"not_picked":["thefirefly:StoredPower+1","thefirefly:AutoTargeting+1","thefirefly:ShieldGenerator+1","thefirefly:Lamentation+1"],"picked":"Singing Bowl","floor":48},{"not_picked":["thefirefly:Flight+1","thefirefly:DataMiner+1","thefirefly:HyperFocus+1","thefirefly:FlareScreen+1"],"picked":"Singing Bowl","floor":54}],"player_experience":3096889,"relics_obtained":[{"floor":6.0,"key":"Singing Bowl"},{"floor":8.0,"key":"aspiration:FrozenJewel"},{"floor":9.0,"key":"jedi:heavyjacket"},{"floor":11.0,"key":"StuffTheSpire:Gunfinga"},{"floor":13.0,"key":"Question Card"},{"floor":20.0,"key":"conspire:InfiniteJournal"},{"floor":23.0,"key":"infinitespire:EmpoweringShard"},{"floor":25.0,"key":"aspiration:TomeofQuesting"},{"floor":29.0,"key":"SpikesRelics:DaevaFist"},{"floor":30,"key":"wanderingMiniBosses:AbyssPearl"},{"floor":40,"key":"MiniBlackHole"},{"floor":42,"key":"halation:AfternoonTea"},{"floor":44,"key":"trackpad:WondrousWand"},{"floor":54,"key":"infinitespire:Beetle Shell"}],"event_choices":[{"damage_healed":0.0,"max_hp_gain":0.0,"max_hp_loss":8.0,"gold_gain":0.0,"event_name":"betterThird:BetterWriting","player_choice":"Simplicity","floor":0.0,"gold_loss":0.0,"damage_taken":0.0},{"cards_removed":["thefirefly:ParadoxEngine"],"damage_healed":0.0,"max_hp_gain":0.0,"max_hp_loss":0.0,"gold_gain":0.0,"event_name":"betterThird:BetterWriting","player_choice":"Elegance","floor":0.0,"gold_loss":0.0,"damage_taken":0.0},{"damage_healed":0.0,"max_hp_gain":0.0,"max_hp_loss":0.0,"gold_gain":1.0,"event_name":"betterThird:BetterScrap","player_choice":"Relic Relic ","floor":12.0,"gold_loss":0.0,"damage_taken":25.0,"cards_obtained":["ReplayTheSpireMod:Exploit Weakness"]},{"damage_healed":23.0,"max_hp_gain":0.0,"max_hp_loss":0.0,"gold_gain":0.0,"event_name":"Elementarium:StickySituation","player_choice":"Drink","floor":22.0,"gold_loss":0.0,"damage_taken":0.0,"cards_obtained":["Elementarium:StickyTar"]},{"damage_healed":0,"gold_gain":0,"player_choice":"Paid","damage_taken":0,"relics_obtained":["Red Mask"],"max_hp_gain":0,"max_hp_loss":0,"event_name":"Tomb of Lord Red Mask","floor":49,"gold_loss":127}],"is_beta":false,"boss_relics":[{"not_picked":["Empty Cage","halation:LoveArrow"],"picked":"Replay:Ancient Bell"},{"not_picked":["reliquary:ExpiredCoupon","ReplayFunnel"],"picked":"halation:IllGainedPizza"},{"not_picked":["Molten Egg 2","ReplayTheSpireMod:Ninjato"],"picked":"StuffTheSpire:SapphireSignet"},{"not_picked":["hubris:64BitClover","HeavenlyBonsai"],"picked":"Counterbalance"},{"not_picked":["Philosopher\u0027s Stone","SacredBark"],"picked":"SlaversCollar"}],"items_purged_floors":[19,27,31,38,45,47],"is_endless":false,"potions_floor_spawned":[4,5,10,11,13,14,23,28,30,35,42,44,48],"ascension_level":16}}