{"host":"t9vqxmgmtrdkt9v9","time":1612950571,"event":{"mods":["AchievementEnabler","BaseMod","Colored Map","Minty Spire (QoL Compilation)","Permanent Neow","Relic Stats","StSLib"],"gold_per_floor":[118,118,131,146,163,163,196,196,272,282,282,312,6,36,36,107,107,124,124,174,174,191,191,191],"floor_reached":23,"language":"ENG","playtime":1157,"items_purged":[],"score":387,"play_id":"372c6fba-373e-4693-98b7-0034632c8732","local_time":"20210210194931","is_ascension_mode":true,"campfire_choices":[{"data":"Phantasmal Killer","floor":6,"key":"SMITH"},{"data":"Neutralize","floor":8,"key":"SMITH"},{"floor":11,"key":"REST"},{"floor":15,"key":"REST"}],"circlet_count":0,"master_deck":["AscendersBane","Strike_G","Strike_G","Strike_G","Strike_G","Strike_G","Defend_G","Defend_G","Defend_G","Defend_G","Defend_G","Survivor","Neutralize+1","Dagger Spray","Phantasmal Killer+1","Quick Slash","Dagger Spray","PiercingWail","Deflect","Well Laid Plans","Phantasmal Killer+1","Cloak And Dagger","Doppelganger","Riddle With Holes","Backflip"],"relics":["Ring of the Snake","Juzu Bracelet","Incense Burner","Bottled Lightning","Tiny Chest","DollysMirror","Smiling Mask","SlaversCollar","StrikeDummy"],"acts_visited":["Exordium","TheCity"],"potions_floor_usage":[7,10,12,14,16],"damage_taken":[{"damage":4,"enemies":"Jaw Worm","floor":1,"turns":5},{"damage":0,"enemies":"Cultist","floor":3,"turns":2},{"damage":3,"enemies":"Small Slimes","floor":4,"turns":3},{"damage":2,"enemies":"2 Fungi Beasts","floor":5,"turns":3},{"damage":26,"enemies":"Lagavulin","floor":7,"turns":6},{"damage":6,"enemies":"3 Louse","floor":10,"turns":2},{"damage":19,"enemies":"Gremlin Nob","floor":12,"turns":5},{"damage":12,"enemies":"Lagavulin","floor":14,"turns":7},{"damage":18,"enemies":"Slime Boss","floor":16,"turns":8},{"damage":27,"enemies":"Chosen","floor":18,"turns":9},{"damage":23,"enemies":"Spheric Guardian","floor":22,"turns":6},{"damage":8,"enemies":"Slavers","floor":23,"turns":1}],"seed_played":"4150839869656475174","potions_obtained":[{"floor":3,"key":"Ancient Potion"},{"floor":4,"key":"SteroidPotion"},{"floor":7,"key":"SkillPotion"},{"floor":10,"key":"Strength Potion"},{"floor":16,"key":"Strength Potion"}],"is_trial":false,"path_per_floor":["M","?","M","M","M","R","E","R","T","M","R","E","$","E","R","B",null,"M","?","?","?","M","E"],"character_chosen":"THE_SILENT","items_purchased":["Well Laid Plans","DollysMirror","PowerPotion"],"campfire_rested":2,"item_purchase_floors":[13,13,13],"current_hp_per_floor":[55,55,55,52,50,50,24,24,24,18,37,18,18,6,25,7,51,24,24,24,24,1,0,0],"gold":191,"neow_bonus":"RANDOM_COMMON_RELIC","is_daily":false,"chose_seed":false,"campfire_upgraded":2,"win_rate":0.0,"timestamp":1612950571,"path_taken":["M","?","M","M","M","R","E","R","T","M","R","E","$","E","R","BOSS","M","?","?","?","M","E"],"items_purchased_type":["Card","Relic","Potion"],"build_version":"2020-12-22","purchased_purges":0,"victory":false,"max_hp_per_floor":[66,66,66,66,66,66,66,66,66,66,66,66,66,66,66,66,66,66,66,66,66,66,66,66],"relic_stats":{"counters":[12,57],"Tiny Chest":0,"Juzu Bracelet":1,"Smiling Mask":0,"obtain_stats":[{"SlaversCollar":17,"DollysMirror":13,"Tiny Chest":12,"Juzu Bracelet":0,"Incense Burner":7,"Bottled Lightning":9,"Smiling Mask":14,"StrikeDummy":19,"Ring of the Snake":0},{"SlaversCollar":9,"DollysMirror":7,"Tiny Chest":7,"Juzu Bracelet":0,"Incense Burner":5,"Bottled Lightning":5,"Smiling Mask":8,"StrikeDummy":10,"Ring of the Snake":0},{"SlaversCollar":41,"DollysMirror":26,"Tiny Chest":26,"Juzu Bracelet":0,"Incense Burner":19,"Bottled Lightning":19,"Smiling Mask":33,"StrikeDummy":50,"Ring of the Snake":0}],"Ring of the Snake":[24]},"card_choices":[{"not_picked":["Bane","Slice"],"picked":"Dagger Spray","floor":1},{"not_picked":["Underhanded Strike","Outmaneuver"],"picked":"Quick Slash","floor":3},{"not_picked":["Infinite Blades","Prepared"],"picked":"Dagger Spray","floor":4},{"not_picked":["Sucker Punch","Noxious Fumes","Prepared"],"picked":"SKIP","floor":5},{"not_picked":["Endless Agony","Poisoned Stab","Outmaneuver"],"picked":"SKIP","floor":7},{"not_picked":["Tactician","Unload"],"picked":"PiercingWail","floor":10},{"not_picked":["Concentrate","Bane"],"picked":"Deflect","floor":12},{"not_picked":["Finisher","Deadly Poison"],"picked":"Cloak And Dagger","floor":14},{"not_picked":["Storm of Steel","Venomology"],"picked":"Doppelganger","floor":16},{"not_picked":["Choke","Deadly Poison"],"picked":"Riddle With Holes","floor":18},{"not_picked":["Prepared","Blade Dance"],"picked":"Backflip","floor":22}],"player_experience":401174,"relics_obtained":[{"floor":7,"key":"Incense Burner"},{"floor":9,"key":"Bottled Lightning"},{"floor":12,"key":"Tiny Chest"},{"floor":14,"key":"Smiling Mask"}],"event_choices":[{"damage_healed":0,"gold_gain":0,"player_choice":"1 cards matched","damage_taken":0,"max_hp_gain":0,"max_hp_loss":0,"event_name":"Match and Keep!","floor":2,"gold_loss":0,"cards_obtained":["Phantasmal Killer"]},{"damage_healed":0,"gold_gain":0,"player_choice":"Gave Potion","damage_taken":0,"relics_obtained":["StrikeDummy"],"max_hp_gain":0,"max_hp_loss":0,"event_name":"WeMeetAgain","floor":19,"gold_loss":0},{"damage_healed":0,"gold_gain":50,"player_choice":"Stole From Cult","damage_taken":0,"max_hp_gain":0,"max_hp_loss":0,"event_name":"Nest","floor":20,"gold_loss":0},{"damage_healed":0,"gold_gain":0,"player_choice":"Ignored","damage_taken":0,"max_hp_gain":0,"max_hp_loss":0,"event_name":"Beggar","floor":21,"gold_loss":0}],"is_beta":false,"boss_relics":[{"not_picked":["Ectoplasm","Black Star"],"picked":"SlaversCollar"}],"items_purged_floors":[],"is_endless":false,"potions_floor_spawned":[3,4,7,10,16],"killed_by":"Slavers","ascension_level":17}}