{"host":"9xq257ad8931sio9","time":1612972089,"event":{"mods":["BaseMod","Better Third Choice","BetterRewards","Card Forge","Custom Start","Minty Spire (QoL Compilation)","StSLib","SuperFastMode","Uncapped"],"gold_per_floor":[112,112,175,187,187,220,220,247,272,333,333,366,366,149,149,222,222,242,74,24,39,39,72,84,110,110,110,110,140,140,171,171,250,250,268,268,284,119,119,151,182,192,216,252,7,44,80,80,80,80],"floor_reached":51,"language":"ENG","playtime":2711,"items_purged":[],"score":2497,"play_id":"ce1beb57-31dc-4833-84b4-ac41bfc6d30a","local_time":"20210210074809","daily_mods":["Heirloom","Flight"],"is_ascension_mode":true,"campfire_choices":[{"floor":7,"key":"REST"},{"data":"Gash","floor":15,"key":"SMITH"},{"data":"Creative AI","floor":32,"key":"SMITH"}],"circlet_count":0,"master_deck":["Panache+1","Panache+1","Panache+1","Panache+1","Panache+1","Panache+1","Panache+1","Panache+1","Panache+1","Panache+1","Panache+1","Panache+1","Panache+1","Panache+1","Panache+1","Panache+1","Biased Cognition+1","Biased Cognition+1","Biased Cognition+1","Double Energy+1","Double Energy+1","Skim+1","Skim+1","Skim+1","Skim+1","BootSequence+1","Turbo+1","Ball Lightning+1","Sweeping Beam+1","Beam Cell+1","Gash+1","Go for the Eyes+1","FTL+1","Sunder+1","Hyperbeam+1","Zap+1","Conserve Battery+1","Double Energy+1","Aggregate+1","Seek+1","Electrodynamics+1","Loop+1","Capacitor+1","Barrage+1","Flash of Steel+1","Genetic Algorithm+1","Turbo+1","Turbo+1","Gash+1","Creative AI+1","Compile Driver+1","Amplify+1","Fission+1","Conserve Battery+1","Skim+1","Fusion+1","White Noise+1","Stack+1","Undo+1"],"relics":["Cracked Core","Hammer of Thor","Seething Fire","Anvil of the Gods","Lizard Tail","DataDisk","Pear","Omamori","Potion Belt","Toxic Egg 2","Mummified Hand","Strange Spoon","Coffee Dripper","Bronze Scales","Bottled Lightning","PreservedInsect","Ornamental Fan","MutagenicStrength","Red Mask","Bag of Marbles","Inserter","Membership Card","Cables","HornCleat","CeramicFish","Toy Ornithopter","Lee\u0027s Waffle","Ancient Tea Set","Juzu Bracelet","MealTicket","Thread and Needle"],"acts_visited":["Exordium","TheCity","TheBeyond"],"potions_floor_usage":[16,16,16,31,33,40,40],"damage_taken":[{"damage":0,"enemies":"2 Louse","floor":1,"turns":1},{"damage":0,"enemies":"Small Slimes","floor":4,"turns":1},{"damage":0,"enemies":"Gremlin Nob","floor":6,"turns":1},{"damage":0,"enemies":"Lagavulin","floor":8,"turns":3},{"damage":0,"enemies":"3 Sentries","floor":10,"turns":2},{"damage":0,"enemies":"Gremlin Nob","floor":12,"turns":2},{"damage":0,"enemies":"Hexaghost","floor":16,"turns":2},{"damage":0,"enemies":"Spheric Guardian","floor":18,"turns":2},{"damage":8,"enemies":"Shell Parasite","floor":21,"turns":2},{"damage":0,"enemies":"Book of Stabbing","floor":23,"turns":2},{"damage":0,"enemies":"Sentry and Sphere","floor":24,"turns":2},{"damage":0,"enemies":"Gremlin Leader","floor":25,"turns":2},{"damage":0,"enemies":"Masked Bandits","floor":29,"turns":1},{"damage":0,"enemies":"Book of Stabbing","floor":31,"turns":1},{"damage":42,"enemies":"Collector","floor":33,"turns":4},{"damage":7,"enemies":"3 Shapes","floor":35,"turns":1},{"damage":0,"enemies":"3 Darklings","floor":37,"turns":1},{"damage":0,"enemies":"Giant Head","floor":40,"turns":3},{"damage":0,"enemies":"Reptomancer","floor":41,"turns":2},{"damage":0,"enemies":"Sphere and 2 Shapes","floor":42,"turns":1},{"damage":18,"enemies":"Nemesis","floor":44,"turns":3},{"damage":0,"enemies":"Reptomancer","floor":46,"turns":2},{"damage":0,"enemies":"Giant Head","floor":47,"turns":3},{"damage":65,"enemies":"Time Eater","floor":50,"turns":5}],"seed_played":"-2866726904717756424","potions_obtained":[{"floor":4,"key":"Regen Potion"},{"floor":10,"key":"SkillPotion"},{"floor":12,"key":"Explosive Potion"},{"floor":21,"key":"SneckoOil"},{"floor":23,"key":"GamblersBrew"},{"floor":24,"key":"GamblersBrew"},{"floor":25,"key":"Swift Potion"},{"floor":37,"key":"DistilledChaos"},{"floor":40,"key":"Fruit Juice"},{"floor":47,"key":"GamblersBrew"}],"is_trial":true,"path_per_floor":["M","?","?","M","?","E","R","E","T","?","?","E","$","$","R","B",null,"M","$","?","M","?","E","M","E","T","?","?","?","$","E","R","B",null,"M","?","M","$","?","E","E","M","T","E","$","E","E","$","R","B",null],"character_chosen":"DEFECT","items_purchased":["Strange Spoon","Explosive Potion","Bronze Scales","Membership Card","Lee\u0027s Waffle","Ancient Tea Set","Juzu Bracelet"],"campfire_rested":1,"item_purchase_floors":[14,14,19,38,45,45,45],"current_hp_per_floor":[64,64,64,64,59,59,71,81,81,81,81,81,81,81,81,81,81,81,81,81,73,73,73,73,73,73,73,73,73,73,73,73,42,71,64,64,64,64,64,69,69,69,69,51,93,93,93,93,93,28],"gold":80,"neow_bonus":"","is_daily":false,"chose_seed":false,"campfire_upgraded":2,"win_rate":0.0,"timestamp":1612972089,"path_taken":["M","?","?","?","?","E","R","E","T","?","?","E","?","$","R","BOSS","M","$","?","?","?","E","?","E","T","?","?","?","?","E","R","BOSS","M","?","M","$","?","E","E","M","T","E","$","E","E","$","R","BOSS"],"items_purchased_type":["Relic","Potion","Relic","Relic","Relic","Relic","Relic"],"build_version":"2020-12-22","purchased_purges":0,"victory":true,"max_hp_per_floor":[71,71,71,71,71,71,71,81,81,81,81,81,81,81,81,81,81,81,81,81,81,81,81,81,81,81,81,81,81,81,81,81,81,81,81,81,81,81,81,86,86,86,86,86,93,93,93,93,93,93],"card_choices":[{"not_picked":["Rebound","Doom and Gloom"],"picked":"Barrage","floor":1},{"not_picked":["Barrage","Cold Snap"],"picked":"Genetic Algorithm","floor":4},{"not_picked":["Cold Snap","Consume"],"picked":"Reinforced Body","floor":6},{"not_picked":["Core Surge","Barrage"],"picked":"Turbo","floor":8},{"not_picked":["Go for the Eyes","Beam Cell"],"picked":"Turbo","floor":10},{"not_picked":["Conserve Battery+1","Coolheaded+1"],"picked":"Gash","floor":12},{"not_picked":["Rainbow+1","Electrodynamics"],"picked":"Creative AI","floor":16},{"not_picked":["Streamline","Hologram+1"],"picked":"Compile Driver","floor":18},{"not_picked":["Rip and Tear","Hologram+1","Go for the Eyes"],"picked":"SKIP","floor":21},{"not_picked":["Beam Cell","Hello World"],"picked":"Amplify+1","floor":23},{"not_picked":["Coolheaded+1","Beam Cell","Barrage"],"picked":"SKIP","floor":24},{"not_picked":["Turbo+1","Redo+1","Genetic Algorithm+1"],"picked":"SKIP","floor":25},{"not_picked":["Redo+1","Turbo+1","Go for the Eyes"],"picked":"SKIP","floor":31},{"not_picked":["Buffer","Core Surge"],"picked":"Fission+1","floor":33},{"not_picked":["Leap+1","Loop"],"picked":"Conserve Battery+1","floor":35},{"not_picked":["Rebound+1","Beam Cell+1","Loop"],"picked":"SKIP","floor":37},{"not_picked":["Defragment+1","Ball Lightning"],"picked":"Skim+1","floor":40},{"not_picked":["Static Discharge+1","Leap+1","Doom and Gloom"],"picked":"SKIP","floor":41},{"not_picked":["Scrape","Hologram+1"],"picked":"Fusion+1","floor":42},{"not_picked":["Auto Shields+1","Amplify+1"],"picked":"White Noise+1","floor":44},{"not_picked":["Hello World+1","Ball Lightning+1"],"picked":"Stack+1","floor":46},{"not_picked":["Hyperbeam","Capacitor"],"picked":"Undo+1","floor":47}],"player_experience":10078,"relics_obtained":[{"floor":6,"key":"DataDisk"},{"floor":8,"key":"Pear"},{"floor":9,"key":"Omamori"},{"floor":10,"key":"Potion Belt"},{"floor":12,"key":"Mummified Hand"},{"floor":23,"key":"Bottled Lightning"},{"floor":25,"key":"PreservedInsect"},{"floor":26,"key":"Ornamental Fan"},{"floor":29,"key":"Red Mask"},{"floor":31,"key":"Bag of Marbles"},{"floor":40,"key":"Cables"},{"floor":41,"key":"HornCleat"},{"floor":43,"key":"CeramicFish"},{"floor":44,"key":"Toy Ornithopter"},{"floor":46,"key":"MealTicket"},{"floor":47,"key":"Thread and Needle"}],"event_choices":[{"damage_healed":0,"gold_gain":0,"cards_transformed":["Panache"],"player_choice":"Change","damage_taken":0,"max_hp_gain":0,"max_hp_loss":0,"event_name":"Living Wall","floor":2,"gold_loss":0,"cards_obtained":["Flash of Steel"]},{"damage_healed":0,"gold_gain":63,"player_choice":"Gained Gold","damage_taken":0,"max_hp_gain":0,"max_hp_loss":0,"event_name":"Golden Wing","floor":3,"gold_loss":0},{"damage_healed":0,"gold_gain":1,"player_choice":"LEAVE","damage_taken":5,"max_hp_gain":0,"max_hp_loss":0,"event_name":"betterThird:BetterScrap","floor":5,"gold_loss":0,"cards_obtained":["Ghostly Armor"]},{"damage_healed":0,"gold_gain":0,"player_choice":"Searched \u00271\u0027 times","damage_taken":0,"max_hp_gain":0,"max_hp_loss":0,"event_name":"Dead Adventurer","floor":10,"gold_loss":0},{"damage_healed":0,"gold_gain":0,"player_choice":"Box","damage_taken":0,"relics_obtained":["Toxic Egg 2"],"max_hp_gain":0,"max_hp_loss":0,"event_name":"Big Fish","floor":11,"gold_loss":0,"cards_obtained":["Regret"]},{"damage_healed":0,"gold_gain":0,"player_choice":"Bet on Murderer","damage_taken":0,"max_hp_gain":0,"max_hp_loss":0,"event_name":"The Joust","floor":20,"gold_loss":50},{"damage_healed":0,"gold_gain":0,"player_choice":"Ignored","damage_taken":0,"max_hp_gain":0,"max_hp_loss":0,"event_name":"Purifier","floor":22,"gold_loss":0},{"damage_healed":0,"gold_gain":0,"player_choice":"Ignored","damage_taken":0,"max_hp_gain":0,"max_hp_loss":0,"event_name":"Beggar","floor":27,"gold_loss":0},{"damage_healed":0,"gold_gain":0,"player_choice":"Inject Mutagens","damage_taken":0,"relics_obtained":["MutagenicStrength"],"max_hp_gain":0,"max_hp_loss":0,"event_name":"Drug Dealer","floor":28,"gold_loss":0},{"damage_healed":0,"gold_gain":0,"player_choice":"Fought Bandits","damage_taken":0,"max_hp_gain":0,"max_hp_loss":0,"event_name":"Masked Bandits","floor":29,"gold_loss":0},{"cards_removed":["Reinforced Body"],"damage_healed":0,"gold_gain":0,"player_choice":"Removed Skill","damage_taken":0,"max_hp_gain":0,"max_hp_loss":0,"event_name":"Falling","floor":36,"gold_loss":0},{"damage_healed":0,"gold_gain":0,"player_choice":"Ignored","damage_taken":0,"max_hp_gain":0,"max_hp_loss":0,"event_name":"Transmorgrifier","floor":39,"gold_loss":0}],"is_beta":false,"boss_relics":[{"not_picked":["Busted Crown","Astrolabe"],"picked":"Coffee Dripper"},{"not_picked":["SlaversCollar","Snecko Eye"],"picked":"Inserter"}],"items_purged_floors":[],"is_endless":false,"potions_floor_spawned":[4,10,12,21,23,24,25,37,40,47],"ascension_level":20}}