{"host":"jqln3q8z91cyrmpl","time":1612934188,"event":{"mods":["AchievementEnabler","BaseMod","Colored Map","DeckTracker","Keyboard Shortcuts","Minty Spire (QoL Compilation)","SuperFastMode"],"gold_per_floor":[109,129,129,145,163,163,163,177,177,193,216,247,247,277,277,277,277],"floor_reached":16,"language":"KOR","playtime":478,"items_purged":[],"score":179,"play_id":"180fd11e-820c-4f98-a9f3-d6ee90fa75f2","local_time":"20210210141628","is_ascension_mode":true,"campfire_choices":[{"data":"Dagger Spray","floor":6,"key":"SMITH"},{"floor":13,"key":"REST"},{"data":"Dash","floor":15,"key":"SMITH"}],"circlet_count":0,"master_deck":["AscendersBane","Strike_G","Strike_G","Strike_G","Strike_G","Strike_G","Defend_G","Defend_G","Defend_G","Defend_G","Defend_G","Survivor","Neutralize+1","Dagger Spray+1","Backstab","Acrobatics","Burst","Tactician","Leg Sweep","Backstab","Dash+1"],"relics":["Ring of the Snake","Ginger","Darkstone Periapt","Orichalcum","Bottled Lightning","Lantern"],"acts_visited":["Exordium"],"potions_floor_usage":[1,4,12,14],"damage_taken":[{"damage":2,"enemies":"Jaw Worm","floor":1,"turns":5},{"damage":2,"enemies":"Small Slimes","floor":2,"turns":3},{"damage":3,"enemies":"Cultist","floor":4,"turns":5},{"damage":17,"enemies":"Exordium Thugs","floor":5,"turns":6},{"damage":0,"enemies":"Lots of Slimes","floor":8,"turns":1},{"damage":0,"enemies":"Exordium Wildlife","floor":10,"turns":5},{"damage":30,"enemies":"Gremlin Nob","floor":12,"turns":7},{"damage":6,"enemies":"3 Sentries","floor":14,"turns":9},{"damage":21,"enemies":"Hexaghost","floor":16,"turns":9}],"seed_played":"7336832753504171663","potions_obtained":[{"floor":1,"key":"Fruit Juice"},{"floor":4,"key":"Fruit Juice"},{"floor":8,"key":"Dexterity Potion"},{"floor":12,"key":"Dexterity Potion"}],"is_trial":false,"path_per_floor":["M","M","?","M","M","R","?","M","T","M","T","E","R","E","R","B"],"character_chosen":"THE_SILENT","items_purchased":[],"campfire_rested":1,"item_purchase_floors":[],"current_hp_per_floor":[66,64,46,48,31,31,31,31,31,31,31,1,25,19,19,0,0],"gold":277,"neow_bonus":"UPGRADE_CARD","is_daily":false,"chose_seed":false,"campfire_upgraded":2,"win_rate":0.0,"timestamp":1612934188,"path_taken":["M","M","?","M","M","R","?","?","T","M","?","E","R","E","R","BOSS"],"items_purchased_type":[],"build_version":"2020-12-22","purchased_purges":0,"victory":false,"max_hp_per_floor":[75,75,75,80,80,80,80,80,80,80,80,80,80,80,80,80,80],"card_choices":[{"not_picked":["Sucker Punch","Choke"],"picked":"Dagger Spray","floor":1},{"not_picked":["Expertise","Terror","Dodge and Roll"],"picked":"SKIP","floor":2},{"not_picked":["Dodge and Roll","Footwork"],"picked":"Backstab","floor":4},{"not_picked":["Footwork","Flying Knee"],"picked":"Acrobatics","floor":5},{"not_picked":["Endless Agony","Dodge and Roll"],"picked":"Leg Sweep","floor":8},{"not_picked":["Flechettes","Distraction","Backflip"],"picked":"SKIP","floor":10},{"not_picked":["Setup","Bouncing Flask"],"picked":"Backstab","floor":12},{"not_picked":["After Image","Flying Knee"],"picked":"Dash","floor":14}],"player_experience":424300,"relics_obtained":[{"floor":9,"key":"Darkstone Periapt"},{"floor":11,"key":"Orichalcum"},{"floor":12,"key":"Bottled Lightning"},{"floor":14,"key":"Lantern"}],"event_choices":[{"damage_healed":0,"gold_gain":0,"player_choice":"Success","damage_taken":18,"relics_obtained":["Ginger"],"max_hp_gain":0,"max_hp_loss":0,"event_name":"Scrap Ooze","floor":3,"gold_loss":0},{"damage_healed":0,"gold_gain":0,"player_choice":"2 cards matched","damage_taken":0,"max_hp_gain":0,"max_hp_loss":0,"event_name":"Match and Keep!","floor":7,"gold_loss":0,"cards_obtained":["Burst","Tactician"]}],"is_beta":false,"boss_relics":[],"items_purged_floors":[],"is_endless":false,"potions_floor_spawned":[1,4,8,12],"killed_by":"Hexaghost","ascension_level":12}}