{"host":"9slw7l0ws16384qq","time":1612948548,"event":{"mods":["A Penny For Your Troubles","BaseMod","Colored Map","Downfall","Evolution","Hubris","Minty Spire (QoL Compilation)","Replay The Spire","StS++","StSLib"],"gold_per_floor":[99,114,124,124,124,140,167,179,191,28,28,57,74,84,100,100,100,100],"floor_reached":16,"language":"FRA","playtime":560,"items_purged":["downfall:Malfunctioning"],"score":168,"play_id":"7a496786-a135-4af8-803b-722df1ff1d6a","local_time":"20210210101548","is_ascension_mode":true,"campfire_choices":[{"data":"Guardian:Defend_Guardian","floor":1,"key":"PURGE"},{"data":"Guardian:TwinSlam","floor":8,"key":"SMITH"}],"circlet_count":0,"master_deck":["AscendersBane","Guardian:Strike_Guardian+1","Guardian:Strike_Guardian","Guardian:Strike_Guardian","Guardian:Defend_Guardian+1","Guardian:Defend_Guardian+1","Guardian:CurlUp","Guardian:TwinSlam+1","expansioncontent:PrepareCrush","Guardian:Gem_Cyan"],"relics":["Guardian:ModeShifter","EVO:Axolotl","hubris:Towel","MawBank","Orichalcum"],"acts_visited":["Exordium"],"potions_floor_usage":[16,16],"damage_taken":[{"damage":8,"enemies":"Jaw Worm","floor":2,"turns":5},{"damage":7,"enemies":"Small Slimes","floor":3,"turns":4},{"damage":0,"enemies":"2 Louse","floor":6,"turns":4},{"damage":10,"enemies":"downfall:FleeingMerchant","floor":10,"turns":4},{"damage":14,"enemies":"3 Sentries","floor":12,"turns":7},{"damage":0,"enemies":"Blue Slaver","floor":13,"turns":3},{"damage":0,"enemies":"2 Fungi Beasts","floor":14,"turns":3},{"damage":0,"enemies":"Large Slime","floor":15,"turns":6},{"damage":61,"enemies":"WA_ARCHETYPE_RETAIN","floor":16,"turns":10}],"seed_played":"159679893594099657","potions_obtained":[{"floor":2,"key":"BlessingOfTheForge"},{"floor":3,"key":"StSpp:ScatteredWeakPotion"},{"floor":13,"key":"hexamod:SoulburnPotion"},{"floor":15,"key":"hexamod:SoulburnPotion"}],"is_trial":false,"path_per_floor":["R_BF","M","M","?","?","M","T","R","?","$","?","E","M","M","M","B"],"character_chosen":"GUARDIAN","items_purchased":["expansioncontent:PrepareCrush"],"campfire_rested":0,"item_purchase_floors":[10],"current_hp_per_floor":[80,72,65,65,65,65,65,65,65,55,55,41,41,41,41,0,0,0],"gold":100,"neow_bonus":"TEN_PERCENT_HP_BONUS","is_daily":false,"chose_seed":false,"campfire_upgraded":1,"win_rate":0.0,"timestamp":1612948548,"path_taken":["R_BF","M","M","?","?","M","T","R","?","$","?","E","M","M","M","BOSS"],"items_purchased_type":["Card"],"build_version":"2020-12-22","purchased_purges":1,"victory":false,"max_hp_per_floor":[88,88,88,88,88,88,88,88,88,88,88,88,88,88,88,88,88,88],"card_choices":[{"not_picked":["Guardian:Gem_Yellow","Guardian:MultiBeam","Guardian:WalkerClaw"],"picked":"SKIP","floor":2},{"not_picked":["Guardian:Reroute","Guardian:Gem_Green","Guardian:ShieldSpikes"],"picked":"SKIP","floor":3},{"not_picked":["Guardian:TemporalShield","Guardian:Recover","Guardian:PrimingBeam"],"picked":"SKIP","floor":6},{"not_picked":["Guardian:PolyBeam","Guardian:BronzeOrb","Guardian:RollAttack"],"picked":"SKIP","floor":10},{"not_picked":["Guardian:FuturePlans","Guardian:WalkerClaw","Guardian:DonusPower"],"picked":"SKIP","floor":12},{"not_picked":["Guardian:TimeCapacitor","Guardian:Gem_Yellow"],"picked":"Guardian:Gem_Cyan","floor":13},{"not_picked":["Guardian:Gem_Lightblue","Guardian:WalkerClaw","Guardian:Repulse"],"picked":"SKIP","floor":14},{"not_picked":["Guardian:StasisField","Guardian:PiercingHide","Guardian:WalkerClaw"],"picked":"SKIP","floor":15}],"player_experience":1674903,"relics_obtained":[{"floor":7,"key":"MawBank"},{"floor":12,"key":"Orichalcum"}],"event_choices":[{"cards_removed":["Guardian:Defend_Guardian"],"damage_healed":0,"gold_gain":0,"player_choice":"Card Removal","damage_taken":0,"max_hp_gain":0,"max_hp_loss":0,"event_name":"The Cleric","floor":11,"gold_loss":0}],"is_beta":false,"boss_relics":[],"items_purged_floors":[10],"is_endless":false,"potions_floor_spawned":[2,3,13,14,15],"killed_by":"WA_ARCHETYPE_RETAIN","ascension_level":13}}