{"host":"mv9iawyrph7ym8en","time":1612943507,"event":{"mods":["Act Like it!","Aspiration","BaseMod","Conspire","Defuse TimeMaze Blight","Downfall","Minty Spire (QoL Compilation)","Ryuuou龙王","Shop Mod","Spicy Shops","StSLib","TestMod","[IsaacMod]以撒尖塔"],"gold_per_floor":[99,99,99,99,149,165,165,195,205,64,64,74,74,102,122,225,225,25,39,1,1,22,43,67,67,110,110,128,162,174,207,231,339,339,239,639,639,662,208,243,243,243,1,24,85,314,314,330,351,380,380,425,64,64,378,378,378,378],"floor_reached":56,"language":"ZHS","playtime":3277,"items_purged":["downfall:Malfunctioning","champ:Defend"],"score":1535,"play_id":"8ed46cfb-311d-454a-a8f7-e98514519384","local_time":"20210210155147","is_ascension_mode":true,"campfire_choices":[{"floor":1,"key":"RECALL"},{"data":"champ:UltimateStance","floor":13,"key":"SMITH"},{"data":"champ:PerfectedStrike","floor":18,"key":"SMITH"},{"data":"champ:PerfectedStrike","floor":25,"key":"SMITH"},{"data":"champ:StrikeOfGenius","floor":35,"key":"SMITH"},{"data":"champ:EnchantCrown","floor":42,"key":"SMITH"},{"data":"expansioncontent:DashGenerateEvil","floor":47,"key":"SMITH"},{"data":"champ:ShieldSigil","floor":54,"key":"SMITH"}],"circlet_count":0,"master_deck":["champ:Strike","champ:Strike","champ:Strike+1","champ:Strike+1","champ:Defend","champ:Defend","champ:Execute","champ:Taunt+1","champ:SwordSigil","champ:PerfectedStrike+1","champ:UltimateStance+1","champ:EnGarde","champ:Duel","champ:ShieldSigil+1","champ:DancingMaster","champ:FocusedDefense","champ:PerfectedStrike+1","champ:DancingMaster","champ:PerfectedStrike+1","champ:GutPunch+1","champ:DefensiveShout","champ:ViciousMockery","champ:IronFortress","champ:GladiatorForm","champ:EnchantCrown+1","champ:StrikeOfGenius+1","champ:FaceSlap+1","expansioncontent:DashGenerateEvil+1","champ:EndlessRage+1","champ:RageSigil+1","expansioncontent:StudyTheSpire+1"],"relics":["champ:ChampionCrown","HushsDoor","downfall:HeartsMalice","GuppysHead","testmod-TimeTraveler","testmod-Motorcycle","testmod-IndustrialRevolution","StrikeDummy","Smiling Mask","aspiration:Lifesprig","Ginger","testmod-DeterminationOfClimber","GuppysCollar","downfall:HeartBlessingGreen","downfall:HeartBlessingRed","Happy Flower","Lantern","champ:GladiatorsBookOfMartialProwess","testmod-Antiphasic","Akabeko","conspire:Boomerang","aspiration:FutureDiary","NineLifeCat","downfall:HeartBlessingBlue","Centennial Puzzle","SteamSale","Leech","Bag of Preparation","Frozen Egg 2","testmod-CasingShield","Guardian:BottledAnomaly","TungstenRod","testmod-TheFather","Pen Nib","BloodBag","Bronze Scales","Mummified Hand","Medical Kit","MoneyPower"],"acts_visited":["Exordium","TheCity","TheBeyond","TheEnding"],"potions_floor_usage":[14,16,16,20,20,20,30,33,33,55,55,55],"damage_taken":[{"damage":0,"enemies":"Cultist","floor":2,"turns":1},{"damage":0,"enemies":"2 Louse","floor":3,"turns":1},{"damage":0,"enemies":"Hiden Room Battle","floor":5,"turns":1},{"damage":3,"enemies":"Small Slimes","floor":6,"turns":2},{"damage":0,"enemies":"3 Sentries","floor":8,"turns":1},{"damage":5,"enemies":"Exordium Thugs","floor":9,"turns":3},{"damage":30,"enemies":"downfall:FleeingMerchant","floor":10,"turns":4},{"damage":20,"enemies":"Blue Slaver","floor":12,"turns":2},{"damage":15,"enemies":"Lagavulin","floor":14,"turns":3},{"damage":10,"enemies":"2 Fungi Beasts","floor":15,"turns":2},{"damage":41,"enemies":"WA_ARCHETYPE_RETAIN","floor":16,"turns":4},{"damage":35,"enemies":"Spheric Guardian","floor":19,"turns":2},{"damage":14,"enemies":"downfall:FleeingMerchant","floor":20,"turns":4},{"damage":15,"enemies":"Cultist and Chosen","floor":22,"turns":3},{"damage":9,"enemies":"Snake Plant","floor":23,"turns":2},{"damage":15,"enemies":"conspire:Head Lice","floor":26,"turns":4},{"damage":10,"enemies":"Chosen and Byrds","floor":28,"turns":3},{"damage":35,"enemies":"Book of Stabbing","floor":29,"turns":3},{"damage":0,"enemies":"Centurion and Healer","floor":30,"turns":1},{"damage":14,"enemies":"Slavers","floor":31,"turns":2},{"damage":55,"enemies":"conspire:HollyBat","floor":32,"turns":3},{"damage":25,"enemies":"DF_ARCHETYPE_CLAW","floor":33,"turns":3},{"damage":0,"enemies":"3 Shapes","floor":38,"turns":1},{"damage":10,"enemies":"Nemesis","floor":40,"turns":1},{"damage":0,"enemies":"Orb Walker","floor":44,"turns":1},{"damage":21,"enemies":"Reptomancer","floor":45,"turns":1},{"damage":18,"enemies":"2 Orb Walkers","floor":46,"turns":1},{"damage":0,"enemies":"Writhing Mass","floor":48,"turns":1},{"damage":17,"enemies":"Maw","floor":49,"turns":2},{"damage":21,"enemies":"IC_BLOCK_ARCHETYPE","floor":50,"turns":2},{"damage":40,"enemies":"downfall:CharBossMerchant","floor":52,"turns":2},{"damage":408,"enemies":"LittleHush","floor":55,"turns":9},{"damage":0,"enemies":"LittleHush","floor":56,"turns":1}],"seed_played":"8821175649963250299","potions_obtained":[{"floor":5,"key":"LiquidMemories"},{"floor":9,"key":"BlessingOfTheForge"},{"floor":12,"key":"GamblersBrew"},{"floor":14,"key":"EntropicBrew"},{"floor":15,"key":"Weak Potion"},{"floor":23,"key":"BlessingOfTheForge"},{"floor":28,"key":"Swift Potion"},{"floor":29,"key":"Fire Potion"},{"floor":30,"key":"conspire:TimeTravelPotion"},{"floor":31,"key":"Explosive Potion"},{"floor":33,"key":"Fire Potion"},{"floor":40,"key":"Weak Potion"},{"floor":48,"key":"PowerPotion"}],"is_trial":false,"path_per_floor":["R","M","M","?","?","M","T","E","M","$","?","M","R","E","M","B",null,"R","M","$","?","M","M","T","R","E","$","M","E","M","E","M","B",null,"R","?","T","M","$","E","T","R","$","M","E","?","R","M","M","B",null,"E","$","R","B","B"],"character_chosen":"THE_CHAMP","items_purchased":["aspiration:Lifesprig","GuppysCollar","Happy Flower","Lantern","champ:EnchantCrown","champ:StrikeOfGenius","NineLifeCat","SteamSale","Leech","Bag of Preparation","expansioncontent:DashGenerateEvil","Guardian:BottledAnomaly","TungstenRod","testmod-TheFather","Mummified Hand","Medical Kit","expansioncontent:StudyTheSpire","MoneyPower"],"campfire_rested":0,"item_purchase_floors":[10,17,20,20,34,34,34,39,39,39,39,43,43,43,53,53,53,53],"current_hp_per_floor":[90,90,90,90,75,72,72,72,72,72,72,72,72,57,57,56,77,77,77,77,77,77,70,70,70,77,77,77,77,77,66,74,77,14,24,24,24,24,24,29,29,29,29,29,34,24,24,25,36,51,51,51,51,51,37,37,37,37],"gold":378,"neow_bonus":"THREE_ENEMY_KILL","is_daily":false,"chose_seed":false,"campfire_upgraded":7,"win_rate":0.0,"timestamp":1612943507,"path_taken":["R","M","?","?","?","M","T","E","M","?","?","M","R","E","M","BOSS","R","M","$","?","M","M","T","R","E","$","M","E","M","E","M","BOSS","R","?","?","M","?","E","T","R","$","?","E","?","R","M","M","BOSS","E","$","R","BOSS","BOSS"],"items_purchased_type":["Relic","Relic","Relic","Relic","Card","Card","Relic","Relic","Relic","Relic","Card","Relic","Relic","Relic","Relic","Relic","Card","Relic"],"build_version":"2020-12-22","purchased_purges":2,"victory":false,"max_hp_per_floor":[90,90,90,90,90,90,90,90,90,90,90,90,90,90,90,90,77,77,77,77,77,77,77,77,77,77,77,77,77,77,77,77,77,14,24,24,24,24,24,29,29,29,29,29,34,51,51,51,51,51,51,51,51,51,51,51,51,51],"card_choices":[{"not_picked":[],"picked":"Bomb","floor":0},{"not_picked":["champ:FalseCounter","champ:GladiatorStyle"],"picked":"champ:SwordSigil","floor":2},{"not_picked":["champ:EnragedBash","champ:FocusedDefense"],"picked":"champ:PerfectedStrike","floor":3},{"not_picked":["champ:BladeFlurry","champ:DefensiveShout"],"picked":"champ:UltimateStance","floor":5},{"not_picked":["champ:FocusedDefense","champ:FalseCounter"],"picked":"champ:EnGarde","floor":6},{"not_picked":["champ:ArenaPreparation","champ:PreciseThrust"],"picked":"champ:Duel","floor":8},{"not_picked":["champ:BerserkerStyle","champ:SetATrap","champ:Lariat"],"picked":"SKIP","floor":9},{"not_picked":["champ:FlashCut","champ:Haymaker"],"picked":"champ:ShieldSigil","floor":10},{"not_picked":["champ:EnGarde","champ:FocusedBerserking"],"picked":"champ:FocusedDefense","floor":12},{"not_picked":["champ:RecklessLeap","champ:EnGarde"],"picked":"champ:PerfectedStrike","floor":14},{"not_picked":["champ:AdrenalArmor","champ:ShieldSlam","champ:EnGarde"],"picked":"SKIP","floor":15},{"not_picked":["champ:SwordThrow","champ:ShieldThrow"],"picked":"champ:DancingMaster","floor":16},{"not_picked":["champ:RisingSlash","champ:EnGarde","champ:BringItOn"],"picked":"SKIP","floor":19},{"not_picked":["champ:Circumvent+1","champ:AdrenalArmor"],"picked":"champ:PerfectedStrike+1","floor":20},{"not_picked":["champ:Shatter","champ:BladeFlurry"],"picked":"champ:GutPunch+1","floor":22},{"not_picked":["champ:ShieldSigil","champ:FanOfKnives","champ:DeathBlow"],"picked":"SKIP","floor":23},{"not_picked":["champ:ShieldSigil","champ:Circumvent","champ:BringItOn"],"picked":"SKIP","floor":26},{"not_picked":["champ:GutPunch","champ:BladeFlurry"],"picked":"champ:DefensiveShout","floor":28},{"not_picked":["champ:Haymaker+1","champ:Parry","champ:CrownThrow+1"],"picked":"SKIP","floor":29},{"not_picked":["champ:Circumvent","champ:PreemptiveStrike+1"],"picked":"champ:ViciousMockery","floor":30},{"not_picked":["champ:DefensiveShout+1","champ:ArenaPreparation","champ:BringItOn+1"],"picked":"SKIP","floor":31},{"not_picked":["champ:PreciseThrust","champ:Encircle"],"picked":"champ:IronFortress","floor":32},{"not_picked":["champ:LastStand","champ:Improvising"],"picked":"champ:GladiatorForm","floor":33},{"not_picked":["champ:FalseCounter","champ:FanOfKnives+1"],"picked":"champ:FaceSlap+1","floor":38},{"not_picked":["champ:Duel","champ:ShieldWall+1"],"picked":"champ:EndlessRage+1","floor":40},{"not_picked":["champ:GladiatorStyle+1","champ:TornadoPunch","champ:Endure"],"picked":"SKIP","floor":44},{"not_picked":["champ:RisingSlash","champ:AdrenalArmor","champ:GladiatorStyle+1"],"picked":"SKIP","floor":45},{"not_picked":["champ:ShieldSigil+1","champ:CrookedStrike+1","champ:Duel+1"],"picked":"SKIP","floor":48},{"not_picked":["champ:Shatter","champ:FanOfKnives+1"],"picked":"champ:RageSigil+1","floor":49},{"not_picked":["champ:RecklessLeap","champ:CrownThrow","champ:StanceDance+1"],"picked":"SKIP","floor":52}],"player_experience":651778,"relics_obtained":[{"floor":5,"key":"testmod-Motorcycle"},{"floor":5,"key":"testmod-IndustrialRevolution"},{"floor":7,"key":"StrikeDummy"},{"floor":8,"key":"Smiling Mask"},{"floor":14,"key":"Ginger"},{"floor":26,"key":"testmod-Antiphasic"},{"floor":29,"key":"Akabeko"},{"floor":31,"key":"conspire:Boomerang"},{"floor":37,"key":"Centennial Puzzle"},{"floor":40,"key":"Frozen Egg 2"},{"floor":41,"key":"testmod-CasingShield"},{"floor":45,"key":"Pen Nib"},{"floor":46,"key":"BloodDonationMachine"},{"floor":52,"key":"Bronze Scales"}],"event_choices":[{"damage_healed":0,"gold_gain":0,"player_choice":"Fight","damage_taken":0,"max_hp_gain":0,"max_hp_loss":0,"event_name":"HidenRoomEvent","floor":5,"gold_loss":0},{"damage_healed":0,"gold_gain":400,"player_choice":"Sell","damage_taken":0,"max_hp_gain":0,"max_hp_loss":0,"event_name":"恩洛斯的盘子","floor":36,"relics_lost":["testmod-TestBox"],"gold_loss":0},{"damage_healed":0,"gold_gain":0,"player_choice":"Fight","damage_taken":0,"max_hp_gain":0,"max_hp_loss":0,"event_name":"Mysterious Sphere","floor":46,"gold_loss":0}],"is_beta":false,"boss_relics":[{"not_picked":["testmod-BloodSacrificeSpiritualization","champ:ChampionCrownUpgraded"],"picked":"testmod-DeterminationOfClimber"},{"not_picked":[]},{"not_picked":["testmod-Recursion","testmod-BatchProcessingSystem"],"picked":"aspiration:FutureDiary"},{"not_picked":[]}],"items_purged_floors":[10,20],"is_endless":false,"potions_floor_spawned":[5,9,12,14,15,23,28,29,30,31,33,40,48],"killed_by":"LittleHush","ascension_level":3}}