{"host":"ig9h5mtrygw4gu9r","time":1612950706,"event":{"mods":["2.2 Compatiblity","AchievementEnabler","BaseMod","Bestiary","Infinite Spire","Minty Spire (QoL Compilation)","Relic Stats","Replay The Spire","StSLib","The Servant 0.9.4"],"gold_per_floor":[118,137,151,171,14,14,40,58,58,71,97,108,124,124,124,229,229,241,241,256,256,276,303,315,330,330,330,349,349,378,450,450,547,547,557,572,572,587,206,206,232,232,256,286,106,133,133,144,144,144],"floor_reached":51,"language":"ENG","playtime":3818,"items_purged":["Strike_S","Strike_S"],"score":933,"play_id":"46d59dad-067e-4b4b-95b7-8e08afc96ec4","local_time":"20210210015146","is_ascension_mode":true,"campfire_choices":[{"data":"Replace","floor":6,"key":"SMITH"},{"data":"ShatteredReality","floor":15,"key":"SMITH"},{"data":"Potential","floor":27,"key":"SMITH"},{"data":"Replace","floor":29,"key":"SMITH"},{"data":"TheWorld","floor":32,"key":"SMITH"},{"data":"Advance","floor":40,"key":"SMITH"},{"data":"Dilation","floor":42,"key":"SMITH"},{"data":"Foresight","floor":47,"key":"SMITH"},{"data":"ShatteredReality","floor":49,"key":"SMITH"}],"circlet_count":0,"master_deck":["Strike_S","Strike_S","Defend_S","Defend_S","Defend_S","Defend_S","KidneyShot+1","Exchange","InstantArmor","ShatteredReality+1","TimeWarp","Replace+1","Advance+1","TimeWarp","Revamp+1","BottledTime","TimeWarp","Dilation+1","CurseOfTheBell","ShatteredReality+1","infinitespire:Collect","Delirium","Exchange","TheWorld+1","Forethought","infinitespire:Starlight","Potential+1","Replace+1","TimeWarp+1","BottledTime","Rewind+1","Revamp+1","Advance+1","ShatteredReality+1","Foresight+1","InstantArmor"],"relics":["Uniform","NeowsBlessing","Blood Vial","infinitespire:BottledMercury","Mercury Hourglass","ReplayTheSpireMod:Lightbulb","Calling Bell","Bag of Preparation","Darkstone Periapt","Incense Burner","Whetstone","ReplayTheSpireMod:SealedPack","infinitespire:Golems Mask","infinitespire:FocusingShard","TungstenRod","Letter Opener","Juzu Bracelet","Philosopher\u0027s Stone","Pan","Nunchaku","infinitespire:Broken Mirror","Replay:Wax Seal","Gremlin Food","Shuriken"],"acts_visited":["Exordium","TheCity","TheBeyond"],"potions_floor_usage":[11,12,16,16,44,50],"damage_taken":[{"damage":0.0,"enemies":"Cultist","floor":1.0,"turns":1.0},{"damage":0.0,"enemies":"2 Louse","floor":2.0,"turns":1.0},{"damage":0,"enemies":"Small Slimes","floor":3,"turns":1},{"damage":3,"enemies":"Blue Slaver","floor":4,"turns":3},{"damage":19,"enemies":"Gremlin Nob","floor":7,"turns":4},{"damage":0,"enemies":"Looter","floor":8,"turns":2},{"damage":0,"enemies":"2 Fungi Beasts","floor":10,"turns":2},{"damage":0,"enemies":"3 Sentries","floor":11,"turns":4},{"damage":0,"enemies":"Exordium Wildlife","floor":12,"turns":3},{"damage":0,"enemies":"Large Slime","floor":13,"turns":3},{"damage":21,"enemies":"Hexaghost","floor":16,"turns":6},{"damage":1,"enemies":"Spheric Guardian","floor":18,"turns":3},{"damage":0,"enemies":"Chosen","floor":20,"turns":3},{"damage":3,"enemies":"Shelled Parasite and Fungi","floor":22,"turns":2},{"damage":7,"enemies":"Nightmare","floor":23,"turns":6},{"damage":0,"enemies":"Cultist and Chosen","floor":24,"turns":3},{"damage":0,"enemies":"Sentry and Sphere","floor":25,"turns":1},{"damage":3,"enemies":"Snake Plant","floor":28,"turns":3},{"damage":0,"enemies":"Book of Stabbing","floor":30,"turns":2},{"damage":5,"enemies":"Collector","floor":33,"turns":6},{"damage":0,"enemies":"Orb Walker","floor":35,"turns":2},{"damage":6,"enemies":"3 Shapes","floor":36,"turns":1},{"damage":3,"enemies":"Maw","floor":38,"turns":5},{"damage":11,"enemies":"R_Hoarder","floor":41,"turns":3},{"damage":2,"enemies":"Nightmare","floor":44,"turns":4},{"damage":0,"enemies":"R_Hoarder","floor":46,"turns":4},{"damage":0,"enemies":"Jaw Worm Horde","floor":48,"turns":1},{"damage":5,"enemies":"Donu and Deca","floor":50,"turns":4}],"seed_played":"-4517076634957460204","potions_obtained":[{"floor":3,"key":"Strength Potion"},{"floor":8,"key":"Swift Potion"},{"floor":10,"key":"LiquidMemories"},{"floor":11,"key":"Cursed Concoction"},{"floor":12,"key":"Weak Potion"},{"floor":16,"key":"Strength Potion"},{"floor":18,"key":"Ancient Potion"},{"floor":38,"key":"PowerPotion"},{"floor":46,"key":"Elixir"}],"is_trial":false,"path_per_floor":["M","M","M","M","$","R","E","M","T","M","E","M","M","?","R","B",null,"M","AVR","M","T","M","NM","M","M","T","R","M","R","E","?","R","B",null,"M","M","?","M","$","R","E","R","T","NM","$","E","R","M","R","B",null],"character_chosen":"THE_SERVANT","items_purchased":["Blood Vial","Pan","Nunchaku","Foresight"],"campfire_rested":0,"item_purchase_floors":[5,39,39,45],"current_hp_per_floor":[65,65,65,62,62,62,45,47,47,49,51,53,55,55,55,36,65,64,70,71,71,68,63,65,67,67,67,66,66,68,68,68,65,71,71,65,65,64,64,64,55,55,55,55,55,57,57,59,59,66],"gold":144,"neow_bonus":"THREE_ENEMY_KILL","is_daily":false,"chose_seed":false,"campfire_upgraded":9,"win_rate":0.0,"timestamp":1612950706,"path_taken":["M","M","M","M","$","R","E","M","T","M","E","M","M","?","R","BOSS","M","AVR","?","?","M","NM","M","M","T","R","M","R","E","?","R","BOSS","M","M","?","M","$","R","E","R","T","NM","$","E","R","M","R","BOSS"],"items_purchased_type":["Relic","Relic","Relic","Card"],"build_version":"2020-12-22","purchased_purges":2,"victory":true,"max_hp_per_floor":[65,65,65,65,65,65,65,65,65,65,65,65,65,65,65,65,65,65,71,71,71,71,71,71,71,71,71,71,71,71,71,71,71,71,71,71,67,67,67,67,67,67,67,67,67,67,67,67,67,67],"relic_stats":{"Blood Vial":39,"Darkstone Periapt":6,"Nunchaku":[5],"counters":[28,81],"Shuriken":[5],"Bag of Preparation":[34],"Juzu Bracelet":1,"Whetstone":["KidneyShot","ShatteredReality"],"Letter Opener":[238],"obtain_stats":[{"Darkstone Periapt":17,"Gremlin Food":44,"infinitespire:BottledMercury":7,"NeowsBlessing":0,"ReplayTheSpireMod:SealedPack":19,"infinitespire:FocusingShard":23,"Uniform":0,"Bag of Preparation":17,"Incense Burner":17,"Juzu Bracelet":31,"Whetstone":19,"Letter Opener":30,"Mercury Hourglass":9,"Blood Vial":5,"Calling Bell":17,"Nunchaku":39,"infinitespire:Broken Mirror":41,"Shuriken":46,"infinitespire:Golems Mask":21,"Philosopher\u0027s Stone":34,"Pan":39,"Replay:Wax Seal":43,"ReplayTheSpireMod:Lightbulb":11,"TungstenRod":26},{"Darkstone Periapt":11,"Gremlin Food":25,"infinitespire:BottledMercury":5,"NeowsBlessing":0,"ReplayTheSpireMod:SealedPack":12,"infinitespire:FocusingShard":15,"Uniform":0,"Bag of Preparation":11,"Incense Burner":11,"Juzu Bracelet":19,"Whetstone":12,"Letter Opener":19,"Mercury Hourglass":6,"Blood Vial":4,"Calling Bell":11,"Nunchaku":23,"infinitespire:Broken Mirror":24,"Shuriken":26,"infinitespire:Golems Mask":13,"Philosopher\u0027s Stone":20,"Pan":23,"Replay:Wax Seal":24,"ReplayTheSpireMod:Lightbulb":8,"TungstenRod":17},{"Darkstone Periapt":29,"Gremlin Food":72,"infinitespire:BottledMercury":10,"NeowsBlessing":0,"ReplayTheSpireMod:SealedPack":31,"infinitespire:FocusingShard":42,"Uniform":0,"Bag of Preparation":29,"Incense Burner":29,"Juzu Bracelet":51,"Whetstone":31,"Letter Opener":51,"Mercury Hourglass":12,"Blood Vial":6,"Calling Bell":29,"Nunchaku":65,"infinitespire:Broken Mirror":68,"Shuriken":76,"infinitespire:Golems Mask":34,"Philosopher\u0027s Stone":57,"Pan":65,"Replay:Wax Seal":68,"ReplayTheSpireMod:Lightbulb":18,"TungstenRod":46}],"TungstenRod":31,"Mercury Hourglass":[232]},"card_choices":[{"not_picked":["FanOfKnives","Deadline"],"picked":"InstantArmor","floor":1.0},{"not_picked":["Starlight","Potential"],"picked":"ShatteredReality","floor":2},{"not_picked":["Spin","WasteNot"],"picked":"TimeWarp","floor":3},{"not_picked":["Hightail","Rearm"],"picked":"Replace","floor":4},{"not_picked":["Ricochet","Barrier"],"picked":"Advance","floor":7},{"not_picked":["Unruled","Rewind"],"picked":"TimeWarp","floor":8},{"not_picked":["FastForward","Duplication","Contraction"],"picked":"SKIP","floor":10},{"not_picked":["SilverBlades","Snipe"],"picked":"Revamp","floor":11},{"not_picked":["Snipe","Desolation"],"picked":"BottledTime","floor":12},{"not_picked":["RealityMarble","Ricochet"],"picked":"TimeWarp","floor":13},{"not_picked":["Embodiment","FloweringNight"],"picked":"Dilation","floor":16},{"not_picked":["Comet+1","DoubleEdge"],"picked":"ShatteredReality","floor":18},{"not_picked":["Zap","Vigilance"],"picked":"Exchange","floor":19},{"not_picked":["MurderousAura","KillingDoll"],"picked":"TheWorld","floor":19},{"not_picked":["Panacea","Mind Blast"],"picked":"Forethought","floor":19},{"not_picked":["infinitespire:SealOfDarkness+","infinitespire:Execution"],"picked":"infinitespire:Starlight","floor":19},{"not_picked":["Defy","ReturningBlade","Alleviate"],"picked":"SKIP","floor":20},{"not_picked":["Spin","Unruled+1","Revamp"],"picked":"SKIP","floor":22},{"not_picked":["SoulSculpture","Defy","ReturningBlade"],"picked":"SKIP","floor":23},{"not_picked":["Unruled+1","Revamp+1","Alleviate"],"picked":"SKIP","floor":24},{"not_picked":["Rearm","Ricochet+1"],"picked":"Potential","floor":25},{"not_picked":["Initiator","Ricochet"],"picked":"Replace","floor":28},{"not_picked":["ShatteredReality","SilverBlades"],"picked":"TimeWarp+1","floor":30},{"not_picked":["Rewind","DoubleEdge+1"],"picked":"BottledTime","floor":31},{"not_picked":["Rearm","Spin+1","StarChef"],"picked":"SKIP","floor":35},{"not_picked":["Alleviate","DoubleEdge+1"],"picked":"Rewind+1","floor":36},{"not_picked":["Unruled+1","Starlight+1"],"picked":"Revamp+1","floor":38},{"not_picked":["Snipe","TimeWarp"],"picked":"Advance+1","floor":41},{"not_picked":["FastForward","Manipulate"],"picked":"ShatteredReality","floor":44},{"not_picked":["Unruled+1","Alleviate"],"picked":"InstantArmor","floor":46},{"not_picked":["WasteNot","Unruled","Alleviate+1"],"picked":"SKIP","floor":48}],"player_experience":390946,"relics_obtained":[{"floor":7,"key":"infinitespire:BottledMercury"},{"floor":9,"key":"Mercury Hourglass"},{"floor":11,"key":"ReplayTheSpireMod:Lightbulb"},{"floor":17,"key":"Bag of Preparation"},{"floor":17,"key":"Darkstone Periapt"},{"floor":17,"key":"Incense Burner"},{"floor":21,"key":"infinitespire:Golems Mask"},{"floor":23,"key":"infinitespire:FocusingShard"},{"floor":26,"key":"TungstenRod"},{"floor":30,"key":"Letter Opener"},{"floor":31,"key":"Juzu Bracelet"},{"floor":41,"key":"infinitespire:Broken Mirror"},{"floor":43,"key":"Replay:Wax Seal"},{"floor":44,"key":"Gremlin Food"},{"floor":46,"key":"Shuriken"}],"event_choices":[{"damage_healed":0,"gold_gain":0,"player_choice":"Upgraded","damage_taken":0,"max_hp_gain":0,"max_hp_loss":0,"event_name":"Upgrade Shrine","floor":14,"gold_loss":0,"cards_upgraded":["Revamp"]},{"damage_healed":0,"gold_gain":0,"player_choice":"Max HP","damage_taken":0,"max_hp_gain":0,"max_hp_loss":4,"event_name":"Winding Halls","floor":37,"gold_loss":0}],"is_beta":false,"boss_relics":[{"not_picked":["Tiny House","ChewingGum"],"picked":"Calling Bell"},{"not_picked":["Cursed Key","Honey Jar"],"picked":"Philosopher\u0027s Stone"}],"items_purged_floors":[39,45],"is_endless":false,"potions_floor_spawned":[3,8,10,11,12,16,18,23,25,33,38,46],"ascension_level":1}}