{"host":"psh83vqabmtchp5z","time":1612949415,"event":{"mods":["AchievementEnabler","Aspiration","BaseMod","Better Altar","Better Match","Better Skull","Better Third Choice","Better Vampires","BetterRewards","Challenge The Spire","Conspire","Downfall","Gold Saver","Lobotomy","LobotomyExtend","Minty Spire (QoL Compilation)","Quick Restart","Relic Filter","Replay The Spire","Shop Mod","Spicy Shops","StSLib","óô»ðÖ¸ÄÏ"],"gold_per_floor":[374,385,396,414,427,442,442,442,456,482,493,393,228,285,302,397,397,144,158,177,188,199,199,226,254,354,354,354,354,304,335,362,486,486,486,506,854,881,881,881,881,901,801,825,825,825,825,872,884,894],"floor_reached":51,"language":"ZHS","playtime":5696,"items_purged":[],"score":853,"play_id":"3544935a-2364-43b0-a7a9-b1b5cbedfd26","local_time":"20210210173015","is_ascension_mode":false,"campfire_choices":[{"floor":1.0,"key":"DIG"},{"data":"Hyperbeam","floor":12.0,"key":"SMITH"},{"floor":43,"key":"RECALL"},{"data":"sneckomod:TrashToTreasure","floor":45,"key":"SMITH"},{"data":"sneckomod:Cheat","floor":47,"key":"SMITH"}],"circlet_count":0,"master_deck":["sneckomod:Strike","sneckomod:Strike","sneckomod:Strike+1","sneckomod:Defend","sneckomod:Defend","sneckomod:Defend","sneckomod:TailWhip","sneckomod:SnekBite+1","sneckomod:Unknown","sneckomod:DiceBoulder","sneckomod:ImprovisedAttack","sneckomod:UnendingSupply","sneckomod:TrashToTreasure+1","Hyperbeam+1","sneckomod:UnknownExhaust","sneckomod:SoulRoll","sneckomod:SerpentMind","sneckomod:SerpentIdol","sneckomod:Mudshield","sneckomod:Cheat+1","sneckomod:SerpentIdol+1","sneckomod:Unknown3Cost+1","sneckomod:SoulRoll+1","sneckomod:UnlimitedRolls","sneckomod:UnknownDraw+1","conspire:SpireCoStock+1","sneckomod:Restock+1","sneckomod:MasterEye","sneckomod:MorePower","Fusion+1","sneckomod:UnendingSupply+1","sneckomod:UnknownRareAttack+1","conspire:ExplosiveBarrier+1","sneckomod:UnknownClassBLUE+1","Barricade","sneckomod:UnknownUncommonSkill+1","sneckomod:UnknownStrike+1","sneckomod:Unknown3Cost+1","Berserk","Defy Death+1","Meteor Strike","sneckomod:UnknownBoss+1","Hemogenesis","Pommel Strike+1","sneckomod:UnknownUncommonPower+1","Infernal Blade+1"],"relics":["sneckomod:SneckoSoul","aspiration:Lifesprig","Replay:Bottled Flurry","LetterFromLob","Whetstone","Guardian:GemstoneGun","downfall:HeartBlessingGreen","Tiny Chest","Juzu Bracelet","Snecko Eye","Toxic Egg 2","sneckomod:LoadedDie","hexamod:BolsterEngine","White Beast Statue","aspiration:RitualStick","Counterbalance","sneckomod:UnknownEgg","aspiration:IroncladSkillbook","Prayer Wheel","aspiration:SeaSaltIceCream","aspiration:PoetsPen","downfall:HeartBlessingBlue","Prayer Wheel","Replay:Arrowhead"],"acts_visited":["Exordium","TheCity","TheBeyond"],"potions_floor_usage":[31,37,49],"damage_taken":[{"damage":0.0,"enemies":"Cultist","floor":2.0,"turns":3.0},{"damage":1.0,"enemies":"conspire:RoseBush","floor":3.0,"turns":3.0},{"damage":5.0,"enemies":"2 Louse","floor":4.0,"turns":3.0},{"damage":13.0,"enemies":"Lots of Slimes","floor":5.0,"turns":4.0},{"damage":6.0,"enemies":"Exordium Wildlife","floor":6.0,"turns":4.0},{"damage":0.0,"enemies":"3 Louse","floor":9.0,"turns":1.0},{"damage":13.0,"enemies":"3 Sentries","floor":10.0,"turns":5.0},{"damage":0.0,"enemies":"Large Slime","floor":11.0,"turns":2.0},{"damage":10.0,"enemies":"downfall:FleeingMerchant","floor":13.0,"turns":4.0},{"damage":13.0,"enemies":"Lagavulin Event","floor":14.0,"turns":3.0},{"damage":0.0,"enemies":"Blue Slaver","floor":15.0,"turns":2.0},{"damage":23.0,"enemies":"SI_SHIV_ARCHETYPE","floor":16.0,"turns":5.0},{"damage":0.0,"enemies":"3 Byrds","floor":19.0,"turns":2.0},{"damage":0.0,"enemies":"3 Cultists","floor":20.0,"turns":3.0},{"damage":16.0,"enemies":"Centurion and Healer","floor":21.0,"turns":4.0},{"damage":4.0,"enemies":"conspire:HollyBat","floor":22.0,"turns":6.0},{"damage":29.0,"enemies":"Book of Stabbing","floor":25.0,"turns":4.0},{"damage":2.0,"enemies":"downfall:LadyInBlue","floor":26.0,"turns":5.0},{"damage":0,"enemies":"Snake Plant","floor":31,"turns":3},{"damage":0,"enemies":"Chosen and Byrds","floor":32,"turns":2},{"damage":0,"enemies":"WA_ARCHETYPE_CALM","floor":33,"turns":2},{"damage":0,"enemies":"3 Shapes","floor":36,"turns":1},{"damage":0,"enemies":"downfall:FleeingMerchant","floor":37,"turns":4},{"damage":0,"enemies":"Orb Walker","floor":38,"turns":1},{"damage":12,"enemies":"Jaw Worm Horde","floor":42,"turns":3},{"damage":0,"enemies":"Maw","floor":44,"turns":3},{"damage":0,"enemies":"R_Hoarder","floor":48,"turns":4},{"damage":11,"enemies":"Spire Growth","floor":49,"turns":3},{"damage":30,"enemies":"IC_BLOCK_ARCHETYPE","floor":50,"turns":3}],"seed_played":"-8643861573342115969","potions_obtained":[{"floor":3.0,"key":"SneckoOil"},{"floor":4.0,"key":"champ:CounterPotion"},{"floor":5.0,"key":"Adrenaline Potion"},{"floor":9.0,"key":"Reflective Coating"},{"floor":11.0,"key":"Fire Potion"},{"floor":14.0,"key":"Guardian:BlockOnCardUsePotion"},{"floor":15.0,"key":"Swift Potion"},{"floor":21.0,"key":"SkillPotion"},{"floor":22.0,"key":"Reflective Coating"},{"floor":26.0,"key":"sneckomod:DiceRollPotion"},{"floor":26.0,"key":"DistilledChaos"},{"floor":26.0,"key":"Explosive Potion"},{"floor":26.0,"key":"SneckoOil"},{"floor":31,"key":"Languid Potion"},{"floor":32,"key":"Fire Potion"},{"floor":33,"key":"Weak Potion"},{"floor":37,"key":"Fire Potion"},{"floor":42,"key":"champ:CounterPotion"},{"floor":48,"key":"AttackPotion"},{"floor":49,"key":"SpeedPotion"}],"is_trial":false,"path_per_floor":["R","M","M","M","M","M","T","R","M","E","M","R","$","?","M","B",null,"R","M","M","M","M","M","T","E","?","?","T","T","?","M","M","B",null,"R","M","$","M","?","T","T","M","R","M","R","?","R","E","M","B",null],"character_chosen":"THE_SNECKO","items_purchased":["Tiny Chest","Toxic Egg 2"],"campfire_rested":0,"item_purchase_floors":[13,18],"current_hp_per_floor":[90,90,89,84,71,65,65,65,65,52,52,52,42,29,29,11,90,90,90,90,74,70,70,70,41,39,21,21,21,21,21,21,21,90,90,90,90,90,90,90,90,82,92,96,96,96,96,100,98,100],"gold":894,"neow_bonus":"RANDOM_COMMON_RELIC","is_daily":false,"chose_seed":false,"campfire_upgraded":3,"win_rate":0.0,"timestamp":1612949415,"path_taken":["R","M","M","M","?","?","T","R","M","E","?","R","$","?","M","BOSS","R","M","M","M","M","M","T","E","?","?","?","?","?","M","M","BOSS","R","M","$","M","?","?","T","M","R","M","R","?","R","E","M","BOSS"],"items_purchased_type":["Relic","Relic"],"build_version":"2020-12-22","purchased_purges":0,"victory":true,"max_hp_per_floor":[90,90,90,90,90,90,90,90,90,90,90,90,90,90,90,90,90,90,90,90,90,90,90,90,90,90,90,90,90,90,90,90,90,90,90,90,90,90,90,90,90,90,100,100,100,100,100,100,100,100],"card_choices":[{"not_picked":["sneckomod:UnknownClassBLUE","sneckomod:SoulDraw"],"picked":"sneckomod:DiceBoulder","floor":2.0},{"not_picked":["sneckomod:UnknownClassTHE_BRONZE_AUTOMATON","sneckomod:SnekBeam"],"picked":"sneckomod:ImprovisedAttack","floor":3.0},{"not_picked":["sneckomod:DiceCrush","sneckomod:IronFang"],"picked":"sneckomod:UnendingSupply","floor":4.0},{"not_picked":["sneckomod:UnknownDraw","sneckomod:SnekBeam"],"picked":"sneckomod:TrashToTreasure","floor":5.0},{"not_picked":["sneckomod:DiceCrush","sneckomod:UnknownClassTHE_CHAMP_GRAY","sneckomod:ImprovisedAttack"],"picked":"SKIP","floor":6.0},{"not_picked":["sneckomod:Unknown1Cost","sneckomod:Nope"],"picked":"sneckomod:UnknownExhaust","floor":9.0},{"not_picked":["sneckomod:UnknownCommonSkill","sneckomod:QuickBite"],"picked":"sneckomod:SoulRoll","floor":10.0},{"not_picked":["sneckomod:QuickMove","sneckomod:UnknownBlock"],"picked":"sneckomod:SerpentMind","floor":11.0},{"not_picked":["sneckomod:ImprovisedAttack","sneckomod:UnknownClassTHE_BRONZE_AUTOMATON","sneckomod:UnknownBlock"],"picked":"SKIP","floor":13.0},{"not_picked":["sneckomod:DiceCrush","sneckomod:SnekBeam"],"picked":"sneckomod:SerpentIdol","floor":14.0},{"not_picked":["sneckomod:UnknownExhaust","sneckomod:Nope"],"picked":"sneckomod:Mudshield","floor":15.0},{"not_picked":["sneckomod:UnknownRareSkill","sneckomod:SoulExchange"],"picked":"sneckomod:Cheat","floor":16.0},{"not_picked":["sneckomod:Unknown1Cost+1","sneckomod:UnknownClassTHE_CHAMP_GRAY+1"],"picked":"sneckomod:SerpentIdol+1","floor":19.0},{"not_picked":["sneckomod:UnknownClassTHE_CHAMP_GRAY+1","sneckomod:DiceBlock+1"],"picked":"sneckomod:UnknownClassBLUE+1","floor":20.0},{"not_picked":["sneckomod:SoulDraw+1","sneckomod:UnknownDraw+1"],"picked":"sneckomod:Unknown3Cost+1","floor":21.0},{"not_picked":["sneckomod:RainOfDice","sneckomod:UnknownDraw+1"],"picked":"sneckomod:SoulRoll+1","floor":22.0},{"not_picked":["sneckomod:Unknown1Cost+1","sneckomod:QuickBite+1"],"picked":"sneckomod:UnlimitedRolls","floor":25.0},{"not_picked":["sneckomod:UnknownClassBLUE+1","sneckomod:Unknown1Cost+1"],"picked":"sneckomod:UnknownDraw+1","floor":26.0},{"not_picked":["sneckomod:QuickBite","sneckomod:DefensiveFlair+1"],"picked":"sneckomod:Restock+1","floor":31},{"not_picked":["sneckomod:Unknown1Cost+1","sneckomod:Nope+1"],"picked":"sneckomod:MasterEye","floor":32},{"not_picked":["sneckomod:Cheat+1","sneckomod:UnlimitedRolls"],"picked":"sneckomod:MorePower","floor":33},{"not_picked":["Clash","sneckomod:QuickMove+1","ReplayTheSpireMod:Muscle Training+1"],"picked":"sneckomod:UnendingSupply+1","floor":36},{"not_picked":["sneckomod:UnknownUncommonSkill+1","sneckomod:UnknownCommonSkill+1"],"picked":"sneckomod:UnknownRareAttack+1","floor":37},{"not_picked":["Run Through+1","Pommel Strike+1","Massacre+1"],"picked":"conspire:ExplosiveBarrier+1","floor":37},{"not_picked":["sneckomod:UnknownWeak+1","sneckomod:Unknown1Cost+1"],"picked":"sneckomod:UnknownClassBLUE+1","floor":38},{"not_picked":["Intimidate+1","Body Slam","Anger+1"],"picked":"Barricade","floor":38},{"not_picked":["sneckomod:Nope+1","sneckomod:SoulCleanse+1","sneckomod:Unknown1Cost+1","sneckomod:UnknownExhaust+1"],"picked":"SKIP","floor":38},{"not_picked":["sneckomod:QuickBite","sneckomod:Unknown0Cost+1","Cleave"],"picked":"sneckomod:UnknownUncommonSkill+1","floor":42},{"not_picked":["sneckomod:UnknownUncommonAttack+1","sneckomod:Unknown0Cost+1"],"picked":"sneckomod:UnknownStrike+1","floor":42},{"not_picked":["Twin Strike","sneckomod:Nope+1","ReplayTheSpireMod:Limb From Limb","sneckomod:UnknownDraw+1"],"picked":"SKIP","floor":42},{"not_picked":["sneckomod:UnknownClassBLUE+1","sneckomod:UnknownClassTHE_BRONZE_AUTOMATON+1"],"picked":"sneckomod:Unknown3Cost+1","floor":44},{"not_picked":["Battle Trance+1","sneckomod:DefensiveFlair+1","Warcry+1"],"picked":"Berserk","floor":44},{"not_picked":["Thunderclap","Life Link","ReplayTheSpireMod:Strike From Hell"],"picked":"Defy Death+1","floor":44},{"not_picked":["sneckomod:UnknownStrike+1","sneckomod:UnknownUncommonSkill+1"],"picked":"sneckomod:UnknownBoss+1","floor":48},{"not_picked":["sneckomod:DangerNoodle","Reaper","sneckomod:SoulRoll+1"],"picked":"Hemogenesis","floor":48},{"not_picked":["sneckomod:MasterEye","Blood for Blood+1","sneckomod:IronFang+1"],"picked":"Pommel Strike+1","floor":49},{"not_picked":["sneckomod:UnknownVulnerable+1","sneckomod:UnknownExhaust+1"],"picked":"sneckomod:UnknownUncommonPower+1","floor":49},{"not_picked":["Sword Boomerang+1","Heavy Blade","Warcry+1"],"picked":"Infernal Blade+1","floor":49},{"not_picked":["ReplayTheSpireMod:Stacked+1","Anger+1","sneckomod:SlitherStrike","Power Through+1"],"picked":"SKIP","floor":49}],"player_experience":610058,"relics_obtained":[{"floor":1.0,"key":"Replay:Bottled Flurry"},{"floor":2.0,"key":"LetterFromLob"},{"floor":7.0,"key":"Whetstone"},{"floor":10.0,"key":"Guardian:GemstoneGun"},{"floor":14.0,"key":"Juzu Bracelet"},{"floor":24.0,"key":"sneckomod:LoadedDie"},{"floor":25.0,"key":"hexamod:BolsterEngine"},{"floor":26.0,"key":"White Beast Statue"},{"floor":28.0,"key":"Counterbalance"},{"floor":29.0,"key":"sneckomod:UnknownEgg"},{"floor":41,"key":"aspiration:SeaSaltIceCream"},{"floor":48,"key":"Replay:Arrowhead"}],"event_choices":[{"damage_healed":0.0,"max_hp_gain":0.0,"max_hp_loss":0.0,"gold_gain":0.0,"event_name":"conspire:Investor","player_choice":"Invest 1","floor":30.0,"gold_loss":0.0,"damage_taken":0.0}],"is_beta":false,"boss_relics":[{"not_picked":["Astrolabe","Calling Bell"],"picked":"Snecko Eye"},{"not_picked":["Fusion Hammer","Honey Jar"],"picked":"aspiration:IroncladSkillbook"}],"items_purged_floors":[],"is_endless":false,"potions_floor_spawned":[3,4,5,9,11,14,15,21,22,26,31,32,33,36,37,38,42,44,48,49],"ascension_level":0}}