{"host":"ak97kadm4gobvh6l","time":1612997273,"event":{"mods":["BaseMod","Colored Map","Downfall","Minty Spire (QoL Compilation)","StSLib"],"gold_per_floor":[99,112,130,230,247,274,274,274,74,74,86,119,134,167,178,277,277,277,287,306,306,326,326,326,335,366,401,401,419,419,475,503,607,607,507,534,550,581,324,342,342,382,382,403,439,439,473,489,517,517,517,546,42,42,42,42],"floor_reached":57,"language":"ENG","playtime":6507,"items_purged":["bronze:Strike","bronze:Strike"],"score":1676,"play_id":"e5e415d4-5b0c-4018-ad96-0c6766dc4337","local_time":"20210210234753","is_ascension_mode":true,"campfire_choices":[{"floor":1,"key":"RECALL"},{"floor":9,"key":"REST"},{"data":"bronze:Goto","floor":18,"key":"SMITH"},{"data":"bronze:DarkDash","floor":23,"key":"SMITH"},{"floor":35,"key":"REST"},{"floor":43,"key":"REST"},{"floor":54,"key":"REST"}],"circlet_count":0,"master_deck":["bronze:Defend","bronze:Defend","bronze:Replicate","bronze:Goto+1","bronze:OilSpill+1","bronze:ForceShield","bronze:RecursiveStrike","bronze:BronzeOrb","bronze:Assembly","bronze:BuggyMess","bronze:Repair","bronze:Philosophize+1","bronze:Iterate","bronze:BuggyMess+1","bronze:FindAndReplace","bronze:ChosenStrike","bronze:Overheat","bronze:DarkDash+1","downfall:Aged","bronze:Frontload+1","bronze:Boost","bronze:BugBarrage","bronze:Safeguard+1","bronze:ForceShield+1","bronze:Verify","bronze:DarkDash+1","bronze:Shell+1","bronze:Shell+1","bronze:Repulsor","bronze:Fortify","bronze:Iterate","bronze:Flail","expansioncontent:Chronoboost","expansioncontent:PrepareCrush+1","bronze:InfiniteBeams","bronze:Repulsor","bronze:Assembly","bronze:SpaghettiCode","bronze:ItsAFeature","bronze:ItsAFeature","bronze:Repulsor","bronze:ClassDefault","bronze:ClassDefault","bronze:InfiniteBeams","bronze:Repulsor","bronze:InfiniteBeams","bronze:ClassDefault"],"relics":["bronze:BronzeCore","Prayer Wheel","bronze:CableSpool","downfall:HeartBlessingRed","downfall:HeartBlessingBlue","Sundial","The Courier","Meat on the Bone","Snecko Eye","CeramicFish","Bag of Preparation","Mummified Hand","Dead Branch","bronze:BronzeIdol","Fusion Hammer","downfall:HeartBlessingGreen","War Paint","Letter Opener","Guardian:PocketSentry","Orichalcum","Happy Flower"],"acts_visited":["Exordium","TheCity","TheBeyond","TheEnding"],"potions_floor_usage":[29,31,31,31,31,52],"damage_taken":[{"damage":0,"enemies":"2 Louse","floor":2,"turns":3},{"damage":1,"enemies":"Cultist","floor":3,"turns":3},{"damage":7,"enemies":"Jaw Worm","floor":5,"turns":2},{"damage":45,"enemies":"3 Sentries","floor":6,"turns":13},{"damage":18,"enemies":"Exordium Wildlife","floor":11,"turns":6},{"damage":5,"enemies":"Lagavulin","floor":12,"turns":5},{"damage":8,"enemies":"Gremlin Gang","floor":13,"turns":3},{"damage":31,"enemies":"Gremlin Nob","floor":14,"turns":4},{"damage":3,"enemies":"2 Fungi Beasts","floor":15,"turns":5},{"damage":9,"enemies":"SI_SHIV_ARCHETYPE","floor":16,"turns":5},{"damage":0,"enemies":"Spheric Guardian","floor":19,"turns":1},{"damage":4,"enemies":"Shell Parasite","floor":20,"turns":2},{"damage":17,"enemies":"Centurion and Healer","floor":22,"turns":7},{"damage":2,"enemies":"Snecko","floor":26,"turns":4},{"damage":26,"enemies":"Book of Stabbing","floor":27,"turns":6},{"damage":9,"enemies":"Cultist and Chosen","floor":29,"turns":8},{"damage":19,"enemies":"Slavers","floor":31,"turns":5},{"damage":2,"enemies":"3 Cultists","floor":32,"turns":5},{"damage":4,"enemies":"DF_ARCHETYPE_CLAW","floor":33,"turns":7},{"damage":0,"enemies":"Orb Walker","floor":36,"turns":1},{"damage":12,"enemies":"3 Shapes","floor":37,"turns":3},{"damage":2,"enemies":"Jaw Worm Horde","floor":38,"turns":5},{"damage":0,"enemies":"downfall:FleeingMerchant","floor":39,"turns":4},{"damage":0,"enemies":"Nemesis","floor":42,"turns":7},{"damage":0,"enemies":"Maw","floor":44,"turns":5},{"damage":0,"enemies":"Giant Head","floor":45,"turns":6},{"damage":17,"enemies":"Reptomancer","floor":47,"turns":5},{"damage":5,"enemies":"3 Darklings","floor":48,"turns":5},{"damage":0,"enemies":"Sphere and 2 Shapes","floor":49,"turns":3},{"damage":20,"enemies":"IC_BLOCK_ARCHETYPE","floor":50,"turns":7},{"damage":9,"enemies":"downfall:CharBossMerchant","floor":52,"turns":7},{"damage":7,"enemies":"downfall:NeowBoss","floor":55,"turns":10},{"damage":0,"enemies":"downfall:NeowBossFinal","floor":56,"turns":7}],"seed_played":"-3354071396336721176","potions_obtained":[{"floor":6,"key":"LiquidBronze"},{"floor":12,"key":"sneckomod:MuddlingPotion"},{"floor":13,"key":"Strength Potion"},{"floor":14,"key":"AttackPotion"},{"floor":22,"key":"EntropicBrew"},{"floor":27,"key":"LiquidMemories"},{"floor":29,"key":"SteroidPotion"},{"floor":36,"key":"sneckomod:MuddlingPotion"},{"floor":44,"key":"Strength Potion"},{"floor":47,"key":"Dexterity Potion"},{"floor":52,"key":"Slimebound:ThreeZeroPotion"}],"is_trial":false,"path_per_floor":["R","M","M","?","M","E","T","?","R","T","M","E","M","E","M","B",null,"R","M","M","?","M","R","T","?","M","E","?","M","T","E","M","B",null,"R","M","M","M","$","?","T","E","R","M","E","?","E","M","M","B",null,"E","$","R","B","B",null],"character_chosen":"THE_AUTOMATON","items_purchased":["bronze:Repulsor","bronze:Fortify","bronze:Iterate","bronze:Flail","bronze:ItsAFeature","bronze:ItsAFeature","bronze:Repulsor","bronze:ClassDefault","bronze:ClassDefault","bronze:InfiniteBeams","bronze:Repulsor","bronze:InfiniteBeams","bronze:ClassDefault"],"campfire_rested":4,"item_purchase_floors":[39,39,39,39,53,53,53,53,53,53,53,53,53],"current_hp_per_floor":[63,63,62,62,55,10,10,31,62,62,44,39,38,14,30,40,65,65,65,68,68,58,58,58,58,63,44,44,42,42,35,40,43,66,73,73,61,66,66,61,61,68,73,73,73,73,56,58,58,45,66,57,57,73,66,73],"gold":42,"neow_bonus":"ONE_RARE_RELIC","is_daily":false,"chose_seed":false,"campfire_upgraded":2,"win_rate":0.0,"timestamp":1612997273,"path_taken":["R","M","M","?","?","E","T","?","R","?","M","E","M","E","M","BOSS","R","M","M","?","M","R","T","?","?","E","?","?","?","E","M","BOSS","R","M","M","M","$","?","T","E","R","M","E","?","E","M","M","BOSS","E","$","R","BOSS","BOSS"],"items_purchased_type":["Card","Card","Card","Card","Card","Card","Card","Card","Card","Card","Card","Card","Card"],"build_version":"2020-12-22","purchased_purges":2,"victory":true,"max_hp_per_floor":[63,63,63,63,63,63,63,63,73,73,73,73,73,73,73,73,73,73,73,73,73,73,73,73,73,73,73,73,73,73,73,73,73,73,73,73,73,73,73,73,73,73,73,73,73,73,73,73,73,73,73,73,73,73,73,73],"card_choices":[{"not_picked":["bronze:Iterate","bronze:Frontload"],"picked":"bronze:OilSpill","floor":2},{"not_picked":["bronze:BitShift","bronze:Constructor","bronze:Frontload"],"picked":"SKIP","floor":2},{"not_picked":["bronze:BuggyMess","bronze:Shield"],"picked":"bronze:ForceShield","floor":3},{"not_picked":["bronze:Allocate","bronze:Constructor"],"picked":"bronze:RecursiveStrike","floor":3},{"not_picked":["bronze:BuggyMess","bronze:Frontload"],"picked":"bronze:BronzeOrb","floor":5},{"not_picked":["bronze:Allocate","bronze:DelayedSlice","bronze:WildBeam"],"picked":"SKIP","floor":5},{"not_picked":["bronze:Frontload","bronze:CloningBeam","bronze:Allocate"],"picked":"SKIP","floor":6},{"not_picked":["bronze:DarkDash","bronze:NullPointer"],"picked":"bronze:Assembly","floor":11},{"not_picked":["bronze:DelayedSlice","bronze:Branch"],"picked":"bronze:BuggyMess","floor":11},{"not_picked":["bronze:Boost","bronze:Constructor"],"picked":"bronze:Repair","floor":12},{"not_picked":["bronze:ForLoop","bronze:NullPointer"],"picked":"bronze:Philosophize","floor":13},{"not_picked":["bronze:Boost","bronze:ForceShield"],"picked":"bronze:Iterate","floor":13},{"not_picked":["bronze:RecursiveStrike","bronze:Separator"],"picked":"bronze:BuggyMess","floor":14},{"not_picked":["bronze:DarkDash","bronze:Fortify","bronze:BronzeArmor"],"picked":"SKIP","floor":15},{"not_picked":["bronze:Overheat","bronze:Iterate","bronze:Backtrace"],"picked":"SKIP","floor":15},{"not_picked":["bronze:Assembly","bronze:RecursiveStrike"],"picked":"bronze:FindAndReplace","floor":16},{"not_picked":["bronze:Branch","bronze:BuggyMess"],"picked":"bronze:ChosenStrike","floor":19},{"not_picked":["bronze:Shield","bronze:Deprecate","bronze:Constructor"],"picked":"SKIP","floor":19},{"not_picked":["bronze:NullPointer+1","bronze:Allocate"],"picked":"bronze:Overheat","floor":20},{"not_picked":["bronze:CutThrough","bronze:Invalidate","bronze:TinkerersToolbox"],"picked":"SKIP","floor":20},{"not_picked":["bronze:Deprecate","bronze:ClassDefault"],"picked":"bronze:DarkDash","floor":22},{"not_picked":["bronze:CutThrough","bronze:Turbo","bronze:DelayedSlice"],"picked":"SKIP","floor":22},{"not_picked":["bronze:Invalidate+1","bronze:Deprecate+1"],"picked":"bronze:Frontload","floor":26},{"not_picked":["bronze:WhirlingStrike","bronze:Overheat"],"picked":"bronze:Boost","floor":26},{"not_picked":["bronze:DelayedSlice","bronze:Frontload"],"picked":"bronze:BugBarrage","floor":27},{"not_picked":["bronze:Constructor+1","bronze:Turbo+1","bronze:BronzeArmor"],"picked":"SKIP","floor":29},{"not_picked":["bronze:DigitalCarnage","bronze:BugBarrage","bronze:HyperBeam"],"picked":"SKIP","floor":29},{"not_picked":["bronze:Deprecate","bronze:WhirlingStrike+1"],"picked":"bronze:Safeguard+1","floor":31},{"not_picked":["bronze:InfiniteBeams+1","bronze:BuggyMess"],"picked":"bronze:ForceShield+1","floor":32},{"not_picked":["bronze:Deprecate","bronze:Constructor","bronze:Overload"],"picked":"SKIP","floor":32},{"not_picked":["bronze:Virus","bronze:TinkerersToolbox"],"picked":"bronze:Verify","floor":33},{"not_picked":["bronze:Constructor","bronze:Overheat+1"],"picked":"bronze:DarkDash+1","floor":36},{"not_picked":["bronze:Turbo","bronze:BuggyMess+1","bronze:BronzeOrb"],"picked":"SKIP","floor":36},{"not_picked":["bronze:WhirlingStrike","bronze:Allocate+1","bronze:BugBarrage+1"],"picked":"SKIP","floor":37},{"not_picked":["bronze:BugBarrage","bronze:ChildClass","bronze:Shield+1"],"picked":"SKIP","floor":37},{"not_picked":["bronze:BuggyMess","bronze:BugBarrage+1"],"picked":"bronze:Shell+1","floor":38},{"not_picked":["bronze:Overheat","bronze:ForceShield"],"picked":"bronze:Shell+1","floor":38},{"not_picked":["bronze:WildBeam+1","bronze:Iterate","bronze:Constructor+1"],"picked":"SKIP","floor":39},{"not_picked":["expansioncontent:LastStand","expansioncontent:PolyBeam"],"picked":"expansioncontent:Chronoboost","floor":40},{"not_picked":["expansioncontent:PolyBeam","expansioncontent:Chronoboost"],"picked":"expansioncontent:PrepareCrush","floor":40},{"not_picked":["bronze:WhirlingStrike","bronze:OilSpill"],"picked":"bronze:InfiniteBeams","floor":42},{"not_picked":["bronze:NullPointer+1","bronze:Separator+1"],"picked":"bronze:Repulsor","floor":44},{"not_picked":["bronze:Terminator+1","bronze:ChosenStrike","bronze:GetLatest"],"picked":"SKIP","floor":44},{"not_picked":["bronze:Safeguard+1","bronze:CloningBeam+1"],"picked":"bronze:Assembly","floor":45},{"not_picked":["bronze:DigitalCarnage","bronze:Turbo+1","bronze:DelayedSlice"],"picked":"SKIP","floor":47},{"not_picked":["bronze:Shell","bronze:Shield","bronze:Frontload"],"picked":"SKIP","floor":48},{"not_picked":["bronze:Boost+1","bronze:BugBarrage+1","bronze:Invalidate+1"],"picked":"SKIP","floor":48},{"not_picked":["bronze:FollowUp+1","bronze:WhirlingStrike+1"],"picked":"bronze:SpaghettiCode","floor":49},{"not_picked":["bronze:Iterate","bronze:Shield+1","bronze:Deprecate+1"],"picked":"SKIP","floor":49},{"not_picked":["bronze:FineTuning+1","bronze:Boost","bronze:Branch+1"],"picked":"SKIP","floor":52}],"player_experience":1095861,"relics_obtained":[{"floor":6,"key":"bronze:CableSpool"},{"floor":10,"key":"Sundial"},{"floor":12,"key":"The Courier"},{"floor":14,"key":"Meat on the Bone"},{"floor":24,"key":"Bag of Preparation"},{"floor":27,"key":"Mummified Hand"},{"floor":30,"key":"Dead Branch"},{"floor":31,"key":"bronze:BronzeIdol"},{"floor":41,"key":"War Paint"},{"floor":42,"key":"Letter Opener"},{"floor":45,"key":"Guardian:PocketSentry"},{"floor":47,"key":"Orichalcum"},{"floor":52,"key":"Happy Flower"}],"event_choices":[{"damage_healed":21,"gold_gain":0,"player_choice":"Banana","damage_taken":0,"max_hp_gain":0,"max_hp_loss":0,"event_name":"Big Fish","floor":8,"gold_loss":0},{"cards_removed":["bronze:Defend"],"damage_healed":0,"gold_gain":0,"player_choice":"Removed Skill","damage_taken":0,"max_hp_gain":0,"max_hp_loss":0,"event_name":"Falling","floor":46,"gold_loss":0}],"is_beta":false,"boss_relics":[{"not_picked":["Coffee Dripper","SacredBark"],"picked":"Snecko Eye"},{"not_picked":["Empty Cage","Runic Dome"],"picked":"Fusion Hammer"}],"items_purged_floors":[39,53],"is_endless":false,"potions_floor_spawned":[6,12,13,14,22,26,27,29,36,44,45,47,49,52],"ascension_level":5}}