{"host":"ababi7n1w04ome7c","time":1612931377,"event":{"mods":["AchievementEnabler","BaseMod","Colored Map","Minty Spire (QoL Compilation)","Permanent Neow","StSLib","everything is the same but u backflip on backflip"],"gold_per_floor":[109,109,109,41,41,57,57,81,126,172,184,196,158,184,196,208,208],"floor_reached":16,"language":"KOR","playtime":483,"items_purged":[],"score":118,"play_id":"aff9a088-3b37-47da-9db0-14d7a795404b","local_time":"20210210132937","is_ascension_mode":true,"campfire_choices":[{"data":"Infinite Blades","floor":7,"key":"SMITH"},{"data":"Infinite Blades","floor":15,"key":"SMITH"}],"circlet_count":0,"master_deck":["Strike_G","Strike_G","Defend_G","Defend_G","Defend_G","Survivor","Neutralize","Escape Plan","Infinite Blades+1","Catalyst","Infinite Blades+1"],"relics":["Ring of the Snake","Golden Idol","MawBank","Juzu Bracelet"],"acts_visited":["Exordium"],"potions_floor_usage":[10],"damage_taken":[{"damage":0,"enemies":"2 Louse","floor":1,"turns":2},{"damage":0,"enemies":"Cultist","floor":6,"turns":3},{"damage":1,"enemies":"Jaw Worm","floor":8,"turns":4},{"damage":30,"enemies":"3 Sentries","floor":10,"turns":9},{"damage":6,"enemies":"Large Slime","floor":14,"turns":9},{"damage":46,"enemies":"Slime Boss","floor":16,"turns":10}],"seed_played":"5674942832814161411","potions_obtained":[{"floor":6,"key":"GhostInAJar"},{"floor":10,"key":"SpeedPotion"}],"is_trial":false,"path_per_floor":["M","?","?","$","?","M","R","M","T","E","?","?","?","M","R","B"],"character_chosen":"THE_SILENT","items_purchased":["Infinite Blades"],"campfire_rested":0,"item_purchase_floors":[4],"current_hp_per_floor":[63,63,63,63,56,56,56,55,55,25,63,63,63,57,57,11,11],"gold":208,"neow_bonus":"REMOVE_TWO","is_daily":false,"chose_seed":false,"campfire_upgraded":2,"win_rate":0.0,"timestamp":1612931377,"path_taken":["M","?","?","$","?","M","R","M","T","E","?","?","?","M","R","BOSS"],"items_purchased_type":["Card"],"build_version":"2020-12-22","purchased_purges":0,"victory":false,"max_hp_per_floor":[63,63,63,63,63,63,63,63,63,63,63,63,63,63,63,63,63],"card_choices":[{"not_picked":["PiercingWail","Flechettes"],"picked":"Escape Plan","floor":1},{"not_picked":["Bane","Leg Sweep","PiercingWail"],"picked":"SKIP","floor":6},{"not_picked":["Bane","Sucker Punch","Slice"],"picked":"SKIP","floor":8},{"not_picked":["Acrobatics","Distraction"],"picked":"Catalyst","floor":10},{"not_picked":["Distraction","Noxious Fumes","Tactician"],"picked":"SKIP","floor":14}],"player_experience":332075,"relics_obtained":[{"floor":9,"key":"MawBank"},{"floor":10,"key":"Juzu Bracelet"}],"event_choices":[{"damage_healed":0,"gold_gain":0,"player_choice":"Take Wound","damage_taken":0,"relics_obtained":["Golden Idol"],"max_hp_gain":0,"max_hp_loss":0,"event_name":"Golden Idol","floor":2,"gold_loss":0,"cards_obtained":["Injury"]},{"cards_removed":["Injury"],"damage_healed":0,"gold_gain":0,"player_choice":"Forget","damage_taken":0,"max_hp_gain":0,"max_hp_loss":0,"event_name":"Living Wall","floor":3,"gold_loss":0},{"cards_removed":["Defend_G"],"damage_healed":0,"gold_gain":0,"player_choice":"Card Removal","damage_taken":7,"max_hp_gain":0,"max_hp_loss":0,"event_name":"Golden Wing","floor":5,"gold_loss":0},{"damage_healed":38,"gold_gain":0,"player_choice":"Full Heal","damage_taken":0,"max_hp_gain":0,"max_hp_loss":0,"event_name":"Wheel of Change","floor":11,"gold_loss":0},{"damage_healed":0,"gold_gain":0,"cards_transformed":["Strike_G"],"player_choice":"Transformed","damage_taken":0,"max_hp_gain":0,"max_hp_loss":0,"event_name":"Transmorgrifier","floor":12,"gold_loss":0,"cards_obtained":["Infinite Blades"]},{"cards_removed":["Strike_G"],"damage_healed":0,"gold_gain":0,"player_choice":"Card Removal","damage_taken":0,"max_hp_gain":0,"max_hp_loss":0,"event_name":"The Cleric","floor":13,"gold_loss":50}],"is_beta":false,"boss_relics":[],"items_purged_floors":[],"is_endless":false,"potions_floor_spawned":[6,10],"killed_by":"Slime Boss","ascension_level":4}}