{"host":"vlqejv0notyktumz","time":1612942164,"event":{"mods":["AchievementEnabler","BaseMod","Colored Map","Colored Powertips","Downfall","Googly Eyes","Minty Spire (QoL Compilation)","StSLib"],"gold_per_floor":[114,114,289,19,19,19,30,30,30,61,81,2,18,30,30,30,30],"floor_reached":16,"language":"ENG","playtime":385,"items_purged":["Doubt"],"score":188,"play_id":"20decba7-fc7e-42d3-8387-c289b70454b6","local_time":"20210210012924","is_ascension_mode":true,"campfire_choices":[{"data":"Acrobatics","floor":6,"key":"SMITH"},{"data":"Riddle With Holes","floor":8,"key":"SMITH"},{"floor":15,"key":"REST"}],"circlet_count":0,"master_deck":["AscendersBane","Strike_G","Strike_G","Strike_G","Strike_G","Strike_G","Defend_G","Defend_G","Defend_G","Defend_G","Defend_G","Survivor","Neutralize","Riddle With Holes+1","Acrobatics+1","Footwork","Outmaneuver+1","Underhanded Strike","Blade Dance","Backflip","Footwork","Backstab","Flying Knee","Choke"],"relics":["Ring of the Snake","White Beast Statue","Singing Bowl","Bottled Lightning"],"acts_visited":["Exordium"],"potions_floor_usage":[10,10,13,13],"damage_taken":[{"damage":13,"enemies":"Jaw Worm","floor":1,"turns":6},{"damage":0,"enemies":"Small Slimes","floor":7,"turns":4},{"damage":0,"enemies":"Gremlin Nob","floor":10,"turns":1},{"damage":0,"enemies":"Cultist","floor":11,"turns":3},{"damage":3,"enemies":"Lots of Slimes","floor":13,"turns":3},{"damage":10,"enemies":"Exordium Thugs","floor":14,"turns":4},{"damage":22,"enemies":"Hexaghost","floor":16,"turns":12}],"seed_played":"-6163485075217158428","potions_obtained":[{"floor":1,"key":"Fire Potion"},{"floor":7,"key":"SteroidPotion"},{"floor":10,"key":"Fire Potion"},{"floor":11,"key":"ColorlessPotion"},{"floor":13,"key":"CultistPotion"},{"floor":14,"key":"Fire Potion"}],"is_trial":false,"path_per_floor":["M","?","?","$","?","R","M","R","T","E","M","$","M","M","R","B"],"character_chosen":"THE_SILENT","items_purchased":["Footwork","Outmaneuver","Underhanded Strike","Blade Dance","Backstab"],"campfire_rested":1,"item_purchase_floors":[4,4,4,4,12],"current_hp_per_floor":[50,47,47,47,47,47,47,47,47,47,49,49,46,36,57,35,35],"gold":30,"neow_bonus":"THREE_CARDS","is_daily":false,"chose_seed":false,"campfire_upgraded":2,"win_rate":0.0,"timestamp":1612942164,"path_taken":["M","?","?","$","?","R","?","R","T","E","M","$","M","?","R","BOSS"],"items_purchased_type":["Card","Card","Card","Card","Card"],"build_version":"2020-12-22","purchased_purges":1,"victory":false,"max_hp_per_floor":[70,70,70,70,70,70,70,70,70,70,72,72,72,72,72,72,72],"card_choices":[{"not_picked":["Slice","Leg Sweep"],"picked":"Riddle With Holes","floor":0},{"not_picked":["Crippling Poison","Prepared"],"picked":"Acrobatics","floor":1},{"not_picked":["Prepared","Poisoned Stab"],"picked":"Backflip","floor":7},{"not_picked":["Setup","Prepared"],"picked":"Footwork","floor":10},{"not_picked":["Dagger Spray","Endless Agony","Quick Slash"],"picked":"Singing Bowl","floor":11},{"not_picked":["Acrobatics","Underhanded Strike"],"picked":"Flying Knee","floor":13},{"not_picked":["Skewer","Dagger Throw"],"picked":"Choke","floor":14}],"player_experience":412303,"relics_obtained":[{"floor":9,"key":"Singing Bowl"},{"floor":10,"key":"Bottled Lightning"}],"event_choices":[{"damage_healed":0,"gold_gain":0,"player_choice":"Success","damage_taken":3,"relics_obtained":["White Beast Statue"],"max_hp_gain":0,"max_hp_loss":0,"event_name":"Scrap Ooze","floor":2,"gold_loss":0},{"damage_healed":0,"gold_gain":175,"player_choice":"AGREE","damage_taken":0,"max_hp_gain":0,"max_hp_loss":0,"event_name":"Liars Game","floor":3,"gold_loss":0,"cards_obtained":["Doubt"]},{"damage_healed":0,"gold_gain":0,"player_choice":"Forge","damage_taken":0,"max_hp_gain":0,"max_hp_loss":0,"event_name":"Accursed Blacksmith","floor":5,"gold_loss":0,"cards_upgraded":["Outmaneuver"]}],"is_beta":false,"boss_relics":[],"items_purged_floors":[4],"is_endless":false,"potions_floor_spawned":[1,7,10,11,13,14],"killed_by":"Hexaghost","ascension_level":10}}