{"host":"4kmvpqjeiacgn1pr","time":1612975232,"event":{"mods":["A Penny For Your Troubles","AchievementEnabler","AlwaysNeverKeys","Aspiration","BaseMod","Bestiary","Better Altar","Better Match","Better Note","Better Sensory Stone","Better Skull","Better Third Choice","Better Vampires","BetterRewards","Colored Map","Colored Powertips","Conspire","Curses Come First","Downfall","Halation","Highlight Path","Infinite Spire","Minty Spire (QoL Compilation)","Permanent Neow","Quick Restart","Rare Cards Sparkle","Relic Sorter","Relic Stats","Replay The Spire","Reworked Bosses","Shop Mod","Smile Girya","Spicy Shops","Spikes Relics","StSLib","Waifu the Spire"],"gold_per_floor":[113,113,123,141,141,141,10,10,10,10,10,10,44,64,64,164,164,179,198,198,210,210,210,210,210],"floor_reached":24,"language":"ENG","playtime":1006,"items_purged":["Regret","Strike_G"],"score":291,"play_id":"3c595c73-dfa4-4520-a57f-2c6c3c88bdb2","local_time":"20210210114032","is_ascension_mode":true,"campfire_choices":[{"data":"Draining Mist","floor":6,"key":"SMITH"},{"data":"Noxious Fumes","floor":8,"key":"SMITH"},{"data":"Poison Darts","floor":12,"key":"SMITH"},{"floor":15,"key":"REST"},{"data":"infinitespire:NeuralNetwork","floor":23,"key":"SMITH"}],"circlet_count":0,"master_deck":["AscendersBane","Strike_G","Strike_G","Strike_G+1","Defend_G","Defend_G","Defend_G+1","Defend_G","Defend_G","Survivor","Neutralize","Poison Darts+1","Bane+1","Deadly Poison","Draining Mist+1","CloudedMind","Noxious Fumes+1","infinitespire:Menacing+1","Deadly Poison","Envenom","Bane+1","infinitespire:NeuralNetwork+1","Prepared"],"relics":["Ring of the Snake","aspiration:RitualStick","Kunai","ReplayTheSpireMod:CursedCoin","Membership Card","Replay:Mystery Machine","Snake Skull","conspire:DeflatedDodgeball","halation:HeavySnake","halation:BottledHappiness"],"acts_visited":["Exordium","TheCity"],"potions_floor_usage":[13,16,21],"damage_taken":[{"damage":0,"enemies":"Jaw Worm","floor":1,"turns":3},{"damage":0,"enemies":"Cultist","floor":3,"turns":3},{"damage":6,"enemies":"2 Louse","floor":4,"turns":3},{"damage":14,"enemies":"Gremlin Nob","floor":13,"turns":3},{"damage":0,"enemies":"Large Slime","floor":14,"turns":3},{"damage":3,"enemies":"Hexaghost","floor":16,"turns":7},{"damage":0,"enemies":"Chosen","floor":18,"turns":4},{"damage":0,"enemies":"conspire:FuzzyDice","floor":19,"turns":5},{"damage":16,"enemies":"Snecko","floor":21,"turns":5},{"damage":36,"enemies":"Book of Stabbing","floor":24,"turns":5}],"seed_played":"-9075207831018219412","potions_obtained":[{"floor":4,"key":"Strength Potion"},{"floor":13,"key":"Regen Potion"},{"floor":16,"key":"PowerPotion"}],"is_trial":false,"path_per_floor":["M","?","M","M","?","R","$","R","T","?","?","R","E","M","R","B",null,"M","M","AVR","M","?","R","E"],"character_chosen":"THE_SILENT","items_purchased":["ReplayTheSpireMod:CursedCoin","Membership Card","Noxious Fumes","Replay:Mystery Machine"],"campfire_rested":1,"item_purchase_floors":[7,7,7,7],"current_hp_per_floor":[45,45,45,39,39,39,39,39,39,23,23,23,9,9,30,42,63,63,63,63,47,33,33,0,0],"gold":210,"neow_bonus":"THREE_RARE_CARDS","is_daily":false,"chose_seed":false,"campfire_upgraded":4,"win_rate":0.0,"timestamp":1612975232,"path_taken":["M","?","M","?","?","R","$","R","T","?","?","R","E","?","R","BOSS","M","M","AVR","M","?","R","E"],"items_purchased_type":["Relic","Relic","Card","Relic"],"build_version":"2020-12-22","purchased_purges":2,"victory":false,"max_hp_per_floor":[70,70,70,70,70,70,70,70,70,70,70,70,70,70,70,70,70,70,70,70,70,70,70,70,70],"relic_stats":{"counters":[10,41],"Snake Skull":[42],"Kunai":[0],"obtain_stats":[{"ReplayTheSpireMod:CursedCoin":7,"Snake Skull":9,"halation:BottledHappiness":20,"Kunai":5,"Membership Card":7,"Replay:Mystery Machine":7,"conspire:DeflatedDodgeball":13,"aspiration:RitualStick":22,"Ring of the Snake":0,"halation:HeavySnake":17},{"ReplayTheSpireMod:CursedCoin":3,"Snake Skull":3,"halation:BottledHappiness":8,"Kunai":3,"Membership Card":3,"Replay:Mystery Machine":3,"conspire:DeflatedDodgeball":4,"aspiration:RitualStick":9,"Ring of the Snake":0,"halation:HeavySnake":6},{"ReplayTheSpireMod:CursedCoin":9,"Snake Skull":9,"halation:BottledHappiness":31,"Kunai":9,"Membership Card":9,"Replay:Mystery Machine":9,"conspire:DeflatedDodgeball":12,"aspiration:RitualStick":36,"Ring of the Snake":0,"halation:HeavySnake":22}],"aspiration:RitualStick":[0],"Ring of the Snake":[20]},"card_choices":[{"not_picked":["Replay:Bag of Tricks","Corpse Explosion"],"picked":"Poison Darts","floor":0},{"not_picked":["Cloak And Dagger","conspire:DoublingDagger"],"picked":"Bane","floor":1},{"not_picked":["Dagger Throw","Infinite Blades"],"picked":"Deadly Poison","floor":3},{"not_picked":["Dagger Throw","Deflect"],"picked":"Draining Mist","floor":4},{"not_picked":["ReplayTheSpireMod:Chaos Vortex","infinitespire:UltimateForm"],"picked":"infinitespire:Menacing","floor":10},{"not_picked":["PiercingWail","Dash"],"picked":"Deadly Poison","floor":13},{"not_picked":["Predator","Deadly Poison","Concentrate"],"picked":"SKIP","floor":14},{"not_picked":["Replay:Bag of Tricks","Glass Knife"],"picked":"Envenom","floor":16},{"not_picked":["Backflip+1","Cloak And Dagger","Deadly Poison"],"picked":"SKIP","floor":18},{"not_picked":["Cloak And Dagger","Backflip"],"picked":"Bane+1","floor":19},{"not_picked":["Dagger Throw","PiercingWail"],"picked":"Prepared","floor":21}],"player_experience":460346,"relics_obtained":[{"floor":9,"key":"Snake Skull"},{"floor":13,"key":"conspire:DeflatedDodgeball"}],"event_choices":[{"cards_removed":["Strike_G"],"damage_healed":0,"gold_gain":0,"player_choice":"Offered Basic","damage_taken":0,"max_hp_gain":0,"max_hp_loss":0,"event_name":"Bonfire Elementals","floor":2,"gold_loss":0},{"damage_healed":0,"gold_gain":0,"player_choice":"Box","damage_taken":0,"relics_obtained":["Kunai"],"max_hp_gain":0,"max_hp_loss":0,"event_name":"Big Fish","floor":5,"gold_loss":0,"cards_obtained":["Regret"]}],"is_beta":false,"boss_relics":[{"not_picked":["Sozu","aspiration:RitualDagger"],"picked":"halation:HeavySnake"}],"items_purged_floors":[7,20],"is_endless":false,"potions_floor_spawned":[4,13,16],"killed_by":"Book of Stabbing","ascension_level":10}}