{"host":"xp27heuvanyklt0b","time":1612979436,"event":{"mods":["100% Spire Juice","BaseMod","Lobotomy","Minty Spire (QoL Compilation)","StSLib"],"gold_per_floor":[113,126,38,49,68,68,80,115,169,169,181,16,16,34,34,129,179,194,194,214,231,231,231],"floor_reached":22,"language":"KOR","playtime":1523,"items_purged":[],"score":215,"play_id":"44796dbb-638e-4700-9ce9-24cc25a1954d","local_time":"20210211025036","is_ascension_mode":false,"campfire_choices":[],"circlet_count":0,"master_deck":["SpecialBullet","SpecialBullet","SpecialBullet","SpecialBullet","SpecialBullet","SpecialBullet","SpecialBullet","SpecialBullet","Variant","BlackSwan_ego","UniverseFragment","RapturousDream","MagicBullet","Soda","Bloodbath","MHz","InTheNameOfLoveAndHate","CentralCode","PunishingBird","Wingbeat","Diffraction","Lantern","OSAHOGD","Pinks","Horn","BlackArmy","Amita+1","Wellcheers","Justitia","Moonlight","Harmony+1","BlueScar","Soda+1"],"relics":["CogitoBucket","Whetstone","RabbitCall","PreservedInsect","Vajra","LuminousBracelet","Tiny House","HellTrain"],"acts_visited":["TheCity"],"potions_floor_usage":[11,16,16,22],"damage_taken":[{"damage":11,"enemies":"Jaw Worm","floor":1,"turns":2},{"damage":6,"enemies":"Cultist","floor":2,"turns":3},{"damage":0,"enemies":"Small Slimes","floor":4,"turns":3},{"damage":4,"enemies":"Blue Slaver","floor":5,"turns":3},{"damage":10,"enemies":"Looter","floor":7,"turns":3},{"damage":1,"enemies":"Gremlin Nob","floor":8,"turns":2},{"damage":71,"enemies":"2 Fungi Beasts","floor":11,"turns":7},{"damage":13,"enemies":"Blue Slaver","floor":14,"turns":3},{"damage":103,"enemies":"The Guardian","floor":16,"turns":14},{"damage":0,"enemies":"2 Thieves","floor":18,"turns":2},{"damage":44,"enemies":"Shell Parasite","floor":20,"turns":9},{"damage":95,"enemies":"Snake Plant","floor":21,"turns":13}],"seed_played":"-8939420164219427693","potions_obtained":[{"floor":1,"key":"Energy Potion"},{"floor":5,"key":"DistilledChaos"},{"floor":7,"key":"LiquidMemories"},{"floor":11,"key":"FairyPotion"},{"floor":16,"key":"Dexterity Potion"},{"floor":17,"key":"Ancient Potion"},{"floor":18,"key":"EssenceOfSteel"}],"is_trial":false,"path_per_floor":["M","M","$","M","M","R","M","E","T","?","M","$","R","M","R","B",null,"M","?","M","M","M"],"character_chosen":"Angela","items_purchased":["MagicBullet","Soda","Pinks","Horn"],"campfire_rested":0,"item_purchase_floors":[3,3,12,12],"current_hp_per_floor":[59,53,53,54,51,51,42,41,41,70,22,22,22,15,15,31,90,90,90,68,57,0,0],"gold":231,"neow_bonus":"RANDOM_COMMON_RELIC","is_daily":false,"chose_seed":false,"campfire_upgraded":0,"win_rate":0.0,"timestamp":1612979436,"path_taken":["M","M","$","M","M","R","M","E","T","?","M","$","R","M","R","BOSS","M","?","M","M","M"],"items_purchased_type":["Card","Card","Card","Card"],"build_version":"2020-12-22","purchased_purges":0,"victory":false,"max_hp_per_floor":[70,70,70,70,70,70,70,70,70,70,85,85,85,85,85,85,90,90,90,90,90,90,90],"card_choices":[{"not_picked":["Murderer","MHz"],"picked":"Variant","floor":1},{"not_picked":["Regret_ego"],"picked":"BlackSwan_ego","floor":1},{"not_picked":["HeroicMonk","CherryBlossoms"],"picked":"UniverseFragment","floor":2},{"not_picked":["Penitence"],"picked":"RapturousDream","floor":2},{"not_picked":["SpiderBud","CherryBlossoms"],"picked":"Bloodbath","floor":4},{"not_picked":["Noise"],"picked":"Pleasure","floor":4},{"not_picked":["VoidDream","QueenOfHatred"],"picked":"MHz","floor":5},{"not_picked":["Lantern"],"picked":"InTheNameOfLoveAndHate","floor":5},{"not_picked":["CherryBlossoms","Scorched"],"picked":"PunishingBird","floor":7},{"not_picked":["Soda"],"picked":"Wingbeat","floor":7},{"not_picked":["Soda"],"picked":"Diffraction","floor":8},{"not_picked":["Soda"],"picked":"Lantern","floor":11},{"not_picked":["VoidDream","CherryBlossoms"],"picked":"OSAHOGD","floor":11},{"not_picked":["Alriune","FieryBird"],"picked":"BlackArmy","floor":14},{"not_picked":["CherryBlossom"],"picked":"Amita","floor":14},{"not_picked":["ShyLook","WallGazer"],"picked":"Wellcheers","floor":16},{"not_picked":["ParadiseLost"],"picked":"Justitia","floor":16},{"not_picked":["Noise"],"picked":"Moonlight","floor":17},{"not_picked":["Beak"],"picked":"Harmony+1","floor":18},{"not_picked":["Noise"],"picked":"BlueScar","floor":20},{"not_picked":["Discord"],"picked":"Soda+1","floor":21}],"player_experience":214699,"relics_obtained":[{"floor":8,"key":"PreservedInsect"},{"floor":9,"key":"Vajra"}],"event_choices":[{"cards_removed":["Pleasure"],"damage_healed":29,"gold_gain":0,"player_choice":"Offered Uncommon","damage_taken":0,"max_hp_gain":0,"max_hp_loss":0,"event_name":"Bonfire Elementals","floor":10,"gold_loss":0},{"damage_healed":0,"gold_gain":0,"player_choice":"Ignored","damage_taken":0,"max_hp_gain":0,"max_hp_loss":0,"event_name":"Transmorgrifier","floor":19,"gold_loss":0}],"is_beta":false,"boss_relics":[{"not_picked":["Snecko Eye","SacredBark"],"picked":"Tiny House"}],"items_purged_floors":[],"is_endless":false,"potions_floor_spawned":[1,5,7,11,16,18,21],"killed_by":"Chosen and Byrds","ascension_level":0}}