{"host":"djfsqftupta9xgss","time":1612954021,"event":{"mods":["ATMod(°¢èªMod)","Act Like it!","BaseMod","Gensokyo","Minty Spire (QoL Compilation)","MostiFishMod","Replay The Spire","Spicy Shops","StSLib","TestMod"],"gold_per_floor":[119,132,132,58,77,103,119,154,154,164,164,2,20,39,39,118,118,135,155,155,172,187,187,199,231,276,276,276,276,292,317,317,391,391,407,114,623,1219,1219,1378,1378,1693,1693,1693,2049,2293,1639,2632,2632,3252,3681,3681,3681,2628,2659,2659],"floor_reached":57,"language":"ZHS","playtime":2058,"items_purged":["Normality","Zap","Dualcast","AT_FamilyPortrait","Defend_B"],"score":3489,"play_id":"ad659813-13b1-455b-8d80-164d1100d3b2","local_time":"20210210184701","is_ascension_mode":true,"campfire_choices":[{"floor":15.0,"key":"RECALL"},{"data":"AT_StudyProgram","floor":23,"key":"SMITH"},{"data":"Hologram","floor":29,"key":"SMITH"},{"data":"Heatsinks","floor":32,"key":"SMITH"},{"floor":41,"key":"REST"},{"floor":44,"key":"REST"},{"floor":49,"key":"REST"},{"floor":53,"key":"REST"}],"circlet_count":0,"master_deck":["AscendersBane","Heatsinks+1","Gash","Defragment","Hologram+1","AT_StudyProgram+1","MostiFishMod:ATRI","AT_DarkMatter","Reboot+1","AT_EMC2","Reboot","Skim+1","Gensokyo:MonkeysPaw","Heatsinks","Recycle"],"relics":["AT_ATBox","DaveBox","testmod-TestBox","testmod-ThousandKnives","NightmareShop","Replay:Drink Me","SynthV:TestCard","Pocketwatch","PreservedInsect","Smiling Mask","Civilization","testmod-IncinerationGenerator","testmod-Muramasa","Snack Pack","Gensokyo:DirgeOfMelancholy","ReplayTheSpireMod:Shallot","testmod-BatchProcessingSystem","War Paint","Geode","Bag of Marbles","testmod-IntensifyImprint","Girya","Art of War","Iron Hammer","Lee\u0027s Waffle","AT_RedTearstoneRing","testmod-Fortitude","AT_SunfireAegis","testmod-ArcanaOfDestiny","Replay:Frozen Program","Ying","DataDisk","Strawberry"],"acts_visited":["Exordium","Gensokyo:Gensokyo","Gensokyo:Gensokyoer","TheEnding"],"potions_floor_usage":[56,56],"damage_taken":[{"damage":0.0,"enemies":"Gensokyo:Python","floor":1.0,"turns":2.0},{"damage":11.0,"enemies":"Gensokyo:2_Kodama","floor":2.0,"turns":4.0},{"damage":5.0,"enemies":"Gensokyo:Gryphon","floor":5.0,"turns":3.0},{"damage":0.0,"enemies":"Gensokyo:Cirno","floor":6.0,"turns":5.0},{"damage":0.0,"enemies":"Gensokyo:Kitsune","floor":7.0,"turns":2.0},{"damage":2.0,"enemies":"Gensokyo:Aya","floor":8.0,"turns":3.0},{"damage":0.0,"enemies":"Gensokyo:2_Rabbits","floor":10.0,"turns":2.0},{"damage":3.0,"enemies":"Gensokyo:3_Kodama","floor":13.0,"turns":3.0},{"damage":0.0,"enemies":"Gensokyo:LivingMonolith","floor":14.0,"turns":2.0},{"damage":12.0,"enemies":"Gensokyo:Kokoro","floor":16.0,"turns":4.0},{"damage":0.0,"enemies":"Gensokyo:3_Dogs","floor":18.0,"turns":1.0},{"damage":0.0,"enemies":"Gensokyo:2_Gloops","floor":19.0,"turns":2.0},{"damage":2,"enemies":"Gensokyo:Slime_Group","floor":22,"turns":2},{"damage":3,"enemies":"Gensokyo:Swordslinger","floor":24,"turns":3},{"damage":0,"enemies":"Gensokyo:Tenshi","floor":25,"turns":2},{"damage":0,"enemies":"Gensokyo:Wraith","floor":30,"turns":2},{"damage":0,"enemies":"Gensokyo:Koishi","floor":31,"turns":2},{"damage":27,"enemies":"Gensokyo:Eiki","floor":33,"turns":3},{"damage":0,"enemies":"Gensokyo:3_Boulders","floor":35,"turns":1},{"damage":49,"enemies":"Gensokyo:3_Bats","floor":37,"turns":2},{"damage":34,"enemies":"Gensokyo:Sharpion","floor":38,"turns":2},{"damage":13,"enemies":"Gensokyo:Doremy","floor":40,"turns":1},{"damage":28,"enemies":"Gensokyo:Kasen","floor":42,"turns":1},{"damage":37,"enemies":"Gensokyo:4_Bats","floor":45,"turns":1},{"damage":21,"enemies":"Gensokyo:Marisa","floor":46,"turns":2},{"damage":74,"enemies":"Gensokyo:Kasen","floor":48,"turns":1},{"damage":62,"enemies":"Gensokyo:Shinki","floor":50,"turns":3},{"damage":33,"enemies":"Gensokyo:Scarlet_Devils","floor":51,"turns":1},{"damage":0,"enemies":"Shield and Spear","floor":55,"turns":1},{"damage":15,"enemies":"The Heart","floor":56,"turns":3}],"seed_played":"-7815366741171421162","potions_obtained":[{"floor":1.0,"key":"AttackPotion"},{"floor":5.0,"key":"LiquidBronze"},{"floor":7.0,"key":"testmod-SpacePotion"},{"floor":10.0,"key":"ColorlessPotion"},{"floor":14.0,"key":"PowerPotion"},{"floor":24,"key":"SkillPotion"}],"is_trial":false,"path_per_floor":["M","M","?","?","M","E","M","E","T","M","?","$","M","M","R","B",null,"M","M","?","?","M","R","M","E","T","?","?","R","M","E","R","B",null,"M","COS","M","M","?","E","R","E","T","R","M","E","$","E","R","B","B",null,"R","$","E","B",null],"character_chosen":"DEFECT","items_purchased":["Civilization","Iron Hammer","Lee\u0027s Waffle","AT_RedTearstoneRing","AT_SunfireAegis","testmod-ArcanaOfDestiny","Replay:Frozen Program","Ying","DataDisk"],"campfire_rested":4,"item_purchase_floors":[12,47,47,47,54,54,54,54,54],"current_hp_per_floor":[54,43,17,54,49,49,49,47,47,47,47,47,47,51,51,44,61,66,71,71,46,49,49,51,56,56,56,56,56,61,66,66,46,91,98,98,56,27,27,19,56,33,33,72,42,26,148,79,124,67,39,132,163,163,175,167],"gold":2659,"neow_bonus":"BOSS_RELIC","is_daily":false,"chose_seed":false,"campfire_upgraded":3,"win_rate":0.0,"timestamp":1612954021,"path_taken":["M","M","?","?","M","E","M","E","T","?","?","$","M","M","R","BOSS","M","M","?","?","?","R","M","E","T","?","?","R","?","E","R","BOSS","M","COS","M","M","?","E","R","E","T","R","M","E","$","E","R","BOSS","BOSS","R","$","E","BOSS"],"items_purchased_type":["Relic","Relic","Relic","Relic","Relic","Relic","Relic","Relic","Relic"],"build_version":"2020-12-22","purchased_purges":5,"victory":true,"max_hp_per_floor":[54,54,54,54,54,54,54,54,54,54,54,54,57,61,61,66,66,71,76,76,76,81,81,86,91,91,91,91,91,96,101,101,106,106,111,111,116,121,121,126,126,131,131,131,136,141,148,153,153,158,163,163,163,163,175,180],"card_choices":[{"not_picked":["Streamline","Hologram"],"picked":"Heatsinks","floor":1.0},{"not_picked":["Rebound","Undo","Streamline","Sweeping Beam","MostiFishMod:PushDownKick"],"picked":"SKIP","floor":2.0},{"not_picked":["AT_DarkMatter","AT_HeatAcrobatics","Steam","White Noise"],"picked":"Gash","floor":5.0},{"not_picked":["Barrage","AT_RightCognition","Gash","Compile Driver"],"picked":"Defragment","floor":6.0},{"not_picked":["Steam Power","Darkness","AT_HeatAcrobatics","Redo","MostiFishMod:PushDownKick"],"picked":"SKIP","floor":7.0},{"not_picked":["Gash","Redo","Compile Driver","Sweeping Beam"],"picked":"Hologram","floor":8.0},{"not_picked":["Static Discharge","Beam Cell","Turbo","White Noise"],"picked":"AT_StudyProgram","floor":10.0},{"not_picked":["Cold Snap","Conserve Battery","Self Repair","Streamline"],"picked":"MostiFishMod:ATRI","floor":11.0},{"not_picked":["Gash","MostiFishMod:PushDownKick","AT_WarpDrive","Compile Driver"],"picked":"AT_DarkMatter","floor":13.0},{"not_picked":["Cold Snap","Hologram","Conserve Battery","Static Discharge","BootSequence"],"picked":"SKIP","floor":14.0},{"not_picked":["MostiFishMod:Hijack","MostiFishMod:StarOceanB","MostiFishMod:Nova","MostiFishMod:IntelligentEquipment"],"picked":"Reboot","floor":16.0},{"not_picked":["Conserve Battery+1","Stack","Go for the Eyes","Streamline","Cold Snap"],"picked":"SKIP","floor":18.0},{"not_picked":["MostiFishMod:Distribution","Conserve Battery","Heatsinks","Hologram"],"picked":"AT_EMC2","floor":19},{"not_picked":["Streamline","Sweeping Beam+1","Genetic Algorithm","Double Energy+1","Ball Lightning"],"picked":"SKIP","floor":22},{"not_picked":["Glacier+1","Streamline","Sweeping Beam","Chill","Turbo"],"picked":"SKIP","floor":24},{"not_picked":["Loop+1","Rebound","Lockon+1","Beam Cell"],"picked":"Reboot","floor":25},{"not_picked":["BootSequence","MostiFishMod:FluxCapactior","Conserve Battery","Tempest+1","AT_HeatAcrobatics"],"picked":"SKIP","floor":30},{"not_picked":["AT_EMC2","Leap","MostiFishMod:Exploitation","Rebound","Compile Driver"],"picked":"SKIP","floor":31},{"not_picked":["Go for the Eyes","AT_HeatAcrobatics","Hologram","Defragment","Stack+1"],"picked":"SKIP","floor":35},{"not_picked":["AT_HeatAcrobatics","Lockon","Barrage","Chaos+1","Conserve Battery"],"picked":"SKIP","floor":37},{"not_picked":["Leap","Hologram","Undo","Gash","Static Discharge"],"picked":"SKIP","floor":38},{"not_picked":["Stack","Static Discharge","Leap","Turbo+1"],"picked":"Heatsinks","floor":40},{"not_picked":["Genetic Algorithm","Steam+1","Echo Form","Coolheaded"],"picked":"Recycle","floor":42},{"not_picked":["Stack+1","Hologram","MostiFishMod:ReprogramOld","Chaos","AT_EMC2"],"picked":"SKIP","floor":45},{"not_picked":["FTL","Capacitor","MostiFishMod:Impulse","Coolheaded+1","Conserve Battery"],"picked":"SKIP","floor":46},{"not_picked":["Auto Shields","Recycle","Force Field","Cold Snap","Undo"],"picked":"SKIP","floor":48},{"not_picked":["Conserve Battery+1","Meteor Strike","Double Energy","Force Field","Consume"],"picked":"SKIP","floor":55}],"player_experience":390099,"relics_obtained":[{"floor":1.0,"key":"SynthV:TestCard"},{"floor":6.0,"key":"Pocketwatch"},{"floor":8.0,"key":"PreservedInsect"},{"floor":9.0,"key":"Smiling Mask"},{"floor":21,"key":"testmod-Muramasa"},{"floor":25,"key":"Snack Pack"},{"floor":31,"key":"ReplayTheSpireMod:Shallot"},{"floor":40,"key":"Geode"},{"floor":42,"key":"testmod-IntensifyImprint"},{"floor":43,"key":"Girya"},{"floor":46,"key":"Art of War"},{"floor":48,"key":"testmod-Fortitude"},{"floor":55,"key":"Strawberry"}],"event_choices":[],"is_beta":false,"boss_relics":[{"not_picked":["Replay:Bronze Core","testmod-NegativeEmotionEnhancer"],"picked":"testmod-IncinerationGenerator"},{"not_picked":["GreenFoldingFan","Calling Bell"],"picked":"testmod-BatchProcessingSystem"}],"items_purged_floors":[12,12,47,54,54],"is_endless":false,"potions_floor_spawned":[1,5,7,10,14,18,24,25,30,35,42,48,55],"ascension_level":20}}