{"host":"qy1e0kd24tpj3i2m","time":1612994763,"event":{"mods":["Act Like it!","BaseMod","Better Skull","Better Vampires","Colored Map","Colored Powertips","Custom Start","Faster Ascension Climbing","Friendly Minions","GifTheSpireLib","Gremlin Skip","Highlight Path","Minty Spire (QoL Compilation)","Permanent Neow","Poor People Problems","Quick Restart","Red Circlet Mod","Relic Filter Mod","Relic Sorter","Reorder Act Four","SacredBarkPlus","Shop Mod","StSLib","SuperFastMode","Transform Curses","没有小屋子和绿帽子啦"],"gold_per_floor":[133,58,108,33,66,116,116,175,175,232,269,269,306,342,342,438,438,383,383],"floor_reached":18,"language":"ZHS","playtime":720,"items_purged":["Bash"],"score":360,"play_id":"4193dc78-ffb5-4a8b-94ba-3d1a2a729f7c","local_time":"20210211070603","is_ascension_mode":true,"campfire_choices":[{"data":"HandOfGreed","floor":7.0,"key":"SMITH"},{"floor":12.0,"key":"REST"},{"data":"True Grit","floor":15.0,"key":"SMITH"}],"circlet_count":0,"master_deck":["AscendersBane","Strike_R","Strike_R","Strike_R","Strike_R","Defend_R","Defend_R","Defend_R","Defend_R","HandOfGreed+1","Body Slam","Dark Embrace","Flame Barrier","Fiend Fire","Feel No Pain","True Grit+1","Rage","Headbutt","Exhume"],"relics":["Burning Blood","Ginger","CaptainsWheel","Self Forming Clay","Mummified Hand","Mark of Pain"],"acts_visited":["Exordium","TheCity"],"potions_floor_usage":[16,16],"damage_taken":[{"damage":4.0,"enemies":"Jaw Worm","floor":1.0,"turns":4.0},{"damage":1.0,"enemies":"Cultist","floor":5.0,"turns":4.0},{"damage":31.0,"enemies":"Gremlin Nob","floor":6.0,"turns":4.0},{"damage":18.0,"enemies":"Lagavulin","floor":8.0,"turns":7.0},{"damage":8.0,"enemies":"Gremlin Nob","floor":10.0,"turns":3.0},{"damage":0.0,"enemies":"Small Slimes","floor":11.0,"turns":4.0},{"damage":0.0,"enemies":"Looter","floor":13.0,"turns":3.0},{"damage":5.0,"enemies":"Blue Slaver","floor":14.0,"turns":3.0},{"damage":46,"enemies":"The Guardian","floor":16,"turns":16},{"damage":7,"enemies":"2 Thieves","floor":18,"turns":4}],"seed_played":"-1571053844725923248","potions_obtained":[{"floor":1.0,"key":"SteroidPotion"},{"floor":6.0,"key":"Weak Potion"},{"floor":8.0,"key":"FearPotion"},{"floor":13.0,"key":"Block Potion"},{"floor":14.0,"key":"BloodPotion"}],"is_trial":false,"path_per_floor":["M","?","?","$","M","E","R","E","T","E","M","R","M","M","R","B",null,"M"],"character_chosen":"IRONCLAD","items_purchased":[],"campfire_rested":1,"item_purchase_floors":[],"current_hp_per_floor":[52,52,45,45,50,25,25,13,13,11,17,39,45,46,46,21,62,55,55],"gold":383,"neow_bonus":"RANDOM_COLORLESS_2","is_daily":false,"chose_seed":false,"campfire_upgraded":2,"win_rate":0.0,"timestamp":1612994763,"path_taken":["M","?","?","$","M","E","R","E","T","E","?","R","M","M","R","BOSS","M"],"items_purchased_type":[],"build_version":"2020-12-22","purchased_purges":1,"victory":false,"max_hp_per_floor":[75,75,75,75,75,75,75,75,75,75,75,75,75,75,75,75,75,75,75],"card_choices":[{"not_picked":["Panache","Master of Strategy"],"picked":"HandOfGreed","floor":0.0},{"not_picked":["Pommel Strike","Clothesline"],"picked":"Body Slam","floor":1.0},{"not_picked":["Wild Strike","Perfected Strike"],"picked":"Dark Embrace","floor":5.0},{"not_picked":["Body Slam","Second Wind"],"picked":"Flame Barrier","floor":6.0},{"not_picked":["Seeing Red","Wild Strike"],"picked":"Fiend Fire","floor":8.0},{"not_picked":["Perfected Strike","Cleave"],"picked":"Feel No Pain","floor":10.0},{"not_picked":["Pommel Strike","Body Slam"],"picked":"True Grit","floor":11.0},{"not_picked":["Warcry","Feel No Pain"],"picked":"Rage","floor":13.0},{"not_picked":["Armaments","Bloodletting"],"picked":"Headbutt","floor":14.0},{"not_picked":["Feed","Brutality"],"picked":"Exhume","floor":16}],"player_experience":1022713,"relics_obtained":[{"floor":6.0,"key":"Ginger"},{"floor":8.0,"key":"CaptainsWheel"},{"floor":9.0,"key":"Self Forming Clay"},{"floor":10.0,"key":"Mummified Hand"}],"event_choices":[{"cards_removed":["Strike_R"],"damage_healed":0.0,"max_hp_gain":0.0,"max_hp_loss":0.0,"gold_gain":0.0,"event_name":"The Cleric","player_choice":"Card Removal","floor":2.0,"gold_loss":75.0,"damage_taken":0.0},{"damage_healed":0.0,"max_hp_gain":0.0,"max_hp_loss":0.0,"gold_gain":50.0,"event_name":"FaceTrader","player_choice":"Touch","floor":3.0,"gold_loss":0.0,"damage_taken":7.0}],"is_beta":false,"boss_relics":[{"not_picked":["Fusion Hammer","Astrolabe"],"picked":"Mark of Pain"}],"items_purged_floors":[4],"is_endless":false,"potions_floor_spawned":[1,6,8,13,14],"killed_by":"2 Thieves","ascension_level":20}}