{"host":"k1qq3tnzhl68zvao","time":1612938073,"event":{"mods":["ATMod(阿瑾Mod)","AchievementEnabler","BaseMod","Colored Powertips","Conspire","DeckTracker","Downfall","Energized Spire","GifTheSpireLib","Minty Spire (QoL Compilation)","Quick Restart","Relic Filter Mod","Replay The Spire","Spicy Shops","StSLib","【遗物卡牌】REMEMod"],"gold_per_floor":[110,110,121,140,150,179,179,206,206,206,206,218,218,218],"floor_reached":13,"language":"ZHS","playtime":555,"items_purged":[],"score":143,"play_id":"f6f49178-6562-43e1-8101-ecc1344c55af","local_time":"20210210142113","is_ascension_mode":true,"campfire_choices":[{"data":"Replay:Many Hands","floor":7,"key":"SMITH"}],"circlet_count":0,"master_deck":["AscendersBane","Strike_R","Strike_R","Strike_R","Strike_R","Strike_R","Defend_R","Defend_R","Defend_R","Defend_R","AT_BreakingExtremeWeapon+1","Seeing Red","ReplayTheSpireMod:LeadingStrike","Replay:Many Hands+1","REME_Cut","Clothesline","Pummel","Survivor","Neutralize"],"relics":["Burning Blood","AT_ATBox","REME_ComplimentaryCards","NeowsBlessing","Turnip","REME_HandOfSuture"],"acts_visited":["Exordium"],"potions_floor_usage":[13],"damage_taken":[{"damage":0,"enemies":"2 Louse","floor":1,"turns":1},{"damage":0,"enemies":"Cultist","floor":3,"turns":1},{"damage":0,"enemies":"Small Slimes","floor":4,"turns":1},{"damage":18,"enemies":"Red Slaver","floor":5,"turns":5},{"damage":30,"enemies":"Lagavulin","floor":6,"turns":5},{"damage":40,"enemies":"3 Sentries","floor":8,"turns":7},{"damage":2,"enemies":"2 Fungi Beasts","floor":12,"turns":3},{"damage":17,"enemies":"Gremlin Nob","floor":13,"turns":3}],"seed_played":"2554020478831704522","potions_obtained":[{"floor":1,"key":"Dexterity Potion"},{"floor":4,"key":"Toxic Potion"},{"floor":5,"key":"Elixir"}],"is_trial":false,"path_per_floor":["M","?","M","M","M","E","R","E","T","?","?","M","E"],"character_chosen":"IRONCLAD","items_purchased":[],"campfire_rested":0,"item_purchase_floors":[],"current_hp_per_floor":[78,78,80,80,68,44,44,10,10,10,10,14,0,0],"gold":218,"neow_bonus":"THREE_ENEMY_KILL","is_daily":false,"chose_seed":false,"campfire_upgraded":1,"win_rate":0.0,"timestamp":1612938073,"path_taken":["M","?","M","?","M","E","R","E","T","?","?","M","E"],"items_purchased_type":[],"build_version":"2020-12-22","purchased_purges":0,"victory":false,"max_hp_per_floor":[80,80,80,80,80,80,80,80,80,80,80,80,80,80],"card_choices":[{"not_picked":["REME_SingleHolding","Blood for Blood"],"picked":"ReplayTheSpireMod:LeadingStrike","floor":1},{"not_picked":["Thunderclap","Iron Wave","Shockwave"],"picked":"SKIP","floor":3},{"not_picked":["Run Through","Anger","Iron Wave"],"picked":"SKIP","floor":4},{"not_picked":["Sentinel","Havoc"],"picked":"Clothesline","floor":5},{"not_picked":["REME_FearOfPain","ReplayTheSpireMod:Stacked","Blood for Blood"],"picked":"SKIP","floor":6},{"not_picked":["AT_BodySlamDance","Body Slam"],"picked":"Pummel","floor":8},{"not_picked":["REME_FearOfPain","Headbutt","Searing Blow"],"picked":"SKIP","floor":12}],"player_experience":538709,"relics_obtained":[{"floor":6,"key":"Turnip"},{"floor":8,"key":"REME_HandOfSuture"}],"event_choices":[{"damage_healed":0,"gold_gain":0,"player_choice":"2 cards matched","damage_taken":0,"max_hp_gain":0,"max_hp_loss":0,"event_name":"Match and Keep!","floor":2,"gold_loss":0,"cards_obtained":["Replay:Many Hands","REME_Cut"]},{"damage_healed":0,"gold_gain":0,"player_choice":"Grow","damage_taken":0,"max_hp_gain":0,"max_hp_loss":0,"event_name":"Living Wall","floor":10,"gold_loss":0,"cards_upgraded":["AT_BreakingExtremeWeapon"]}],"is_beta":false,"boss_relics":[],"items_purged_floors":[],"is_endless":false,"potions_floor_spawned":[1,4,5,12],"killed_by":"Gremlin Nob","ascension_level":10}}