{"host":"11728qvdvolffudn","time":1612961171,"event":{"mods":["BaseMod","Block Reminder","Colored Powertips","Curses Come First","Custom Start","Displayed Cursed Tome","Highlight Path","Minty Spire (QoL Compilation)","Permanent Neow","Quick Restart","Rare Cards Sparkle","Relic Stats","StSLib","Weighted Paths"],"gold_per_floor":[114,131,131,141,73,73,73,73,73,106,106,106,124,138,138,238,238,255,265,120,138,153,153,172,172,172],"floor_reached":25,"language":"ENG","playtime":880,"items_purged":["Strike_R"],"score":236,"play_id":"6d68015f-d0fd-4ded-82f2-9e630bbca8a2","local_time":"20210210124611","is_ascension_mode":true,"campfire_choices":[{"data":"Infernal Blade","floor":6,"key":"SMITH"},{"data":"Rampage","floor":8,"key":"SMITH"},{"data":"Rampage","floor":11,"key":"SMITH"},{"data":"Limit Break","floor":15,"key":"SMITH"},{"data":"Limit Break","floor":23,"key":"SMITH"}],"circlet_count":0,"master_deck":["Strike_R","Strike_R","Defend_R","Defend_R","Defend_R","Defend_R","Bash","Infernal Blade+1","Rampage+1","Limit Break+1","Rampage+1","Demon Form","Limit Break+1","Battle Trance","Inflame+1","Pummel"],"relics":["Burning Blood","HornCleat","Du-Vu Doll","Velvet Choker"],"acts_visited":["Exordium","TheCity"],"potions_floor_usage":[10,16,19,21,24],"damage_taken":[{"damage":7,"enemies":"Jaw Worm","floor":1,"turns":2},{"damage":9,"enemies":"2 Louse","floor":2,"turns":3},{"damage":1,"enemies":"Cultist","floor":4,"turns":3},{"damage":25,"enemies":"3 Sentries","floor":10,"turns":7},{"damage":22,"enemies":"Red Slaver","floor":13,"turns":5},{"damage":0,"enemies":"2 Fungi Beasts","floor":14,"turns":3},{"damage":20,"enemies":"Slime Boss","floor":16,"turns":4},{"damage":12,"enemies":"Shell Parasite","floor":18,"turns":4},{"damage":0,"enemies":"Spheric Guardian","floor":19,"turns":3},{"damage":26,"enemies":"Snake Plant","floor":21,"turns":5},{"damage":45,"enemies":"Shelled Parasite and Fungi","floor":22,"turns":5},{"damage":19,"enemies":"Sentry and Sphere","floor":24,"turns":4},{"damage":14,"enemies":"Centurion and Healer","floor":25,"turns":3}],"seed_played":"3384227550701543584","potions_obtained":[{"floor":4,"key":"SpeedPotion"},{"floor":10,"key":"DistilledChaos"},{"floor":13,"key":"Fire Potion"},{"floor":16,"key":"SkillPotion"},{"floor":18,"key":"Fire Potion"},{"floor":21,"key":"Strength Potion"}],"is_trial":false,"path_per_floor":["M","M","?","M","$","R","$","R","T","E","R","?","M","M","R","B",null,"M","M","$","M","M","R","M","M"],"character_chosen":"IRONCLAD","items_purchased":["Limit Break","Battle Trance"],"campfire_rested":0,"item_purchase_floors":[5,20],"current_hp_per_floor":[79,76,69,74,74,74,74,74,74,55,55,55,39,45,45,31,80,74,80,80,60,21,21,8,0,0],"gold":172,"neow_bonus":"THREE_CARDS","is_daily":false,"chose_seed":false,"campfire_upgraded":5,"win_rate":0.0,"timestamp":1612961171,"path_taken":["M","M","?","M","$","R","$","R","T","E","R","?","M","M","R","BOSS","M","M","$","?","M","R","M","M"],"items_purchased_type":["Card","Card"],"build_version":"2020-12-22","purchased_purges":1,"victory":false,"max_hp_per_floor":[80,80,80,80,80,80,80,80,80,80,80,80,80,80,80,80,80,80,80,80,80,80,80,80,80,80],"relic_stats":{"counters":[13,51],"obtain_stats":[{"Du-Vu Doll":10,"HornCleat":9,"Velvet Choker":17,"Burning Blood":0},{"Du-Vu Doll":4,"HornCleat":3,"Velvet Choker":7,"Burning Blood":0},{"Du-Vu Doll":15,"HornCleat":8,"Velvet Choker":27,"Burning Blood":0}],"Burning Blood":72},"card_choices":[{"not_picked":["Iron Wave","Shrug It Off"],"picked":"Infernal Blade","floor":0},{"not_picked":["Sword Boomerang","True Grit"],"picked":"Rampage","floor":1},{"not_picked":["Intimidate","Uppercut","Flame Barrier"],"picked":"SKIP","floor":2},{"not_picked":["Body Slam","Armaments","Hemokinesis"],"picked":"SKIP","floor":4},{"not_picked":["Heavy Blade","Searing Blow"],"picked":"Rampage","floor":10},{"not_picked":["Wild Strike","Shrug It Off","Impervious"],"picked":"SKIP","floor":13},{"not_picked":["Havoc","Dark Embrace","True Grit"],"picked":"SKIP","floor":14},{"not_picked":["Juggernaut","Impervious"],"picked":"Limit Break","floor":16},{"not_picked":["Havoc+1","Metallicize","Sever Soul+1"],"picked":"SKIP","floor":18},{"not_picked":["Combust+1","Anger","Burning Pact+1"],"picked":"SKIP","floor":19},{"not_picked":["Cleave+1","Battle Trance"],"picked":"Inflame+1","floor":21},{"not_picked":["Second Wind","Dual Wield+1","Disarm"],"picked":"SKIP","floor":22},{"not_picked":["Rampage+1","Heavy Blade"],"picked":"Pummel","floor":24}],"player_experience":188576,"relics_obtained":[{"floor":9,"key":"HornCleat"},{"floor":10,"key":"Du-Vu Doll"}],"event_choices":[{"cards_removed":["Strike_R"],"damage_healed":0,"gold_gain":0,"player_choice":"Card Removal","damage_taken":7,"max_hp_gain":0,"max_hp_loss":0,"event_name":"Golden Wing","floor":3,"gold_loss":0},{"damage_healed":0,"gold_gain":0,"cards_transformed":["Strike_R"],"player_choice":"Transformed","damage_taken":0,"max_hp_gain":0,"max_hp_loss":0,"event_name":"Transmorgrifier","floor":12,"gold_loss":0,"cards_obtained":["Demon Form"]}],"is_beta":false,"boss_relics":[{"not_picked":["Coffee Dripper","Tiny House"],"picked":"Velvet Choker"}],"items_purged_floors":[20],"is_endless":false,"potions_floor_spawned":[4,10,13,16,18,21],"killed_by":"Centurion and Healer","ascension_level":3}}