{"host":"2smcgt1ki1qcud40","time":1612964825,"event":{"mods":["BaseMod","Minty Spire (QoL Compilation)"],"gold_per_floor":[160,85,101,115,132,163,173,173,197,224,14,45,57,132,132,205,205,222,234,234,253,264,264,283,283,307,74,100,100,100,100,100,100,100],"floor_reached":33,"language":"ENG","playtime":1714,"items_purged":["Strike_P"],"score":581,"play_id":"c3aa9635-e4d6-4fe6-97cd-66a40ef45d0c","local_time":"20210210144705","is_ascension_mode":true,"campfire_choices":[{"data":"Consecrate","floor":8,"key":"SMITH"},{"floor":15,"key":"REST"},{"data":"RitualDagger","floor":23,"key":"SMITH"},{"floor":25,"key":"REST"},{"floor":32,"key":"REST"}],"circlet_count":0,"master_deck":["AscendersBane","Strike_P","Strike_P","Strike_P","Defend_P+1","Defend_P","Defend_P","Eruption","Vigilance","CutThroughFate","CutThroughFate","TalkToTheHand","Protect","Consecrate+1","ForeignInfluence","Tantrum","Wallop","Scrawl","FlurryOfBlows","EmptyBody","RitualDagger+1","Meditate","FlyingSleeves","LikeWater+1","LessonLearned","Ragnarok"],"relics":["Tiny House","Shuriken","Pen Nib","Bronze Scales","Omamori","Potion Belt","VioletLotus","Strawberry","WingedGreaves","Sundial"],"acts_visited":["Exordium","TheCity"],"potions_floor_usage":[4,6,10,12,18,21,24,28,30],"damage_taken":[{"damage":4,"enemies":"Small Slimes","floor":1,"turns":3},{"damage":0,"enemies":"2 Louse","floor":3,"turns":3},{"damage":4,"enemies":"Jaw Worm","floor":4,"turns":3},{"damage":17,"enemies":"3 Louse","floor":5,"turns":7},{"damage":12,"enemies":"Lagavulin","floor":6,"turns":9},{"damage":5,"enemies":"Blue Slaver","floor":7,"turns":3},{"damage":2,"enemies":"Gremlin Nob","floor":10,"turns":3},{"damage":0,"enemies":"Lagavulin","floor":12,"turns":2},{"damage":4,"enemies":"Looter","floor":13,"turns":3},{"damage":9,"enemies":"The Guardian","floor":16,"turns":6},{"damage":0,"enemies":"Spheric Guardian","floor":18,"turns":2},{"damage":24,"enemies":"2 Thieves","floor":19,"turns":3},{"damage":14,"enemies":"Chosen and Byrds","floor":21,"turns":5},{"damage":0,"enemies":"3 Cultists","floor":22,"turns":2},{"damage":13,"enemies":"Snecko","floor":24,"turns":3},{"damage":26,"enemies":"Book of Stabbing","floor":28,"turns":4},{"damage":0,"enemies":"Shelled Parasite and Fungi","floor":30,"turns":1},{"damage":30,"enemies":"Champ","floor":33,"turns":3}],"seed_played":"6066869393831767651","potions_obtained":[{"floor":0,"key":"Dexterity Potion"},{"floor":3,"key":"Fire Potion"},{"floor":6,"key":"BlessingOfTheForge"},{"floor":7,"key":"Swift Potion"},{"floor":10,"key":"AttackPotion"},{"floor":13,"key":"EssenceOfSteel"},{"floor":19,"key":"DuplicationPotion"},{"floor":22,"key":"Weak Potion"},{"floor":24,"key":"SkillPotion"},{"floor":28,"key":"SmokeBomb"}],"is_trial":false,"path_per_floor":["M","?","M","M","M","E","M","R","T","E","$","E","M","?","R","B",null,"M","M","?","M","M","R","M","R","T","$","E","?","M","?","R","B"],"character_chosen":"WATCHER","items_purchased":["Tantrum","Omamori","LessonLearned"],"campfire_rested":3,"item_purchase_floors":[11,11,27],"current_hp_per_floor":[62,62,62,58,41,29,24,24,24,22,22,22,18,7,28,19,60,60,36,30,16,16,16,3,24,31,31,5,5,5,5,29,0,0],"gold":100,"neow_bonus":"BOSS_RELIC","is_daily":false,"chose_seed":false,"campfire_upgraded":2,"win_rate":0.0,"timestamp":1612964825,"path_taken":["M","?","M","M","M","E","M","R","T","E","$","E","M","?","R","BOSS","M","M","?","M","M","R","M","R","T","$","E","?","M","?","R","BOSS"],"items_purchased_type":["Card","Relic","Card"],"build_version":"2020-12-22","purchased_purges":1,"victory":false,"max_hp_per_floor":[73,73,73,73,73,73,73,73,73,73,73,73,73,73,73,73,73,73,73,73,73,73,73,73,73,80,80,80,80,80,80,80,80,80],"card_choices":[{"not_picked":["LikeWater","CrushJoints"],"picked":"CutThroughFate","floor":0},{"not_picked":["FlyingSleeves","Wireheading"],"picked":"CutThroughFate","floor":1},{"not_picked":["BattleHymn","Wallop"],"picked":"TalkToTheHand","floor":3},{"not_picked":["Perseverance","Conclude"],"picked":"Protect","floor":4},{"not_picked":["JustLucky","Study","DeceiveReality"],"picked":"SKIP","floor":5},{"not_picked":["Evaluate","Judgement","CrushJoints"],"picked":"SKIP","floor":6},{"not_picked":["Study","PathToVictory"],"picked":"Consecrate","floor":7},{"not_picked":["Evaluate","CrushJoints"],"picked":"ForeignInfluence","floor":10},{"not_picked":["Sanctity","MasterReality"],"picked":"Wallop","floor":12},{"not_picked":["JustLucky","Consecrate","BowlingBash"],"picked":"SKIP","floor":13},{"not_picked":["Judgement","Alpha"],"picked":"Scrawl","floor":16},{"not_picked":["Protect","BowlingBash"],"picked":"FlurryOfBlows","floor":18},{"not_picked":["CutThroughFate","CrushJoints"],"picked":"EmptyBody","floor":19},{"not_picked":["Protect","Pray"],"picked":"Meditate","floor":21},{"not_picked":["Crescendo+1","ClearTheMind"],"picked":"FlyingSleeves","floor":22},{"not_picked":["ClearTheMind","Conclude"],"picked":"LikeWater+1","floor":24},{"not_picked":["Evaluate","SandsOfTime"],"picked":"Ragnarok","floor":28}],"player_experience":748312,"relics_obtained":[{"floor":6,"key":"Shuriken"},{"floor":9,"key":"Pen Nib"},{"floor":10,"key":"Bronze Scales"},{"floor":12,"key":"Potion Belt"},{"floor":26,"key":"Strawberry"},{"floor":28,"key":"WingedGreaves"}],"event_choices":[{"cards_removed":["Defend_P"],"damage_healed":0,"gold_gain":0,"player_choice":"Card Removal","damage_taken":0,"max_hp_gain":0,"max_hp_loss":0,"event_name":"The Cleric","floor":2,"gold_loss":75},{"damage_healed":0,"gold_gain":75,"player_choice":"Gather Gold","damage_taken":11,"max_hp_gain":0,"max_hp_loss":0,"event_name":"World of Goop","floor":14,"gold_loss":0},{"damage_healed":0,"gold_gain":0,"player_choice":"Joined the Cult","damage_taken":6,"max_hp_gain":0,"max_hp_loss":0,"event_name":"Nest","floor":20,"gold_loss":0,"cards_obtained":["RitualDagger"]},{"damage_healed":0,"gold_gain":0,"player_choice":"Ignored","damage_taken":0,"max_hp_gain":0,"max_hp_loss":0,"event_name":"Cursed Tome","floor":29,"gold_loss":0},{"damage_healed":0,"gold_gain":0,"player_choice":"Opened","damage_taken":0,"relics_obtained":["Sundial"],"max_hp_gain":0,"max_hp_loss":0,"event_name":"The Mausoleum","floor":31,"gold_loss":0,"cards_obtained":["Writhe"]}],"is_beta":false,"boss_relics":[{"not_picked":["Sozu","Cursed Key"],"picked":"VioletLotus"}],"items_purged_floors":[27],"is_endless":false,"potions_floor_spawned":[3,6,7,10,13,19,22,24,28],"killed_by":"Champ","ascension_level":17}}