{"host":"627up2rvtmm0cf0r","time":1612937459,"event":{"mods":["ATMod(°¢èªMod)","Act Like it!","BaseMod","Better Vampires","Bossed Relics","CapriCore","Card Filter","Card Forge","Colored Powertips","DeckTracker","Dota2Spire","Downfall","Energized Spire","Friendly Minions","Highlight Path","Infinite Spire","Jedi Mod","Minty Spire (QoL Compilation)","MostiFishMod","Permanent Neow","Practice Mode","Quick Restart","Relic Stats","Reliquary","Shop Mod","Spicy Shops","StSLib","SuperFastMode","TestMod","Warlord Emblem","¡¾ÒÅÎï¿¨ÅÆ¡¿REMEMod","óô»ðÖ¸ÄÏ"],"gold_per_floor":[99,113,513,146,146,146,146,158,185,70,70,98,98,126,141,236,236,236,255,355,370,370,370,370,370,405,505,539,558,271,293,309,412,412,211,231,264,37,57,57,81,137,150,150,164,86,101,133,183,183],"floor_reached":51,"language":"ZHS","playtime":1184,"items_purged":["bronze:Defend","bronze:Defend","bronze:Strike","bronze:Strike","bronze:Goto+1","AT_EmpoweredMortalDraw"],"score":2446,"play_id":"447cd306-a5e8-4f79-a82a-8d292047737c","local_time":"20210210141059","is_ascension_mode":true,"campfire_choices":[{"data":"bronze:Replicate","floor":1,"key":"SMITH"},{"data":"bronze:DelayedSlice","floor":11,"key":"SMITH"},{"data":"bronze:Goto","floor":13,"key":"SMITH"},{"data":"bronze:TinkerersToolbox","floor":18,"key":"SMITH"},{"floor":25,"key":"RECALL"}],"circlet_count":0,"master_deck":["bronze:Replicate+1","bronze:DelayedSlice+1","bronze:TinkerersToolbox+1","infinitespire:Collect+1","jedi:forcepush+1","CurseOfTheBell"],"relics":["bronze:BronzeCore","Hammer of Thor","Seething Fire","Anvil of the Gods","DaveBox","REME_ComplimentaryCards","AT_ATBox","testmod-Temperance","Civilization","Eternal Feather","ChiLing","Chi","Ling","Dota2Spire:AghanimScepter","Happy Flower","jedi:angrymask","Dota2Spire:MagicBottle","AT_MortalBlade","testmod-CyclicPeriapt","jedi:bottledfury","Dota2Spire:EchoSabre","testmod-DeterminationOfClimber","HollowDreamFlower","Dota2Spire:LinkenSphere","infinitespire:Golems Mask","downfall:HeartBlessingRed","downfall:HeartBlessingGreen","Calling Bell","Nunchaku","AT_SilvercatRing","FossilizedHelix","Sling","Dota2Spire:EyeOfSkadi","Centennial Puzzle","Dota2Spire:DrumOfEndurance","testmod-ArcanaOfDestiny","Dota2Spire:HandOfMidas","testmod-IntensifyImprint","testmod-ThousandKnives","DiscerningMonocle","Dota2Spire:LotusOrb","Dota2Spire:ArcaneBoots","HandDrill","AT_ImmortalShieldbow","AT_ForceNature","testmod-Muramasa"],"acts_visited":["Exordium","TheCity","TheBeyond"],"potions_floor_usage":[9,39],"damage_taken":[{"damage":8,"enemies":"Jaw Worm","floor":2,"turns":4},{"damage":0,"enemies":"downfall:FleeingMerchant","floor":4,"turns":4},{"damage":1,"enemies":"Small Slimes","floor":8,"turns":1},{"damage":3,"enemies":"Gremlin Nob","floor":9,"turns":1},{"damage":3,"enemies":"downfall:FleeingMerchant","floor":10,"turns":4},{"damage":3,"enemies":"Lagavulin","floor":12,"turns":2},{"damage":3,"enemies":"3 Sentries","floor":14,"turns":1},{"damage":3,"enemies":"2 Louse","floor":15,"turns":1},{"damage":3,"enemies":"IC_STATUS_ARCHETYPE","floor":16,"turns":1},{"damage":1,"enemies":"3 Byrds","floor":19,"turns":1},{"damage":3,"enemies":"SI_SHIV_ARCHETYPE","floor":20,"turns":2},{"damage":2,"enemies":"Shelled Parasite and Fungi","floor":21,"turns":1},{"damage":3,"enemies":"Nightmare","floor":26,"turns":1},{"damage":1,"enemies":"Slavers","floor":28,"turns":1},{"damage":3,"enemies":"Chosen and Byrds","floor":29,"turns":1},{"damage":2,"enemies":"Centurion and Healer","floor":31,"turns":1},{"damage":3,"enemies":"Shelled Parasite and Fungi","floor":32,"turns":1},{"damage":3,"enemies":"WA_ARCHETYPE_CALM","floor":33,"turns":1},{"damage":1,"enemies":"3 Shapes","floor":36,"turns":1},{"damage":2,"enemies":"downfall:FleeingMerchant","floor":37,"turns":1},{"damage":2,"enemies":"3 Darklings","floor":39,"turns":1},{"damage":2,"enemies":"Giant Head","floor":42,"turns":1},{"damage":0,"enemies":"Sphere and 2 Shapes","floor":43,"turns":1},{"damage":2,"enemies":"Maw","floor":45,"turns":1},{"damage":0,"enemies":"3 Darklings","floor":47,"turns":1},{"damage":0,"enemies":"Nightmare","floor":48,"turns":1},{"damage":0,"enemies":"4 Shapes","floor":49,"turns":1},{"damage":0,"enemies":"SI_POISON_ARCHETYPE","floor":50,"turns":1}],"seed_played":"-3749576992847157594","potions_obtained":[{"floor":8,"key":"Dota2Spire:HealingSalve"},{"floor":9,"key":"REME_GoldPotion"},{"floor":12,"key":"Fire Potion"},{"floor":21,"key":"DistilledChaos"},{"floor":33,"key":"testmod-EscapePotion"},{"floor":39,"key":"Fruit Juice"},{"floor":43,"key":"SteroidPotion"}],"is_trial":false,"path_per_floor":["R","M","?","$","?","?","T","M","E","$","R","E","R","E","M","B",null,"R","M","?","M","?","AVR","T","R","NM","?","E","M","R","M","M","B",null,"R","M","$","$","M","T","T","E","M","AVR","M","$","M","NM","M","B",null],"character_chosen":"THE_AUTOMATON","items_purchased":["Eternal Feather","ChiLing","jedi:forcepush","Sling","Dota2Spire:EyeOfSkadi","Centennial Puzzle","Dota2Spire:DrumOfEndurance","DiscerningMonocle","Dota2Spire:LotusOrb","Dota2Spire:ArcaneBoots","HandDrill","AT_ImmortalShieldbow","AT_ForceNature"],"campfire_rested":0,"item_purchase_floors":[4,4,30,35,37,38,38,46,46,46,46,46,46],"current_hp_per_floor":[70,63,63,64,64,64,64,66,67,68,71,73,76,78,80,82,103,103,107,109,112,112,112,112,115,122,122,128,130,133,138,140,146,148,148,153,162,162,171,171,171,176,183,183,186,186,193,198,203,208],"gold":183,"neow_bonus":"REMOVE_CARD","is_daily":false,"chose_seed":false,"campfire_upgraded":4,"win_rate":0.0,"timestamp":1612937459,"path_taken":["R","M","?","?","?","?","T","M","E","?","R","E","R","E","M","BOSS","R","M","?","M","?","AVR","T","R","NM","?","E","M","R","M","M","BOSS","R","M","?","$","M","?","T","E","M","AVR","M","$","M","NM","M","BOSS"],"items_purchased_type":["Relic","Relic","Card","Relic","Relic","Relic","Relic","Relic","Relic","Relic","Relic","Relic","Relic"],"build_version":"2020-12-22","purchased_purges":6,"victory":true,"max_hp_per_floor":[70,71,71,72,72,72,72,75,79,83,83,88,88,93,98,103,103,103,108,113,118,118,118,118,118,123,123,128,133,133,138,143,148,148,148,153,163,163,173,173,173,178,183,183,188,188,193,198,203,208],"relic_stats":{"Nunchaku":[3],"Centennial Puzzle":[8],"Happy Flower":[9],"counters":[28,39],"Eternal Feather":12,"HandDrill":[0],"obtain_stats":[{"jedi:angrymask":12,"Dota2Spire:EchoSabre":23,"bronze:BronzeCore":0,"AT_ATBox":0,"DaveBox":0,"testmod-Temperance":0,"Chi":4,"DiscerningMonocle":46,"downfall:HeartBlessingGreen":30,"Dota2Spire:DrumOfEndurance":38,"Hammer of Thor":0,"jedi:bottledfury":20,"Sling":35,"Dota2Spire:LotusOrb":46,"Dota2Spire:MagicBottle":14,"Civilization":0,"Nunchaku":34,"Centennial Puzzle":38,"Dota2Spire:EyeOfSkadi":37,"testmod-ThousandKnives":44,"infinitespire:Golems Mask":28,"testmod-DeterminationOfClimber":23,"HandDrill":46,"Dota2Spire:ArcaneBoots":46,"HollowDreamFlower":24,"testmod-ArcanaOfDestiny":40,"AT_ForceNature":46,"Dota2Spire:HandOfMidas":41,"testmod-IntensifyImprint":42,"testmod-Muramasa":48,"testmod-TestBox":0,"Happy Flower":9,"downfall:HeartBlessingRed":30,"AT_MortalBlade":17,"Eternal Feather":4,"testmod-CyclicPeriapt":20,"Seething Fire":0,"AT_SilvercatRing":34,"Calling Bell":34,"AT_ImmortalShieldbow":46,"Ling":4,"Dota2Spire:AghanimScepter":7,"Anvil of the Gods":0,"Dota2Spire:LinkenSphere":26,"FossilizedHelix":34,"REME_ComplimentaryCards":0,"ChiLing":4},{"jedi:angrymask":6,"Dota2Spire:EchoSabre":12,"bronze:BronzeCore":0,"AT_ATBox":0,"DaveBox":0,"testmod-Temperance":0,"Chi":2,"DiscerningMonocle":24,"downfall:HeartBlessingGreen":15,"Dota2Spire:DrumOfEndurance":20,"Hammer of Thor":0,"jedi:bottledfury":11,"Sling":18,"Dota2Spire:LotusOrb":24,"Dota2Spire:MagicBottle":7,"Civilization":0,"Nunchaku":18,"Centennial Puzzle":20,"Dota2Spire:EyeOfSkadi":20,"testmod-ThousandKnives":23,"infinitespire:Golems Mask":14,"testmod-DeterminationOfClimber":12,"HandDrill":24,"Dota2Spire:ArcaneBoots":24,"HollowDreamFlower":12,"testmod-ArcanaOfDestiny":21,"AT_ForceNature":24,"Dota2Spire:HandOfMidas":21,"testmod-IntensifyImprint":22,"testmod-Muramasa":26,"testmod-TestBox":0,"Happy Flower":4,"downfall:HeartBlessingRed":15,"AT_MortalBlade":9,"Eternal Feather":2,"testmod-CyclicPeriapt":11,"Seething Fire":0,"AT_SilvercatRing":18,"Calling Bell":18,"AT_ImmortalShieldbow":24,"Ling":2,"Dota2Spire:AghanimScepter":2,"Anvil of the Gods":0,"Dota2Spire:LinkenSphere":13,"FossilizedHelix":18,"REME_ComplimentaryCards":0,"ChiLing":2},{"jedi:angrymask":16,"Dota2Spire:EchoSabre":23,"bronze:BronzeCore":0,"AT_ATBox":0,"DaveBox":0,"testmod-Temperance":0,"Chi":8,"DiscerningMonocle":35,"downfall:HeartBlessingGreen":26,"Dota2Spire:DrumOfEndurance":31,"Hammer of Thor":0,"jedi:bottledfury":22,"Sling":29,"Dota2Spire:LotusOrb":35,"Dota2Spire:MagicBottle":17,"Civilization":0,"Nunchaku":29,"Centennial Puzzle":31,"Dota2Spire:EyeOfSkadi":31,"testmod-ThousandKnives":34,"infinitespire:Golems Mask":25,"testmod-DeterminationOfClimber":23,"HandDrill":35,"Dota2Spire:ArcaneBoots":35,"HollowDreamFlower":23,"testmod-ArcanaOfDestiny":32,"AT_ForceNature":35,"Dota2Spire:HandOfMidas":32,"testmod-IntensifyImprint":33,"testmod-Muramasa":37,"testmod-TestBox":0,"Happy Flower":10,"downfall:HeartBlessingRed":26,"AT_MortalBlade":19,"Eternal Feather":8,"testmod-CyclicPeriapt":22,"Seething Fire":0,"AT_SilvercatRing":29,"Calling Bell":29,"AT_ImmortalShieldbow":35,"Ling":8,"Dota2Spire:AghanimScepter":8,"Anvil of the Gods":0,"Dota2Spire:LinkenSphere":24,"FossilizedHelix":29,"REME_ComplimentaryCards":0,"ChiLing":8}]},"card_choices":[{"not_picked":["bronze:DelayedSlice","bronze:DelayedGuard","bronze:Backtrace"],"picked":"SKIP","floor":2},{"not_picked":["bronze:DelayedGuard","bronze:ItsAFeature","bronze:Branch"],"picked":"SKIP","floor":4},{"not_picked":["bronze:BuggyMess","bronze:BronzeOrb","bronze:Branch"],"picked":"SKIP","floor":8},{"not_picked":["bronze:BitShift","bronze:BronzeArmor","bronze:Optimize"],"picked":"SKIP","floor":9},{"not_picked":["bronze:DelayedGuard","bronze:Turbo","bronze:BurnOut"],"picked":"SKIP","floor":10},{"not_picked":["bronze:Repair","bronze:MaxOutput","bronze:DelayedGuard"],"picked":"SKIP","floor":12},{"not_picked":["bronze:BitShift","bronze:ChosenStrike"],"picked":"bronze:TinkerersToolbox","floor":14},{"not_picked":["bronze:Shield","bronze:Iterate","bronze:CutThrough"],"picked":"SKIP","floor":15},{"not_picked":["bronze:CutThrough+1","bronze:DelayedSlice+1","bronze:Invalidate"],"picked":"SKIP","floor":19},{"not_picked":["bronze:Branch","bronze:DelayedGuard+1","bronze:Shield+1"],"picked":"SKIP","floor":21},{"not_picked":["bronze:BronzeOrb","bronze:DelayedGuard+1","bronze:FollowUp"],"picked":"SKIP","floor":26},{"not_picked":["bronze:ChildClass","bronze:FineTuning+1","bronze:DigitalCarnage+1"],"picked":"SKIP","floor":28},{"not_picked":["bronze:DigitalCarnage","bronze:Deprecate","bronze:Iterate"],"picked":"SKIP","floor":29},{"not_picked":["bronze:Constructor+1","bronze:FineTuning+1","bronze:WhirlingStrike+1"],"picked":"SKIP","floor":31},{"not_picked":["bronze:Constructor+1","bronze:FineTuning+1","bronze:WhirlingStrike+1"],"picked":"SKIP","floor":31},{"not_picked":["bronze:Overheat+1","bronze:WildBeam","bronze:CutThrough+1"],"picked":"SKIP","floor":32},{"not_picked":["bronze:Repulsor","bronze:DelayedSlice","bronze:Repair+1"],"picked":"SKIP","floor":36},{"not_picked":["bronze:Repair","bronze:Separator+1","bronze:ItsAFeature+1"],"picked":"SKIP","floor":37},{"not_picked":["bronze:Philosophize+1","bronze:DelayedGuard","bronze:CutThrough"],"picked":"SKIP","floor":39},{"not_picked":["bronze:BugBarrage","bronze:InfiniteBeams+1","bronze:Optimize+1"],"picked":"SKIP","floor":42},{"not_picked":["bronze:BronzeOrb+1","bronze:ChosenStrike","bronze:Iterate+1"],"picked":"SKIP","floor":43},{"not_picked":["bronze:Allocate+1","bronze:Shield+1","bronze:BuggyMess"],"picked":"SKIP","floor":45},{"not_picked":["bronze:Boost+1","bronze:Iterate+1","bronze:BitShift+1"],"picked":"SKIP","floor":47},{"not_picked":["bronze:ItsAFeature+1","bronze:Refactor","bronze:Repair"],"picked":"SKIP","floor":48},{"not_picked":["bronze:OilSpill","bronze:Invalidate","bronze:Allocate+1"],"picked":"SKIP","floor":49}],"player_experience":154666,"relics_obtained":[{"floor":7,"key":"Dota2Spire:AghanimScepter"},{"floor":9,"key":"Happy Flower"},{"floor":12,"key":"jedi:angrymask"},{"floor":14,"key":"Dota2Spire:MagicBottle"},{"floor":20,"key":"testmod-CyclicPeriapt"},{"floor":20,"key":"jedi:bottledfury"},{"floor":24,"key":"HollowDreamFlower"},{"floor":26,"key":"Dota2Spire:LinkenSphere"},{"floor":28,"key":"infinitespire:Golems Mask"},{"floor":34,"key":"Nunchaku"},{"floor":34,"key":"AT_SilvercatRing"},{"floor":34,"key":"FossilizedHelix"},{"floor":40,"key":"testmod-ArcanaOfDestiny"},{"floor":41,"key":"Dota2Spire:HandOfMidas"},{"floor":42,"key":"testmod-IntensifyImprint"},{"floor":48,"key":"testmod-Muramasa"}],"event_choices":[{"damage_healed":0,"gold_gain":400,"player_choice":"Sell","damage_taken":0,"max_hp_gain":0,"max_hp_loss":0,"event_name":"¶÷ÂåË¹µÄÅÌ×Ó","floor":3,"relics_lost":["testmod-TestBox"],"gold_loss":0},{"damage_healed":0,"gold_gain":0,"player_choice":"Ignored","damage_taken":0,"max_hp_gain":0,"max_hp_loss":0,"event_name":"Vampires","floor":22,"gold_loss":0}],"is_beta":false,"boss_relics":[{"not_picked":["Velvet Choker","Astrolabe"],"picked":"AT_MortalBlade"},{"not_picked":["testmod-SaigiyounoYou","Dota2Spire:RefresherOrb"],"picked":"Calling Bell"}],"items_purged_floors":[4,10,23,35,44,46],"is_endless":false,"potions_floor_spawned":[8,9,12,21,31,32,33,36,39,43,49],"ascension_level":3}}