{"host":"qljq6nt1bltq73k9","time":1612962367,"event":{"mods":["BaseMod","Colored Map","Colored Powertips","Downfall","Minty Spire (QoL Compilation)","Quick Restart","Replay The Spire","StSLib","[IsaacMod]ÒÔÈö¼âËþ"],"gold_per_floor":[99999,100018,98866,98866,98966,98996,98213,98248,98322,98322,98339,97462,97472,97486,97486,97586,97586,97599,96238,96257,96280,96309,96321,96350,96362,96374,96400,96437,96364,96376,96405,96417,96531,96543,96575,95731,95731,95753,95781,95824,95840,95857,95857,95887,95887,95912,95465,95474,95497,95511,95523,95542,95556,95591,95619,94442,94451,94488,94538,94086,94117,94158,94207,94316,94374,94419,94479,94536,94580,94636,94645,94148,94186,94226,94273,93088,93088,93115,93115,93115,91158,91216,91392],"floor_reached":56,"language":"ZHS","playtime":4650,"items_purged":["sneckomod:Strike","sneckomod:Strike","Strike_G","Defend_G","Strike_G","Strike_G","Writhe","Strike_G","Languid","downfall:Bewildered","Blur","Sickly","Neutralize","Sickly"],"score":1646,"play_id":"28df621e-5a76-4bd8-8466-fd1f2bacc195","local_time":"20210210210607","is_ascension_mode":false,"campfire_choices":[{"floor":10.0,"key":"RECALL"},{"data":"Phantasmal Killer","floor":15.0,"key":"SMITH"},{"data":"ReplayTheSpireMod:Brewmster","floor":23.0,"key":"SMITH"},{"data":"Terror","floor":30.0,"key":"SMITH"},{"floor":32.0,"key":"DIG"},{"floor":49,"key":"DIG"},{"floor":52,"key":"DIG"}],"circlet_count":0,"master_deck":["EpicFetus","Dagger Spray+1","Accuracy","Master of Strategy","ReplayTheSpireMod:Tripwire","Poisoned Stab+1","Phantasmal Killer+1","Infinite Blades","Poisoned Stab+1","Noxious Fumes","Backstab+1","Replay:Bag of Tricks","AbeCurse","Blade Dance","ReplayTheSpireMod:Brewmster+1","Prepared+1","ReplayTheSpireMod:From All Sides+1","Blade Dance","Terror+1","Blade Dance+1","Storm of Steel+1","Caltrops","ReplayTheSpireMod:Trickstab+1","Noxious Fumes+1","Calculated Gamble+1","After Image","Sneak Up","ReplayTheSpireMod:Scrap Shanks+1","Finisher+1","Night Terror","Footwork","Caltrops+1","After Image","ReplayTheSpireMod:Shiv Toss","Well Laid Plans+1","Sucker Punch+1","Choke+1","Bouncing Flask+1","Setup","Blade Dance+1","Heel Hook+1","Heel Hook+1","Footwork","Eviscerate+1","Accuracy","Setup+1","Crippling Poison+1","PiercingWail+1","Outmaneuver+1","Adrenaline","All Out Attack+1","Atom Bomb+1","Bullet Time+1","Panacea","EpicFetus","ReplayTheSpireMod:Brewmster+1","Master of Strategy","Panacea","Blade Dance+1"],"relics":["Ring of the Snake","HushsDoor","Bird Faced Urn","Orichalcum","Lantern","Divine Protection","PillsDrop","BFFS","Garlic","Strawberry","Gremlin Horn","DeathBook","Anchor","Molten Egg 2","AnarchistCookbook","StoneCalendar","TheBattery","Pet Ghost","Quantum Egg","Abe\u0027s Treasure","GuppysTail","Omamori","Singing Bowl","BloodDonationMachine","Cauldron","MawBank","BookofShadows","Lizard Tail","Bag of Marbles","Necronomicon","Prayer Wheel","PreservedInsect","TheBean","D6","Potion Belt","Iron Hammer","Boot","Cursed Key","GuppysHead","GuppysHairball","Letter Opener","CeramicFish","Question Card","Toolbox","Blood Vial","hexamod:BolsterEngine","StrikeDummy","Snack Pack","Blue Doll","Smiling Mask","Du-Vu Doll","Membership Card","Replay:WaspNest","Replay:Bottled Steam","TungstenRod","Sundial","Pen Nib","Pantograph","Oddly Smooth Stone","Ancient Tea Set","Chaos","ReplayTheSpireMod:TigerMarble","Symbiotic Virus","GnawedLeaf","Shovel","Ring of the Serpent","Dead Branch","CaptainsWheel","Unceasing Top","Void","Calipers","Kunai","RottenBaby","Replay:Ringing Soul","Replay:Bandana","Honey Jar","Runic Capacitor","Lee\u0027s Waffle","Juzu Bracelet","Kintsugi","Bronze Scales","HowToJump","Darkstone Periapt","Incubus","ReplayTheSpireMod:DimensionalGlitch","Tough Bandages","Onion Ring","Medical Kit","Replay:Kaleidoscope","Pear","Replay:PocketPolymizer","Whetstone","War Paint","Vampiric Spirits","D4","PrismaticShard","BargainBundle","Replay:Arrowhead","Astrolabe","ReplayTheSpireMod:ShopPack","Thread and Needle","EdensBlessing","Tiny House","Snake Skull","Painkiller Herb","MagicMushroom","Solar Panel","Ninja Scroll"],"acts_visited":["Exordium","TheCity","TheBeyond","TheEnding"],"potions_floor_usage":[55,55,55,55,55,55,55,55,55,55,55,55,55,55,55,55,55,55,55,55,55,55,55,55,55,55,55,55],"damage_taken":[{"damage":0.0,"enemies":"Jaw Worm","floor":1.0,"turns":5.0},{"damage":0.0,"enemies":"2 Louse","floor":2.0,"turns":3.0},{"damage":0.0,"enemies":"3 Sentries","floor":6.0,"turns":4.0},{"damage":0.0,"enemies":"Gremlin Nob","floor":8.0,"turns":3.0},{"damage":0.0,"enemies":"Small Slimes","floor":11.0,"turns":2.0},{"damage":0.0,"enemies":"Gremlin Gang","floor":13.0,"turns":3.0},{"damage":0.0,"enemies":"Exordium Thugs","floor":14.0,"turns":4.0},{"damage":0.0,"enemies":"Hexaghost","floor":16.0,"turns":3.0},{"damage":0.0,"enemies":"Chosen","floor":18.0,"turns":4.0},{"damage":0.0,"enemies":"2 Thieves","floor":20.0,"turns":1.0},{"damage":0.0,"enemies":"3 Cultists","floor":21.0,"turns":3.0},{"damage":0.0,"enemies":"Sentry and Sphere","floor":22.0,"turns":4.0},{"damage":0.0,"enemies":"Snecko","floor":24.0,"turns":2.0},{"damage":0.0,"enemies":"Cultist and Chosen","floor":27.0,"turns":2.0},{"damage":0.0,"enemies":"Gremlin Leader","floor":28.0,"turns":1.0},{"damage":0.0,"enemies":"Centurion and Healer","floor":31.0,"turns":1.0},{"damage":0.0,"enemies":"Pondfish","floor":33.0,"turns":2.0},{"damage":0.0,"enemies":"3 Shapes","floor":35.0,"turns":1.0},{"damage":0.0,"enemies":"3 Darklings","floor":38.0,"turns":1.0},{"damage":0.0,"enemies":"4 Shapes","floor":39.0,"turns":1.0},{"damage":0.0,"enemies":"Reptomancer","floor":40.0,"turns":1.0},{"damage":0.0,"enemies":"Transient","floor":41.0,"turns":4.0},{"damage":0.0,"enemies":"Sphere and 2 Shapes","floor":42.0,"turns":1.0},{"damage":0.0,"enemies":"Nemesis","floor":44.0,"turns":1.0},{"damage":0.0,"enemies":"3 Darklings","floor":46.0,"turns":1.0},{"damage":0.0,"enemies":"3 Darklings","floor":35.0,"turns":1.0},{"damage":0.0,"enemies":"Orb Walker","floor":36.0,"turns":1.0},{"damage":0.0,"enemies":"Jaw Worm Horde","floor":37.0,"turns":1.0},{"damage":0.0,"enemies":"Sphere and 2 Shapes","floor":38.0,"turns":1.0},{"damage":0.0,"enemies":"4 Shapes","floor":39.0,"turns":1.0},{"damage":0.0,"enemies":"R_Hoarder","floor":40.0,"turns":1.0},{"damage":0.0,"enemies":"Maw","floor":41.0,"turns":1.0},{"damage":0.0,"enemies":"Nemesis","floor":44.0,"turns":1.0},{"damage":0.0,"enemies":"Mind Bloom Boss Battle","floor":45.0,"turns":1.0},{"damage":0.0,"enemies":"Sphere and 2 Shapes","floor":47.0,"turns":1.0},{"damage":0.0,"enemies":"Jaw Worm Horde","floor":48.0,"turns":1.0},{"damage":0.0,"enemies":"3 Shapes","floor":35.0,"turns":1.0},{"damage":0.0,"enemies":"Writhing Mass","floor":37.0,"turns":1.0},{"damage":0.0,"enemies":"Sphere and 2 Shapes","floor":38.0,"turns":1.0},{"damage":0.0,"enemies":"Jaw Worm Horde","floor":39.0,"turns":1.0},{"damage":0,"enemies":"R_Hoarder","floor":40,"turns":1},{"damage":0,"enemies":"Writhing Mass","floor":41,"turns":1},{"damage":0,"enemies":"Reptomancer","floor":42,"turns":1},{"damage":0,"enemies":"R_Hoarder","floor":45,"turns":1},{"damage":0,"enemies":"3 Darklings","floor":46,"turns":1},{"damage":0,"enemies":"Spire Growth","floor":47,"turns":1},{"damage":0,"enemies":"Shield and Spear","floor":54,"turns":1},{"damage":0,"enemies":"Delirium","floor":55,"turns":7}],"seed_played":"-2786297578376959759","potions_obtained":[{"floor":1.0,"key":"Fire Potion"},{"floor":11.0,"key":"Fire Potion"},{"floor":18.0,"key":"Reflective Coating"},{"floor":19.0,"key":"LifebloodPotion"},{"floor":19.0,"key":"Swift Potion"},{"floor":19.0,"key":"Guardian:BlockOnCardUsePotion"},{"floor":19.0,"key":"AttackPotion"},{"floor":19.0,"key":"GamblersBrew"},{"floor":28.0,"key":"Regen Potion"},{"floor":31.0,"key":"Explosive Potion"},{"floor":33.0,"key":"Ancient Potion"},{"floor":35.0,"key":"ColorlessPotion"},{"floor":40.0,"key":"ColorlessPotion"},{"floor":35.0,"key":"FearPotion"},{"floor":39,"key":"Elixir"},{"floor":41,"key":"Languid Potion"},{"floor":45,"key":"CunningPotion"},{"floor":53,"key":"ColorlessPotion"}],"is_trial":false,"path_per_floor":["M","M","$","?","?","E","$","E","T","R","M","$","M","M","R","B",null,"M","$","M","M","M","R","M","?","T","M","E","?","R","M","R_BF","B",null,"M","$","?","M","M","E","M","M","T","E","?","M","$","?","M","M","M","M","M","E","M","$","T","E","?","$","M","M","M","?","M","M","M","E","M","E","T","$","E","M","M","$","R","B",null,"R","$","E","B",null],"character_chosen":"THE_SILENT","items_purchased":["Divine Protection","PillsDrop","BFFS","Accuracy","Master of Strategy","SkillPotion","LiquidBronze","ReplayTheSpireMod:Tripwire","Gremlin Horn","DeathBook","Infinite Blades","SteroidPotion","FearPotion","Regal Pillow","StoneCalendar","TheBattery","DuplicationPotion","Noxious Fumes","GuppysTail","Singing Bowl","Blade Dance","ReplayTheSpireMod:Brewmster","BloodDonationMachine","Cauldron","DistilledChaos","Prepared+1","ReplayTheSpireMod:From All Sides+1","GuppysHead","GuppysHairball","CeramicFish","Question Card","Toolbox","Caltrops","ReplayTheSpireMod:Trickstab+1","Membership Card","Replay:WaspNest","Replay:Bottled Steam","Symbiotic Virus","GnawedLeaf","Shovel","Footwork","Ring of the Serpent","Dead Branch","Caltrops+1","RottenBaby","Replay:Ringing Soul","Replay:Bandana","Onion Ring","Medical Kit","Replay:Kaleidoscope","ChaosCard","Accuracy","Vampiric Spirits","D4","PrismaticShard","Adrenaline","BargainBundle","Replay:Arrowhead","Astrolabe","Panacea","EdensBlessing","Tiny House","Snake Skull","Painkiller Herb","MagicMushroom","Solar Panel","EntropicBrew"],"campfire_rested":0,"item_purchase_floors":[3,3,3,3,3,3,3,3,7,7,7,7,7,12,12,12,12,12,17,19,19,19,19,19,19,19,19,34,34,36,36,36,36,36,47,47,47,42,42,42,42,42,42,42,46,46,46,44,44,44,44,44,48,48,48,48,48,48,48,48,53,53,53,53,53,53,53],"current_hp_per_floor":[70,70,70,70,70,77,77,80,80,80,80,80,80,75,75,75,65,65,65,67,69,69,69,71,55,55,61,61,61,61,65,65,73,57,61,61,63,65,65,65,69,73,73,75,75,77,77,77,82,89,93,97,101,103,105,105,105,105,107,107,114,121,128,133,142,149,151,156,163,163,172,175,190,197,199,202,202,209,209,209,226,231,231],"gold":91392,"neow_bonus":"ONE_RARE_RELIC","is_daily":false,"chose_seed":false,"campfire_upgraded":3,"win_rate":0.0,"timestamp":1612962367,"path_taken":["M","M","$","?","?","E","$","E","T","R","M","$","M","M","R","BOSS","M","$","M","M","M","R","M","?","T","M","E","?","R","M","R_BF","BOSS","M","$","?","M","M","E","M","M","T","E","?","M","$","?","M","M","M","?","M","E","M","$","T","E","?","$","M","M","M","?","M","M","M","E","M","E","T","$","E","M","M","$","R","BOSS","R","$","E","BOSS"],"items_purchased_type":["Relic","Relic","Relic","Card","Card","Potion","Potion","Card","Relic","Relic","Card","Potion","Potion","Relic","Relic","Relic","Potion","Card","Relic","Relic","Card","Card","Relic","Relic","Potion","Card","Card","Relic","Relic","Relic","Relic","Relic","Card","Card","Relic","Relic","Relic","Relic","Relic","Relic","Card","Relic","Relic","Card","Relic","Relic","Relic","Relic","Relic","Relic","Card","Card","Relic","Relic","Relic","Card","Relic","Relic","Relic","Card","Relic","Relic","Relic","Relic","Relic","Relic","Potion"],"build_version":"2020-12-22","purchased_purges":14,"victory":true,"max_hp_per_floor":[70,70,70,70,70,77,77,80,80,80,80,80,80,75,75,75,65,65,65,67,69,69,69,71,71,71,75,75,75,75,77,77,77,57,61,61,63,65,65,65,69,73,73,75,75,77,77,77,82,89,93,97,101,103,105,105,105,105,107,107,114,121,128,133,142,149,151,156,163,163,172,175,190,197,199,202,202,209,209,209,226,231,231],"card_choices":[{"not_picked":[],"picked":"EpicFetus","floor":0.0},{"not_picked":["Poisoned Stab","Calculated Gamble"],"picked":"Dagger Spray","floor":1.0},{"not_picked":["ReplayTheSpireMod:Exploit Weakness","Deflect","Prepared"],"picked":"SKIP","floor":2.0},{"not_picked":["Deflect","ReplayTheSpireMod:Shiv Toss"],"picked":"Poisoned Stab","floor":5.0},{"not_picked":["Distraction","Poisoned Stab"],"picked":"Phantasmal Killer","floor":6.0},{"not_picked":["Sucker Punch+1","Underhanded Strike+1"],"picked":"Poisoned Stab+1","floor":8.0},{"not_picked":["Deadly Poison","ReplayTheSpireMod:Exploit Weakness","Escape Plan"],"picked":"SKIP","floor":11.0},{"not_picked":["Tactician","Riddle With Holes+1"],"picked":"Backstab+1","floor":13.0},{"not_picked":["PiercingWail","Dagger Spray+1"],"picked":"Bomb","floor":14.0},{"not_picked":["Doppelganger","ReplayTheSpireMod:From All Sides+1"],"picked":"Replay:Bag of Tricks","floor":16.0},{"not_picked":["Sucker Punch+1","Deflect","Underhanded Strike+1"],"picked":"SKIP","floor":18.0},{"not_picked":["Flying Knee+1","Dagger Spray+1","Catalyst"],"picked":"Singing Bowl","floor":20.0},{"not_picked":["Heel Hook+1","PiercingWail","Slice+1"],"picked":"Singing Bowl","floor":21.0},{"not_picked":["Deadly Poison","Acrobatics"],"picked":"Blade Dance","floor":22.0},{"not_picked":["Deadly Poison","Grand Finale+1","Catalyst+1"],"picked":"Singing Bowl","floor":24.0},{"not_picked":["Deflect+1","Poisoned Stab+1","Dagger Spray+1"],"picked":"Singing Bowl","floor":27.0},{"not_picked":["Escape Plan+1","Outmaneuver","Sucker Punch+1"],"picked":"Singing Bowl","floor":27.0},{"not_picked":["Concentrate+1","Backflip"],"picked":"Terror","floor":28.0},{"not_picked":["Backflip+1","Acrobatics","ReplayTheSpireMod:Exploit Weakness"],"picked":"Singing Bowl","floor":31.0},{"not_picked":["Terror","Heel Hook+1"],"picked":"Blade Dance+1","floor":31.0},{"not_picked":["Wraith Form v2","Venomology"],"picked":"Storm of Steel","floor":33.0},{"not_picked":["Eviscerate+1","Distraction","Sucker Punch+1"],"picked":"Singing Bowl","floor":35.0},{"not_picked":["Dagger Throw+1","Underhanded Strike+1","Bane+1"],"picked":"Singing Bowl","floor":35.0},{"not_picked":["Purity","Bandage Up","Good Instincts","Survey Options"],"picked":"Singing Bowl","floor":37.0},{"not_picked":["Underhanded Strike+1","Toxin Wave+1","Outmaneuver+1"],"picked":"Noxious Fumes+1","floor":38.0},{"not_picked":["Underhanded Strike+1","Flechettes+1","Hidden Blade","Bane+1"],"picked":"Singing Bowl","floor":38.0},{"not_picked":["Slice+1","Acrobatics","Backflip+1"],"picked":"Calculated Gamble+1","floor":39.0},{"not_picked":["ReplayTheSpireMod:Speed Training","Caltrops","Prepared"],"picked":"After Image","floor":39.0},{"not_picked":["Dodge and Roll+1","Blade Dance+1","PiercingWail"],"picked":"Sneak Up","floor":40.0},{"not_picked":["Replay:Poison Smokescreen","Outmaneuver+1","Dash+1","Acrobatics+1"],"picked":"Singing Bowl","floor":41.0},{"not_picked":["Dagger Throw+1","Finisher+1","Dagger Spray+1","Quick Slash+1"],"picked":"Singing Bowl","floor":41.0},{"not_picked":["PiercingWail","Blade Dance+1","Outmaneuver+1","Sucker Punch+1"],"picked":"Singing Bowl","floor":42.0},{"not_picked":["Prepared+1","Sucker Punch+1","Dagger Throw+1","Quick Slash+1"],"picked":"Singing Bowl","floor":42.0},{"not_picked":["Blade Dance","Flechettes+1","Flying Knee+1","PiercingWail"],"picked":"Singing Bowl","floor":44.0},{"not_picked":["Poisoned Stab+1","Choke+1","Backflip"],"picked":"ReplayTheSpireMod:Scrap Shanks+1","floor":46.0},{"not_picked":["Slice+1","PiercingWail","Blade Dance+1","Dagger Spray+1"],"picked":"Singing Bowl","floor":46.0},{"not_picked":["Slice+1","Heel Hook+1","Dagger Throw+1"],"picked":"Finisher+1","floor":35.0},{"not_picked":["Dagger Throw+1","Burst","Flying Knee+1","Dagger Spray+1"],"picked":"Singing Bowl","floor":35.0},{"not_picked":["Dodge and Roll","Sucker Punch+1","Distraction+1","Poisoned Stab+1"],"picked":"Singing Bowl","floor":36.0},{"not_picked":["ReplayTheSpireMod:The Works+1","Toxin Wave","Deflect+1","Acrobatics+1"],"picked":"Singing Bowl","floor":36.0},{"not_picked":["Escape Plan+1","Deadly Poison+1","PiercingWail","ReplayTheSpireMod:Speed Training+1"],"picked":"Singing Bowl","floor":37.0},{"not_picked":["Slice+1","Underhanded Strike+1","Replay:Bag of Tricks","Outmaneuver"],"picked":"Singing Bowl","floor":37.0},{"not_picked":["Heel Hook+1","Expertise+1","ReplayTheSpireMod:The Works+1","Dagger Throw+1"],"picked":"Singing Bowl","floor":38.0},{"not_picked":["Outmaneuver+1","Flying Knee+1","Underhanded Strike+1","Dagger Throw+1"],"picked":"Singing Bowl","floor":38.0},{"not_picked":["Unload+1","Underhanded Strike+1","Heel Hook+1","Cloak And Dagger+1"],"picked":"Singing Bowl","floor":39.0},{"not_picked":["Escape Plan+1","Hidden Blade","Quick Slash+1","Underhanded Strike+1"],"picked":"Singing Bowl","floor":39.0},{"not_picked":["Bane+1","Hidden Blade","Acrobatics","Deadly Poison+1"],"picked":"Singing Bowl","floor":40.0},{"not_picked":["Sucker Punch+1","Flying Knee+1","Blade Dance","Deflect+1"],"picked":"Singing Bowl","floor":41.0},{"not_picked":["Backflip","Bane+1","Setup+1"],"picked":"Night Terror","floor":41.0},{"not_picked":["Replay:Poison Smokescreen+1","Eviscerate+1","Flying Knee+1"],"picked":"After Image","floor":44.0},{"not_picked":["Crippling Poison","Poisoned Stab+1","Deadly Poison+1","Draining Mist"],"picked":"Singing Bowl","floor":45.0},{"not_picked":["Poison Darts","PiercingWail","Hidden Blade+1","Underhanded Strike+1"],"picked":"Singing Bowl","floor":47.0},{"not_picked":["Hidden Blade","Dagger Spray+1","Sucker Punch+1","Outmaneuver"],"picked":"Singing Bowl","floor":47.0},{"not_picked":["Outmaneuver+1","Venomology","ReplayTheSpireMod:Exploit Weakness","Underhanded Strike+1"],"picked":"Singing Bowl","floor":48.0},{"not_picked":["Dagger Throw+1","ReplayTheSpireMod:Shiv Toss","Bane+1","Infinite Blades"],"picked":"Singing Bowl","floor":48.0},{"not_picked":["Well Laid Plans+1","Distraction","Underhanded Strike+1","Prepared","Blade Dance"],"picked":"Singing Bowl","floor":35.0},{"not_picked":["Sucker Punch+1","Hidden Blade","Bouncing Flask","Outmaneuver","PiercingWail"],"picked":"Singing Bowl","floor":35.0},{"not_picked":["Choke+1","Endless Agony+1","Bane+1","Hidden Blade","Tools of the Trade"],"picked":"Singing Bowl","floor":36.0},{"not_picked":["Dodge and Roll+1","Underhanded Strike+1","Hidden Blade","Prepared+1","ReplayTheSpireMod:Shiv Toss+1"],"picked":"Singing Bowl","floor":37.0},{"not_picked":["Bane+1","Caltrops","Blur","Choke+1","Phantasmal Killer"],"picked":"Singing Bowl","floor":37.0},{"not_picked":["Quick Slash+1","Dagger Spray+1","Backflip","Cloak And Dagger","Slice+1"],"picked":"Singing Bowl","floor":38.0},{"not_picked":["Finisher+1","Bouncing Flask","Terror","Prepared+1","PiercingWail+1"],"picked":"Singing Bowl","floor":38.0},{"not_picked":["Dagger Throw+1","Bane+1","Prepared","Hidden Blade","Setup"],"picked":"Singing Bowl","floor":39},{"not_picked":["Dodge and Roll","Sucker Punch+1","Draining Mist","Blade Dance+1","Setup+1"],"picked":"Singing Bowl","floor":39},{"not_picked":["Endless Agony+1","Cloak And Dagger+1","Heel Hook+1","Concentrate","Bane+1"],"picked":"Singing Bowl","floor":40},{"not_picked":["Footwork+1","Blade Dance+1","Heel Hook+1","Flying Knee+1","Noxious Fumes"],"picked":"Singing Bowl","floor":41},{"not_picked":["Blade Dance","Flying Knee+1","PiercingWail","Hidden Blade","Footwork"],"picked":"Singing Bowl","floor":41},{"not_picked":["Slice+1","Eviscerate+1","Cloak And Dagger+1","Dodge and Roll","Acrobatics"],"picked":"Singing Bowl","floor":42},{"not_picked":["Setup+1","Dagger Spray+1","Backflip","Dagger Throw+1","Acrobatics"],"picked":"Singing Bowl","floor":45},{"not_picked":["Dash+1","Phantasmal Killer","Masterful Stab+1","Quick Slash+1","Slice+1"],"picked":"Singing Bowl","floor":46},{"not_picked":["Acrobatics","Endless Agony+1","PiercingWail+1","All Out Attack+1","Crippling Poison+1"],"picked":"Singing Bowl","floor":46},{"not_picked":["PiercingWail+1","Deadly Poison","Backstab+1","Draining Mist","Prepared+1"],"picked":"Singing Bowl","floor":47},{"not_picked":["Acrobatics","Endless Agony+1","Poisoned Stab+1","Flying Knee+1","Outmaneuver+1"],"picked":"Singing Bowl","floor":47},{"not_picked":["Mayhem","DoctorFetus","The Bomb","EpicFetus","Master of Strategy"],"picked":"Singing Bowl","floor":50},{"not_picked":["Forethought","ReplayTheSpireMod:Uncanny Aura","Jack Of All Trades","Replay:Sssssssssshield"],"picked":"ReplayTheSpireMod:Brewmster","floor":50},{"not_picked":["Deep Breath","Mind Blast","Dark Shackles","Bandage Up","Master of Strategy"],"picked":"Singing Bowl","floor":50},{"not_picked":["Panacea","Quick Slash+1","hexamod:FlamesFromBeyond","Outmaneuver","FlyingSleeves+1"],"picked":"Singing Bowl","floor":53},{"not_picked":["Guardian:TemporalStrike+1","hexamod:EmpoweredFlame","Blade Dance+1","sneckomod:QuickMove","hexamod:HeatCrush+1"],"picked":"Singing Bowl","floor":54}],"player_experience":461428,"relics_obtained":[{"floor":1.0,"key":"Orichalcum"},{"floor":2.0,"key":"Lantern"},{"floor":6.0,"key":"Garlic"},{"floor":6.0,"key":"Strawberry"},{"floor":8.0,"key":"Anchor"},{"floor":8.0,"key":"Molten Egg 2"},{"floor":11.0,"key":"AnarchistCookbook"},{"floor":13.0,"key":"Pet Ghost"},{"floor":14.0,"key":"Quantum Egg"},{"floor":18.0,"key":"Omamori"},{"floor":20.0,"key":"MawBank"},{"floor":21.0,"key":"BookofShadows"},{"floor":22.0,"key":"Lizard Tail"},{"floor":24.0,"key":"Bag of Marbles"},{"floor":25.0,"key":"Necronomicon"},{"floor":26.0,"key":"Prayer Wheel"},{"floor":27.0,"key":"PreservedInsect"},{"floor":28.0,"key":"TheBean"},{"floor":28.0,"key":"D6"},{"floor":31.0,"key":"Iron Hammer"},{"floor":32.0,"key":"Boot"},{"floor":35.0,"key":"Letter Opener"},{"floor":38.0,"key":"Blood Vial"},{"floor":39.0,"key":"hexamod:BolsterEngine"},{"floor":40.0,"key":"StrikeDummy"},{"floor":40.0,"key":"Snack Pack"},{"floor":41.0,"key":"ForgetMeNow"},{"floor":43.0,"key":"Diplopia"},{"floor":44.0,"key":"Blue Doll"},{"floor":44.0,"key":"Smiling Mask"},{"floor":46.0,"key":"Du-Vu Doll"},{"floor":35.0,"key":"TungstenRod"},{"floor":36.0,"key":"Sundial"},{"floor":37.0,"key":"Pen Nib"},{"floor":38.0,"key":"Pantograph"},{"floor":39.0,"key":"Oddly Smooth Stone"},{"floor":40.0,"key":"Ancient Tea Set"},{"floor":40.0,"key":"Chaos"},{"floor":41.0,"key":"ReplayTheSpireMod:TigerMarble"},{"floor":43.0,"key":"CaptainsWheel"},{"floor":44.0,"key":"Unceasing Top"},{"floor":44.0,"key":"Void"},{"floor":45.0,"key":"Calipers"},{"floor":45.0,"key":"Kunai"},{"floor":48.0,"key":"Honey Jar"},{"floor":35.0,"key":"Runic Capacitor"},{"floor":37.0,"key":"Lee\u0027s Waffle"},{"floor":38.0,"key":"Juzu Bracelet"},{"floor":39,"key":"Kintsugi"},{"floor":40,"key":"Bronze Scales"},{"floor":40,"key":"HowToJump"},{"floor":41,"key":"Darkstone Periapt"},{"floor":42,"key":"Incubus"},{"floor":42,"key":"ReplayTheSpireMod:DimensionalGlitch"},{"floor":43,"key":"Tough Bandages"},{"floor":45,"key":"Pear"},{"floor":45,"key":"Replay:PocketPolymizer"},{"floor":46,"key":"Whetstone"},{"floor":47,"key":"War Paint"},{"floor":49,"key":"ReplayTheSpireMod:ShopPack"},{"floor":52,"key":"Thread and Needle"},{"floor":54,"key":"Ninja Scroll"}],"event_choices":[{"damage_healed":0.0,"max_hp_gain":0.0,"max_hp_loss":0.0,"gold_gain":0.0,"event_name":"Shining Light","player_choice":"Ignored","floor":4.0,"gold_loss":0.0,"damage_taken":0.0},{"damage_healed":0.0,"max_hp_gain":0.0,"max_hp_loss":0.0,"gold_gain":0.0,"event_name":"Cursed Tome","player_choice":"Obtained Book","floor":25.0,"gold_loss":0.0,"damage_taken":16.0},{"damage_healed":0.0,"max_hp_gain":0.0,"max_hp_loss":0.0,"gold_gain":0.0,"event_name":"Addict","player_choice":"Obtained Relic","floor":29.0,"gold_loss":85.0,"damage_taken":0.0,"relics_obtained":["Potion Belt"]},{"damage_healed":0.0,"max_hp_gain":0.0,"max_hp_loss":0.0,"gold_gain":0.0,"event_name":"SensoryStone","player_choice":"Memory 1","floor":37.0,"gold_loss":0.0,"damage_taken":0.0},{"cards_removed":["Defend_G"],"damage_healed":0.0,"max_hp_gain":0.0,"max_hp_loss":0.0,"gold_gain":0.0,"event_name":"Falling","player_choice":"Removed Skill","floor":45.0,"gold_loss":0.0,"damage_taken":0.0},{"damage_healed":19.0,"max_hp_gain":0.0,"max_hp_loss":0.0,"gold_gain":0.0,"event_name":"Winding Halls","player_choice":"Writhe","floor":48.0,"gold_loss":0.0,"damage_taken":0.0,"cards_obtained":["Writhe"]},{"damage_healed":0.0,"max_hp_gain":0.0,"max_hp_loss":0.0,"gold_gain":0.0,"event_name":"MindBloom","player_choice":"Fight","floor":45.0,"gold_loss":0.0,"damage_taken":0.0}],"is_beta":false,"boss_relics":[{"not_picked":["ChewingGum","bronze:MakeshiftBattery"],"picked":"Abe\u0027s Treasure"},{"not_picked":[]},{"not_picked":["HoveringKite","Replay:Ancient Bell"],"picked":"Cursed Key"},{"not_picked":[]}],"items_purged_floors":[3,7,12,19,36,47,42,42,46,44,48,48,53,53],"is_endless":false,"potions_floor_spawned":[1,11,13,18,21,22,28,31,33,35,40,42,44,46,37,40,44,45,35,39,41,45],"ascension_level":0}}