{"host":"xp27heuvanyklt0b","time":1612972535,"event":{"mods":["100% Spire Juice","BaseMod","Lobotomy","Minty Spire (QoL Compilation)","StSLib"],"gold_per_floor":[111,127,140,140,20,20,40,68,68,68,78,92,120,133,13,113,113,126,146,106,120,137,17,30,30,30,30,42,42,42,42,42,140,140,160,180,180,180,180,180,193,205,205,217,73,73,85,105,105,105,105],"floor_reached":50,"language":"KOR","playtime":1562,"items_purged":[],"score":537,"play_id":"4f561567-1ef6-4361-9ce7-97f6142cd6f8","local_time":"20210211005535","is_ascension_mode":false,"campfire_choices":[{"data":"Moonworks:IndiscriminateFireSupport","floor":6,"key":"SMITH"},{"data":"Moonworks:BackdoorTrade","floor":10,"key":"SMITH"},{"floor":15,"key":"REST"},{"data":"Moonworks:AnotherUltimateWeapon","floor":23,"key":"SMITH"},{"data":"Moonworks:StiffCrystal","floor":25,"key":"SMITH"},{"floor":32,"key":"REST"},{"floor":40,"key":"RECALL"},{"data":"Moonworks:NicePresent","floor":46,"key":"SMITH"},{"data":"Moonworks:NicePresent","floor":49,"key":"SMITH"}],"circlet_count":0,"master_deck":["Moonworks:Strike+1","Moonworks:Strike+1","Moonworks:Strike+1","Moonworks:Strike+1","Moonworks:Defend+1","Moonworks:Defend+1","Moonworks:Defend+1","Moonworks:Defend+1","Moonworks:Ambush+1","Moonworks:LongDistanceShot+1","Moonworks:SweetBattle","Moonworks:EvilSpyWorkPreparation","Moonworks:IndiscriminateFireSupport+1","Moonworks:BackdoorTrade+1","Moonworks:CrystalBarrier","Moonworks:SakisCookie","Moonworks:LuckyCharm","Moonworks:NicePresent+1","Moonworks:SweetBattle","Moonworks:AnotherUltimateWeapon+1","Moonworks:LuckyCharm+1","Moonworks:SakisCookie","Moonworks:NicePresent+1","Moonworks:StiffCrystal+1","Moonworks:NicePresent+1","Decay","J.A.X.","Moonworks:DeployBits","Moonworks:ShieldCounter","Moonworks:SweetBattle+1","Moonworks:CompletionReward+1","Clumsy","Moonworks:MiracleRedBeanIceCream","Moonworks:ReflectiveShell"],"relics":["Moonworks:SBBomb","Moonworks:Homemark","Happy Flower","Ornamental Fan","Letter Opener","Cursed Key","Strawberry","Whetstone"],"acts_visited":["Exordium","TheCity","TheBeyond"],"potions_floor_usage":[8,8,16,33,39,44,44,44,50],"damage_taken":[{"damage":0,"enemies":"2 Louse","floor":1,"turns":2},{"damage":1,"enemies":"Cultist","floor":2,"turns":4},{"damage":2,"enemies":"Small Slimes","floor":3,"turns":5},{"damage":0,"enemies":"Blue Slaver","floor":7,"turns":3},{"damage":22,"enemies":"Gremlin Nob","floor":8,"turns":4},{"damage":0,"enemies":"2 Fungi Beasts","floor":11,"turns":1},{"damage":0,"enemies":"3 Louse","floor":12,"turns":1},{"damage":12,"enemies":"Lagavulin","floor":13,"turns":5},{"damage":0,"enemies":"Looter","floor":14,"turns":2},{"damage":0,"enemies":"Slime Boss","floor":16,"turns":6},{"damage":16,"enemies":"2 Thieves","floor":18,"turns":3},{"damage":13,"enemies":"Shell Parasite","floor":19,"turns":5},{"damage":0,"enemies":"Chosen and Byrds","floor":21,"turns":2},{"damage":17,"enemies":"Snake Plant","floor":22,"turns":4},{"damage":3,"enemies":"Snecko","floor":24,"turns":3},{"damage":16,"enemies":"Shelled Parasite and Fungi","floor":28,"turns":3},{"damage":17,"enemies":"Collector","floor":33,"turns":5},{"damage":6,"enemies":"Orb Walker","floor":35,"turns":4},{"damage":3,"enemies":"3 Shapes","floor":36,"turns":2},{"damage":3,"enemies":"Transient","floor":39,"turns":2},{"damage":0,"enemies":"Sphere and 2 Shapes","floor":41,"turns":3},{"damage":0,"enemies":"Spire Growth","floor":42,"turns":5},{"damage":62,"enemies":"Writhing Mass","floor":44,"turns":6},{"damage":0,"enemies":"Jaw Worm Horde","floor":47,"turns":3},{"damage":19,"enemies":"Spire Growth","floor":48,"turns":4},{"damage":48,"enemies":"Time Eater","floor":50,"turns":3}],"seed_played":"-4265553897190542600","potions_obtained":[{"floor":0,"key":"DuplicationPotion"},{"floor":0,"key":"Dexterity Potion"},{"floor":0,"key":"LiquidBronze"},{"floor":2,"key":"Explosive Potion"},{"floor":3,"key":"PowerPotion"},{"floor":13,"key":"DistilledChaos"},{"floor":16,"key":"Energy Potion"},{"floor":18,"key":"SmokeBomb"},{"floor":33,"key":"Regen Potion"},{"floor":41,"key":"DistilledChaos"},{"floor":44,"key":"FearPotion"},{"floor":47,"key":"LiquidMemories"}],"is_trial":false,"path_per_floor":["M","M","M","?","?","R","M","E","T","R","M","M","E","M","R","B",null,"M","M","?","M","M","R","M","R","T","?","M","?","?","?","R","B",null,"M","M","?","?","M","R","M","M","T","M","$","R","M","M","R","B"],"character_chosen":"THE_STARBREAKER","items_purchased":["Whetstone"],"campfire_rested":2,"item_purchase_floors":[45],"current_hp_per_floor":[60,59,57,62,62,62,62,40,40,40,40,40,28,28,47,57,65,53,46,46,46,41,41,42,42,42,42,26,15,15,15,36,19,70,66,63,63,63,60,60,64,70,77,43,43,43,47,41,41,0,0],"gold":105,"neow_bonus":"THREE_SMALL_POTIONS","is_daily":false,"chose_seed":false,"campfire_upgraded":6,"win_rate":0.0,"timestamp":1612972535,"path_taken":["M","M","M","?","?","R","M","E","T","R","M","?","E","M","R","BOSS","M","M","?","?","M","R","M","R","T","?","M","?","?","?","R","BOSS","M","M","?","?","M","R","M","?","T","M","$","R","M","M","R","BOSS"],"items_purchased_type":["Relic"],"build_version":"2020-12-22","purchased_purges":0,"victory":false,"max_hp_per_floor":[60,60,60,65,65,65,65,65,65,65,65,65,65,65,65,65,65,65,65,65,65,65,65,65,65,65,65,65,70,70,70,70,70,70,70,70,70,70,70,70,70,70,77,77,77,77,77,77,77,77,77],"card_choices":[{"not_picked":["Moonworks:ScrambledEve","Moonworks:CloudOfSeagulls"],"picked":"Moonworks:SweetBattle","floor":1},{"not_picked":["Moonworks:CompletionReward","Moonworks:LulusLuckyEgg"],"picked":"Moonworks:EvilSpyWorkPreparation","floor":2},{"not_picked":["Moonworks:CloudOfSeagulls","Moonworks:DeployBits"],"picked":"Moonworks:IndiscriminateFireSupport","floor":3},{"not_picked":["Moonworks:EvilSpyWorkPreparation","Moonworks:ImOnFire"],"picked":"Moonworks:BackdoorTrade","floor":7},{"not_picked":["Moonworks:BindingChains","Moonworks:x16BigRocket"],"picked":"Moonworks:CrystalBarrier","floor":8},{"not_picked":["Moonworks:EvilSpyWorkPreparation","Moonworks:BigMagnum"],"picked":"Moonworks:SakisCookie","floor":11},{"not_picked":["Moonworks:MiracleRedBeanIceCream","Moonworks:UnpaidWork"],"picked":"Moonworks:LuckyCharm","floor":12},{"not_picked":["Moonworks:ImOnFire","Moonworks:JonathanRush"],"picked":"Moonworks:NicePresent","floor":13},{"not_picked":["Moonworks:ExtendedPhotonRifle","Moonworks:IndiscriminateFireSupport"],"picked":"Moonworks:SweetBattle","floor":14},{"not_picked":["Moonworks:AccelHyper","Moonworks:Blazing"],"picked":"Moonworks:AnotherUltimateWeapon","floor":16},{"not_picked":["Moonworks:IndiscriminateFireSupport+1","Moonworks:JonathanRush"],"picked":"Moonworks:LuckyCharm+1","floor":18},{"not_picked":["Moonworks:JonathanRush","Moonworks:UnluckyCharm+1"],"picked":"Moonworks:SakisCookie","floor":19},{"not_picked":["Moonworks:SakisCookie+1","Moonworks:EvilSpyWorkPreparation"],"picked":"Moonworks:NicePresent","floor":21},{"not_picked":["Moonworks:IndiscriminateFireSupport","Moonworks:FullSpeedAlicianrone+1"],"picked":"Moonworks:StiffCrystal","floor":22},{"not_picked":["Moonworks:Assault","Moonworks:DeployBits"],"picked":"Moonworks:NicePresent+1","floor":24},{"not_picked":["Moonworks:BigMagnum","Moonworks:RagingMadness"],"picked":"Moonworks:DeployBits","floor":28},{"not_picked":["Moonworks:LeapThroughSpace","Moonworks:SubspaceTunnel"],"picked":"Moonworks:ShieldCounter","floor":33},{"not_picked":["Moonworks:DeployBits","Moonworks:ImOnFire"],"picked":"Moonworks:x16BigRocket+1","floor":35},{"not_picked":["Moonworks:Assault+1","Moonworks:CloudOfSeagulls+1"],"picked":"Moonworks:SweetBattle+1","floor":36},{"not_picked":["Moonworks:JonathanRush","Moonworks:Bloodlust+1","Moonworks:CloudOfSeagulls"],"picked":"SKIP","floor":41},{"not_picked":["Moonworks:Assault","Moonworks:ImOnFire"],"picked":"Moonworks:CompletionReward+1","floor":42},{"not_picked":["Moonworks:SakisCookie","Moonworks:EvilSpyWorkPreparation+1"],"picked":"Moonworks:MiracleRedBeanIceCream","floor":44},{"not_picked":["Moonworks:CloudOfSeagulls+1","Moonworks:LulusLuckyEgg","Moonworks:DeployBits"],"picked":"SKIP","floor":47},{"not_picked":["Moonworks:SakisCookie","Moonworks:ImmovableObject"],"picked":"Moonworks:ReflectiveShell","floor":48}],"player_experience":207843,"relics_obtained":[{"floor":8,"key":"Happy Flower"},{"floor":9,"key":"Ornamental Fan"},{"floor":13,"key":"Letter Opener"},{"floor":43,"key":"Strawberry"}],"event_choices":[{"damage_healed":0,"gold_gain":0,"player_choice":"Donut","damage_taken":0,"max_hp_gain":5,"max_hp_loss":0,"event_name":"Big Fish","floor":4,"gold_loss":0},{"damage_healed":0,"gold_gain":0,"player_choice":"Ignored","damage_taken":0,"max_hp_gain":0,"max_hp_loss":0,"event_name":"Purifier","floor":5,"gold_loss":0},{"damage_healed":0,"gold_gain":200,"player_choice":"Gold","damage_taken":0,"max_hp_gain":0,"max_hp_loss":0,"event_name":"Wheel of Change","floor":20,"gold_loss":0},{"damage_healed":0,"gold_gain":0,"player_choice":"Obtain J.A.X.","damage_taken":0,"max_hp_gain":0,"max_hp_loss":0,"event_name":"Drug Dealer","floor":27,"gold_loss":0,"cards_obtained":["J.A.X."]},{"damage_healed":0,"gold_gain":0,"player_choice":"Shed Blood","damage_taken":16,"max_hp_gain":5,"max_hp_loss":0,"event_name":"Forgotten Altar","floor":29,"gold_loss":0},{"damage_healed":0,"gold_gain":0,"player_choice":"Ignored","damage_taken":0,"max_hp_gain":0,"max_hp_loss":0,"event_name":"Vampires","floor":30,"gold_loss":0},{"damage_healed":0,"gold_gain":0,"player_choice":"Simplicity","damage_taken":0,"max_hp_gain":0,"max_hp_loss":0,"event_name":"Back to Basics","floor":31,"gold_loss":0,"cards_upgraded":["Moonworks:Strike","Moonworks:Strike","Moonworks:Strike","Moonworks:Strike","Moonworks:Defend","Moonworks:Defend","Moonworks:Defend","Moonworks:Defend"]},{"cards_removed":["Moonworks:x16BigRocket"],"damage_healed":0,"gold_gain":0,"player_choice":"Removed Attack","damage_taken":0,"max_hp_gain":0,"max_hp_loss":0,"event_name":"Falling","floor":37,"gold_loss":0},{"damage_healed":0,"gold_gain":0,"player_choice":"Ignored","damage_taken":0,"max_hp_gain":0,"max_hp_loss":0,"event_name":"Transmorgrifier","floor":38,"gold_loss":0}],"is_beta":false,"boss_relics":[{"not_picked":["Runic Pyramid","Runic Dome"],"picked":"Cursed Key"},{"not_picked":["Black Star","Calling Bell"],"picked":"Moonworks:SBBomb"}],"items_purged_floors":[],"is_endless":false,"potions_floor_spawned":[2,3,13,16,18,28,33,41,42,44,47],"killed_by":"Time Eater","ascension_level":0}}