{"host":"b7dyfc527bmrkvbm","time":1612977418,"event":{"mods":["2.2 Compatiblity","Act Like it!","BaseMod","BetterRewards","Conspire","Downfall","Hubris","Infinite Spire","Mimic Mod","Minty Spire (QoL Compilation)","Replay The Spire","Shop Mod","StSLib","The Jungle"],"gold_per_floor":[99,116,116,131,41,51,126,126,160,160,187,206,217,236,254,356,456,456,472,472,484,504,504,535,535,552,552,552,552,587,587,620,637,648,747,747,447,467,480,530,556,556,556,588,588,600,600,600,614,634,652,652,652,652],"floor_reached":52,"language":"ENG","playtime":10578,"items_purged":[],"score":653,"play_id":"a222ee8d-e9f7-4afa-b045-ae57e34bfc96","local_time":"20210210121658","is_ascension_mode":false,"campfire_choices":[{"data":"hexamod:Defend","floor":1.0,"key":"PURGE"},{"data":"hexamod:ExtraCrispy","floor":18.0,"key":"SMITH"},{"floor":23.0,"key":"RECALL"},{"data":"hexamod:GhostflameBarrier","floor":37.0,"key":"SMITH"},{"data":"hexamod:TimeOfNeed","floor":45,"key":"SMITH"}],"circlet_count":0,"master_deck":["hexamod:Strike","hexamod:Strike","hexamod:Strike","hexamod:Strike","hexamod:Defend","hexamod:Defend","hexamod:Sear","PanicButton","hexamod:Hexaguard","Survivor","Crippling Poison","hexamod:GhostflameBarrier","hexamod:ExtraCrispy","hexamod:GhostflameBarrier+1","hexamod:RainOfEmbers+1","hexamod:ExtraCrispy+1","hexamod:ThermalTransfer+1","hexamod:SoulSteal","hexamod:HeatCrush","hexamod:WildfireWeapon","hexamod:ExtraCrispy+1","Pain","hexamod:RetreatToShadows+1","hexamod:FirstSeal","hexamod:TimeOfNeed+1","hexamod:Hexaguard+1","hexamod:FlamesFromBeyond","hexamod:FifthSeal","hexamod:HeatShield+1","hexamod:FourthSeal","hexamod:SpectralSpark+1","hexamod:SixthSeal","hexamod:PhantomCloak+1","Replay:SS_fish_1","hexamod:ThirdSeal","hexamod:SecondSeal"],"relics":["m_HexaRing","Iron Hammer","Bronze Scales","Tiny Chest","Replay:Wanted Poster","WarpedTongs","The Courier","Potion Belt","infinitespire:PuzzleCube","Replay:Grab Bag","Velvet Choker","conspire:SeveredTorchhead","SlaversCollar","downfall:HeartBlessingBlue","downfall:HeartBlessingRed","downfall:HeartBlessingGreen","hubris:AstralHammer","Vajra","hubris:Icosahedron","infinitespire:CheckeredPen","Ancient Tea Set"],"acts_visited":["Exordium","theJungle:Jungle","TheBeyond"],"potions_floor_usage":[46,51,52,52],"damage_taken":[{"damage":0.0,"enemies":"Small Slimes","floor":2.0,"turns":3.0},{"damage":0.0,"enemies":"2 Louse","floor":4.0,"turns":3.0},{"damage":0.0,"enemies":"downfall:FleeingMerchant","floor":5.0,"turns":4.0},{"damage":0.0,"enemies":"Jaw Worm","floor":6.0,"turns":4.0},{"damage":6.0,"enemies":"conspire:MimicChest","floor":9.0,"turns":8.0},{"damage":3.0,"enemies":"Lagavulin","floor":11.0,"turns":7.0},{"damage":13.0,"enemies":"Gremlin Gang","floor":12.0,"turns":4.0},{"damage":3.0,"enemies":"2 Fungi Beasts","floor":13.0,"turns":4.0},{"damage":0.0,"enemies":"Lots of Slimes","floor":14.0,"turns":4.0},{"damage":0.0,"enemies":"3 Louse","floor":15.0,"turns":2.0},{"damage":17.0,"enemies":"WA_ARCHETYPE_RETAIN","floor":16.0,"turns":6.0},{"damage":7.0,"enemies":"theJungle:5_Spyders","floor":19.0,"turns":7.0},{"damage":2.0,"enemies":"Shell Parasite","floor":21.0,"turns":4.0},{"damage":16.0,"enemies":"theJungle:JungleHuntersEncounter","floor":22.0,"turns":5.0},{"damage":9.0,"enemies":"Snake Plant","floor":24.0,"turns":6.0},{"damage":24.0,"enemies":"Snake Plant","floor":26.0,"turns":3.0},{"damage":21.0,"enemies":"theJungle:Cassacara","floor":30.0,"turns":7.0},{"damage":1.0,"enemies":"theJungle:2_Phrogs","floor":32.0,"turns":5.0},{"damage":16.0,"enemies":"theJungle:2_Flameangoes","floor":33.0,"turns":4.0},{"damage":22.0,"enemies":"theJungle:JungleHuntersEncounter","floor":34.0,"turns":4.0},{"damage":22.0,"enemies":"IC_MUSHROOM_ARCHETYPE","floor":35.0,"turns":7.0},{"damage":20.0,"enemies":"3 Darklings","floor":38.0,"turns":3.0},{"damage":0.0,"enemies":"3 Shapes","floor":39.0,"turns":3.0},{"damage":7.0,"enemies":"3 Shapes","floor":40.0,"turns":6.0},{"damage":3.0,"enemies":"Giant Head","floor":44.0,"turns":6.0},{"damage":10,"enemies":"3 Darklings","floor":46,"turns":4},{"damage":15,"enemies":"4 Shapes","floor":49,"turns":9},{"damage":33,"enemies":"Jaw Worm Horde","floor":50,"turns":6},{"damage":41,"enemies":"3 Darklings","floor":51,"turns":5},{"damage":24,"enemies":"DF_ARCHETYPE_ORBS","floor":52,"turns":3}],"seed_played":"-798871200480804290","potions_obtained":[{"floor":4.0,"key":"Elixir"},{"floor":9.0,"key":"Energy Potion"},{"floor":11.0,"key":"Dexterity Potion"},{"floor":12.0,"key":"infinitespire:BlackPotion"},{"floor":13.0,"key":"Venom Potion"},{"floor":19.0,"key":"Swift Potion"},{"floor":21.0,"key":"conspire:TimeTravelPotion"},{"floor":30.0,"key":"conspire:TimeTravelPotion"},{"floor":31.0,"key":"downfall:CursedFountainPotion"},{"floor":39.0,"key":"Energy Potion"},{"floor":40.0,"key":"AttackPotion"},{"floor":44.0,"key":"Slimebound:ThreeZeroPotion"},{"floor":46,"key":"CultistPotion"},{"floor":46,"key":"Toxic Potion"},{"floor":49,"key":"Slimebound:ThreeZeroPotion"},{"floor":51,"key":"infinitespire:BlackPotion"}],"is_trial":false,"path_per_floor":["R","M","?","M","$","M","T","?","?","?","E","M","M","M","M","B",null,"R","M","?","M","M","R","MIM","T","M","PTL","PTL","?","E","?","E","M","M","B",null,"R","M","M","?","T","?","T","E","R","M","?","?","M","M","M","B"],"character_chosen":"THE_SPIRIT","items_purchased":["hexamod:ExtraCrispy"],"campfire_rested":0,"item_purchase_floors":[5],"current_hp_per_floor":[70,70,70,70,70,70,70,70,64,64,61,48,45,45,45,28,70,70,63,63,61,45,45,43,43,47,47,47,47,33,33,32,23,26,11,70,80,67,67,67,67,67,67,71,71,68,68,68,60,34,24,0,0,0],"gold":652,"neow_bonus":"RANDOM_COLORLESS","is_daily":false,"chose_seed":false,"campfire_upgraded":3,"win_rate":0.0,"timestamp":1612977418,"path_taken":["R","M","?","M","$","M","T","?","?","?","E","M","?","M","M","BOSS","R","M","?","?","M","R","MIM","?","M","PTL","PTL","?","E","?","E","M","M","BOSS","R","M","M","?","?","?","T","E","R","M","?","?","M","M","M","BOSS"],"items_purchased_type":["Card"],"build_version":"2020-12-22","purchased_purges":0,"victory":false,"max_hp_per_floor":[70,70,70,70,70,70,70,70,70,70,70,70,70,70,70,70,70,70,70,70,70,70,70,70,70,70,70,70,70,70,70,70,70,70,70,70,80,80,80,80,80,80,80,80,80,80,80,80,80,80,80,80,80,80],"card_choices":[{"not_picked":["Trip","Replay:Sssssssssstrike"],"picked":"PanicButton","floor":0.0},{"not_picked":["hexamod:FirstSeal","hexamod:SwordOfDarkness"],"picked":"hexamod:Hexaguard","floor":2.0},{"not_picked":["hexamod:RecurringNightmare","hexamod:InspiringFlames"],"picked":"Crippling Poison","floor":4.0},{"not_picked":["hexamod:BacktrackSmack","hexamod:UnlimitedPower"],"picked":"hexamod:GhostflameBarrier","floor":5.0},{"not_picked":["hexamod:SuperheatedStrike","hexamod:NightmareGuise"],"picked":"hexamod:GhostflameBarrier","floor":6.0},{"not_picked":["hexamod:SecondSeal","hexamod:BacktrackSmack"],"picked":"hexamod:RainOfEmbers","floor":9.0},{"not_picked":["hexamod:GhostShield","hexamod:Firestarter"],"picked":"hexamod:ThermalTransfer","floor":11.0},{"not_picked":["hexamod:SecondSeal","Bane","hexamod:TimeWarp"],"picked":"SKIP","floor":12.0},{"not_picked":["hexamod:NightmareGuise","hexamod:Hexaguard","hexamod:BacktrackSmack"],"picked":"SKIP","floor":13.0},{"not_picked":["hexamod:Incineration","hexamod:HauntingEcho"],"picked":"hexamod:SoulSteal","floor":14.0},{"not_picked":["hexamod:FastForward","hexamod:BurningTouch"],"picked":"hexamod:HeatCrush","floor":15.0},{"not_picked":["hexamod:TimeWarp","hexamod:SearingWound"],"picked":"hexamod:WildfireWeapon","floor":16.0},{"not_picked":["hexamod:SwordOfDarkness","hexamod:InspiringFlames"],"picked":"hexamod:ExtraCrispy+1","floor":19.0},{"not_picked":["hexamod:HeatCrush","hexamod:GhostflameBarrier"],"picked":"hexamod:RetreatToShadows+1","floor":21.0},{"not_picked":["hexamod:BacktrackSmack","hexamod:AdvancingGuard"],"picked":"hexamod:FirstSeal","floor":22.0},{"not_picked":["hexamod:Hexaguard","hexamod:SoulSteal","hexamod:ExtraCrispy"],"picked":"SKIP","floor":26.0},{"not_picked":["hexamod:Again","hexamod:Haunt","hexamod:Firestarter+1"],"picked":"SKIP","floor":30.0},{"not_picked":["hexamod:SecondSeal","hexamod:WildfireWeapon"],"picked":"hexamod:TimeOfNeed","floor":32.0},{"not_picked":["hexamod:ThermalTransfer","hexamod:HexaLevel"],"picked":"hexamod:Hexaguard","floor":33.0},{"not_picked":["hexamod:SecondSeal","hexamod:HeatMetal"],"picked":"hexamod:FlamesFromBeyond","floor":34.0},{"not_picked":["hexamod:ForkedFlame","hexamod:UnlimitedPower"],"picked":"hexamod:FifthSeal","floor":35.0},{"not_picked":["hexamod:HeatMetal+1","hexamod:InspiringFlames+1"],"picked":"hexamod:HeatShield+1","floor":38.0},{"not_picked":["hexamod:SuperheatedStrike+1","hexamod:SecondSeal","hexamod:FlamesFromBeyond+1"],"picked":"SKIP","floor":39.0},{"not_picked":["hexamod:SecondSeal","hexamod:SixthSeal"],"picked":"hexamod:FourthSeal","floor":40.0},{"not_picked":["hexamod:FlamesFromBeyond+1","hexamod:RainOfEmbers"],"picked":"hexamod:SpectralSpark+1","floor":40.0},{"not_picked":["hexamod:SecondSeal","hexamod:FirstSeal"],"picked":"hexamod:SixthSeal","floor":44.0},{"not_picked":["hexamod:Hexaguard+1","hexamod:RadiantFlame"],"picked":"hexamod:PhantomCloak+1","floor":44.0},{"not_picked":["hexamod:BacktrackSmack","hexamod:Incineration+1","hexamod:SoulSteal+1"],"picked":"SKIP","floor":46},{"not_picked":["Replay:SS_hec_1","expansioncontent:PolyBeam"],"picked":"Replay:SS_fish_1","floor":48},{"not_picked":["hexamod:FlamesFromBeyond","hexamod:GhostLash","hexamod:GhostOfSpireFuture"],"picked":"SKIP","floor":49},{"not_picked":["hexamod:FirstSeal","hexamod:FourthSeal"],"picked":"hexamod:ThirdSeal","floor":50},{"not_picked":["hexamod:HauntingEcho+1","hexamod:SuperheatedStrike+1","hexamod:NightmareStrike"],"picked":"SKIP","floor":50},{"not_picked":["hexamod:SixthSeal","hexamod:ThirdSeal"],"picked":"hexamod:SecondSeal","floor":51},{"not_picked":["hexamod:Again","hexamod:BacktrackSmack","Poisoned Stab+1"],"picked":"SKIP","floor":51}],"player_experience":418314,"relics_obtained":[{"floor":7.0,"key":"Iron Hammer"},{"floor":9.0,"key":"Bronze Scales"},{"floor":11.0,"key":"Tiny Chest"},{"floor":24.0,"key":"The Courier"},{"floor":30.0,"key":"Potion Belt"},{"floor":32.0,"key":"infinitespire:PuzzleCube"},{"floor":40.0,"key":"hubris:AstralHammer"},{"floor":41.0,"key":"Vajra"},{"floor":43.0,"key":"infinitespire:CheckeredPen"},{"floor":44.0,"key":"Ancient Tea Set"}],"event_choices":[{"damage_healed":0.0,"max_hp_gain":0.0,"max_hp_loss":0.0,"gold_gain":0.0,"event_name":"Accursed Blacksmith","player_choice":"Rummage","floor":20.0,"gold_loss":0.0,"damage_taken":0.0,"relics_obtained":["WarpedTongs"],"cards_obtained":["Pain"]}],"is_beta":false,"boss_relics":[{"not_picked":["hubris:Backtick","infinitespire:Cupcake"],"picked":"Replay:Wanted Poster"},{"not_picked":["Replay:Fungal Core","Ring of Chaos"],"picked":"Replay:Grab Bag"},{"not_picked":["hubris:GrandSneckoEye","Cursed Key"],"picked":"Velvet Choker"},{"not_picked":["Sozu","Busted Crown"],"picked":"conspire:SeveredTorchhead"},{"not_picked":["hubris:ScarierMask","hubris:BlackHole"],"picked":"SlaversCollar"}],"items_purged_floors":[],"is_endless":false,"potions_floor_spawned":[4,9,11,12,13,19,21,30,39,40,46,50],"killed_by":"DF_ARCHETYPE_ORBS","ascension_level":0}}