{"host":"yq854828l1wg20je","time":1612936512,"event":{"mods":["AchievementEnabler","BaseMod","Colored Powertips","Downfall","Hubris","Minty Spire (QoL Compilation)","Quick Restart","READ ME - Snecko Mod","Replay The Spire","StSLib","The Construct","The Cursed","The Disciple","The Senshi","The Servant 0.9.4"],"gold_per_floor":[117,117,137,137,147,147,180,196,219,234,11,30,30,63,63,166,166,153,1,14,27,27,27,27,42,68,95,95,95,113,142,142,269,269,286,310,43,71,171,171,179,179],"floor_reached":41,"language":"ENG","playtime":4227,"items_purged":["theSenshi:LunasBite+1"],"score":593,"play_id":"36d7edaf-fb5a-4812-b6e9-ad0f5b720359","local_time":"20210210005512","is_ascension_mode":false,"campfire_choices":[{"data":"theSenshi:TallSilhouette","floor":6.0,"key":"SMITH"},{"floor":13.0,"key":"REST"},{"floor":15.0,"key":"REST"},{"data":"theSenshi:SilverMoonCrystalPowerKiss","floor":23.0,"key":"SMITH"},{"floor":32.0,"key":"REST"},{"floor":40.0,"key":"REST"}],"circlet_count":0,"master_deck":["theSenshi:SailorKick+1","theSenshi:SailorKick+1","theSenshi:SailorKick+1","theSenshi:SailorKick+1","theSenshi:SailorBlock+1","theSenshi:SailorBlock+1","theSenshi:SailorBlock+1","theSenshi:SailorBlock+1","theSenshi:RoseThrow","theSenshi:MoonPrismPowerMakeUp+1","theSenshi:MoonPrincessHalation+1","theSenshi:SailorStarFighterAssists","theSenshi:TallSilhouette+1","theSenshi:SilverMoonCrystalPowerKiss+1","theSenshi:MoonsReflection","theSenshi:MoonCrystalPowerMakeUp","theSenshi:Sidestep","theSenshi:MoonPunch","theSenshi:SailorCosmosAssists","theSenshi:LunaWiseMentor+1","theSenshi:SailorUranusAssists+1","theSenshi:MoonTiaraMagic","theSenshi:ChibiMoonsLove","theSenshi:MoonPrincessHalation+1","theSenshi:SailorNeptuneAssists","theSenshi:SailorStarHealerAssists","theSenshi:SailorVenusAssists+1","theSenshi:MoonPrincessHalation+1","Parasite","theSenshi:TuxedoMaskAssists+1"],"relics":["theSenshi:TransformationBroochRelic","Toy Ornithopter","Boot","Potion Belt","PreservedInsect","hubris:Backtick","TheAbacus","Simple Rune","ReplayTheSpireMod:Lightbulb","InkBottle","Pondfish Scales","Replay:Bandana","hubris:ScarierMask","Whetstone"],"acts_visited":["Exordium","TheCity","TheBeyond"],"potions_floor_usage":[],"damage_taken":[{"damage":0.0,"enemies":"Jaw Worm","floor":1.0,"turns":5.0},{"damage":0.0,"enemies":"Small Slimes","floor":3.0,"turns":4.0},{"damage":0.0,"enemies":"Cultist","floor":5.0,"turns":3.0},{"damage":16.0,"enemies":"3 Sentries","floor":7.0,"turns":8.0},{"damage":13.0,"enemies":"Red Slaver","floor":8.0,"turns":4.0},{"damage":2.0,"enemies":"Exordium Wildlife","floor":10.0,"turns":3.0},{"damage":14.0,"enemies":"Large Slime","floor":12.0,"turns":9.0},{"damage":39.0,"enemies":"Gremlin Nob","floor":14.0,"turns":5.0},{"damage":22.0,"enemies":"Hexaghost","floor":16.0,"turns":9.0},{"damage":11.0,"enemies":"2 Thieves","floor":18.0,"turns":4.0},{"damage":4.0,"enemies":"Chosen","floor":20.0,"turns":6.0},{"damage":23.0,"enemies":"Centurion and Healer","floor":21.0,"turns":7.0},{"damage":6.0,"enemies":"Snecko","floor":25.0,"turns":5.0},{"damage":10.0,"enemies":"Replay:Snechameleon","floor":27.0,"turns":5.0},{"damage":36.0,"enemies":"Cultist and Chosen","floor":30.0,"turns":6.0},{"damage":15.0,"enemies":"Slavers","floor":31.0,"turns":7.0},{"damage":26.0,"enemies":"Pondfish","floor":33.0,"turns":9.0},{"damage":38.0,"enemies":"Orb Walker","floor":35.0,"turns":5.0},{"damage":17.0,"enemies":"3 Shapes","floor":36.0,"turns":4.0},{"damage":22.0,"enemies":"Writhing Mass","floor":38.0,"turns":6.0},{"damage":46,"enemies":"Reptomancer","floor":41,"turns":5}],"seed_played":"1362560332775070245","potions_obtained":[{"floor":5.0,"key":"Toxic Potion"},{"floor":7.0,"key":"Swift Potion"},{"floor":12.0,"key":"Swift Potion"},{"floor":14.0,"key":"Guardian:BlockOnCardUsePotion"},{"floor":16.0,"key":"AttackPotion"},{"floor":20.0,"key":"Slimebound:ThreeZeroPotion"},{"floor":25.0,"key":"BlessingOfTheForge"},{"floor":30.0,"key":"AttackPotion"},{"floor":36.0,"key":"champ:CounterPotion"}],"is_trial":false,"path_per_floor":["M","?","M","?","M","R","E","M","T","M","$","M","R","E","R","B",null,"M","$","M","M","$","R","?","M","T","E","?","?","M","E","R","B",null,"M","M","$","M","?","R","E"],"character_chosen":"THE_SENSHI","items_purchased":["Potion Belt","theSenshi:MoonCrystalPowerMakeUp","Simple Rune","theSenshi:MoonPrincessHalation+1","Whetstone"],"campfire_rested":4,"item_purchase_floors":[11,11,19,37,37],"current_hp_per_floor":[75,75,75,75,75,75,59,46,46,44,44,35,57,23,45,28,75,64,64,60,42,42,42,67,61,61,51,51,51,20,20,42,26,75,47,35,35,23,23,45,0,0],"gold":179,"neow_bonus":"UPGRADE_CARD","is_daily":false,"chose_seed":false,"campfire_upgraded":2,"win_rate":0.0,"timestamp":1612936512,"path_taken":["M","?","M","?","M","R","E","M","T","M","$","M","R","E","R","BOSS","M","$","?","M","?","R","?","?","T","E","?","?","M","E","R","BOSS","M","M","$","M","?","R","E"],"items_purchased_type":["Relic","Card","Relic","Card","Relic"],"build_version":"2020-12-22","purchased_purges":1,"victory":false,"max_hp_per_floor":[75,75,75,75,75,75,75,75,75,75,75,75,75,75,75,75,75,75,75,75,75,75,75,75,75,75,75,75,75,75,75,75,75,75,75,75,75,75,75,75,75,75],"card_choices":[{"not_picked":["theSenshi:SteeledNerves","theSenshi:SailorPlanetPower"],"picked":"theSenshi:MoonPrincessHalation","floor":1.0},{"not_picked":["theSenshi:TuxedoSmokingBomber","theSenshi:SupersonicWaves"],"picked":"theSenshi:SailorStarFighterAssists","floor":3.0},{"not_picked":["theSenshi:RainbowMoonHeartAche","theSenshi:SailorPlanetPower"],"picked":"theSenshi:TallSilhouette","floor":5.0},{"not_picked":["theSenshi:SailorV","theSenshi:LunasBite"],"picked":"theSenshi:SilverMoonCrystalPowerKiss","floor":7.0},{"not_picked":["theSenshi:SchoolBag","theSenshi:LunasBite"],"picked":"theSenshi:MoonsReflection","floor":8.0},{"not_picked":["theSenshi:MoonPrincessHalation","theSenshi:TuxedoSmokingBomber"],"picked":"theSenshi:LunasBite","floor":10.0},{"not_picked":["theSenshi:LunasBite","theSenshi:MoonCrisisMakeUp"],"picked":"theSenshi:Sidestep","floor":12.0},{"not_picked":["theSenshi:MoonPrincessHalation","theSenshi:MoonCrisisMakeUp"],"picked":"theSenshi:MoonPunch","floor":14.0},{"not_picked":["theSenshi:FatedKiss","theSenshi:ChibiMoonsLove"],"picked":"theSenshi:SailorCosmosAssists","floor":16.0},{"not_picked":["theSenshi:Sidestep","theSenshi:SupersonicWaves+1"],"picked":"theSenshi:LunaWiseMentor+1","floor":18.0},{"not_picked":["theSenshi:SailorMarsAssists","theSenshi:MoonlightKnight"],"picked":"theSenshi:SailorUranusAssists+1","floor":20.0},{"not_picked":["theSenshi:MoonCrystalPowerMakeUp","theSenshi:LateForSchool"],"picked":"theSenshi:MoonTiaraMagic","floor":21.0},{"not_picked":["theSenshi:MoonTiaraMagic","theSenshi:SteeledNerves"],"picked":"theSenshi:ChibiMoonsLove","floor":25.0},{"not_picked":["theSenshi:SupersonicWaves","theSenshi:MoonTiaraMagic"],"picked":"theSenshi:MoonPrincessHalation+1","floor":27.0},{"not_picked":["theSenshi:TuxedoSmokingBomber","theSenshi:SailorUranusAssists","theSenshi:LunasBite"],"picked":"SKIP","floor":30.0},{"not_picked":["theSenshi:SailorMarsAssists","theSenshi:DramaticEntrance"],"picked":"theSenshi:SailorNeptuneAssists","floor":31.0},{"not_picked":["theSenshi:GlimpseOfThePast","theSenshi:IWillPunishYou"],"picked":"theSenshi:SailorStarHealerAssists","floor":33.0},{"not_picked":["theSenshi:LateForSchool","theSenshi:LunasBite+1"],"picked":"theSenshi:SailorVenusAssists+1","floor":35.0},{"not_picked":["theSenshi:SailorChibiMoonAssists","theSenshi:MoonSpiralHeartAttack","theSenshi:MoonCosmicPowerMakeUp+1"],"picked":"SKIP","floor":36.0},{"not_picked":["theSenshi:MoonsReflection","theSenshi:MoonHealingEscalation"],"picked":"theSenshi:TuxedoMaskAssists+1","floor":38.0}],"player_experience":32601,"relics_obtained":[{"floor":7.0,"key":"Toy Ornithopter"},{"floor":9.0,"key":"Boot"},{"floor":14.0,"key":"PreservedInsect"},{"floor":26.0,"key":"ReplayTheSpireMod:Lightbulb"},{"floor":27.0,"key":"InkBottle"},{"floor":31.0,"key":"Replay:Bandana"}],"event_choices":[{"damage_healed":0.0,"max_hp_gain":0.0,"max_hp_loss":0.0,"gold_gain":0.0,"event_name":"The Cleric","player_choice":"Leave","floor":2.0,"gold_loss":0.0,"damage_taken":0.0},{"damage_healed":0.0,"max_hp_gain":0.0,"max_hp_loss":0.0,"gold_gain":0.0,"event_name":"Accursed Blacksmith","player_choice":"Forge","floor":4.0,"gold_loss":0.0,"damage_taken":0.0,"cards_upgraded":["theSenshi:MoonPrincessHalation"]},{"damage_healed":25.0,"max_hp_gain":0.0,"max_hp_loss":0.0,"gold_gain":0.0,"event_name":"The Library","player_choice":"Heal","floor":24.0,"gold_loss":0.0,"damage_taken":0.0},{"damage_healed":0.0,"max_hp_gain":0.0,"max_hp_loss":0.0,"gold_gain":0.0,"event_name":"Back to Basics","player_choice":"Simplicity","floor":29.0,"gold_loss":0.0,"damage_taken":0.0,"cards_upgraded":["theSenshi:SailorKick","theSenshi:SailorKick","theSenshi:SailorKick","theSenshi:SailorKick","theSenshi:SailorBlock","theSenshi:SailorBlock","theSenshi:SailorBlock","theSenshi:SailorBlock"]},{"damage_healed":0.0,"max_hp_gain":0.0,"max_hp_loss":0.0,"gold_gain":100.0,"event_name":"Golden Shrine","player_choice":"Pray","floor":39.0,"gold_loss":0.0,"damage_taken":0.0}],"is_beta":false,"boss_relics":[{"not_picked":["Snecko Eye","hubris:GrandSneckoEye"],"picked":"hubris:Backtick"},{"not_picked":["Abe\u0027s Treasure","bronze:MakeshiftBattery"],"picked":"hubris:ScarierMask"}],"items_purged_floors":[37],"is_endless":false,"potions_floor_spawned":[5,7,12,14,16,20,25,30,36],"killed_by":"Reptomancer","ascension_level":0}}