{"host":"b6hf8n3pu8vqv2wi","time":1612982284,"event":{"mods":["BaseMod","Minty Spire (QoL Compilation)","StSLib","The Servant 0.9.4"],"gold_per_floor":[117,137,137,147,222,255,255,285,285,295,314,332,332,347,347,452,452,464,477,183,215,226,254,254,265,265,293,293,263,277,288,288,385,385,403,403,417,342,357,357,371,371,371,391,419,434,484,501,501,501,501,501,91,117,117,117],"floor_reached":55,"language":"ZHS","playtime":6752,"items_purged":["Pain"],"score":755,"play_id":"a4f4875b-18db-48fa-8026-bb4cb12d48dd","local_time":"20210211023804","is_ascension_mode":false,"campfire_choices":[{"floor":7.0,"key":"RECALL"},{"floor":15.0,"key":"REST"},{"floor":24.0,"key":"REST"},{"floor":28.0,"key":"REST"},{"data":"LightFlow","floor":32.0,"key":"SMITH"},{"data":"PendulumOfEternity","floor":40.0,"key":"SMITH"},{"data":"Sunlight","floor":49.0,"key":"SMITH"},{"data":"FlawlessForm","floor":52.0,"key":"SMITH"}],"circlet_count":0,"master_deck":["Strike_S","Strike_S","Strike_S","Strike_S","Defend_S","Defend_S","Defend_S","Defend_S","KidneyShot","Exchange","BestPractice+1","SilverBlades","MurderousAura","LightFlow+1","StarChef","Barrier","Revamp","Defy","Contraction","FlawlessForm+1","Replace+1","DoubleEdge","Snipe","Read","PendulumOfEternity+1","Ricochet","Sunlight+1","TimeWarp","Luminosity+1","Luminosity","Desolation+1","DualDimension+1","DualDimension+1","BottledTime+1"],"relics":["Uniform","NeowsBlessing","Shuriken","Akabeko","Ornamental Fan","Runic Pyramid","Ice Cream","Red Mask","Bronze Scales","Thread and Needle","Cursed Key","Orichalcum","The Courier","Du-Vu Doll","HandDrill","Art of War","Oddly Smooth Stone","Lantern"],"acts_visited":["Exordium","TheCity","TheBeyond","TheEnding"],"potions_floor_usage":[54,55,55],"damage_taken":[{"damage":0.0,"enemies":"Jaw Worm","floor":1.0,"turns":1.0},{"damage":0.0,"enemies":"Cultist","floor":2.0,"turns":1.0},{"damage":0.0,"enemies":"Small Slimes","floor":4.0,"turns":2.0},{"damage":16.0,"enemies":"3 Sentries","floor":6.0,"turns":8.0},{"damage":5.0,"enemies":"Lagavulin","floor":8.0,"turns":6.0},{"damage":10.0,"enemies":"Red Slaver","floor":10.0,"turns":3.0},{"damage":0.0,"enemies":"2 Fungi Beasts","floor":11.0,"turns":2.0},{"damage":0.0,"enemies":"Exordium Wildlife","floor":12.0,"turns":3.0},{"damage":0.0,"enemies":"Looter","floor":14.0,"turns":2.0},{"damage":0.0,"enemies":"The Guardian","floor":16.0,"turns":10.0},{"damage":1.0,"enemies":"Shell Parasite","floor":18.0,"turns":3.0},{"damage":0.0,"enemies":"Chosen","floor":19.0,"turns":8.0},{"damage":2.0,"enemies":"Masked Bandits","floor":21.0,"turns":5.0},{"damage":21.0,"enemies":"Centurion and Healer","floor":22.0,"turns":5.0},{"damage":31.0,"enemies":"Gremlin Leader","floor":23.0,"turns":7.0},{"damage":0.0,"enemies":"Snake Plant","floor":25.0,"turns":3.0},{"damage":18.0,"enemies":"Book of Stabbing","floor":27.0,"turns":5.0},{"damage":0.0,"enemies":"Cultist and Chosen","floor":30.0,"turns":7.0},{"damage":0.0,"enemies":"Snecko","floor":31.0,"turns":5.0},{"damage":17.0,"enemies":"Collector","floor":33.0,"turns":11.0},{"damage":0.0,"enemies":"Orb Walker","floor":35.0,"turns":5.0},{"damage":1.0,"enemies":"3 Darklings","floor":37.0,"turns":7.0},{"damage":4.0,"enemies":"Writhing Mass","floor":39.0,"turns":7.0},{"damage":0.0,"enemies":"Jaw Worm Horde","floor":41.0,"turns":5.0},{"damage":0.0,"enemies":"Maw","floor":44.0,"turns":7.0},{"damage":20.0,"enemies":"Reptomancer","floor":45.0,"turns":6.0},{"damage":1.0,"enemies":"Sphere and 2 Shapes","floor":46.0,"turns":6.0},{"damage":0.0,"enemies":"Mind Bloom Boss Battle","floor":47.0,"turns":7.0},{"damage":2.0,"enemies":"Spire Growth","floor":48.0,"turns":4.0},{"damage":18.0,"enemies":"Time Eater","floor":50.0,"turns":10.0},{"damage":33,"enemies":"Shield and Spear","floor":54,"turns":7},{"damage":37,"enemies":"The Heart","floor":55,"turns":6}],"seed_played":"440813173169277175","potions_obtained":[{"floor":1.0,"key":"PowerPotion"},{"floor":6.0,"key":"BlessingOfTheForge"},{"floor":10.0,"key":"Strength Potion"},{"floor":11.0,"key":"Explosive Potion"},{"floor":13.0,"key":"SteroidPotion"},{"floor":13.0,"key":"Ancient Potion"},{"floor":13.0,"key":"DuplicationPotion"},{"floor":18.0,"key":"FearPotion"},{"floor":19.0,"key":"CultistPotion"},{"floor":29.0,"key":"LiquidBronze"},{"floor":29.0,"key":"SkillPotion"},{"floor":30.0,"key":"SneckoOil"},{"floor":31.0,"key":"Fruit Juice"},{"floor":33.0,"key":"Explosive Potion"},{"floor":39.0,"key":"BlessingOfTheForge"},{"floor":47.0,"key":"Regen Potion"}],"is_trial":false,"path_per_floor":["M","M","?","M","?","E","R","E","T","M","M","M","?","M","R","B",null,"M","M","$","?","M","E","R","M","T","E","R","?","M","M","R","B",null,"M","T","M","$","M","R","M","?","T","M","E","M","?","M","R","B",null,"R","$","E","B"],"character_chosen":"THE_SERVANT","items_purchased":["Ice Cream","HandDrill","Art of War","Oddly Smooth Stone","LiquidMemories"],"campfire_rested":3,"item_purchase_floors":[20,53,53,53,53],"current_hp_per_floor":[65,65,65,65,59,43,43,38,38,28,28,28,28,28,47,47,65,64,64,64,62,41,10,29,29,29,11,30,30,30,30,35,18,70,70,70,69,69,65,65,65,65,65,65,45,44,44,42,42,24,70,70,70,37,0,0],"gold":117,"neow_bonus":"THREE_ENEMY_KILL","is_daily":false,"chose_seed":false,"campfire_upgraded":4,"win_rate":0.0,"timestamp":1612982284,"path_taken":["M","M","?","M","?","E","R","E","T","M","M","?","?","M","R","BOSS","M","?","$","?","M","E","R","M","T","E","R","?","M","M","R","BOSS","M","?","M","$","M","R","M","?","T","?","E","M","?","M","R","BOSS","R","$","E","BOSS"],"items_purchased_type":["Relic","Relic","Relic","Relic","Potion"],"build_version":"2020-12-22","purchased_purges":1,"victory":false,"max_hp_per_floor":[65,65,65,65,65,65,65,65,65,65,65,65,65,65,65,65,65,65,65,65,65,65,65,65,65,65,65,65,65,65,65,70,70,70,70,70,70,70,70,70,70,70,70,70,70,70,70,70,70,70,70,70,70,70,70,70],"card_choices":[{"not_picked":["Manipulate","Reset"],"picked":"BestPractice","floor":1.0},{"not_picked":["Spin","Potential"],"picked":"SilverBlades","floor":2.0},{"not_picked":["Snipe","Defy"],"picked":"MurderousAura","floor":4.0},{"not_picked":["Rewind","Ricochet"],"picked":"LightFlow","floor":6.0},{"not_picked":["Deny","Potential"],"picked":"StarChef","floor":8.0},{"not_picked":["Moondial","Reset"],"picked":"Barrier","floor":10.0},{"not_picked":["ShatteredReality","BottledTime"],"picked":"Revamp","floor":11.0},{"not_picked":["FastForward","Alleviate"],"picked":"Defy","floor":12.0},{"not_picked":["ShatteredReality","Revamp"],"picked":"Contraction","floor":14.0},{"not_picked":["Deny","KillingDoll"],"picked":"FlawlessForm","floor":16.0},{"not_picked":["ReturningBlade","Rearm"],"picked":"Replace+1","floor":18.0},{"not_picked":["Foresight+1","SilverBlades+1"],"picked":"DoubleEdge","floor":19.0},{"not_picked":["Starlight","DoubleEdge+1"],"picked":"Snipe","floor":21.0},{"not_picked":["Replace+1","Hightail"],"picked":"Alleviate","floor":22.0},{"not_picked":["Defy+1","Starlight"],"picked":"Read","floor":23.0},{"not_picked":["Starlight+1","Replace","FastForward"],"picked":"SKIP","floor":25.0},{"not_picked":["Revamp+1","Unruled","Read"],"picked":"SKIP","floor":27.0},{"not_picked":["Revamp","BottledTime"],"picked":"PendulumOfEternity","floor":30.0},{"not_picked":["Contraction","TimeWarp"],"picked":"Ricochet","floor":31.0},{"not_picked":["FloweringNight","Deny"],"picked":"Sunlight","floor":33.0},{"not_picked":["GearUp+1","Manipulate+1"],"picked":"TimeWarp","floor":35.0},{"not_picked":["Rewind","DoubleEdge+1","Rearm"],"picked":"SKIP","floor":37.0},{"not_picked":["Starlight","DoubleEdge+1","Unruled+1"],"picked":"SKIP","floor":39.0},{"not_picked":["FastForward+1","BottledTime"],"picked":"Luminosity+1","floor":41.0},{"not_picked":["BottledTime","Revamp"],"picked":"Luminosity","floor":44.0},{"not_picked":["WasteNot","Ricochet+1"],"picked":"Desolation+1","floor":45.0},{"not_picked":["Revamp","Spin"],"picked":"DualDimension+1","floor":46.0},{"not_picked":["SurpressingFire+1","Ricochet"],"picked":"DualDimension+1","floor":47.0},{"not_picked":["Replace","DoubleEdge+1"],"picked":"BottledTime+1","floor":48.0},{"not_picked":["Revamp","Starlight","FlawlessForm"],"picked":"SKIP","floor":54}],"player_experience":201823,"relics_obtained":[{"floor":6.0,"key":"Shuriken"},{"floor":8.0,"key":"Akabeko"},{"floor":9.0,"key":"Ornamental Fan"},{"floor":21.0,"key":"Red Mask"},{"floor":23.0,"key":"Bronze Scales"},{"floor":27.0,"key":"Thread and Needle"},{"floor":36.0,"key":"Orichalcum"},{"floor":45.0,"key":"The Courier"},{"floor":47.0,"key":"Du-Vu Doll"},{"floor":54,"key":"Lantern"}],"event_choices":[{"damage_healed":0.0,"max_hp_gain":0.0,"max_hp_loss":0.0,"gold_gain":0.0,"event_name":"Living Wall","player_choice":"Grow","floor":3.0,"gold_loss":0.0,"damage_taken":0.0,"cards_upgraded":["BestPractice"]},{"damage_healed":0.0,"max_hp_gain":0.0,"max_hp_loss":0.0,"gold_gain":75.0,"event_name":"FaceTrader","player_choice":"Touch","floor":5.0,"gold_loss":0.0,"damage_taken":6.0},{"damage_healed":0.0,"max_hp_gain":0.0,"max_hp_loss":0.0,"gold_gain":0.0,"event_name":"Lab","player_choice":"Got Potions","floor":13.0,"gold_loss":0.0,"damage_taken":0.0},{"damage_healed":0.0,"max_hp_gain":0.0,"max_hp_loss":0.0,"gold_gain":0.0,"event_name":"Masked Bandits","player_choice":"Fought Bandits","floor":21.0,"gold_loss":0.0,"damage_taken":0.0},{"damage_healed":0.0,"max_hp_gain":0.0,"max_hp_loss":0.0,"gold_gain":0.0,"event_name":"The Woman in Blue","player_choice":"Bought 2 Potions","floor":29.0,"gold_loss":0.0,"damage_taken":0.0},{"cards_removed":["Alleviate"],"damage_healed":0.0,"max_hp_gain":0.0,"max_hp_loss":0.0,"gold_gain":0.0,"event_name":"Falling","player_choice":"Removed Skill","floor":42.0,"gold_loss":0.0,"damage_taken":0.0},{"damage_healed":0.0,"max_hp_gain":0.0,"max_hp_loss":0.0,"gold_gain":0.0,"event_name":"MindBloom","player_choice":"Fight","floor":47.0,"gold_loss":0.0,"damage_taken":0.0}],"is_beta":false,"boss_relics":[{"not_picked":["Velvet Choker","Astrolabe"],"picked":"Runic Pyramid"},{"not_picked":["SacredBark","Calling Bell"],"picked":"Cursed Key"}],"items_purged_floors":[38],"is_endless":false,"potions_floor_spawned":[1,6,10,11,14,18,19,30,31,33,37,39,41,47],"killed_by":"The Heart","ascension_level":0}}