{"host":"si6a1ixj09zwrub4","time":1612938424,"event":{"mods":["2.2 Compatiblity","A Magickal Journey","AchievementEnabler","Act Like it!","Aspiration","Bard","BaseMod","Beaked The Cultist","BetterRewards","Colored Powertips","Conspire","Defuse TimeMaze Blight","Dio Mod","Downfall","Elementarium","Energized Spire","GifTheSpireLib","Hallownest","Hermit","HololiveMod","Hubris","Infinite Spire","Jorbs\u0027s Wanderer Trilogy","Lobotomy","Melee Mod","Minty Spire (QoL Compilation)","Permanent Neow","Potionbrewer","QueenMod","READ ME - Guardian Mod","READ ME - Snecko Mod","Railgun Mod","Random Character Button","Remilia（蕾米莉亚）","Shade Mod","Shop Mod","Slumbering Mod","StSLib","The Accelerator","The Animator","The Bladedancer","The Bug Knight","The Construct","The Cursed","The Death Knight","The Disciple","The Exalted","The Florist","The Forsaken","The Gatherer","The Hierophant","The Judge","The Kombatant","The Runesmith","The Senshi","The Servant 0.9.4","The Wild Card","TheBandit","TheFirefly","TheHero","Waifu the Spire","Wandering Minibosses"],"gold_per_floor":[113,113,113,113,169,169,200,200,200,50,67,86,86,104,104,205,205,221,136,136,147,161,191,201,221,299,299,299],"floor_reached":27,"language":"ENG","playtime":1427,"items_purged":[],"score":256,"play_id":"0f0c33cb-37f9-45f2-9f68-cc91ac458d27","local_time":"20210210132704","is_ascension_mode":true,"campfire_choices":[{"data":"Searing Blow+2","floor":6,"key":"SMITH"},{"data":"Searing Blow+3","floor":8,"key":"SMITH"},{"data":"Searing Blow+4","floor":13,"key":"SMITH"},{"data":"hubris:SharpeningStone","floor":15,"key":"SMITH"}],"circlet_count":0,"master_deck":["Strike_R","Strike_R","Strike_R","Strike_R","Strike_R","Defend_R","Defend_R","Defend_R","Defend_R","Bash","Searing Blow+5","Sword Boomerang","Heavy Blade","Thunderclap","Bloodletting","hubris:SharpeningStone+1","Offering","True Grit","Hemokinesis","Pommel Strike","Sword Boomerang+1","Rampage","Cleave+1"],"relics":["Burning Blood","Orichalcum","Gremlin Horn","Happy Flower","Philosopher\u0027s Stone","Red Skull","Girya","construct:FoamFinger"],"acts_visited":["Exordium","TheCity"],"potions_floor_usage":[16,23,25],"damage_taken":[{"damage":1,"enemies":"theSlumbering:NewCultist","floor":1,"turns":3},{"damage":11,"enemies":"HollowMod:MossKnight","floor":7,"turns":10},{"damage":0,"enemies":"Small Slimes","floor":11,"turns":2},{"damage":0,"enemies":"2 Louse","floor":12,"turns":1},{"damage":4,"enemies":"Looter","floor":14,"turns":2},{"damage":53,"enemies":"Hexaghost","floor":16,"turns":8},{"damage":6,"enemies":"3 Byrds","floor":18,"turns":4},{"damage":21,"enemies":"2 Thieves","floor":21,"turns":2},{"damage":16,"enemies":"Dream Cultist and Chosen","floor":22,"turns":4},{"damage":14,"enemies":"conspire:Head Lice","floor":23,"turns":4},{"damage":32,"enemies":"Snake Plant","floor":24,"turns":3},{"damage":15,"enemies":"Snecko","floor":25,"turns":3},{"damage":13,"enemies":"conspire:SneckoGhost","floor":27,"turns":1}],"seed_played":"-6862536423976387514","potions_obtained":[{"floor":12,"key":"ColorlessPotion"},{"floor":14,"key":"Swift Potion"},{"floor":16,"key":"Strength Potion"},{"floor":23,"key":"Swift Potion"},{"floor":24,"key":"potionbrewer:AcidPotion"}],"is_trial":false,"path_per_floor":["M","?","?","?","?","R","E","R","T","$","M","M","R","M","R","B",null,"M","?","?","M","M","E","M","M","T","E"],"character_chosen":"IRONCLAD","items_purchased":["Happy Flower"],"campfire_rested":0,"item_purchase_floors":[10],"current_hp_per_floor":[80,80,80,80,80,80,75,75,75,75,80,80,80,80,80,33,80,80,80,80,65,55,47,21,12,12,0,0],"gold":299,"neow_bonus":"THREE_CARDS","is_daily":false,"chose_seed":false,"campfire_upgraded":4,"win_rate":0.0,"timestamp":1612938424,"path_taken":["M","?","?","?","?","R","E","R","T","?","M","M","R","M","R","BOSS","M","?","?","?","M","E","M","M","T","E"],"items_purchased_type":["Relic"],"build_version":"2020-12-22","purchased_purges":0,"victory":false,"max_hp_per_floor":[80,80,80,80,80,80,80,80,80,80,80,80,80,80,80,80,80,80,80,80,80,80,80,80,80,80,80,80],"card_choices":[{"not_picked":["Havoc","Pommel Strike"],"picked":"Searing Blow","floor":0},{"not_picked":["Twin Strike","Clash"],"picked":"Sword Boomerang","floor":1},{"not_picked":["Havoc","Wild Strike"],"picked":"Heavy Blade","floor":7},{"not_picked":["Burning Pact","Ghostly Armor"],"picked":"Thunderclap","floor":11},{"not_picked":["Sever Soul","Wild Strike"],"picked":"Bloodletting","floor":12},{"not_picked":["Metallicize","Whirlwind"],"picked":"hubris:SharpeningStone","floor":14},{"not_picked":["Barricade","conspire:HitWhereItHurts"],"picked":"Offering","floor":16},{"not_picked":["Feel No Pain","Flex"],"picked":"True Grit","floor":18},{"not_picked":["Shockwave+1","Shrug It Off"],"picked":"Hemokinesis","floor":21},{"not_picked":["Heavy Blade","Dark Embrace"],"picked":"Pommel Strike","floor":22},{"not_picked":["Body Slam","Pommel Strike"],"picked":"Sword Boomerang+1","floor":23},{"not_picked":["Perfected Strike","Headbutt+1"],"picked":"Rampage","floor":24},{"not_picked":["Pommel Strike+1","Dual Wield"],"picked":"Cleave+1","floor":25}],"player_experience":384532,"relics_obtained":[{"floor":7,"key":"Orichalcum"},{"floor":9,"key":"Gremlin Horn"},{"floor":23,"key":"Girya"},{"floor":26,"key":"construct:FoamFinger"}],"event_choices":[{"damage_healed":0,"gold_gain":0,"player_choice":"Grow","damage_taken":0,"max_hp_gain":0,"max_hp_loss":0,"event_name":"Living Wall","floor":3,"gold_loss":0,"cards_upgraded":["Searing Blow"]},{"damage_healed":0,"gold_gain":0,"player_choice":"Leave","damage_taken":0,"max_hp_gain":0,"max_hp_loss":0,"event_name":"The Cleric","floor":4,"gold_loss":0},{"damage_healed":0,"gold_gain":56,"player_choice":"Gained Gold","damage_taken":0,"max_hp_gain":0,"max_hp_loss":0,"event_name":"Golden Wing","floor":5,"gold_loss":0},{"damage_healed":0,"gold_gain":0,"player_choice":"Obtained Relic","damage_taken":0,"relics_obtained":["Red Skull"],"max_hp_gain":0,"max_hp_loss":0,"event_name":"Addict","floor":19,"gold_loss":85},{"damage_healed":0,"gold_gain":0,"player_choice":"Full Heal","damage_taken":0,"max_hp_gain":0,"max_hp_loss":0,"event_name":"Wheel of Change","floor":20,"gold_loss":0}],"is_beta":false,"boss_relics":[{"not_picked":["Pandora\u0027s Box","energizedSpire:NeverEndingSparkler"],"picked":"Philosopher\u0027s Stone"}],"items_purged_floors":[],"is_endless":false,"potions_floor_spawned":[12,14,16,23,24],"killed_by":"conspire:SneckoGhost","ascension_level":2}}