{"host":"61r95uy0hn86b9iu","time":1612999137,"event":{"mods":["AchievementEnabler","BaseMod","Better Vampires","BetterRewards","Colored Powertips","Hubris","Minty Spire (QoL Compilation)","Shop Mod","StSLib"],"gold_per_floor":[117,132,132,132,150,150,180,180,180,243,243,47,74,87,87,164,164,184,18,34,34,34,34],"floor_reached":22,"language":"ENG","playtime":558,"items_purged":[],"score":374,"play_id":"c8bd44a4-6db7-4131-9010-810b7c17ce23","local_time":"20210210171857","is_ascension_mode":true,"campfire_choices":[{"data":"Beam Cell","floor":6.0,"key":"SMITH"},{"floor":8.0,"key":"REST"},{"floor":15,"key":"REST"}],"circlet_count":0,"master_deck":["AscendersBane","Strike_B","Strike_B","Defend_B","Defend_B","Defend_B","Defend_B","Zap","Dualcast","Beam Cell+1","All For One","Glacier","Barrage","Conserve Battery","Leap"],"relics":["Cracked Core","NeowsBlessing","Shuriken","Blood Vial","hubris:OldNail","hubris:Teleporter","hubris:RunicObelisk","Strawberry"],"acts_visited":["Exordium","TheCity"],"potions_floor_usage":[13,18,22],"damage_taken":[{"damage":0.0,"enemies":"Small Slimes","floor":1.0,"turns":1.0},{"damage":0.0,"enemies":"Jaw Worm","floor":2.0,"turns":1.0},{"damage":0.0,"enemies":"Cultist","floor":5.0,"turns":1.0},{"damage":37.0,"enemies":"Lagavulin","floor":7.0,"turns":6.0},{"damage":24,"enemies":"Gremlin Nob","floor":13,"turns":4},{"damage":11,"enemies":"Blue Slaver","floor":14,"turns":3},{"damage":38,"enemies":"Hexaghost","floor":16,"turns":12},{"damage":9,"enemies":"Chosen","floor":18,"turns":5},{"damage":20,"enemies":"Shell Parasite","floor":20,"turns":5},{"damage":39,"enemies":"Snake Plant","floor":22,"turns":5}],"seed_played":"-6050876748035332749","potions_obtained":[{"floor":2.0,"key":"CultistPotion"},{"floor":5.0,"key":"Weak Potion"},{"floor":16,"key":"Swift Potion"},{"floor":18,"key":"LiquidBronze"}],"is_trial":false,"path_per_floor":["M","M","?","?","M","R","E","R","T","?","?","$","E","M","R","B",null,"M","$","M","$","M"],"character_chosen":"DEFECT","items_purchased":["hubris:OldNail","Conserve Battery","Strawberry"],"campfire_rested":2,"item_purchase_floors":[12,12,19],"current_hp_per_floor":[64,64,64,64,64,64,27,48,48,48,48,48,26,17,38,2,54,47,54,36,36,0,0],"gold":34,"neow_bonus":"THREE_ENEMY_KILL","is_daily":false,"chose_seed":false,"campfire_upgraded":1,"win_rate":0.0,"timestamp":1612999137,"path_taken":["M","M","?","?","?","R","E","R","T","?","?","$","E","M","R","BOSS","M","$","M","?","M"],"items_purchased_type":["Relic","Card","Relic"],"build_version":"2020-12-22","purchased_purges":0,"victory":false,"max_hp_per_floor":[71,71,71,71,71,71,71,71,71,71,71,71,71,71,71,71,71,71,78,78,78,78,78],"card_choices":[{"not_picked":["Go for the Eyes","Ball Lightning","Force Field"],"picked":"SKIP","floor":1.0},{"not_picked":["Gash","Double Energy"],"picked":"Beam Cell","floor":2.0},{"not_picked":["Auto Shields","Beam Cell"],"picked":"Glacier","floor":5.0},{"not_picked":["Ball Lightning","Steam","Go for the Eyes"],"picked":"SKIP","floor":7.0},{"not_picked":["Cold Snap","Heatsinks","Doom and Gloom"],"picked":"SKIP","floor":13},{"not_picked":["Ball Lightning","Coolheaded"],"picked":"Leap","floor":14},{"not_picked":["Glacier","Hologram","Hello World"],"picked":"SKIP","floor":18},{"not_picked":["Streamline","Conserve Battery","Sweeping Beam"],"picked":"SKIP","floor":20}],"player_experience":3345804,"relics_obtained":[{"floor":7.0,"key":"Shuriken"},{"floor":9.0,"key":"Blood Vial"},{"floor":13,"key":"hubris:Teleporter"}],"event_choices":[{"cards_removed":["Strike_B"],"damage_healed":0.0,"max_hp_gain":0.0,"max_hp_loss":0.0,"gold_gain":0.0,"event_name":"Purifier","player_choice":"Purged","floor":4.0,"gold_loss":0.0,"damage_taken":0.0},{"damage_healed":0.0,"max_hp_gain":0.0,"max_hp_loss":0.0,"gold_gain":63.0,"event_name":"Golden Wing","player_choice":"Gained Gold","floor":10.0,"gold_loss":0.0,"damage_taken":0.0},{"damage_healed":0.0,"max_hp_gain":0.0,"max_hp_loss":0.0,"gold_gain":0.0,"cards_transformed":["Strike_B"],"event_name":"Transmorgrifier","player_choice":"Transformed","floor":11.0,"gold_loss":0.0,"damage_taken":0.0,"cards_obtained":["Barrage"]}],"is_beta":false,"boss_relics":[{"not_picked":["hubris:Stopwatch","hubris:CrackedHourglass"],"picked":"hubris:RunicObelisk"}],"items_purged_floors":[],"is_endless":false,"potions_floor_spawned":[2,5,16,18],"killed_by":"Snake Plant","ascension_level":19}}