{"host":"djoj10dqzzvtkauc","time":1612987236,"event":{"mods":["2.2 Compatiblity","BaseMod","Colored Map","DeckTracker","Highlight Path","Keyboard Shortcuts","Marisa£¨Ùöéë¡¡Øª×âÞÞ£©","Minty Spire (QoL Compilation)","Permanent Neow","Quick Restart","Random Character Button","StSLib","SuperFastMode","everything is the same but u backflip on backflip"],"gold_per_floor":[117,128,139,157,9,9,38,38,38,3,23,23,56,75,75,75,75],"floor_reached":16,"language":"KOR","playtime":454,"items_purged":[],"score":185,"play_id":"ee647a83-0c44-4002-9ce0-eae6c3a89ed7","local_time":"20210211050036","is_ascension_mode":true,"campfire_choices":[{"data":"Distraction","floor":6.0,"key":"SMITH"},{"data":"Footwork","floor":8,"key":"SMITH"},{"data":"Predator","floor":12,"key":"SMITH"},{"floor":15,"key":"REST"}],"circlet_count":0,"master_deck":["AscendersBane","Strike_G","Strike_G","Strike_G","Strike_G","Defend_G","Defend_G","Defend_G","Defend_G","Survivor","Neutralize","Endless Agony","Distraction+1","Predator+1","Leg Sweep","Cloak And Dagger","Footwork+1","Poisoned Stab","PiercingWail","Bullet Time"],"relics":["Ring of the Snake","Membership Card","Tiny Chest","Centennial Puzzle","The Courier"],"acts_visited":["Exordium"],"potions_floor_usage":[7,7,13,16],"damage_taken":[{"damage":1.0,"enemies":"Cultist","floor":1.0,"turns":4.0},{"damage":1.0,"enemies":"Jaw Worm","floor":2.0,"turns":3.0},{"damage":0.0,"enemies":"Small Slimes","floor":3.0,"turns":4.0},{"damage":7.0,"enemies":"Looter","floor":4.0,"turns":3.0},{"damage":19,"enemies":"3 Sentries","floor":7,"turns":8},{"damage":7,"enemies":"Large Slime","floor":11,"turns":6},{"damage":16,"enemies":"Gremlin Nob","floor":13,"turns":4},{"damage":1,"enemies":"Blue Slaver","floor":14,"turns":2},{"damage":39,"enemies":"Slime Boss","floor":16,"turns":10}],"seed_played":"-5451141802241474400","potions_obtained":[{"floor":1.0,"key":"LiquidMemories"},{"floor":4.0,"key":"Fire Potion"},{"floor":7,"key":"Energy Potion"},{"floor":13,"key":"Block Potion"}],"is_trial":false,"path_per_floor":["M","M","M","M","$","R","E","R","T","?","M","R","E","M","R","B"],"character_chosen":"THE_SILENT","items_purchased":["Membership Card"],"campfire_rested":1,"item_purchase_floors":[5],"current_hp_per_floor":[62,61,61,54,54,54,35,35,35,50,43,43,27,26,44,5,5],"gold":75,"neow_bonus":"TRANSFORM_TWO_CARDS","is_daily":false,"chose_seed":false,"campfire_upgraded":3,"win_rate":0.0,"timestamp":1612987236,"path_taken":["M","M","M","M","$","R","E","R","T","?","M","R","E","M","R","BOSS"],"items_purchased_type":["Relic"],"build_version":"2020-12-22","purchased_purges":0,"victory":false,"max_hp_per_floor":[63,63,63,63,63,63,63,63,63,63,63,63,63,63,63,63,63],"card_choices":[{"not_picked":["Choke","Dodge and Roll"],"picked":"Predator","floor":1.0},{"not_picked":["Reflex","Predator"],"picked":"Leg Sweep","floor":2.0},{"not_picked":["Dagger Throw","Deflect"],"picked":"Cloak And Dagger","floor":3.0},{"not_picked":["Tactician","Noxious Fumes"],"picked":"Footwork","floor":4.0},{"not_picked":["Dodge and Roll","Acrobatics"],"picked":"Poisoned Stab","floor":7},{"not_picked":["Slice","Underhanded Strike"],"picked":"PiercingWail","floor":11},{"not_picked":["Skewer","Sucker Punch"],"picked":"Bullet Time","floor":13},{"not_picked":["Endless Agony","Sucker Punch","Outmaneuver"],"picked":"SKIP","floor":14}],"player_experience":219965,"relics_obtained":[{"floor":7,"key":"Tiny Chest"},{"floor":9,"key":"Centennial Puzzle"},{"floor":13,"key":"The Courier"}],"event_choices":[{"damage_healed":15,"gold_gain":0,"player_choice":"Healed","damage_taken":0,"max_hp_gain":0,"max_hp_loss":0,"event_name":"The Cleric","floor":10,"gold_loss":35}],"is_beta":false,"boss_relics":[],"items_purged_floors":[],"is_endless":false,"potions_floor_spawned":[1,4,7,13],"killed_by":"Slime Boss","ascension_level":13}}