{"host":"ugys05tpep779cl6","time":1612949844,"event":{"mods":["AchievementEnabler","Aspiration","BaseMod","Beaked The Cultist","CatGirl Mod","Colored Powertips","HololiveMod","Lobotomy","Minty Spire (QoL Compilation)","Quick Restart","Replay The Spire","Spicy Shops","StSLib","The Druid"],"gold_per_floor":[19,39,56,6,23,23,51,51,51,82,82,110,127,140,140,140,140],"floor_reached":16,"language":"ENG","playtime":854,"items_purged":[],"score":226,"play_id":"a5cb174d-dcee-48a4-9253-6d2168bed40a","local_time":"20210210103724","is_ascension_mode":true,"campfire_choices":[{"data":"Bash","floor":6,"key":"SMITH"},{"data":"Heavy Blade","floor":8,"key":"SMITH"},{"data":"Body Slam","floor":15,"key":"SMITH"}],"circlet_count":0,"master_deck":["AscendersBane","Strike_R","Strike_R","Strike_R","Strike_R","Strike_R","Defend_R","Defend_R","Defend_R","Bash+1","Shrug It Off","Heavy Blade+1","Evolve","True Grit+1","Body Slam+1"],"relics":["Burning Blood","Torii","Akabeko","Ginger","Bag of Marbles","Onion Ring"],"acts_visited":["Exordium"],"potions_floor_usage":[7,7,7,10,12,16],"damage_taken":[{"damage":1,"enemies":"Cultist","floor":1,"turns":3},{"damage":1,"enemies":"2 Louse","floor":2,"turns":4},{"damage":13,"enemies":"Jaw Worm","floor":3,"turns":4},{"damage":14,"enemies":"Blue Slaver","floor":5,"turns":6},{"damage":43,"enemies":"Lagavulin","floor":7,"turns":9},{"damage":4,"enemies":"3 Sentries","floor":10,"turns":12},{"damage":23,"enemies":"Lagavulin","floor":12,"turns":10},{"damage":0,"enemies":"Lots of Slimes","floor":13,"turns":3},{"damage":0,"enemies":"Looter","floor":14,"turns":1},{"damage":27,"enemies":"Fading Forest","floor":16,"turns":10}],"seed_played":"4424731740497947457","potions_obtained":[{"floor":3,"key":"FearPotion"},{"floor":5,"key":"EntropicBrew"},{"floor":10,"key":"ColorlessPotion"},{"floor":12,"key":"Block Potion"},{"floor":14,"key":"Elixir"}],"is_trial":false,"path_per_floor":["M","M","M","$","M","R","E","R","T","E","?","E","M","M","R","B"],"character_chosen":"IRONCLAD","items_purchased":["True Grit+1"],"campfire_rested":0,"item_purchase_floors":[4],"current_hp_per_floor":[73,75,68,68,60,60,23,23,23,25,25,8,14,20,20,15,15],"gold":140,"neow_bonus":"ONE_RARE_RELIC","is_daily":false,"chose_seed":false,"campfire_upgraded":3,"win_rate":0.0,"timestamp":1612949844,"path_taken":["M","?","M","?","M","R","E","R","T","E","?","E","M","M","R","BOSS"],"items_purchased_type":["Card"],"build_version":"2020-12-22","purchased_purges":0,"victory":false,"max_hp_per_floor":[75,75,75,75,75,75,75,75,75,75,75,75,75,75,75,75,75],"card_choices":[{"not_picked":["Sword Boomerang","Thunderclap"],"picked":"Shrug It Off","floor":1},{"not_picked":["Anger","Spot Weakness"],"picked":"Heavy Blade","floor":2},{"not_picked":["Sword Boomerang","True Grit"],"picked":"Evolve","floor":3},{"not_picked":["Havoc","Sever Soul","Ghostly Armor"],"picked":"SKIP","floor":5},{"not_picked":["Pummel","Brutality","Cleave"],"picked":"SKIP","floor":7},{"not_picked":["Rupture","Clothesline","Havoc"],"picked":"SKIP","floor":10},{"not_picked":["Searing Blow","Corruption"],"picked":"Body Slam","floor":12},{"not_picked":["Combust","Heavy Blade","Warcry"],"picked":"SKIP","floor":13},{"not_picked":["Body Slam","Shrug It Off","Clash"],"picked":"SKIP","floor":14}],"player_experience":736514,"relics_obtained":[{"floor":7,"key":"Akabeko"},{"floor":9,"key":"Ginger"},{"floor":10,"key":"Bag of Marbles"},{"floor":12,"key":"Onion Ring"}],"event_choices":[],"is_beta":false,"boss_relics":[],"items_purged_floors":[],"is_endless":false,"potions_floor_spawned":[3,5,10,12,14],"killed_by":"Fading Forest","ascension_level":17}}