{"host":"8u1cu4kisw6g21am","time":1612930139,"event":{"mods":["AchievementEnabler","BaseMod","Bestiary","BetterRewards","Minty Spire (QoL Compilation)","Quick Restart","Shop Mod","StSLib"],"gold_per_floor":[111,111,128,228,240,269,269,284,330,344,344,364,364,380,380,482,482,498,36,56,56,56,86,104,135,185,197,232,232,250,175,175,272,272,288,313,1312,1367,1367,1393,1393,1406,1406,1089,1104,293,293,307,307,307],"floor_reached":51,"language":"ENG","playtime":24206,"items_purged":["Well Laid Plans","Normality","Normality"],"score":762,"play_id":"cc3d8a14-50a8-426a-b797-fac111defc01","local_time":"20210209230859","is_ascension_mode":false,"campfire_choices":[{"data":"Malaise","floor":7.0,"key":"SMITH"},{"data":"Venomology","floor":11.0,"key":"SMITH"},{"data":"Flying Knee","floor":15.0,"key":"SMITH"},{"data":"Terror","floor":29.0,"key":"SMITH"},{"data":"Night Terror","floor":32.0,"key":"SMITH"},{"floor":41.0,"key":"REST"},{"data":"Burst","floor":47.0,"key":"SMITH"},{"data":"Burst","floor":49.0,"key":"SMITH"}],"circlet_count":0,"master_deck":["Defend_G","Defend_G","Defend_G","Survivor","Neutralize","Venomology+1","Malaise+1","Blur","Dodge and Roll","Outmaneuver","Flying Knee+1","Acrobatics","Leg Sweep","Tactician","Quick Slash","Night Terror+1","Dagger Throw","Terror+1","Backflip","Underhanded Strike","Sucker Punch","Dagger Throw+1","Bite","Bite","Bite","Bite","Bite","Flying Knee+1","A Thousand Cuts","Eviscerate+1","Burst+1","Dagger Throw+1","Underhanded Strike+1","Phantasmal Killer","Crescendo","Backstab+1","Quick Slash+1","Burst+1","Conserve Battery"],"relics":["Ring of the Snake","Gremlin Horn","Toy Ornithopter","SlaversCollar","MerchantsRug","Happy Flower","Orrery","MutagenicStrength","Potion Belt","Bag of Preparation","Strawberry","Nunchaku","Runic Pyramid","Regal Pillow","Bird Faced Urn","Molten Egg 2","Bag of Marbles","PrismaticShard","Vajra","Sundial","DollysMirror"],"acts_visited":["Exordium","TheCity","TheBeyond"],"potions_floor_usage":[50,50,50,50,50,50,50,50],"damage_taken":[{"damage":2.0,"enemies":"Small Slimes","floor":1.0,"turns":5.0},{"damage":3.0,"enemies":"2 Louse","floor":3.0,"turns":3.0},{"damage":0.0,"enemies":"Cultist","floor":5.0,"turns":6.0},{"damage":8.0,"enemies":"Lagavulin","floor":6.0,"turns":13.0},{"damage":3.0,"enemies":"2 Fungi Beasts","floor":8.0,"turns":5.0},{"damage":2.0,"enemies":"3 Louse","floor":10.0,"turns":3.0},{"damage":2.0,"enemies":"Blue Slaver","floor":12.0,"turns":7.0},{"damage":6.0,"enemies":"Exordium Wildlife","floor":14.0,"turns":10.0},{"damage":43.0,"enemies":"The Guardian","floor":16.0,"turns":22.0},{"damage":13.0,"enemies":"3 Byrds","floor":18.0,"turns":9.0},{"damage":30.0,"enemies":"Spheric Guardian","floor":20.0,"turns":6.0},{"damage":7.0,"enemies":"Slavers","floor":23.0,"turns":5.0},{"damage":49.0,"enemies":"Cultist and Chosen","floor":24.0,"turns":8.0},{"damage":43.0,"enemies":"Book of Stabbing","floor":25.0,"turns":6.0},{"damage":13.0,"enemies":"Snecko","floor":27.0,"turns":6.0},{"damage":9.0,"enemies":"Slavers","floor":28.0,"turns":5.0},{"damage":31.0,"enemies":"Shelled Parasite and Fungi","floor":30.0,"turns":3.0},{"damage":104.0,"enemies":"Automaton","floor":33.0,"turns":7.0},{"damage":25.0,"enemies":"3 Shapes","floor":35.0,"turns":2.0},{"damage":34.0,"enemies":"2 Orb Walkers","floor":38.0,"turns":5.0},{"damage":177.0,"enemies":"Giant Head","floor":40.0,"turns":12.0},{"damage":10.0,"enemies":"Orb Walker","floor":42.0,"turns":2.0},{"damage":17.0,"enemies":"Transient","floor":45.0,"turns":5.0},{"damage":6.0,"enemies":"Sphere and 2 Shapes","floor":48.0,"turns":3.0},{"damage":158,"enemies":"Awakened One","floor":50,"turns":5}],"seed_played":"2916331728536041939","potions_obtained":[{"floor":1.0,"key":"Dexterity Potion"},{"floor":8.0,"key":"LiquidMemories"},{"floor":14.0,"key":"FairyPotion"},{"floor":23.0,"key":"Poison Potion"},{"floor":25.0,"key":"SpeedPotion"},{"floor":27.0,"key":"SpeedPotion"},{"floor":33.0,"key":"Swift Potion"},{"floor":35.0,"key":"BlessingOfTheForge"},{"floor":38.0,"key":"Explosive Potion"},{"floor":40.0,"key":"Energy Potion"},{"floor":45.0,"key":"ColorlessPotion"}],"is_trial":false,"path_per_floor":["M","?","M","?","M","E","R","M","T","M","R","M","?","M","R","B",null,"M","$","M","?","?","E","M","E","T","M","E","R","M","$","R","B",null,"M","T","?","?","?","E","R","M","T","$","M","$","R","M","R","B",null],"character_chosen":"THE_SILENT","items_purchased":["MerchantsRug","Happy Flower","Orrery","PrismaticShard","CunningPotion","Backstab+1","Quick Slash+1","Vajra","Sundial","DollysMirror"],"campfire_rested":1,"item_purchase_floors":[19,19,19,44,44,46,46,46,46,46],"current_hp_per_floor":[47,35,32,32,32,24,24,23,23,38,38,43,66,69,69,27,70,62,62,34,34,34,49,35,21,28,37,45,45,38,38,38,19,77,58,58,58,59,59,15,53,56,56,56,56,56,56,65,65,34],"gold":307,"neow_bonus":"TRANSFORM_TWO_CARDS","is_daily":false,"chose_seed":false,"campfire_upgraded":7,"win_rate":0.0,"timestamp":1612930139,"path_taken":["M","?","M","?","M","E","R","?","T","M","R","M","?","M","R","BOSS","M","$","M","?","?","E","M","E","T","M","E","R","M","?","R","BOSS","M","?","?","?","?","E","R","M","T","$","?","$","R","M","R","BOSS"],"items_purchased_type":["Relic","Relic","Relic","Relic","Potion","Card","Card","Relic","Relic","Relic"],"build_version":"2020-12-22","purchased_purges":3,"victory":true,"max_hp_per_floor":[70,70,70,70,70,70,70,70,70,70,70,70,70,70,70,70,70,70,70,70,70,70,70,70,70,77,77,77,77,77,77,77,77,77,77,77,77,77,77,77,77,77,77,77,77,77,77,77,77,77],"card_choices":[{"not_picked":["Acrobatics","Deadly Poison"],"picked":"Blur","floor":1.0},{"not_picked":["Prepared","Infinite Blades"],"picked":"Dodge and Roll","floor":3.0},{"not_picked":["Poisoned Stab","Infinite Blades"],"picked":"Outmaneuver","floor":5.0},{"not_picked":["Poisoned Stab","Prepared"],"picked":"Flying Knee","floor":6.0},{"not_picked":["Flying Knee","Underhanded Strike"],"picked":"Acrobatics","floor":8.0},{"not_picked":["Slice","Infinite Blades"],"picked":"Leg Sweep","floor":10.0},{"not_picked":["Infinite Blades","PiercingWail"],"picked":"Tactician","floor":12.0},{"not_picked":["Dagger Spray","Expertise"],"picked":"Quick Slash","floor":14.0},{"not_picked":["Envenom","Bullet Time"],"picked":"Night Terror","floor":16.0},{"not_picked":["Prepared","Slice"],"picked":"Dagger Throw","floor":18.0},{"not_picked":["PiercingWail","Blade Dance"],"picked":"Terror","floor":19.0},{"not_picked":["All Out Attack+1","Tactician"],"picked":"Backflip","floor":19.0},{"not_picked":["Prepared","Leg Sweep"],"picked":"Underhanded Strike","floor":19.0},{"not_picked":["Blade Dance","Phantasmal Killer"],"picked":"Well Laid Plans","floor":19.0},{"not_picked":["PiercingWail","Deadly Poison+1"],"picked":"Sucker Punch","floor":19.0},{"not_picked":["Poisoned Stab","Caltrops"],"picked":"Dagger Throw+1","floor":20.0},{"not_picked":["Terror","Backflip"],"picked":"Flying Knee+1","floor":23.0},{"not_picked":["Crippling Poison","Caltrops","Noxious Fumes"],"picked":"SKIP","floor":24.0},{"not_picked":["Outmaneuver","Riddle With Holes"],"picked":"A Thousand Cuts","floor":25.0},{"not_picked":["Underhanded Strike","Footwork+1"],"picked":"Eviscerate+1","floor":27.0},{"not_picked":["Dodge and Roll","A Thousand Cuts","Tactician"],"picked":"SKIP","floor":28.0},{"not_picked":["Masterful Stab","Slice","Flying Knee"],"picked":"SKIP","floor":30.0},{"not_picked":["Glass Knife","Malaise"],"picked":"Burst","floor":33.0},{"not_picked":["Slice+1","Well Laid Plans+1"],"picked":"Dagger Throw+1","floor":35.0},{"not_picked":["Expertise","Dodge and Roll"],"picked":"Underhanded Strike+1","floor":38.0},{"not_picked":["Prepared","Burst"],"picked":"Phantasmal Killer","floor":40.0},{"not_picked":["Riddle With Holes+1","Dagger Spray+1","Blade Dance"],"picked":"SKIP","floor":42.0},{"not_picked":["Perfected Strike+1","EmptyFist+1"],"picked":"Crescendo","floor":45.0},{"not_picked":["BootSequence+1","Underhanded Strike+1"],"picked":"Conserve Battery","floor":48.0}],"player_experience":64331,"relics_obtained":[{"floor":6.0,"key":"Blood Vial"},{"floor":9.0,"key":"Toy Ornithopter"},{"floor":23.0,"key":"Potion Belt"},{"floor":25.0,"key":"Bag of Preparation"},{"floor":26.0,"key":"Strawberry"},{"floor":28.0,"key":"Nunchaku"},{"floor":36.0,"key":"Regal Pillow"},{"floor":38.0,"key":"Bird Faced Urn"},{"floor":40.0,"key":"Molten Egg 2"},{"floor":43.0,"key":"Bag of Marbles"}],"event_choices":[{"damage_healed":0.0,"max_hp_gain":0.0,"max_hp_loss":0.0,"gold_gain":0.0,"event_name":"Scrap Ooze","player_choice":"Success","floor":2.0,"gold_loss":0.0,"damage_taken":12.0,"relics_obtained":["Gremlin Horn"]},{"damage_healed":0.0,"max_hp_gain":0.0,"max_hp_loss":0.0,"gold_gain":100.0,"event_name":"Golden Shrine","player_choice":"Pray","floor":4.0,"gold_loss":0.0,"damage_taken":0.0},{"damage_healed":23.0,"max_hp_gain":0.0,"max_hp_loss":0.0,"gold_gain":0.0,"event_name":"Big Fish","player_choice":"Banana","floor":13.0,"gold_loss":0.0,"damage_taken":0.0},{"damage_healed":0.0,"max_hp_gain":0.0,"max_hp_loss":0.0,"gold_gain":0.0,"event_name":"Drug Dealer","player_choice":"Inject Mutagens","floor":21.0,"gold_loss":0.0,"damage_taken":0.0,"relics_obtained":["MutagenicStrength"]},{"damage_healed":0.0,"max_hp_gain":0.0,"max_hp_loss":0.0,"gold_gain":0.0,"event_name":"Vampires","player_choice":"Became a vampire (Vial)","floor":22.0,"relics_lost":["Blood Vial"],"gold_loss":0.0,"damage_taken":0.0,"cards_obtained":["Bite","Bite","Bite","Bite","Bite"]},{"damage_healed":0.0,"max_hp_gain":0.0,"max_hp_loss":0.0,"gold_gain":999.0,"event_name":"MindBloom","player_choice":"Gold","floor":37.0,"gold_loss":0.0,"damage_taken":0.0,"cards_obtained":["Normality","Normality"]},{"damage_healed":0.0,"max_hp_gain":0.0,"max_hp_loss":0.0,"gold_gain":0.0,"event_name":"Mysterious Sphere","player_choice":"Fight","floor":38.0,"gold_loss":0.0,"damage_taken":0.0},{"damage_healed":0.0,"max_hp_gain":0.0,"max_hp_loss":0.0,"gold_gain":0.0,"event_name":"SecretPortal","player_choice":"Ignored","floor":39.0,"gold_loss":0.0,"damage_taken":0.0}],"is_beta":false,"boss_relics":[{"not_picked":["Cursed Key","Sozu"],"picked":"SlaversCollar"},{"not_picked":["Philosopher\u0027s Stone","Tiny House"],"picked":"Runic Pyramid"}],"items_purged_floors":[31,44,46],"is_endless":false,"potions_floor_spawned":[1,8,14,23,25,27,33,35,38,40,45],"ascension_level":0}}