{"host":"ls51t9cob9m2p2s9","time":1612977409,"event":{"mods":["AchievementEnabler","BaseMod","Become a monster ???","Colored Powertips","Downfall","Highlight Path","Minty Spire (QoL Compilation)","Quick Restart","Rare Cards Sparkle","StSLib","Uncapped"],"gold_per_floor":[99,109,119,219,239,139,139,139,155,45,60,89,89,101,114,114,114,114],"floor_reached":16,"language":"ENG","playtime":2886,"items_purged":[],"score":104,"play_id":"f2fb7302-5fc6-4dd3-a7c0-a9d7928b31a5","local_time":"20210210171649","is_ascension_mode":false,"campfire_choices":[{"floor":1,"key":"RECALL"},{"floor":6,"key":"REST"},{"data":"champ:Taunt","floor":13,"key":"SMITH"}],"circlet_count":0,"master_deck":["champ:Strike","champ:Strike","champ:Strike","champ:Strike","champ:Defend","champ:Defend","champ:Defend","champ:Defend","champ:Execute","champ:Taunt+1","champ:FlashCut","champ:IronFortress","champ:Shatter","champ:EndlessRage","champ:FocusedBerserking","champ:ShieldSlam","champ:PreciseThrust","champ:IronFortress","champ:CrownThrow","champ:SetATrap","champ:GladiatorStyle","champ:StanceDance"],"relics":["champ:ChampionCrown","CloakClasp","downfall:HeartBlessingRed","Matryoshka","Lantern"],"acts_visited":["Exordium"],"potions_floor_usage":[4,9,16],"damage_taken":[{"damage":10,"enemies":"Cultist","floor":2,"turns":5},{"damage":12,"enemies":"Jaw Worm","floor":3,"turns":4},{"damage":120,"enemies":"Jaw Worm","floor":4,"turns":11},{"damage":10,"enemies":"Small Slimes","floor":5,"turns":3},{"damage":36,"enemies":"Red Slaver","floor":9,"turns":4},{"damage":25,"enemies":"downfall:FleeingMerchant","floor":10,"turns":4},{"damage":10,"enemies":"Blue Slaver","floor":11,"turns":4},{"damage":38,"enemies":"Gremlin Nob","floor":12,"turns":5},{"damage":0,"enemies":"3 Louse","floor":14,"turns":3},{"damage":22,"enemies":"Red Slaver","floor":15,"turns":3},{"damage":61,"enemies":"IC_STATUS_ARCHETYPE","floor":16,"turns":10}],"seed_played":"-3542925442851118397","potions_obtained":[{"floor":2,"key":"DuplicationPotion"},{"floor":4,"key":"Slimebound:ThreeZeroPotion"},{"floor":5,"key":"PowerPotion"},{"floor":15,"key":"SteroidPotion"}],"is_trial":false,"path_per_floor":["R","M","M","?","M","R","T","?","M","$","M","E","R","M","M","B"],"character_chosen":"THE_CHAMP","items_purchased":["champ:PreciseThrust","champ:IronFortress"],"campfire_rested":1,"item_purchase_floors":[10,10],"current_hp_per_floor":[99,99,97,47,47,76,76,76,75,75,75,52,52,52,40,0,0,0],"gold":114,"neow_bonus":"TEN_PERCENT_HP_BONUS","is_daily":false,"chose_seed":false,"campfire_upgraded":1,"win_rate":0.0,"timestamp":1612977409,"path_taken":["R","M","M","?","M","R","T","?","?","$","M","E","R","M","M","BOSS"],"items_purchased_type":["Card","Card"],"build_version":"2020-12-22","purchased_purges":0,"victory":false,"max_hp_per_floor":[99,99,99,99,99,99,99,99,99,99,99,99,99,99,99,99,99,99],"card_choices":[{"not_picked":["champ:Haymaker","champ:DeathBlow"],"picked":"champ:FlashCut","floor":2},{"not_picked":["champ:Endure","champ:AdrenalArmor"],"picked":"champ:IronFortress","floor":3},{"not_picked":["champ:TornadoPunch","champ:BerserkersShout"],"picked":"champ:Shatter","floor":4},{"not_picked":["champ:FalseCounter","champ:TornadoPunch"],"picked":"champ:EndlessRage","floor":5},{"not_picked":["champ:AdrenalArmor","champ:CrownThrow"],"picked":"champ:FocusedBerserking","floor":9},{"not_picked":["champ:Duel","champ:FlashCut"],"picked":"champ:ShieldSlam","floor":10},{"not_picked":["champ:Encircle","champ:HeartStrike"],"picked":"champ:CrownThrow","floor":11},{"not_picked":["champ:PreciseThrust","champ:AdrenalArmor"],"picked":"champ:SetATrap","floor":12},{"not_picked":["champ:FanOfKnives","champ:TornadoPunch"],"picked":"champ:GladiatorStyle","floor":14},{"not_picked":["champ:SwordThrow","champ:AdrenalArmor"],"picked":"champ:StanceDance","floor":15}],"player_experience":396220,"relics_obtained":[{"floor":4,"key":"CloakClasp"},{"floor":7,"key":"Matryoshka"},{"floor":12,"key":"Lantern"}],"event_choices":[{"damage_healed":0,"gold_gain":0,"player_choice":"Ignored","damage_taken":0,"max_hp_gain":0,"max_hp_loss":0,"event_name":"NoteForYourself","floor":8,"gold_loss":0}],"is_beta":false,"boss_relics":[],"items_purged_floors":[],"is_endless":false,"potions_floor_spawned":[2,4,5,15],"killed_by":"IC_STATUS_ARCHETYPE","ascension_level":0}}