{"host":"aqym1xxr3lb31d9m","time":1612952232,"event":{"mods":["BaseMod","Block Reminder","Colored Map","Colored Powertips","DeckTracker","Highlight Path","Minty Spire (QoL Compilation)","Quick Restart","Random Character Button","StSLib","SuperFastMode","UnlockEverythingMod"],"gold_per_floor":[119,138,112,112,84,124,124,147,147,147,182,182,200,200,200,200,200],"floor_reached":16,"language":"JPN","playtime":352,"items_purged":[],"score":266,"play_id":"0ec286bf-5606-46e9-ac9e-ab4a1b1b3d98","local_time":"20210210191712","is_ascension_mode":true,"campfire_choices":[{"data":"Bash","floor":7,"key":"SMITH"},{"data":"Armaments","floor":12,"key":"SMITH"},{"data":"Anger","floor":15,"key":"SMITH"}],"circlet_count":0,"master_deck":["AscendersBane","Strike_R","Strike_R","Strike_R","Strike_R","Defend_R","Defend_R","Defend_R","Defend_R","Bash+1","Reckless Charge","Twin Strike","Shrug It Off","Armaments+1","Twin Strike","Anger+1","Feel No Pain","True Grit"],"relics":["Burning Blood","NeowsBlessing","Golden Idol","Pear","The Courier","Lantern","TungstenRod"],"acts_visited":["Exordium"],"potions_floor_usage":[11],"damage_taken":[{"damage":0,"enemies":"Cultist","floor":1,"turns":1},{"damage":0,"enemies":"Jaw Worm","floor":2,"turns":1},{"damage":0,"enemies":"Lagavulin","floor":6,"turns":1},{"damage":2,"enemies":"2 Louse","floor":8,"turns":3},{"damage":27,"enemies":"3 Sentries","floor":11,"turns":7},{"damage":0,"enemies":"2 Fungi Beasts","floor":13,"turns":3},{"damage":47,"enemies":"Hexaghost","floor":16,"turns":11}],"seed_played":"8515580550011504688","potions_obtained":[{"floor":1,"key":"SneckoOil"},{"floor":6,"key":"AttackPotion"}],"is_trial":false,"path_per_floor":["M","M","$","?","$","E","R","M","T","?","E","R","M","T","R","B"],"character_chosen":"IRONCLAD","items_purchased":["Shrug It Off","Armaments"],"campfire_rested":0,"item_purchase_floors":[3,5],"current_hp_per_floor":[74,75,75,49,49,65,65,69,69,62,41,41,47,47,47,0,0],"gold":200,"neow_bonus":"THREE_ENEMY_KILL","is_daily":false,"chose_seed":false,"campfire_upgraded":3,"win_rate":0.0,"timestamp":1612952232,"path_taken":["M","M","$","?","$","E","R","M","T","?","E","R","M","?","R","BOSS"],"items_purchased_type":["Card","Card"],"build_version":"2020-12-22","purchased_purges":0,"victory":false,"max_hp_per_floor":[75,75,75,75,75,85,85,85,85,85,85,85,85,85,85,85,85],"card_choices":[{"not_picked":["Sever Soul","Anger"],"picked":"Reckless Charge","floor":1},{"not_picked":["Heavy Blade","Body Slam"],"picked":"Twin Strike","floor":2},{"not_picked":["Burning Pact","Perfected Strike"],"picked":"Twin Strike","floor":6},{"not_picked":["Headbutt","Second Wind"],"picked":"Anger","floor":8},{"not_picked":["Rampage","Sever Soul"],"picked":"Feel No Pain","floor":11},{"not_picked":["Twin Strike","Second Wind"],"picked":"True Grit","floor":13}],"player_experience":4197495,"relics_obtained":[{"floor":6,"key":"Pear"},{"floor":9,"key":"The Courier"},{"floor":11,"key":"Lantern"},{"floor":14,"key":"TungstenRod"}],"event_choices":[{"damage_healed":0,"gold_gain":0,"player_choice":"Take Damage","damage_taken":26,"relics_obtained":["Golden Idol"],"max_hp_gain":0,"max_hp_loss":0,"event_name":"Golden Idol","floor":4,"gold_loss":0},{"cards_removed":["Strike_R"],"damage_healed":0,"gold_gain":0,"player_choice":"Card Removal","damage_taken":7,"max_hp_gain":0,"max_hp_loss":0,"event_name":"Golden Wing","floor":10,"gold_loss":0}],"is_beta":false,"boss_relics":[],"items_purged_floors":[],"is_endless":false,"potions_floor_spawned":[1,6],"killed_by":"Hexaghost","ascension_level":20}}