{"host":"j14jowy3nc3m7wd7","time":1612945889,"event":{"mods":["AchievementEnabler","BaseMod","Bestiary","Curses Come First","Minty Spire (QoL Compilation)","Permanent Neow","Poor People Problems","Quick Restart","Relic Stats","Remove Card Discount Mod","StSLib"],"gold_per_floor":[111,506,517,517,530,530,556,556,556,588,603,603,622,653,653,729,729,748,252,263,263,283,317,317,331,378,378,407,457,483,496,496,573,573,587,625,0,81,92,125,125,137,137,150,726,726,742,655,655,655,655],"floor_reached":52,"language":"ENG","playtime":2036,"items_purged":["Strike_G","Strike_G","Strike_G","Strike_G","Strike_G","Blade Dance","Finisher+1","Noxious Fumes+1","Noxious Fumes","Deadly Poison","Bane+1"],"score":2295,"play_id":"70b29987-e890-446a-8d20-44aa785b226f","local_time":"20210210003129","is_ascension_mode":true,"campfire_choices":[{"data":"Bane","floor":6.0,"key":"SMITH"},{"data":"Crippling Poison","floor":8.0,"key":"SMITH"},{"data":"Catalyst","floor":12.0,"key":"SMITH"},{"data":"Adrenaline","floor":15.0,"key":"SMITH"},{"data":"Footwork","floor":24.0,"key":"SMITH"},{"data":"After Image","floor":27.0,"key":"SMITH"},{"data":"Burst","floor":32.0,"key":"SMITH"},{"data":"Wraith Form v2","floor":41.0,"key":"SMITH"},{"data":"Well Laid Plans","floor":46.0,"key":"SMITH"},{"data":"Calculated Gamble","floor":49.0,"key":"SMITH"}],"circlet_count":0,"master_deck":["AscendersBane","Defend_G","Defend_G","Defend_G","Defend_G","Survivor","Neutralize+1","Crippling Poison+1","Catalyst+1","Adrenaline+1","After Image+1","Bouncing Flask","Footwork+1","Crippling Poison","Burst+1","Dodge and Roll+1","Acrobatics","Blur","Calculated Gamble+1","Wraith Form v2+1","Leg Sweep","Well Laid Plans+1","Catalyst","Catalyst","Outmaneuver+1","Blur"],"relics":["Velvet Choker","TwistedFunnel","Omamori","Eternal Feather","Toy Ornithopter","Bag of Preparation","Incense Burner","Calling Bell","MealTicket","InkBottle","Bird Faced Urn","OrangePellets","Lantern","Bronze Scales","Vajra","Whetstone","Kunai","SlaversCollar","White Beast Statue","Calipers","Sling","Red Mask","Paper Crane","Frozen Egg 2","Centennial Puzzle","Lee\u0027s Waffle","Ornamental Fan"],"acts_visited":["Exordium","TheCity","TheBeyond"],"potions_floor_usage":[51,51],"damage_taken":[{"damage":7.0,"enemies":"Jaw Worm","floor":1.0,"turns":6.0},{"damage":0.0,"enemies":"Cultist","floor":3.0,"turns":3.0},{"damage":0.0,"enemies":"Small Slimes","floor":5.0,"turns":2.0},{"damage":29.0,"enemies":"3 Sentries","floor":7.0,"turns":6.0},{"damage":27.0,"enemies":"Gremlin Nob","floor":10.0,"turns":4.0},{"damage":0.0,"enemies":"Exordium Thugs","floor":11.0,"turns":2.0},{"damage":5.0,"enemies":"Gremlin Gang","floor":13.0,"turns":2.0},{"damage":12.0,"enemies":"Lagavulin","floor":14.0,"turns":4.0},{"damage":1.0,"enemies":"The Guardian","floor":16.0,"turns":5.0},{"damage":1.0,"enemies":"Shell Parasite","floor":18.0,"turns":3.0},{"damage":2.0,"enemies":"Chosen","floor":20.0,"turns":4.0},{"damage":19.0,"enemies":"Shelled Parasite and Fungi","floor":22.0,"turns":2.0},{"damage":19.0,"enemies":"Gremlin Leader","floor":23.0,"turns":5.0},{"damage":5.0,"enemies":"Snake Plant","floor":25.0,"turns":3.0},{"damage":12.0,"enemies":"Book of Stabbing","floor":28.0,"turns":3.0},{"damage":17.0,"enemies":"Slavers","floor":30.0,"turns":4.0},{"damage":0.0,"enemies":"Sentry and Sphere","floor":31.0,"turns":3.0},{"damage":53.0,"enemies":"Collector","floor":33.0,"turns":3.0},{"damage":0.0,"enemies":"Orb Walker","floor":35.0,"turns":2.0},{"damage":0.0,"enemies":"3 Shapes","floor":39.0,"turns":4.0},{"damage":0.0,"enemies":"Reptomancer","floor":40.0,"turns":4.0},{"damage":0.0,"enemies":"Maw","floor":42.0,"turns":4.0},{"damage":23.0,"enemies":"Jaw Worm Horde","floor":44.0,"turns":4.0},{"damage":2.0,"enemies":"3 Darklings","floor":47.0,"turns":5.0},{"damage":0.0,"enemies":"Time Eater","floor":50.0,"turns":3.0},{"damage":0,"enemies":"Donu and Deca","floor":51,"turns":8}],"seed_played":"-5896622642653110926","potions_obtained":[{"floor":10.0,"key":"GamblersBrew"},{"floor":11.0,"key":"DuplicationPotion"},{"floor":20.0,"key":"EntropicBrew"}],"is_trial":false,"path_per_floor":["M","$","M","?","M","R","E","R","T","E","M","R","M","E","R","B",null,"M","$","M","?","M","E","R","M","T","R","E","?","E","M","R","B",null,"M","$","?","T","M","E","R","M","T","M","$","R","M","?","R","B","B",null],"character_chosen":"THE_SILENT","items_purchased":["Noxious Fumes","Crippling Poison","TwistedFunnel","Omamori","BlessingOfTheForge","Explosive Potion","OrangePellets","Footwork","Crippling Poison","Burst","White Beast Statue","Calipers","Sling","Well Laid Plans","Catalyst","SpeedPotion","Centennial Puzzle","Lee\u0027s Waffle","Blur"],"campfire_rested":0,"item_purchase_floors":[2,2,2,2,2,2,19,19,19,19,36,36,36,36,36,36,45,45,45],"current_hp_per_floor":[52,52,52,52,52,52,23,32,32,5,65,66,61,49,58,57,64,66,66,66,66,47,36,48,45,45,57,53,53,66,66,66,36,59,65,66,66,66,66,66,66,66,66,66,73,73,73,73,73,73,73],"gold":655,"neow_bonus":"BOSS_RELIC","is_daily":false,"chose_seed":false,"campfire_upgraded":10,"win_rate":0.0,"timestamp":1612945889,"path_taken":["M","$","M","?","M","R","E","R","T","E","M","R","M","E","R","BOSS","M","$","M","?","M","E","R","M","T","R","E","?","E","M","R","BOSS","M","$","?","?","M","E","R","M","T","M","$","R","?","?","R","BOSS","BOSS"],"items_purchased_type":["Card","Card","Relic","Relic","Potion","Potion","Relic","Card","Card","Card","Relic","Relic","Relic","Card","Card","Potion","Relic","Relic","Card"],"build_version":"2020-12-22","purchased_purges":11,"victory":true,"max_hp_per_floor":[66,66,66,66,66,66,66,66,66,66,66,66,66,66,66,66,66,66,66,66,66,66,66,66,66,66,66,66,66,66,66,66,66,66,66,66,66,66,66,66,66,66,66,66,73,73,73,73,73,73,73],"relic_stats":{"Lee\u0027s Waffle":7,"counters":[26,98],"Eternal Feather":43,"Bag of Preparation":[42],"Whetstone":["Neutralize","Finisher"],"OrangePellets":[9],"Centennial Puzzle":[3],"Ornamental Fan":[0],"Bird Faced Urn":[39],"Bronze Scales":[173],"MealTicket":1,"Kunai":[1],"obtain_stats":[{"TwistedFunnel":2,"Lantern":21,"Calipers":36,"Vajra":26,"Bag of Preparation":10,"Incense Burner":14,"Whetstone":28,"Sling":36,"Centennial Puzzle":45,"MealTicket":17,"Red Mask":37,"Kunai":30,"InkBottle":17,"Ring of the Snake":0,"Lee\u0027s Waffle":45,"Velvet Choker":0,"Eternal Feather":7,"Omamori":2,"Paper Crane":40,"Frozen Egg 2":43,"White Beast Statue":36,"Calling Bell":17,"OrangePellets":19,"SlaversCollar":34,"Ornamental Fan":48,"Bird Faced Urn":17,"Bronze Scales":23,"Toy Ornithopter":9},{"TwistedFunnel":1,"Lantern":11,"Calipers":19,"Vajra":14,"Bag of Preparation":5,"Incense Burner":8,"Whetstone":15,"Sling":19,"Centennial Puzzle":23,"MealTicket":9,"Red Mask":19,"Kunai":16,"InkBottle":9,"Ring of the Snake":0,"Lee\u0027s Waffle":23,"Velvet Choker":0,"Eternal Feather":4,"Omamori":1,"Paper Crane":21,"Frozen Egg 2":22,"White Beast Statue":19,"Calling Bell":9,"OrangePellets":10,"SlaversCollar":18,"Ornamental Fan":24,"Bird Faced Urn":9,"Bronze Scales":13,"Toy Ornithopter":4},{"TwistedFunnel":6,"Lantern":41,"Calipers":66,"Vajra":51,"Bag of Preparation":21,"Incense Burner":29,"Whetstone":54,"Sling":66,"Centennial Puzzle":82,"MealTicket":34,"Red Mask":66,"Kunai":58,"InkBottle":34,"Ring of the Snake":0,"Lee\u0027s Waffle":82,"Velvet Choker":0,"Eternal Feather":17,"Omamori":6,"Paper Crane":74,"Frozen Egg 2":78,"White Beast Statue":66,"Calling Bell":34,"OrangePellets":37,"SlaversCollar":64,"Ornamental Fan":87,"Bird Faced Urn":34,"Bronze Scales":48,"Toy Ornithopter":17}],"Toy Ornithopter":0,"InkBottle":[24]},"card_choices":[{"not_picked":["Bane","Quick Slash"],"picked":"Blade Dance","floor":1.0},{"not_picked":["Quick Slash","Dagger Throw"],"picked":"Bane","floor":3.0},{"not_picked":["Infinite Blades","Dagger Spray","Choke"],"picked":"SKIP","floor":5.0},{"not_picked":["Heel Hook","Masterful Stab"],"picked":"Deadly Poison","floor":7.0},{"not_picked":["Slice","Tactician"],"picked":"Finisher","floor":10.0},{"not_picked":["Flying Knee","Predator"],"picked":"Catalyst","floor":11.0},{"not_picked":["Finisher","Unload","Deadly Poison"],"picked":"SKIP","floor":13.0},{"not_picked":["Deflect","Leg Sweep"],"picked":"Adrenaline","floor":14.0},{"not_picked":["Glass Knife","Envenom"],"picked":"After Image","floor":16.0},{"not_picked":["Escape Plan","Endless Agony"],"picked":"Bouncing Flask","floor":18.0},{"not_picked":["Flechettes","Endless Agony"],"picked":"Noxious Fumes+1","floor":20.0},{"not_picked":["Acrobatics","Underhanded Strike"],"picked":"Dodge and Roll+1","floor":22.0},{"not_picked":["Masterful Stab","Slice+1"],"picked":"Acrobatics","floor":23.0},{"not_picked":["Blade Dance+1","Deflect"],"picked":"Blur","floor":25.0},{"not_picked":["Backstab","Bane"],"picked":"Calculated Gamble","floor":28.0},{"not_picked":["Dagger Throw","Endless Agony","Unload"],"picked":"SKIP","floor":30.0},{"not_picked":["Endless Agony","Flying Knee","Dagger Throw"],"picked":"SKIP","floor":31.0},{"not_picked":["Tools of the Trade","Phantasmal Killer"],"picked":"Wraith Form v2","floor":33.0},{"not_picked":["Flying Knee","Calculated Gamble+1"],"picked":"Leg Sweep","floor":35.0},{"not_picked":["Outmaneuver","Slice"],"picked":"Catalyst","floor":39.0},{"not_picked":["Acrobatics","Flying Knee","Envenom"],"picked":"SKIP","floor":40.0},{"not_picked":["Skewer","Flying Knee+1","Bane"],"picked":"SKIP","floor":42.0},{"not_picked":["Choke","Calculated Gamble"],"picked":"Outmaneuver+1","floor":44.0},{"not_picked":["Flying Knee+1","Sucker Punch","Slice"],"picked":"SKIP","floor":47.0}],"player_experience":12802,"relics_obtained":[{"floor":7.0,"key":"Eternal Feather"},{"floor":9.0,"key":"Toy Ornithopter"},{"floor":10.0,"key":"Bag of Preparation"},{"floor":14.0,"key":"Incense Burner"},{"floor":17.0,"key":"MealTicket"},{"floor":17.0,"key":"InkBottle"},{"floor":17.0,"key":"Bird Faced Urn"},{"floor":23.0,"key":"Bronze Scales"},{"floor":26.0,"key":"Vajra"},{"floor":28.0,"key":"Whetstone"},{"floor":30.0,"key":"Kunai"},{"floor":40.0,"key":"Paper Crane"},{"floor":43.0,"key":"Frozen Egg 2"}],"event_choices":[{"cards_removed":["Defend_G"],"damage_healed":0.0,"max_hp_gain":0.0,"max_hp_loss":0.0,"gold_gain":0.0,"event_name":"Wheel of Change","player_choice":"Card Removal","floor":4.0,"gold_loss":0.0,"damage_taken":0.0},{"damage_healed":0.0,"max_hp_gain":0.0,"max_hp_loss":0.0,"gold_gain":0.0,"event_name":"The Mausoleum","player_choice":"Opened","floor":21.0,"gold_loss":0.0,"damage_taken":0.0,"relics_obtained":["Lantern"],"cards_obtained":["Writhe"]},{"damage_healed":0.0,"max_hp_gain":0.0,"max_hp_loss":0.0,"gold_gain":50.0,"event_name":"Nest","player_choice":"Stole From Cult","floor":29.0,"gold_loss":0.0,"damage_taken":0.0},{"damage_healed":0.0,"max_hp_gain":0.0,"max_hp_loss":0.0,"gold_gain":0.0,"event_name":"Tomb of Lord Red Mask","player_choice":"Paid","floor":37.0,"gold_loss":625.0,"damage_taken":0.0,"relics_obtained":["Red Mask"]},{"damage_healed":0.0,"max_hp_gain":0.0,"max_hp_loss":0.0,"gold_gain":0.0,"event_name":"WeMeetAgain","player_choice":"Paid Gold","floor":48.0,"gold_loss":87.0,"damage_taken":0.0,"relics_obtained":["Ornamental Fan"]}],"is_beta":false,"boss_relics":[{"not_picked":["Empty Cage","HoveringKite"],"picked":"Calling Bell"},{"not_picked":["Runic Dome","Cursed Key"],"picked":"SlaversCollar"}],"items_purged_floors":[2,2,19,19,19,36,36,45,45,45,45],"is_endless":false,"potions_floor_spawned":[5,10,11,20,28,30,33,35,39,40,42,44,47],"ascension_level":20}}