{"host":"o397ecwz7fxep68m","time":1612951990,"event":{"mods":["BaseMod","Minty Spire (QoL Compilation)","Quick Restart","Relic Stats","StSLib"],"gold_per_floor":[112,112,112,125,146,146,165,165,189,212,256,26,26,59,59,189,189,214,214,214,20,34,34,34,34,58,58,183,198,198,198],"floor_reached":30,"language":"ZHS","playtime":1187,"items_purged":["Shame"],"score":366,"play_id":"9e9b7df2-9315-417e-89dd-de3ba09e2ae6","local_time":"20210210181310","is_ascension_mode":true,"campfire_choices":[{"data":"Streamline","floor":6.0,"key":"SMITH"},{"data":"Rainbow","floor":8.0,"key":"SMITH"},{"data":"Reboot","floor":15,"key":"SMITH"},{"data":"Go for the Eyes","floor":23,"key":"SMITH"},{"data":"Rainbow","floor":25,"key":"SMITH"},{"data":"Glacier","floor":27,"key":"SMITH"}],"circlet_count":0,"master_deck":["AscendersBane","Strike_B","Strike_B","Strike_B","Strike_B","Defend_B","Defend_B","Zap","Dualcast","Streamline+1","Go for the Eyes+1","Rainbow+1","Glacier+1","BootSequence","Reboot+1","Echo Form+1","Capacitor+1","Rainbow+1","White Noise+1"],"relics":["Cracked Core","NeowsBlessing","Golden Idol","Anchor","Juzu Bracelet","HornCleat","Lee\u0027s Waffle","Frozen Egg 2","Sozu","Regal Pillow","Membership Card","Strawberry","WingedGreaves","Pantograph"],"acts_visited":["Exordium","TheCity"],"potions_floor_usage":[11,14,16,16],"damage_taken":[{"damage":0.0,"enemies":"2 Louse","floor":1.0,"turns":1.0},{"damage":0.0,"enemies":"Jaw Worm","floor":4.0,"turns":1.0},{"damage":0.0,"enemies":"Small Slimes","floor":5.0,"turns":1.0},{"damage":0.0,"enemies":"Exordium Thugs","floor":7.0,"turns":3.0},{"damage":1,"enemies":"3 Louse","floor":10,"turns":3},{"damage":8,"enemies":"3 Sentries","floor":11,"turns":6},{"damage":16,"enemies":"Lagavulin","floor":14,"turns":5},{"damage":14,"enemies":"Hexaghost","floor":16,"turns":9},{"damage":0,"enemies":"Spheric Guardian","floor":18,"turns":4},{"damage":2,"enemies":"Chosen","floor":22,"turns":5},{"damage":3,"enemies":"Colosseum Slavers","floor":28,"turns":4},{"damage":8,"enemies":"Colosseum Nobs","floor":28,"turns":4},{"damage":14,"enemies":"Centurion and Healer","floor":29,"turns":8},{"damage":56,"enemies":"Slavers","floor":30,"turns":4}],"seed_played":"-1997657160719739580","potions_obtained":[{"floor":4.0,"key":"SteroidPotion"},{"floor":7.0,"key":"Weak Potion"},{"floor":10,"key":"ColorlessPotion"},{"floor":11,"key":"LiquidBronze"},{"floor":14,"key":"SteroidPotion"}],"is_trial":false,"path_per_floor":["M","?","?","M","M","R","M","R","T","M","E","$","?","E","R","B",null,"M","?","?","$","M","R","?","R","T","R","?","M","E"],"character_chosen":"DEFECT","items_purchased":["Lee\u0027s Waffle","Reboot","Membership Card"],"campfire_rested":0,"item_purchase_floors":[12,12,21],"current_hp_per_floor":[68,50,38,38,38,38,38,38,38,37,29,82,75,59,59,45,73,73,73,73,73,71,71,71,71,78,78,67,53,0,0],"gold":198,"neow_bonus":"THREE_ENEMY_KILL","is_daily":false,"chose_seed":false,"campfire_upgraded":6,"win_rate":0.0,"timestamp":1612951990,"path_taken":["M","?","?","M","M","R","M","R","T","M","E","$","?","E","R","BOSS","M","?","?","$","M","R","?","R","T","R","?","M","E"],"items_purchased_type":["Relic","Card","Relic"],"build_version":"2020-12-22","purchased_purges":1,"victory":false,"max_hp_per_floor":[75,75,75,75,75,75,75,75,75,75,75,82,82,82,82,82,82,82,82,82,82,82,82,82,82,89,89,89,89,89,89],"relic_stats":{"Sozu":2,"Lee\u0027s Waffle":53,"Regal Pillow":0,"counters":[14,58],"Golden Idol":94,"Pantograph":0,"Juzu Bracelet":1,"obtain_stats":[{"Lee\u0027s Waffle":12,"Regal Pillow":19,"NeowsBlessing":0,"Golden Idol":2,"Juzu Bracelet":9,"Frozen Egg 2":14,"Sozu":17,"Anchor":3,"HornCleat":11,"Strawberry":26,"Pantograph":28,"WingedGreaves":28,"Membership Card":21,"Cracked Core":0},{"Lee\u0027s Waffle":6,"Regal Pillow":9,"NeowsBlessing":0,"Golden Idol":1,"Juzu Bracelet":4,"Frozen Egg 2":7,"Sozu":8,"Anchor":1,"HornCleat":6,"Strawberry":10,"Pantograph":12,"WingedGreaves":12,"Membership Card":9,"Cracked Core":0},{"Lee\u0027s Waffle":15,"Regal Pillow":33,"NeowsBlessing":0,"Golden Idol":1,"Juzu Bracelet":6,"Frozen Egg 2":20,"Sozu":29,"Anchor":1,"HornCleat":15,"Strawberry":38,"Pantograph":46,"WingedGreaves":46,"Membership Card":33,"Cracked Core":0}]},"card_choices":[{"not_picked":["Rip and Tear","Conserve Battery"],"picked":"Streamline","floor":1.0},{"not_picked":["Skim","Aggregate"],"picked":"Go for the Eyes","floor":4.0},{"not_picked":["Sunder","Hello World","Go for the Eyes"],"picked":"SKIP","floor":5.0},{"not_picked":["Compile Driver","Double Energy"],"picked":"Rainbow","floor":7.0},{"not_picked":["Turbo","Compile Driver"],"picked":"Glacier","floor":10},{"not_picked":["Skim","Steam"],"picked":"BootSequence","floor":11},{"not_picked":["Coolheaded","Streamline","Steam Power"],"picked":"SKIP","floor":14},{"not_picked":["Hyperbeam","All For One"],"picked":"Echo Form+1","floor":16},{"not_picked":["Beam Cell","Go for the Eyes","Steam"],"picked":"SKIP","floor":18},{"not_picked":["Redo","Leap","Stack"],"picked":"SKIP","floor":22},{"not_picked":["Heatsinks+1","Double Energy+1"],"picked":"White Noise+1","floor":29}],"player_experience":694771,"relics_obtained":[{"floor":9.0,"key":"Juzu Bracelet"},{"floor":11,"key":"HornCleat"},{"floor":14,"key":"Frozen Egg 2"},{"floor":26,"key":"Strawberry"},{"floor":28,"key":"WingedGreaves"},{"floor":28,"key":"Pantograph"}],"event_choices":[{"damage_healed":0.0,"max_hp_gain":0.0,"max_hp_loss":0.0,"gold_gain":0.0,"event_name":"Golden Idol","player_choice":"Take Damage","floor":2.0,"gold_loss":0.0,"damage_taken":18.0,"relics_obtained":["Golden Idol"]},{"damage_healed":0.0,"max_hp_gain":0.0,"max_hp_loss":0.0,"gold_gain":0.0,"event_name":"Scrap Ooze","player_choice":"Success","floor":3.0,"gold_loss":0.0,"damage_taken":12.0,"relics_obtained":["Anchor"]},{"cards_removed":["Defend_B"],"damage_healed":0,"gold_gain":0,"player_choice":"Card Removal","damage_taken":7,"max_hp_gain":0,"max_hp_loss":0,"event_name":"Golden Wing","floor":13,"gold_loss":0},{"damage_healed":0,"gold_gain":0,"player_choice":"Stole Relic","damage_taken":0,"relics_obtained":["Regal Pillow"],"max_hp_gain":0,"max_hp_loss":0,"event_name":"Addict","floor":19,"gold_loss":0,"cards_obtained":["Shame"]},{"damage_healed":0,"gold_gain":0,"player_choice":"Read","damage_taken":0,"max_hp_gain":0,"max_hp_loss":0,"event_name":"The Library","floor":20,"gold_loss":0,"cards_obtained":["Capacitor"]},{"damage_healed":0,"gold_gain":0,"cards_transformed":["Defend_B"],"player_choice":"Transformed","damage_taken":0,"max_hp_gain":0,"max_hp_loss":0,"event_name":"Transmorgrifier","floor":24,"gold_loss":0,"cards_obtained":["Rainbow"]},{"damage_healed":0,"gold_gain":0,"player_choice":"Fight","damage_taken":0,"max_hp_gain":0,"max_hp_loss":0,"event_name":"Colosseum","floor":28,"gold_loss":0},{"damage_healed":0,"gold_gain":0,"player_choice":"Fought Nobs","damage_taken":0,"max_hp_gain":0,"max_hp_loss":0,"event_name":"Colosseum","floor":28,"gold_loss":0}],"is_beta":false,"boss_relics":[{"not_picked":["Empty Cage","Nuclear Battery"],"picked":"Sozu"}],"items_purged_floors":[21],"is_endless":false,"potions_floor_spawned":[4,7,10,11,14,22,29],"killed_by":"Slavers","ascension_level":11}}