{"host":"da4a6z8aof69aasy","time":1612986826,"event":{"mods":["AchievementEnabler","BaseMod","Block Reminder","Colored Powertips","DeckTracker","Highlight Path","Minty Spire (QoL Compilation)","Permanent Neow","Relic Stats","StSLib"],"gold_per_floor":[99,99,99,99,99,99,99,99,99,99,99,49,49,49,49,49,49,49,49,49,49,49,49,49,49,49,49,49,49,49,49,49,49,49,49,49,49,49,49,49,49,49,49,49,49,49,49,49,49,49,49,49,20,20,20],"floor_reached":56,"language":"ENG","playtime":4887,"items_purged":["Strike_R"],"score":1900,"play_id":"255784d4-25a1-4b45-b000-15a53a245756","local_time":"20210210215346","is_ascension_mode":true,"campfire_choices":[{"data":"Bash","floor":6.0,"key":"SMITH"},{"data":"Shockwave","floor":15.0,"key":"SMITH"},{"floor":23.0,"key":"REST"},{"floor":28.0,"key":"REST"},{"data":"Inflame","floor":30.0,"key":"SMITH"},{"data":"Demon Form","floor":32.0,"key":"SMITH"},{"floor":46.0,"key":"RECALL"},{"data":"Limit Break","floor":49.0,"key":"SMITH"},{"data":"Power Through","floor":52.0,"key":"SMITH"}],"circlet_count":0,"master_deck":["AscendersBane","Strike_R","Strike_R","Strike_R","Strike_R+1","Defend_R","Defend_R","Defend_R","Defend_R","Bash+1","Pommel Strike","Shockwave+1","Pommel Strike","Twin Strike","Exhume","Limit Break+1","Demon Form+1","Inflame+1","Power Through+1","RitualDagger+1","Reaper","Sentinel+1","Dark Embrace+1","Evolve","Dual Wield"],"relics":["Ectoplasm","Smiling Mask","Strawberry","Red Skull","Bottled Lightning","SlaversCollar","Pear","Gambling Chip","Snecko Eye","Incense Burner","StrikeDummy","Boot","The Courier","Regal Pillow","Whetstone"],"acts_visited":["Exordium","TheCity","TheBeyond","TheEnding"],"potions_floor_usage":[55],"damage_taken":[{"damage":0.0,"enemies":"2 Louse","floor":1.0,"turns":3.0},{"damage":0.0,"enemies":"Cultist","floor":2.0,"turns":3.0},{"damage":2.0,"enemies":"Small Slimes","floor":4.0,"turns":3.0},{"damage":0.0,"enemies":"2 Fungi Beasts","floor":5.0,"turns":3.0},{"damage":18.0,"enemies":"Lagavulin","floor":7.0,"turns":6.0},{"damage":20.0,"enemies":"Lots of Slimes","floor":10.0,"turns":3.0},{"damage":0.0,"enemies":"Exordium Thugs","floor":11.0,"turns":2.0},{"damage":10.0,"enemies":"3 Sentries","floor":13.0,"turns":5.0},{"damage":0.0,"enemies":"2 Fungi Beasts","floor":14.0,"turns":2.0},{"damage":16.0,"enemies":"Hexaghost","floor":16.0,"turns":8.0},{"damage":7.0,"enemies":"Chosen","floor":18.0,"turns":6.0},{"damage":5.0,"enemies":"Shell Parasite","floor":21.0,"turns":3.0},{"damage":3.0,"enemies":"Cultist and Chosen","floor":22.0,"turns":4.0},{"damage":37.0,"enemies":"Slavers","floor":25.0,"turns":6.0},{"damage":14.0,"enemies":"Centurion and Healer","floor":29.0,"turns":4.0},{"damage":5.0,"enemies":"Snecko","floor":31.0,"turns":5.0},{"damage":19.0,"enemies":"Collector","floor":33.0,"turns":4.0},{"damage":7.0,"enemies":"Orb Walker","floor":35.0,"turns":3.0},{"damage":14.0,"enemies":"3 Shapes","floor":37.0,"turns":4.0},{"damage":0.0,"enemies":"Sphere and 2 Shapes","floor":38.0,"turns":4.0},{"damage":0.0,"enemies":"Mind Bloom Boss Battle","floor":39.0,"turns":4.0},{"damage":45.0,"enemies":"Nemesis","floor":40.0,"turns":7.0},{"damage":7.0,"enemies":"3 Darklings","floor":41.0,"turns":4.0},{"damage":25.0,"enemies":"Giant Head","floor":42.0,"turns":6.0},{"damage":0.0,"enemies":"Jaw Worm Horde","floor":44.0,"turns":2.0},{"damage":21.0,"enemies":"Transient","floor":47.0,"turns":5.0},{"damage":7.0,"enemies":"Sphere and 2 Shapes","floor":48.0,"turns":4.0},{"damage":118.0,"enemies":"Time Eater","floor":50.0,"turns":12.0},{"damage":11.0,"enemies":"Shield and Spear","floor":54.0,"turns":5.0},{"damage":66,"enemies":"The Heart","floor":55,"turns":6}],"seed_played":"-494913101447254624","potions_obtained":[{"floor":1.0,"key":"SpeedPotion"},{"floor":2.0,"key":"Swift Potion"},{"floor":5.0,"key":"SkillPotion"},{"floor":10.0,"key":"BloodPotion"},{"floor":14.0,"key":"ElixirPotion"},{"floor":25.0,"key":"Fire Potion"},{"floor":29.0,"key":"LiquidBronze"},{"floor":40.0,"key":"Swift Potion"}],"is_trial":false,"path_per_floor":["M","M","?","M","M","R","E","?","T","M","M","$","E","M","R","B",null,"M","?","?","M","M","R","T","E","T","?","R","M","R","M","R","B",null,"M","?","M","M","?","E","M","E","T","M","T","R","M","M","R","B",null,"R","$","E","B",null],"character_chosen":"IRONCLAD","items_purchased":["Evolve"],"campfire_rested":2,"item_purchase_floors":[53],"current_hp_per_floor":[68,68,68,66,66,66,55,55,55,35,35,35,25,41,41,25,68,61,37,37,32,29,55,55,28,28,22,51,37,37,32,32,13,76,75,75,92,92,92,92,92,75,75,75,75,75,60,70,70,71,87,87,87,85,65],"gold":20,"neow_bonus":"BOSS_RELIC","is_daily":false,"chose_seed":false,"campfire_upgraded":6,"win_rate":0.0,"timestamp":1612986826,"path_taken":["M","M","?","?","M","R","E","?","T","M","M","$","E","M","R","BOSS","M","?","?","?","M","R","?","E","T","?","R","M","R","M","R","BOSS","M","?","M","M","?","E","?","E","T","M","?","R","?","M","R","BOSS","R","$","E","BOSS"],"items_purchased_type":["Card"],"build_version":"2020-12-22","purchased_purges":1,"victory":true,"max_hp_per_floor":[75,75,75,75,75,75,82,82,82,82,82,82,82,82,82,82,82,82,87,87,87,87,87,87,97,97,97,97,97,97,97,97,97,97,97,92,92,92,92,92,92,92,92,92,92,92,92,92,92,92,92,92,92,92,92],"relic_stats":{"Regal Pillow":0,"counters":[30,136],"Gambling Chip":[64],"Snecko Eye":[134,133,116,124],"Ectoplasm":627,"Whetstone":["Strike_R","RitualDagger"],"Smiling Mask":25,"Boot":[0],"obtain_stats":[{"Regal Pillow":45,"Pear":25,"The Courier":43,"Incense Burner":39,"Whetstone":54,"Smiling Mask":3,"Boot":42,"Burning Blood":0,"SlaversCollar":17,"Strawberry":7,"Gambling Chip":26,"Snecko Eye":34,"Ectoplasm":0,"Bottled Lightning":13,"StrikeDummy":40,"Red Skull":9},{"Regal Pillow":25,"Pear":14,"The Courier":24,"Incense Burner":21,"Whetstone":29,"Smiling Mask":2,"Boot":24,"Burning Blood":0,"SlaversCollar":10,"Strawberry":5,"Gambling Chip":14,"Snecko Eye":17,"Ectoplasm":0,"Bottled Lightning":8,"StrikeDummy":22,"Red Skull":5},{"Regal Pillow":104,"Pear":57,"The Courier":102,"Incense Burner":85,"Whetstone":130,"Smiling Mask":6,"Boot":102,"Burning Blood":0,"SlaversCollar":38,"Strawberry":18,"Gambling Chip":57,"Snecko Eye":70,"Ectoplasm":0,"Bottled Lightning":28,"StrikeDummy":92,"Red Skull":18}]},"card_choices":[{"not_picked":["Power Through","Body Slam"],"picked":"Pommel Strike","floor":1.0},{"not_picked":["Flex","Clash","Wild Strike"],"picked":"SKIP","floor":2.0},{"not_picked":["Body Slam","Sever Soul","Headbutt"],"picked":"SKIP","floor":4.0},{"not_picked":["Power Through","Cleave","True Grit"],"picked":"SKIP","floor":5.0},{"not_picked":["Clash","Perfected Strike"],"picked":"Shockwave","floor":7.0},{"not_picked":["Warcry","Berserk"],"picked":"Pommel Strike","floor":10.0},{"not_picked":["Sever Soul","Warcry"],"picked":"Twin Strike","floor":11.0},{"not_picked":["Havoc","Iron Wave","Pummel"],"picked":"SKIP","floor":13.0},{"not_picked":["Thunderclap","Metallicize"],"picked":"Exhume","floor":14.0},{"not_picked":["Impervious","Exhume"],"picked":"Limit Break","floor":16.0},{"not_picked":["Wild Strike","Rage","Twin Strike"],"picked":"SKIP","floor":18.0},{"not_picked":["Power Through","Pommel Strike","Headbutt"],"picked":"SKIP","floor":21.0},{"not_picked":["Sever Soul","Shockwave"],"picked":"Inflame","floor":22.0},{"not_picked":["Blood for Blood","Second Wind+1"],"picked":"Power Through","floor":25.0},{"not_picked":["Second Wind","Seeing Red+1","Anger"],"picked":"SKIP","floor":29.0},{"not_picked":["Rampage","Cleave","Clothesline"],"picked":"SKIP","floor":31.0},{"not_picked":["Barricade","Feed"],"picked":"Reaper","floor":33.0},{"not_picked":["Cleave+1","Seeing Red","Twin Strike"],"picked":"SKIP","floor":35.0},{"not_picked":["Armaments","Body Slam","Flex"],"picked":"SKIP","floor":37.0},{"not_picked":["Bloodletting","Battle Trance+1"],"picked":"Sentinel+1","floor":38.0},{"not_picked":["Searing Blow","Body Slam","Armaments"],"picked":"SKIP","floor":40.0},{"not_picked":["Heavy Blade","Blood for Blood","Ghostly Armor+1"],"picked":"SKIP","floor":41.0},{"not_picked":["Rupture","Seeing Red","Metallicize"],"picked":"SKIP","floor":42.0},{"not_picked":["Pommel Strike","Metallicize","Reckless Charge"],"picked":"SKIP","floor":44.0},{"not_picked":["Feed","Fire Breathing+1"],"picked":"Dark Embrace+1","floor":47.0},{"not_picked":["Flex","Sentinel+1","Bloodletting"],"picked":"SKIP","floor":48.0},{"not_picked":["Warcry","Whirlwind+1"],"picked":"Dual Wield","floor":54.0}],"player_experience":2161021,"relics_obtained":[{"floor":7.0,"key":"Strawberry"},{"floor":9.0,"key":"Red Skull"},{"floor":13.0,"key":"Bottled Lightning"},{"floor":25.0,"key":"Pear"},{"floor":26.0,"key":"Gambling Chip"},{"floor":39.0,"key":"Incense Burner"},{"floor":40.0,"key":"StrikeDummy"},{"floor":42.0,"key":"Boot"},{"floor":43.0,"key":"The Courier"},{"floor":45.0,"key":"Regal Pillow"},{"floor":54.0,"key":"Whetstone"}],"event_choices":[{"damage_healed":0.0,"max_hp_gain":0.0,"max_hp_loss":0.0,"gold_gain":0.0,"event_name":"WeMeetAgain","player_choice":"Gave Potion","floor":3.0,"gold_loss":0.0,"damage_taken":0.0,"relics_obtained":["Smiling Mask"]},{"damage_healed":0.0,"max_hp_gain":0.0,"max_hp_loss":0.0,"gold_gain":0.0,"event_name":"Liars Game","player_choice":"Ignored","floor":8.0,"gold_loss":0.0,"damage_taken":0.0},{"damage_healed":0.0,"max_hp_gain":5.0,"max_hp_loss":0.0,"gold_gain":0.0,"event_name":"Forgotten Altar","player_choice":"Shed Blood","floor":19.0,"gold_loss":0.0,"damage_taken":29.0},{"damage_healed":0.0,"max_hp_gain":0.0,"max_hp_loss":0.0,"gold_gain":0.0,"event_name":"Match and Keep!","player_choice":"1 cards matched","floor":20.0,"gold_loss":0.0,"damage_taken":0.0,"cards_obtained":["Demon Form"]},{"damage_healed":0.0,"max_hp_gain":0.0,"max_hp_loss":0.0,"gold_gain":0.0,"event_name":"Nest","player_choice":"Joined the Cult","floor":27.0,"gold_loss":0.0,"damage_taken":6.0,"cards_obtained":["RitualDagger"]},{"damage_healed":0.0,"max_hp_gain":0.0,"max_hp_loss":5.0,"gold_gain":0.0,"event_name":"Winding Halls","player_choice":"Max HP","floor":36.0,"gold_loss":0.0,"damage_taken":0.0},{"damage_healed":0.0,"max_hp_gain":0.0,"max_hp_loss":0.0,"gold_gain":0.0,"event_name":"MindBloom","player_choice":"Fight","floor":39.0,"gold_loss":0.0,"damage_taken":0.0}],"is_beta":false,"boss_relics":[{"not_picked":["Cursed Key","Busted Crown"],"picked":"SlaversCollar"},{"not_picked":["Velvet Choker","Runic Pyramid"],"picked":"Snecko Eye"}],"items_purged_floors":[12],"is_endless":false,"potions_floor_spawned":[1,2,5,10,14,25,29,33,40,41,47],"ascension_level":15}}