{"host":"n2havra2dgtcizuw","time":1612964402,"event":{"mods":["100% Spire Juice","ATMod(°¢èªMod)","Bard","BaseMod","Downfall","Marisa£¨ìFÓê¡¡Ä§ÀíÉ³£©","Minty Spire (QoL Compilation)","Permanent Neow","Reliquary","Remilia£¨ÀÙÃ×ÀòÑÇ£©","Replay The Spire","RumiaBox-Â¶Ã×æ«µÄÉñÃØºÐ×Ó","StSLib","TestMod","The Alterego","The Animator","The Servant 0.9.4","[IsaacMod]ÒÔÈö¼âËþ"],"gold_per_floor":[113,122,122,48,59,59,112,128,151,181,25,25,25,55,55,156,156,170,189,206,127,140,140,152,152,152,152,100,128,138,161,161,161,161],"floor_reached":33,"language":"ZHS","playtime":1873,"items_purged":[],"score":375,"play_id":"f55229d1-1f33-43d6-a334-fb5db7456fff","local_time":"20210210214002","is_ascension_mode":false,"campfire_choices":[{"data":"Eruption","floor":6,"key":"SMITH"},{"floor":13,"key":"REST"},{"floor":15,"key":"REST"},{"floor":23,"key":"REST"},{"floor":27,"key":"REST"},{"floor":32,"key":"REST"}],"circlet_count":0,"master_deck":["Strike_P","Strike_P","Strike_P","Strike_P","Defend_P","Defend_P","Defend_P","Defend_P","Eruption+1","Vigilance","Replay:BluntJabs+1","Indignation","Conclude","Hallucinations","AT_ChampionKick","Prostrate+1","Swivel+1","AT_MachinaRedman","CrushJoints","BowlingBash","BowlingBash","LessonLearned+1","Blasphemy","WreathOfFlame","SandsOfTime","SashWhip","Devotion","ForeignInfluence+1","FearNoEvil","BowlingBash+1","Slimebound:CheckThePlaybook","downfall:Icky","Prostrate","AT_ChampionStep+1","Replay:Vibes","SashWhip+1"],"relics":["PureWater","testmod-TestBox","HushsDoor","KeepersGift","AT_ATBox","testmod-Charity","Ring of Misfortune","ReplayTheSpireMod:Ring of Challenge","Dream Catcher","reliquary:PartyBalloon","reliquary:ExpiredCoupon","reliquary:MudwinsCradle","Philosopher\u0027s Stone","Toy Ornithopter","testmod-InfectionSource","SSSystem"],"acts_visited":["Exordium","TheCity"],"potions_floor_usage":[10,20,33,33,33],"damage_taken":[{"damage":17,"enemies":"Jaw Worm","floor":1,"turns":5},{"damage":1,"enemies":"2 Louse","floor":2,"turns":3},{"damage":0,"enemies":"Cultist","floor":5,"turns":2},{"damage":7,"enemies":"3 Louse","floor":8,"turns":2},{"damage":12,"enemies":"Lagavulin","floor":10,"turns":7},{"damage":8,"enemies":"Gremlin Nob","floor":14,"turns":3},{"damage":0,"enemies":"Slime Boss","floor":16,"turns":4},{"damage":2,"enemies":"Chosen","floor":18,"turns":3},{"damage":34,"enemies":"Shell Parasite","floor":19,"turns":4},{"damage":22,"enemies":"Centurion and Healer","floor":20,"turns":3},{"damage":37,"enemies":"Snake Plant","floor":22,"turns":3},{"damage":18,"enemies":"Cultist and Chosen","floor":24,"turns":5},{"damage":0,"enemies":"Gremlin Leader","floor":29,"turns":4},{"damage":48,"enemies":"Shelled Parasite and Fungi","floor":30,"turns":5},{"damage":59,"enemies":"Collector","floor":33,"turns":6}],"seed_played":"2532061955403657048","potions_obtained":[{"floor":1,"key":"champ:CounterPotion"},{"floor":8,"key":"bronze:BurnAndBuffPotion"},{"floor":10,"key":"Ancient Potion"},{"floor":18,"key":"SpeedPotion"},{"floor":29,"key":"Regen Potion"},{"floor":30,"key":"DuplicationPotion"}],"is_trial":false,"path_per_floor":["M","M","?","$","M","R","?","M","T","E","$","?","R","E","R","B",null,"M","M","M","$","M","R","M","?","T","R","?","E","M","T","R","B"],"character_chosen":"WATCHER","items_purchased":["AT_ChampionKick","reliquary:ExpiredCoupon","Blasphemy","FairyPotion","Devotion"],"campfire_rested":5,"item_purchase_floors":[4,11,17,17,21],"current_hp_per_floor":[56,56,56,56,57,57,58,52,53,42,42,42,65,58,80,81,73,72,39,18,18,7,30,13,13,13,36,56,57,10,11,35,0,0],"gold":161,"neow_bonus":"THREE_CARDS","is_daily":false,"chose_seed":false,"campfire_upgraded":1,"win_rate":0.0,"timestamp":1612964402,"path_taken":["M","M","?","$","M","R","?","?","T","E","$","?","R","E","R","BOSS","M","M","M","$","M","R","M","?","T","R","?","E","?","?","R","BOSS"],"items_purchased_type":["Card","Relic","Card","Potion","Card"],"build_version":"2020-12-22","purchased_purges":0,"victory":false,"max_hp_per_floor":[73,74,74,74,75,75,76,77,78,79,79,79,79,80,80,81,73,74,75,76,76,77,77,78,78,78,78,78,79,80,81,81,81,81],"card_choices":[{"not_picked":["Replay:ManipulateFuture","PathToVictory"],"picked":"Replay:BluntJabs","floor":0},{"not_picked":["ClearTheMind","Replay:Cycle"],"picked":"Indignation","floor":1},{"not_picked":["Halt","EmptyFist"],"picked":"Conclude","floor":2},{"not_picked":["Replay:AtTheReady","FlurryOfBlows"],"picked":"Prostrate","floor":5},{"not_picked":["Worship","ThirdEye"],"picked":"Swivel","floor":8},{"not_picked":["BowlingBash","Replay:ManipulateFuture"],"picked":"AT_MachinaRedman","floor":10},{"not_picked":["Evaluate","BowlingBash"],"picked":"CrushJoints","floor":13},{"not_picked":["Sanctity","JustLucky"],"picked":"BowlingBash","floor":14},{"not_picked":["EmptyBody","ThirdEye"],"picked":"BowlingBash","floor":15},{"not_picked":["Replay:AllIn","MasterReality"],"picked":"LessonLearned","floor":16},{"not_picked":["FollowUp","CutThroughFate"],"picked":"WreathOfFlame","floor":18},{"not_picked":["BowlingBash","Swivel"],"picked":"SandsOfTime","floor":19},{"not_picked":["EmptyMind","JustLucky+1"],"picked":"SashWhip","floor":20},{"not_picked":["Pray+1","Protect"],"picked":"ForeignInfluence+1","floor":22},{"not_picked":["FlurryOfBlows","CrushJoints+1"],"picked":"FearNoEvil","floor":23},{"not_picked":["JustLucky","SandsOfTime"],"picked":"BowlingBash+1","floor":24},{"not_picked":["Study+1","JustLucky"],"picked":"Prostrate","floor":27},{"not_picked":["Replay:AllIn","EmptyBody"],"picked":"AT_ChampionStep+1","floor":29},{"not_picked":["Protect","FlyingSleeves"],"picked":"Replay:Vibes","floor":30},{"not_picked":["FlurryOfBlows","CrushJoints"],"picked":"SashWhip+1","floor":32}],"player_experience":730877,"relics_obtained":[{"floor":3,"key":"Ring of Misfortune"},{"floor":3,"key":"ReplayTheSpireMod:Ring of Challenge"},{"floor":9,"key":"Dream Catcher"},{"floor":10,"key":"reliquary:PartyBalloon"},{"floor":14,"key":"reliquary:MudwinsCradle"},{"floor":26,"key":"Toy Ornithopter"},{"floor":29,"key":"testmod-InfectionSource"},{"floor":31,"key":"SSSystem"}],"event_choices":[{"damage_healed":0,"gold_gain":54,"player_choice":"Gained Gold","damage_taken":0,"max_hp_gain":0,"max_hp_loss":0,"event_name":"Golden Wing","floor":7,"gold_loss":0},{"damage_healed":0,"gold_gain":0,"player_choice":"Forge","damage_taken":0,"max_hp_gain":0,"max_hp_loss":0,"event_name":"Accursed Blacksmith","floor":12,"gold_loss":0,"cards_upgraded":["Replay:BluntJabs"]}],"is_beta":false,"boss_relics":[{"not_picked":["Cursed Key","EasyGame_NEW"],"picked":"Philosopher\u0027s Stone"},{"not_picked":[]}],"items_purged_floors":[],"is_endless":false,"potions_floor_spawned":[1,8,10,18,19,29,30],"killed_by":"Collector","ascension_level":0}}