{"host":"abo8h6rpy4i6n2au","time":1612954976,"event":{"mods":["AchievementEnabler","Act Like it!","Aspiration","BaseMod","Better Altar","Better Match","Better Note","Better Sensory Stone","Better Skull","Better Third Choice","BetterRewards","Colored Map","Colored Powertips","Conspire","DeckTracker","Energized Spire","Gensokyo","GungeonMod","Hallownest","Hermit","Highlight Path","HololiveMod","Hubris","Jedi Mod","Jorbs\u0027s Wanderer Trilogy","Marisa????????","Minty Spire (QoL Compilation)","Remilia??????","Shop Mod","StSLib","The Bug Knight","The Cursed","The Hierophant","The Jungle","The Kombatant","The Necromancer","The Runesmith","The Senshi","The Servant 0.9.4","Yuri Mod"],"gold_per_floor":[115,115,115,115,135,135,149,149,202,202,228,228,240,35,35,139,139,152,152,152,152,152,152,152,152,152,152,6,6,24,34,34,138,138,148,148,162,173,185,185,185,185,234,234,234,244,47,47,47,47],"floor_reached":51,"language":"ENG","playtime":1973,"items_purged":[],"score":804,"play_id":"95046568-513c-49d9-952c-9b0b4e96a9e8","local_time":"20210210120256","daily_mods":["Vintage","Heirloom","Flight"],"is_ascension_mode":false,"campfire_choices":[{"data":"Neutralize","floor":6,"key":"SMITH"},{"data":"Strike_G","floor":12,"key":"SMITH"},{"data":"Dagger Spray","floor":15,"key":"SMITH"},{"floor":23,"key":"REST"},{"floor":24,"key":"REST"},{"data":"Bouncing Flask","floor":25,"key":"SMITH"},{"floor":32,"key":"REST"},{"floor":41,"key":"REST"},{"floor":42,"key":"REST"},{"floor":45,"key":"REST"},{"floor":49,"key":"REST"}],"circlet_count":0,"master_deck":["Strike_G","Strike_G","Strike_G","Strike_G","Strike_G+1","Defend_G","Defend_G","Defend_G","Defend_G","Defend_G","Pain","Footwork","Bouncing Flask+1","Dagger Spray+1","jedi:brewingpoison+1","A Thousand Cuts","Gensokyo:PrivateSquare","Pride","Deadly Poison"],"relics":["Ring of the Snake","Bird Faced Urn","Toy Ornithopter","Gensokyo:Justice","DemoMod:Relodestone","Darkstone Periapt","Gensokyo:LunaticRedEyes","DemoMod:PoisonVial","Happy Flower","Nunchaku","DemoMod:BlueGuonStone","conspire:SpecialSausage","DemoMod:LamentConfigurum","betterThird:NestCultRelic","Ice Cream","hubris:Icosahedron","aspiration:Nostalgia","DemoMod:Dog","Singing Bowl","Ornamental Fan","Runesmith:AutoHammer","aspiration:MobileForge","ScarletDevilRocket","Oddly Smooth Stone","Potion Belt","Dead Branch","Bottled Flame","Centennial Puzzle","DemoMod:GreenGuonStone","conspire:Flyswatter","Snake Skull"],"acts_visited":["Gensokyo:Gensokyo","TheCity","Gensokyo:Gensokyoest"],"potions_floor_usage":[16,39,39,39,39],"damage_taken":[{"damage":0,"enemies":"Gensokyo:Python","floor":1,"turns":4},{"damage":4,"enemies":"Gensokyo:2_Kodama","floor":5,"turns":4},{"damage":0,"enemies":"Gensokyo:3_Fairies","floor":7,"turns":2},{"damage":3,"enemies":"Gensokyo:Kitsune","floor":13,"turns":3},{"damage":40,"enemies":"Gensokyo:Yukari","floor":16,"turns":9},{"damage":14,"enemies":"3 Byrds","floor":18,"turns":4},{"damage":4,"enemies":"Chosen","floor":30,"turns":4},{"damage":14,"enemies":"Snake Plant","floor":31,"turns":3},{"damage":54,"enemies":"Collector","floor":33,"turns":7},{"damage":26,"enemies":"Gensokyo:3_Boulders","floor":35,"turns":6},{"damage":19,"enemies":"Gensokyo:AncientGuardian","floor":37,"turns":8},{"damage":24,"enemies":"Gensokyo:Rafflesia","floor":38,"turns":7},{"damage":18,"enemies":"Gensokyo:Sharpion","floor":39,"turns":5},{"damage":10,"enemies":"Gensokyo:SeedOfUnknown","floor":46,"turns":5},{"damage":66,"enemies":"Gensokyo:Scarlet_Devils","floor":50,"turns":9}],"seed_played":"2159560779586163058","potions_obtained":[{"floor":5,"key":"DuplicationPotion"},{"floor":13,"key":"Fire Potion"},{"floor":18,"key":"FearPotion"},{"floor":31,"key":"jedi:StrikingPotion"},{"floor":33,"key":"Explosive Potion"},{"floor":37,"key":"Regen Potion"},{"floor":46,"key":"Energy Potion"}],"is_trial":true,"path_per_floor":["M","COS","?","?","M","R","M","?","T","?","T","R","M","$","R","B",null,"M","$","?","?","?","R","R","R","T","?","$","T","M","M","R","B",null,"M","?","M","M","M","?","R","R","T","?","R","M","$","?","R","B",null],"character_chosen":"THE_SILENT","items_purchased":["Footwork","Bouncing Flask","Dagger Spray","aspiration:Nostalgia","Snake Skull","Deadly Poison"],"campfire_rested":7,"item_purchase_floors":[14,14,14,28,47,47],"current_hp_per_floor":[70,70,70,70,66,66,66,72,72,72,72,72,69,69,69,36,76,64,64,64,16,16,38,60,60,60,60,60,60,58,46,68,16,76,52,37,22,2,20,26,50,74,74,42,66,62,62,62,82,28],"gold":47,"neow_bonus":"","is_daily":false,"chose_seed":false,"campfire_upgraded":4,"win_rate":0.0,"timestamp":1612954976,"path_taken":["M","COS","?","?","?","R","?","?","T","?","?","R","M","?","R","BOSS","M","$","?","?","?","R","R","R","T","?","?","?","?","M","R","BOSS","M","?","M","?","M","?","R","R","T","?","R","?","$","?","R","BOSS"],"items_purchased_type":["Card","Card","Card","Relic","Relic","Card"],"build_version":"2020-12-22","purchased_purges":0,"victory":true,"max_hp_per_floor":[70,70,70,70,70,70,70,76,76,76,76,76,76,76,76,76,76,76,76,76,76,76,76,76,76,76,76,76,76,76,76,76,76,76,76,76,76,76,76,82,82,82,82,82,82,82,82,82,82,82],"card_choices":[{"not_picked":["Night Terror","Doppelganger"],"picked":"jedi:brewingpoison","floor":16},{"not_picked":["jedi:brewingpoison","Grand Finale"],"picked":"A Thousand Cuts","floor":33}],"player_experience":133764,"relics_obtained":[{"floor":1,"key":"Toy Ornithopter"},{"floor":5,"key":"DemoMod:Relodestone"},{"floor":7,"key":"Darkstone Periapt"},{"floor":9,"key":"DemoMod:PoisonVial"},{"floor":11,"key":"Nunchaku"},{"floor":13,"key":"DemoMod:BlueGuonStone"},{"floor":18,"key":"DemoMod:LamentConfigurum"},{"floor":26,"key":"Ice Cream"},{"floor":29,"key":"Singing Bowl"},{"floor":30,"key":"Ornamental Fan"},{"floor":31,"key":"Runesmith:AutoHammer"},{"floor":35,"key":"ScarletDevilRocket"},{"floor":37,"key":"Potion Belt"},{"floor":38,"key":"Dead Branch"},{"floor":39,"key":"Bottled Flame"},{"floor":43,"key":"Centennial Puzzle"},{"floor":46,"key":"conspire:Flyswatter"}],"event_choices":[{"damage_healed":0,"gold_gain":0,"player_choice":"Leave","damage_taken":0,"max_hp_gain":0,"max_hp_loss":0,"event_name":"conspire:Investor","floor":4,"gold_loss":0},{"damage_healed":0,"gold_gain":0,"player_choice":"Madness","damage_taken":0,"relics_obtained":["betterThird:NestCultRelic"],"max_hp_gain":0,"max_hp_loss":0,"event_name":"betterThird:BetterNest","floor":20,"gold_loss":0}],"is_beta":false,"boss_relics":[{"not_picked":["Runesmith:UraniumAnvil","Hololive_Finger"],"picked":"conspire:SpecialSausage"},{"not_picked":["HoveringKite","energizedSpire:MagnifyingGlass"],"picked":"aspiration:MobileForge"}],"items_purged_floors":[],"is_endless":false,"potions_floor_spawned":[5,13,18,31,33,37,46],"ascension_level":0}}