{"host":"b9id4afcchnn1rfb","time":1612990524,"event":{"mods":["Act Like it!","BaseMod","Better Note","Colored Map","Colored Powertips","Hallownest","Hermit","Infinite Spire","Minty Spire (QoL Compilation)","StSLib","SuperFastMode","The Death Knight","The Necromancer"],"gold_per_floor":[118,134,154,154,154,154,154,154,154,165,181,181,201,213,213,318,318,328,238,163,163,176,204,204,239,262,279,294,294,323,342,342,447,497,517,536,536,563,563,563,577,577,658,690,709,719,750,750,750,750,750],"floor_reached":50,"language":"ENG","playtime":1471,"items_purged":["Defend_W","Strike_W"],"score":734,"play_id":"5dd99dcf-9a7e-44a1-bb2c-6744c1392676","local_time":"20210210215524","is_ascension_mode":true,"campfire_choices":[{"data":"Summon_Undead","floor":6,"key":"SMITH"},{"data":"Spectral_Armor","floor":8,"key":"SMITH"},{"floor":12,"key":"RECALL"},{"data":"Summon_Undead","floor":15,"key":"SMITH"},{"data":"Summon_Undead_Army","floor":29,"key":"SMITH"},{"data":"Finger_Of_Death","floor":32,"key":"SMITH"},{"floor":40,"key":"REST"},{"data":"infinitespire:Menacing","floor":42,"key":"SMITH"},{"data":"Summon_Undead_Army","floor":49,"key":"SMITH"}],"circlet_count":0,"master_deck":["Strike_W+1","Strike_W","Defend_W+1","Defend_W","Defend_W","Negative_Energy_Arrows","Bone_Wall","Summon_Undead+1","Spectral_Armor+1","Stop_Heart+1","Summon_Undead+1","Summon_Vampire_Lady","Summon_Undead_Army+1","Death_March_Dance+1","Slay_Living+1","Finger_Of_Death+1","Death_Coil+1","Summon_Death_Knight","Summon_Undead_Army+1","Bones_to_Steel","infinitespire:Menacing+1","infinitespire:UltimateForm","infinitespire:NeuralNetwork","Finger_Of_Death+1","Summon_Undead","Summon_Lich+1","Bone_Shift+1","Summon_Undead_Army+1"],"relics":["Vampire_Amulet","Bronze Scales","infinitespire:WardingShard","Hallownest:DreamNailRelic","Sozu","Hallownest:StagBellRelic1","Tiny Chest","Oddly Smooth Stone","Pear","DeathKnight:PutricidesVial","Centennial Puzzle","Tiny House","Du-Vu Doll","Philosopher\u0027s Stone","Dream Catcher","Question Card","Frozen Egg 2","Whetstone","The Courier"],"acts_visited":["Exordium","Hallownest:Greenpath","TheBeyond"],"potions_floor_usage":[16,47,47],"damage_taken":[{"damage":3,"enemies":"Hallownest:monsterHuskWarrior","floor":1,"turns":6},{"damage":9,"enemies":"Hallownest:monsterHuskGuard","floor":2,"turns":4},{"damage":8,"enemies":"Hallownest:2_Tiktiks_and_1_Crawlid","floor":3,"turns":3},{"damage":0,"enemies":"Hallownest:Wandering_and_Horned","floor":10,"turns":5},{"damage":13,"enemies":"Hallownest:2_Tiktiks_1_Baldur_1_Crawlid","floor":11,"turns":5},{"damage":21,"enemies":"Hallownest:1_Ooma_and_2_Uuma","floor":13,"turns":5},{"damage":1,"enemies":"Hallownest:monsterMossCharger","floor":14,"turns":4},{"damage":28,"enemies":"Hallownest:BossFalseKnight","floor":16,"turns":8},{"damage":14,"enemies":"Hallownest:3_Youths","floor":18,"turns":5},{"damage":2,"enemies":"Hallownest:3_Youths","floor":21,"turns":5},{"damage":30,"enemies":"Hallownest:2_Mistakes","floor":22,"turns":5},{"damage":6,"enemies":"Nightmare","floor":23,"turns":7},{"damage":57,"enemies":"Hallownest:eliteWatcherKnight","floor":25,"turns":13},{"damage":6,"enemies":"Hallownest:monsterShrumalOgre","floor":27,"turns":5},{"damage":12,"enemies":"Hallownest:Master_and_Novice","floor":28,"turns":4},{"damage":2,"enemies":"Hallownest:Nosk","floor":30,"turns":7},{"damage":11,"enemies":"Hallownest:Warrior_and_Youth","floor":31,"turns":4},{"damage":11,"enemies":"Hallownest:BossSoulMaster","floor":33,"turns":7},{"damage":21,"enemies":"Orb Walker","floor":35,"turns":5},{"damage":39,"enemies":"3 Darklings","floor":36,"turns":5},{"damage":0,"enemies":"Maw","floor":41,"turns":7},{"damage":53,"enemies":"Giant Head","floor":44,"turns":9},{"damage":2,"enemies":"Transient","floor":45,"turns":5},{"damage":28,"enemies":"Spire Growth","floor":46,"turns":4},{"damage":46,"enemies":"Reptomancer","floor":47,"turns":8},{"damage":70,"enemies":"Donu and Deca","floor":50,"turns":3}],"seed_played":"-7736854955741366710","potions_obtained":[{"floor":1,"key":"SkillPotion"},{"floor":2,"key":"Ancient Potion"},{"floor":3,"key":"DistilledChaos"}],"is_trial":false,"path_per_floor":["M","M","M","?","?","R","?","R","T","M","M","R","M","M","R","B",null,"M","?","$","?","M","NM","?","E","T","M","M","R","E","M","R","B",null,"M","M","AVR","T","?","R","M","R","T","E","M","M","E","T","R","B"],"character_chosen":"NECROMANCER","items_purchased":[],"campfire_rested":1,"item_purchase_floors":[],"current_hp_per_floor":[81,74,72,72,62,62,62,62,62,66,61,61,46,47,47,66,78,82,82,82,82,68,82,82,91,91,92,87,87,92,91,91,92,97,86,64,64,64,64,93,97,97,97,55,67,59,58,58,58,0,0],"gold":750,"neow_bonus":"TEN_PERCENT_HP_BONUS","is_daily":false,"chose_seed":false,"campfire_upgraded":7,"win_rate":0.0,"timestamp":1612990524,"path_taken":["M","M","M","?","?","R","?","R","T","M","?","R","M","M","R","BOSS","M","?","$","?","?","NM","?","E","T","M","M","R","E","M","R","BOSS","M","M","AVR","?","?","R","M","R","T","E","M","M","E","?","R","BOSS"],"items_purchased_type":[],"build_version":"2020-12-22","purchased_purges":2,"victory":false,"max_hp_per_floor":[82,82,82,82,82,82,82,82,82,82,82,82,82,82,82,82,82,82,82,82,82,82,82,82,92,92,92,92,92,92,92,92,92,97,97,97,97,97,97,97,97,97,97,97,97,97,97,97,97,97,97],"card_choices":[{"not_picked":["Finger_Of_Death","Bone_Armory"],"picked":"Summon_Undead","floor":1},{"not_picked":["Bone_Bullets","Finger_Of_Death"],"picked":"Spectral_Armor","floor":2},{"not_picked":["Scare","Finger_Of_Death"],"picked":"Stop_Heart","floor":3},{"not_picked":["Scare","Vampiric_Strike","Blood_Whip"],"picked":"SKIP","floor":10},{"not_picked":["Blood_Magic","Stop_Heart","Negative_Energy_Shield"],"picked":"SKIP","floor":11},{"not_picked":["Blood_for_Blood","Death_Coil","Exploit"],"picked":"SKIP","floor":13},{"not_picked":["Negative_Energy_Sphere","Negative_Energy_Burst"],"picked":"Summon_Undead","floor":14},{"not_picked":["Skeleton_Dragon","Hellfire"],"picked":"Summon_Vampire_Lady","floor":16},{"not_picked":["Necromantic_Selection","Bones_to_Steel"],"picked":"Summon_Undead_Army","floor":18},{"not_picked":["Necromantic_Selection","Epidemic"],"picked":"Death_March_Dance+1","floor":22},{"not_picked":["Blood_Whip","Chill_Blood"],"picked":"Slay_Living+1","floor":23},{"not_picked":["Deaths_Shadow+1","Violent_Necrosis"],"picked":"Finger_Of_Death","floor":25},{"not_picked":["Negative_Energy_Mist+1","Bone_Bullets+1"],"picked":"Death_Coil+1","floor":27},{"not_picked":["Bone_Spikes+1","Slay_Living","Shackles_Of_Pain"],"picked":"SKIP","floor":28},{"not_picked":["Corrupt","Death_Coil","Negative_Energy_Javelin+1"],"picked":"SKIP","floor":30},{"not_picked":["Vampiric_Strike","Scare","Blood_Is_Power"],"picked":"SKIP","floor":31},{"not_picked":["Blood_Magic","Hellfire"],"picked":"Summon_Death_Knight","floor":33},{"not_picked":["Negative_Energy_Javelin","Negative_Energy_Sphere"],"picked":"Summon_Undead_Army","floor":34},{"not_picked":["Blood_Whip+1","Bone_Armor+1"],"picked":"Bones_to_Steel","floor":35},{"not_picked":["Negative_Energy_Shield+1","Blood_Curse","Blood_Wake"],"picked":"SKIP","floor":36},{"not_picked":["Shackles_Of_Pain+1","Blood_Curse+1"],"picked":"Summon_Undead","floor":41},{"not_picked":["Death_Coil","Vampiric_Strike","Pandemic"],"picked":"Summon_Lich+1","floor":44},{"not_picked":["Slay_Living","Bone_Armor","Blood_Shield+1"],"picked":"Bone_Shift+1","floor":45},{"not_picked":["Consume_Illness+1","Bone_Armory+1","Blood_Curse"],"picked":"Summon_Undead_Army+1","floor":46},{"not_picked":["Bones_to_Steel+1","Reap_The_Weak","Blood_Curse+1","Blood_Whip"],"picked":"SKIP","floor":47}],"player_experience":489809,"relics_obtained":[{"floor":23,"key":"Tiny Chest"},{"floor":25,"key":"Pear"},{"floor":26,"key":"DeathKnight:PutricidesVial"},{"floor":30,"key":"Centennial Puzzle"},{"floor":38,"key":"Dream Catcher"},{"floor":43,"key":"Question Card"},{"floor":44,"key":"Frozen Egg 2"},{"floor":47,"key":"Whetstone"},{"floor":48,"key":"The Courier"}],"event_choices":[{"damage_healed":0,"gold_gain":0,"cards_transformed":["Strike_W"],"player_choice":"Transformed","damage_taken":0,"max_hp_gain":0,"max_hp_loss":0,"event_name":"Transmorgrifier","floor":39,"gold_loss":0,"cards_obtained":["Finger_Of_Death"]}],"is_beta":false,"boss_relics":[{"not_picked":["Coffee Dripper","Astrolabe"],"picked":"Sozu"},{"not_picked":["Busted Crown","Velvet Choker"],"picked":"Tiny House"}],"items_purged_floors":[20,37],"is_endless":true,"potions_floor_spawned":[1,2,3,14,22,23,25,28,33,35,46,47],"killed_by":"Donu and Deca","ascension_level":5}}