{"host":"x730sfaw5rd1mxd8","time":1612997505,"event":{"mods":["BaseMod","BetterRewards","Colored Powertips","Highlight Path","Minty Spire (QoL Compilation)","Relic Sorter","Relic Stats","Replay The Spire","StSLib"],"gold_per_floor":[112,112,127,87,41,41,67,67,67,93,107,119,151,168,168,263,263,308,346,621,657,694,746,746,806,806,843,899,914,712,767,767,896,896,914,914,979,979,989,1069,1069,1097,1097,1097,1097,1097,1117,617,617,617,617,617,152,186,186],"floor_reached":56,"language":"ENG","playtime":5241,"items_purged":["Strike_P","Strike_P","Strike_P","Strike_P","Defend_P"],"score":2137,"play_id":"0da4fec2-78df-460d-b282-1085604d75b5","local_time":"20210210175145","is_ascension_mode":true,"campfire_choices":[{"data":"Eruption","floor":6.0,"key":"SMITH"},{"data":"Wireheading","floor":8.0,"key":"SMITH"},{"data":"Halt","floor":15.0,"key":"SMITH"},{"data":"Omniscience","floor":32.0,"key":"SMITH"},{"floor":46,"key":"RECALL"},{"floor":49,"key":"REST"},{"data":"Wish","floor":52,"key":"SMITH"}],"circlet_count":0,"master_deck":["Defend_P","Defend_P","Defend_P","Eruption+1","Vigilance","Nirvana","EmptyBody","Crescendo+1","FlurryOfBlows","Wireheading","PathToVictory+1","WheelKick","Halt+1","Wireheading+1","FlurryOfBlows","EmptyFist","Wish+1","FlurryOfBlows","EmptyFist","Collect","JustLucky","JustLucky","Replay:Hum+1","SpiritShield","WheelKick","Replay:ManipulateFuture+1","InnerPeace","Omniscience+1","FollowUp+1","Protect+1","Evaluate+1","Finesse","Master of Strategy","WaveOfTheHand+1"],"relics":["PureWater","Gambling Chip","Replay:Ringing Soul","Omamori","Snack Pack","Tiny Chest","Honey Jar","Bronze Scales","Juzu Bracelet","Ancient Tea Set","Shuriken","Black Star","Yang","Vajra","Ice Cream","StoneCalendar","Du-Vu Doll","Ring of Hypnosis","Pantograph","Membership Card","TungstenRod","Strawberry","Divine Protection","ClockworkSouvenir","Bag of Marbles","Blue Candle","Replay:Bottled Snecko"],"acts_visited":["Exordium","TheCity","TheBeyond","TheEnding"],"potions_floor_usage":[55,55,55],"damage_taken":[{"damage":3.0,"enemies":"2 Louse","floor":1.0,"turns":2.0},{"damage":0.0,"enemies":"Cultist","floor":3.0,"turns":3.0},{"damage":8.0,"enemies":"3 Sentries","floor":7.0,"turns":7.0},{"damage":11.0,"enemies":"Lagavulin","floor":10.0,"turns":5.0},{"damage":0.0,"enemies":"Small Slimes","floor":11.0,"turns":2.0},{"damage":4.0,"enemies":"Looter","floor":12.0,"turns":4.0},{"damage":17.0,"enemies":"3 Sentries","floor":13.0,"turns":6.0},{"damage":17.0,"enemies":"Blue Slaver","floor":14.0,"turns":4.0},{"damage":0.0,"enemies":"Slime Boss","floor":16.0,"turns":4.0},{"damage":7.0,"enemies":"Chosen","floor":18.0,"turns":3.0},{"damage":0.0,"enemies":"Spheric Guardian","floor":19.0,"turns":3.0},{"damage":35.0,"enemies":"Snake Plant","floor":21.0,"turns":5.0},{"damage":12.0,"enemies":"Centurion and Healer","floor":22.0,"turns":5.0},{"damage":24.0,"enemies":"Slavers","floor":23.0,"turns":4.0},{"damage":0.0,"enemies":"Gremlin Leader","floor":25.0,"turns":5.0},{"damage":7.0,"enemies":"Sentry and Sphere","floor":27.0,"turns":4.0},{"damage":27.0,"enemies":"Book of Stabbing","floor":28.0,"turns":5.0},{"damage":0.0,"enemies":"Chosen and Byrds","floor":29.0,"turns":4.0},{"damage":14.0,"enemies":"Gremlin Leader","floor":31.0,"turns":4.0},{"damage":30.0,"enemies":"Champ","floor":33.0,"turns":5.0},{"damage":23,"enemies":"3 Darklings","floor":35,"turns":4},{"damage":0,"enemies":"3 Shapes","floor":37,"turns":8},{"damage":25,"enemies":"Jaw Worm Horde","floor":39,"turns":4},{"damage":38,"enemies":"Nemesis","floor":40,"turns":5},{"damage":1,"enemies":"Giant Head","floor":42,"turns":4},{"damage":1,"enemies":"3 Darklings","floor":47,"turns":4},{"damage":37,"enemies":"Time Eater","floor":50,"turns":10},{"damage":32,"enemies":"Shield and Spear","floor":54,"turns":4},{"damage":12,"enemies":"The Heart","floor":55,"turns":7}],"seed_played":"-5065002258557007107","potions_obtained":[{"floor":1.0,"key":"AttackPotion"},{"floor":10.0,"key":"Death Potion"},{"floor":14.0,"key":"Ancient Potion"},{"floor":16.0,"key":"Weak Potion"},{"floor":18.0,"key":"BlessingOfTheForge"},{"floor":22.0,"key":"Swift Potion"},{"floor":23.0,"key":"Venom Potion"},{"floor":24.0,"key":"Swift Potion"},{"floor":24.0,"key":"AttackPotion"},{"floor":24.0,"key":"Ancient Potion"},{"floor":28.0,"key":"Milkshake"},{"floor":33.0,"key":"FairyPotion"},{"floor":37,"key":"SpeedPotion"},{"floor":39,"key":"SpeedPotion"}],"is_trial":false,"path_per_floor":["M","?","M","$","$","R","E","R","T","E","M","M","E","M","R","B",null,"M","M","?","M","M","E","?","E","T","M","E","M","$","E","R","B",null,"M","T","M","?","M","E","?","E","T","?","T","R","M","$","R","B",null,"R","$","E","B",null],"character_chosen":"WATCHER","items_purchased":["Nirvana","EmptyBody","Crescendo+1","FlurryOfBlows","Wireheading","PathToVictory","Gambling Chip","Elixir","WheelKick","Halt","InnerPeace","Membership Card","TungstenRod","Strawberry","Finesse","Divine Protection","ClockworkSouvenir","Master of Strategy","Bag of Marbles"],"campfire_rested":1,"item_purchase_floors":[0,0,0,0,0,0,0,0,4,5,30,48,48,48,48,53,53,53,53],"current_hp_per_floor":[62,62,62,62,62,62,57,57,57,46,51,47,34,24,24,33,71,71,78,78,56,55,44,44,59,59,61,45,54,57,56,56,45,101,89,89,96,96,79,52,52,59,59,59,59,59,64,74,113,106,126,126,129,106,131],"gold":186,"neow_bonus":"","is_daily":false,"chose_seed":false,"campfire_upgraded":5,"win_rate":0.0,"timestamp":1612997505,"path_taken":["M","?","?","?","$","R","E","R","T","E","M","M","E","M","R","BOSS","M","M","?","M","?","E","?","E","T","M","E","M","$","E","R","BOSS","M","?","M","?","M","E","?","E","T","?","?","R","M","$","R","BOSS","R","$","E","BOSS"],"items_purchased_type":["Card","Card","Card","Card","Card","Card","Relic","Potion","Card","Card","Card","Relic","Relic","Relic","Card","Relic","Relic","Card","Relic"],"build_version":"2020-12-22","purchased_purges":5,"victory":true,"max_hp_per_floor":[72,72,72,72,72,72,75,75,75,75,78,78,78,81,81,84,84,87,90,90,93,96,99,99,102,102,105,108,111,114,117,117,120,120,123,123,126,120,120,123,123,123,123,123,123,123,123,133,133,133,133,133,136,139,139],"relic_stats":{"counters":[434,1791],"Blue Candle":[7],"Yang":[133],"StoneCalendar":[52],"Juzu Bracelet":1,"Shuriken":[43],"Gambling Chip":[93],"Bronze Scales":[1380],"Pantograph":45,"Tiny Chest":2,"Black Star":3,"obtain_stats":[{"Golden Egg":0,"Replay:Accelerometer":40,"Vampiric Spirits":0,"Whetstone":55,"Ginger":46,"Boot":55,"Sling":55,"Old Coin":37,"Blood Vial":20,"Replay:Wanted Poster":17,"Replay:Ringing Soul":7,"Replay:Bronze Core":17,"MealTicket":27,"Fusion Hammer":36,"Kunai":10,"Replay:Wax Seal":12,"Electric Blood":17,"Replay:Bottled Steam":43,"Pear":46,"Blue Candle":30,"Tingsha":0,"Eternal Feather":49,"Pen Nib":23,"Paper Crane":8,"Cables":54,"SlaversCollar":17,"Snecko Scales":34,"Bird Faced Urn":12,"Snecko Eye":17,"Mark of Pain":0,"StrikeDummy":6,"Abe\u0027s Treasure":17,"Regal Pillow":0,"Lantern":40,"Singing Bowl":10,"Magic Flower":11,"Painkiller Herb":19,"Blue Doll":23,"StoneCalendar":42,"Bag of Preparation":55,"Replay:Multitool":44,"Cursed Key":34,"Smiling Mask":23,"Ancient Tea Set":28,"Burning Blood":0,"Pet Ghost":23,"Replay:Rubber Ducky":55,"Matryoshka":0,"Shovel":41,"Replay:Bottled Eggs":40,"InkBottle":27,"Potion Belt":7,"Lee\u0027s Waffle":0,"The Specimen":25,"Golden Idol":11,"Basket Of Snakes":39,"Damaru":13,"Thread and Needle":47,"The Courier":14,"PreservedInsect":22,"Geode":40,"Omamori":31,"Frozen Egg 2":0,"MawBank":31,"GoldenEye":54,"Replay:Arrowhead":0,"Busted Crown":17,"Ornamental Fan":55,"Ring of Misfortune":2,"Orrery":0,"Turnip":46,"Art of War":40,"Garlic":13,"Bottled Lightning":53,"ReplayTheSpireMod:Ring of Challenge":38,"ReplayTheSpireMod:Lightbulb":0,"Toy Ornithopter":48,"Ice Cream":14,"Divine Protection":53,"Calipers":0,"Gremlin Horn":9,"Nilry\u0027s Codex":23,"CeramicFish":8,"Vajra":28,"Sozu":0,"Centennial Puzzle":9,"Lizard Tail":45,"HornCleat":0,"DollysMirror":0,"Strawberry":28,"Honey Jar":17,"Prayer Wheel":0,"Philosopher\u0027s Stone":34,"Iron Hammer":27,"Toxic Egg 2":0,"Byrd Skull":11,"Happy Flower":55,"Ring of Hypnosis":44,"Astrolabe":34,"Replay:Grab Bag":34,"Oddly Smooth Stone":26,"Ring of Chaos":47,"War Paint":23,"Question Card":0,"Du-Vu Doll":53,"OrangePellets":0,"Bottled Flame":15,"Replay:Baseball":0,"ReplayTheSpireMod:Shallot":26,"Shuriken":43,"Bronze Scales":12,"Simple Rune":55,"Onion Ring":8,"Black Star":34,"Mirror":0,"ReplayTheSpireMod:DimensionalGlitch":34,"Pocketwatch":0,"Meat on the Bone":38,"Darkstone Periapt":5,"ReplayFunnel":55,"Mango":6,"Yang":36,"Snake Skull":29,"Incense Burner":45,"Juzu Bracelet":48,"CloakClasp":43,"PrismaticShard":53,"ClockworkSouvenir":53,"Dream Catcher":43,"Nunchaku":24,"Replay:Bandana":10,"TheAbacus":53,"Mummified Hand":5,"Pantograph":23,"Gambling Chip":24,"Tiny Chest":6,"Replay:Bottled Snecko":54,"Replay:Drink Me":17,"Red Skull":6,"Gremlin Food":44,"ReplayTheSpireMod:Ninjato":6,"Replay:Towering Pillar of Hats":10,"Quantum Egg":46,"Guide Book":0,"Replay:WaspNest":0,"Orichalcum":56,"Medical Kit":42,"Mercury Hourglass":0,"Peace Pipe":39,"Anchor":11,"CaptainsWheel":43,"Pondfish Scales":55,"DataDisk":0,"HolyWater":34,"ChewingGum":34,"Snack Pack":8,"Bag of Marbles":40,"Membership Card":0,"PureWater":0,"FossilizedHelix":48,"TungstenRod":48},{"Golden Egg":184,"Replay:Accelerometer":207,"Vampiric Spirits":61,"Whetstone":91,"Ginger":376,"Boot":91,"Sling":91,"Old Coin":308,"Blood Vial":26,"Replay:Wanted Poster":361,"Replay:Ringing Soul":408,"Replay:Bronze Core":134,"MealTicket":58,"Fusion Hammer":80,"Kunai":357,"Replay:Wax Seal":191,"Electric Blood":51,"Replay:Bottled Steam":119,"Pear":122,"Blue Candle":30,"Tingsha":93,"Eternal Feather":316,"Pen Nib":366,"Paper Crane":66,"Cables":153,"SlaversCollar":24,"Snecko Scales":115,"Bird Faced Urn":22,"Snecko Eye":222,"Mark of Pain":0,"StrikeDummy":98,"Abe\u0027s Treasure":265,"Regal Pillow":93,"Lantern":176,"Singing Bowl":21,"Magic Flower":49,"Painkiller Herb":72,"Blue Doll":196,"StoneCalendar":430,"Bag of Preparation":91,"Replay:Multitool":120,"Cursed Key":31,"Smiling Mask":227,"Ancient Tea Set":422,"Burning Blood":0,"Pet Ghost":56,"Replay:Rubber Ducky":91,"Matryoshka":61,"Shovel":348,"Replay:Bottled Eggs":347,"InkBottle":141,"Potion Belt":218,"Lee\u0027s Waffle":319,"The Specimen":76,"Golden Idol":5,"Basket Of Snakes":82,"Damaru":221,"Thread and Needle":180,"The Courier":7,"PreservedInsect":11,"Geode":146,"Omamori":202,"Frozen Egg 2":14,"MawBank":79,"GoldenEye":183,"Replay:Arrowhead":286,"Busted Crown":8,"Ornamental Fan":91,"Ring of Misfortune":257,"Orrery":353,"Turnip":38,"Art of War":36,"Garlic":250,"Bottled Lightning":182,"ReplayTheSpireMod:Ring of Challenge":81,"ReplayTheSpireMod:Lightbulb":319,"Toy Ornithopter":241,"Ice Cream":23,"Divine Protection":432,"Calipers":256,"Gremlin Horn":20,"Nilry\u0027s Codex":75,"CeramicFish":157,"Vajra":77,"Sozu":154,"Centennial Puzzle":5,"Lizard Tail":281,"HornCleat":286,"DollysMirror":286,"Strawberry":13,"Honey Jar":414,"Prayer Wheel":93,"Philosopher\u0027s Stone":232,"Iron Hammer":167,"Toxic Egg 2":286,"Byrd Skull":66,"Happy Flower":91,"Ring of Hypnosis":430,"Astrolabe":172,"Replay:Grab Bag":232,"Oddly Smooth Stone":57,"Ring of Chaos":122,"War Paint":139,"Question Card":244,"Du-Vu Doll":284,"OrangePellets":93,"Bottled Flame":70,"Replay:Baseball":93,"ReplayTheSpireMod:Shallot":269,"Shuriken":177,"Bronze Scales":6,"Simple Rune":91,"Onion Ring":292,"Black Star":425,"Mirror":244,"ReplayTheSpireMod:DimensionalGlitch":402,"Pocketwatch":41,"Meat on the Bone":117,"Darkstone Periapt":18,"ReplayFunnel":91,"Mango":19,"Yang":426,"Snake Skull":78,"Incense Burner":87,"Juzu Bracelet":181,"CloakClasp":208,"PrismaticShard":379,"ClockworkSouvenir":432,"Dream Catcher":37,"Nunchaku":75,"Replay:Bandana":100,"TheAbacus":211,"Mummified Hand":290,"Pantograph":12,"Gambling Chip":27,"Tiny Chest":188,"Replay:Bottled Snecko":433,"Replay:Drink Me":161,"Red Skull":47,"Gremlin Food":87,"ReplayTheSpireMod:Ninjato":156,"Replay:Towering Pillar of Hats":66,"Quantum Egg":87,"Guide Book":93,"Replay:WaspNest":61,"Orichalcum":92,"Medical Kit":119,"Mercury Hourglass":61,"Peace Pipe":146,"Anchor":66,"CaptainsWheel":86,"Pondfish Scales":91,"DataDisk":126,"HolyWater":275,"ChewingGum":232,"Snack Pack":48,"Bag of Marbles":278,"Membership Card":61,"PureWater":0,"FossilizedHelix":151,"TungstenRod":431},{"Golden Egg":733,"Replay:Accelerometer":814,"Vampiric Spirits":244,"Whetstone":364,"Ginger":1537,"Boot":364,"Sling":364,"Old Coin":1307,"Blood Vial":107,"Replay:Wanted Poster":1477,"Replay:Ringing Soul":1669,"Replay:Bronze Core":537,"MealTicket":230,"Fusion Hammer":315,"Kunai":1468,"Replay:Wax Seal":750,"Electric Blood":208,"Replay:Bottled Steam":471,"Pear":484,"Blue Candle":123,"Tingsha":376,"Eternal Feather":1340,"Pen Nib":1493,"Paper Crane":257,"Cables":637,"SlaversCollar":100,"Snecko Scales":459,"Bird Faced Urn":86,"Snecko Eye":881,"Mark of Pain":0,"StrikeDummy":392,"Abe\u0027s Treasure":1067,"Regal Pillow":376,"Lantern":706,"Singing Bowl":82,"Magic Flower":200,"Painkiller Herb":279,"Blue Doll":766,"StoneCalendar":1766,"Bag of Preparation":364,"Replay:Multitool":475,"Cursed Key":130,"Smiling Mask":896,"Ancient Tea Set":1728,"Burning Blood":0,"Pet Ghost":224,"Replay:Rubber Ducky":364,"Matryoshka":244,"Shovel":1438,"Replay:Bottled Eggs":1434,"InkBottle":568,"Potion Belt":860,"Lee\u0027s Waffle":1357,"The Specimen":292,"Golden Idol":17,"Basket Of Snakes":325,"Damaru":872,"Thread and Needle":718,"The Courier":25,"PreservedInsect":40,"Geode":594,"Omamori":790,"Frozen Egg 2":51,"MawBank":304,"GoldenEye":727,"Replay:Arrowhead":1198,"Busted Crown":30,"Ornamental Fan":364,"Ring of Misfortune":1014,"Orrery":1454,"Turnip":156,"Art of War":146,"Garlic":986,"Bottled Lightning":724,"ReplayTheSpireMod:Ring of Challenge":318,"ReplayTheSpireMod:Lightbulb":1357,"Toy Ornithopter":957,"Ice Cream":93,"Divine Protection":1780,"Calipers":1011,"Gremlin Horn":78,"Nilry\u0027s Codex":288,"CeramicFish":657,"Vajra":296,"Sozu":646,"Centennial Puzzle":17,"Lizard Tail":1164,"HornCleat":1198,"DollysMirror":1198,"Strawberry":48,"Honey Jar":1694,"Prayer Wheel":376,"Philosopher\u0027s Stone":919,"Iron Hammer":681,"Toxic Egg 2":1198,"Byrd Skull":257,"Happy Flower":364,"Ring of Hypnosis":1766,"Astrolabe":695,"Replay:Grab Bag":919,"Oddly Smooth Stone":226,"Ring of Chaos":484,"War Paint":559,"Question Card":970,"Du-Vu Doll":1182,"OrangePellets":376,"Bottled Flame":268,"Replay:Baseball":376,"ReplayTheSpireMod:Shallot":1091,"Shuriken":710,"Bronze Scales":20,"Simple Rune":364,"Onion Ring":1223,"Black Star":1741,"Mirror":970,"ReplayTheSpireMod:DimensionalGlitch":1643,"Pocketwatch":170,"Meat on the Bone":463,"Darkstone Periapt":65,"ReplayFunnel":364,"Mango":73,"Yang":1745,"Snake Skull":300,"Incense Burner":344,"Juzu Bracelet":721,"CloakClasp":818,"PrismaticShard":1553,"ClockworkSouvenir":1780,"Dream Catcher":151,"Nunchaku":288,"Replay:Bandana":399,"TheAbacus":834,"Mummified Hand":1211,"Pantograph":44,"Gambling Chip":111,"Tiny Chest":741,"Replay:Bottled Snecko":1784,"Replay:Drink Me":667,"Red Skull":189,"Gremlin Food":344,"ReplayTheSpireMod:Ninjato":655,"Replay:Towering Pillar of Hats":257,"Quantum Egg":344,"Guide Book":376,"Replay:WaspNest":244,"Orichalcum":369,"Medical Kit":471,"Mercury Hourglass":244,"Peace Pipe":594,"Anchor":257,"CaptainsWheel":341,"Pondfish Scales":364,"DataDisk":505,"HolyWater":1128,"ChewingGum":919,"Snack Pack":196,"Bag of Marbles":1150,"Membership Card":244,"PureWater":0,"FossilizedHelix":621,"TungstenRod":1770}],"TungstenRod":12},"card_choices":[{"not_picked":["CutThroughFate","EmptyBody","ClearTheMind"],"picked":"SKIP","floor":1.0},{"not_picked":["CrushJoints","SandsOfTime","EmptyFist"],"picked":"SKIP","floor":3.0},{"not_picked":["Judgement","Evaluate"],"picked":"Wireheading","floor":7.0},{"not_picked":["MentalFortress","Replay:ManipulateFuture","Consecrate"],"picked":"SKIP","floor":10.0},{"not_picked":["SashWhip","Swivel"],"picked":"FlurryOfBlows","floor":11.0},{"not_picked":["CutThroughFate","FollowUp","EmptyBody"],"picked":"SKIP","floor":12.0},{"not_picked":["FollowUp","MasterReality","Pray"],"picked":"SKIP","floor":13.0},{"not_picked":["Replay:AtTheReady","SashWhip"],"picked":"EmptyFist","floor":14.0},{"not_picked":["DeusExMachina","Vault"],"picked":"Wish","floor":16.0},{"not_picked":["Replay:Vibes+1","Meditate","Replay:ManipulateFuture"],"picked":"FlurryOfBlows","floor":18.0},{"not_picked":["Replay:BluntJabs","Replay:AtTheReady","SashWhip+1"],"picked":"EmptyFist","floor":19.0},{"not_picked":["ClearTheMind","LikeWater","BowlingBash+1"],"picked":"Collect","floor":21.0},{"not_picked":["Replay:Vibes","FlyingSleeves","WheelKick"],"picked":"JustLucky","floor":22.0},{"not_picked":["Prostrate","ClearTheMind","FollowUp"],"picked":"JustLucky","floor":23.0},{"not_picked":["Prostrate","Replay:Battleflow","Swivel"],"picked":"Replay:Hum+1","floor":25.0},{"not_picked":["Halt+1","Prostrate","CrushJoints"],"picked":"SpiritShield","floor":27.0},{"not_picked":["EmptyFist","Consecrate","Prostrate"],"picked":"WheelKick","floor":28.0},{"not_picked":["Replay:Anticipation","Evaluate","Pray"],"picked":"Replay:ManipulateFuture+1","floor":29.0},{"not_picked":["Worship","Consecrate","Ragnarok"],"picked":"Omniscience","floor":31.0},{"not_picked":["Scrawl","SpiritShield","Ragnarok"],"picked":"LessonLearned","floor":33.0},{"not_picked":["Replay:ManipulateFuture+1","SashWhip","Replay:Hum+1"],"picked":"FollowUp+1","floor":35},{"not_picked":["WreathOfFlame+1","ForeignInfluence+1","CrushJoints"],"picked":"Protect+1","floor":37},{"not_picked":["SignatureMove","EmptyBody","CrushJoints","Protect"],"picked":"SKIP","floor":39},{"not_picked":["Fasting2","Halt+1","Establishment"],"picked":"Evaluate+1","floor":40},{"not_picked":["JustLucky+1","BowlingBash+1","Evaluate","BattleHymn"],"picked":"SKIP","floor":42},{"not_picked":["CarveReality","FollowUp","Prostrate","FlyingSleeves"],"picked":"SKIP","floor":47},{"not_picked":["Pray","Halt","Conclude"],"picked":"WaveOfTheHand+1","floor":54}],"player_experience":4130355,"relics_obtained":[{"floor":7.0,"key":"Replay:Ringing Soul"},{"floor":9.0,"key":"Omamori"},{"floor":10.0,"key":"Snack Pack"},{"floor":13.0,"key":"Tiny Chest"},{"floor":23.0,"key":"Bronze Scales"},{"floor":25.0,"key":"Juzu Bracelet"},{"floor":28.0,"key":"Ancient Tea Set"},{"floor":31.0,"key":"Shuriken"},{"floor":36,"key":"Yang"},{"floor":40,"key":"Vajra"},{"floor":42,"key":"Ice Cream"},{"floor":42,"key":"StoneCalendar"},{"floor":43,"key":"Du-Vu Doll"},{"floor":44,"key":"Ring of Hypnosis"},{"floor":45,"key":"Pantograph"},{"floor":54,"key":"Blue Candle"},{"floor":54,"key":"Replay:Bottled Snecko"}],"event_choices":[{"damage_healed":0.0,"max_hp_gain":0.0,"max_hp_loss":0.0,"gold_gain":0.0,"event_name":"Upgrade Shrine","player_choice":"Upgraded","floor":2.0,"gold_loss":0.0,"damage_taken":0.0,"cards_upgraded":["PathToVictory"]},{"damage_healed":0.0,"max_hp_gain":0.0,"max_hp_loss":0.0,"gold_gain":275.0,"event_name":"Golden Shrine","player_choice":"Desecrate","floor":20.0,"gold_loss":0.0,"damage_taken":0.0,"cards_obtained":["Regret"]},{"damage_healed":0.0,"max_hp_gain":0.0,"max_hp_loss":0.0,"gold_gain":0.0,"event_name":"Lab","player_choice":"Got Potions","floor":24.0,"gold_loss":0.0,"damage_taken":0.0},{"damage_healed":0,"gold_gain":0,"player_choice":"Max HP","damage_taken":0,"max_hp_gain":0,"max_hp_loss":6,"event_name":"Winding Halls","floor":38,"gold_loss":0},{"cards_removed":["LessonLearned"],"damage_healed":0,"gold_gain":0,"player_choice":"Removed Attack","damage_taken":0,"max_hp_gain":0,"max_hp_loss":0,"event_name":"Falling","floor":41,"gold_loss":0}],"is_beta":false,"boss_relics":[{"not_picked":["VioletLotus","SacredBark"],"picked":"Honey Jar"},{"not_picked":["Tiny House","Empty Cage"],"picked":"Black Star"}],"items_purged_floors":[0,0,30,48,53],"is_endless":false,"potions_floor_spawned":[1,10,14,16,18,22,23,28,33,37,39,42,47,54],"ascension_level":7}}