{"host":"tner83jrcdd0m6a5","time":1612935349,"event":{"mods":["AchievementEnabler","BaseMod","Bestiary","Colored Map","Colored Powertips","DeckTracker","Highlight Path","Keyboard Shortcuts","Minty Spire (QoL Compilation)","Quick Restart","Rare Cards Sparkle","Relic Stats","Slay-I","SuperFastMode"],"gold_per_floor":[152,152,7,37,72,125,125,229,229,284,284,317,317,317,317,444,444,460,550,586,63,127,127,75,75,75,144,203,203,248,300,300,427,427,439,289,331,342,410,468,468,528,528,528,74,111,128,128,128,128],"floor_reached":51,"language":"ENG","playtime":2313,"items_purged":["Strike_G","Strike_G","Strike_G","Writhe"],"score":955,"play_id":"5eeca21c-68e5-4425-82be-40dced4b8188","local_time":"20210210053549","is_ascension_mode":true,"campfire_choices":[{"data":"HandOfGreed","floor":7.0,"key":"SMITH"},{"data":"Terror","floor":11.0,"key":"SMITH"},{"floor":13.0,"key":"REST"},{"data":"Neutralize","floor":15.0,"key":"SMITH"},{"floor":23,"key":"REST"},{"data":"After Image","floor":25,"key":"SMITH"},{"data":"Survivor","floor":29,"key":"SMITH"},{"data":"Unload","floor":32,"key":"SMITH"},{"data":"Dark Shackles","floor":41,"key":"SMITH"},{"data":"Defend_G","floor":49,"key":"SMITH"}],"circlet_count":0,"master_deck":["Strike_G+1","Defend_G","Defend_G","Defend_G","Defend_G+1","Defend_G+1","Survivor+1","Neutralize+1","HandOfGreed+1","Terror+1","Dark Shackles+1","Backstab+1","Infinite Blades","Infinite Blades","Terror+1","After Image+1","Footwork+1","Backflip+1","Finesse+1","Cloak And Dagger+1","Dodge and Roll+1","Unload+1","Venomology+1","Dodge and Roll+1","Backstab+1"],"relics":["Ring of the Snake","Shuriken","Sundial","Toxic Egg 2","Regal Pillow","Black Star","Thread and Needle","Eternal Feather","Letter Opener","Whetstone","Mummified Hand","Blood Vial","Cursed Key","Bag of Preparation","Dead Branch","Mercury Hourglass","Question Card","StoneCalendar","Potion Belt","Cauldron"],"acts_visited":["Exordium","TheCity","TheBeyond"],"potions_floor_usage":[20,28,28,33,37,39,40,42,50,50],"damage_taken":[{"damage":7.0,"enemies":"Small Slimes","floor":1.0,"turns":5.0},{"damage":0.0,"enemies":"Cultist","floor":4.0,"turns":3.0},{"damage":0.0,"enemies":"2 Louse","floor":5.0,"turns":2.0},{"damage":6.0,"enemies":"2 Fungi Beasts","floor":6.0,"turns":5.0},{"damage":10.0,"enemies":"3 Sentries","floor":8.0,"turns":10.0},{"damage":7.0,"enemies":"Lagavulin","floor":10.0,"turns":6.0},{"damage":24.0,"enemies":"Gremlin Nob","floor":12.0,"turns":4.0},{"damage":17.0,"enemies":"The Guardian","floor":16.0,"turns":9.0},{"damage":4,"enemies":"Shell Parasite","floor":18,"turns":5},{"damage":8,"enemies":"3 Byrds","floor":20,"turns":5},{"damage":15,"enemies":"Sentry and Sphere","floor":22,"turns":8},{"damage":0,"enemies":"3 Cultists","floor":27,"turns":6},{"damage":19,"enemies":"Slavers","floor":28,"turns":8},{"damage":0,"enemies":"Chosen and Byrds","floor":30,"turns":7},{"damage":3,"enemies":"Book of Stabbing","floor":31,"turns":6},{"damage":11,"enemies":"Collector","floor":33,"turns":6},{"damage":0,"enemies":"3 Darklings","floor":35,"turns":5},{"damage":0,"enemies":"3 Shapes","floor":37,"turns":3},{"damage":0,"enemies":"Maw","floor":38,"turns":8},{"damage":2,"enemies":"Sphere and 2 Shapes","floor":39,"turns":6},{"damage":0,"enemies":"Giant Head","floor":40,"turns":6},{"damage":0,"enemies":"Reptomancer","floor":42,"turns":4},{"damage":2,"enemies":"Jaw Worm Horde","floor":46,"turns":4},{"damage":0,"enemies":"4 Shapes","floor":47,"turns":2},{"damage":4,"enemies":"Time Eater","floor":50,"turns":7}],"seed_played":"-825846438016796593","potions_obtained":[{"floor":1.0,"key":"Block Potion"},{"floor":8.0,"key":"Weak Potion"},{"floor":16.0,"key":"CunningPotion"},{"floor":18,"key":"Block Potion"},{"floor":22,"key":"Block Potion"},{"floor":30,"key":"CunningPotion"},{"floor":33,"key":"GhostInAJar"},{"floor":45,"key":"Block Potion"},{"floor":45,"key":"DuplicationPotion"},{"floor":46,"key":"Dexterity Potion"}],"is_trial":false,"path_per_floor":["M","?","$","M","M","M","R","E","T","E","R","E","R","?","R","B",null,"M","?","M","$","M","R","$","R","T","M","E","R","M","E","R","B",null,"M","$","M","M","M","E","R","E","T","?","$","M","M","$","R","B",null],"character_chosen":"THE_SILENT","items_purchased":["Backstab","Backflip+1","Thread and Needle","Finesse+1","Cloak And Dagger+1","Dodge and Roll+1","Potion Belt","Cauldron"],"campfire_rested":2,"item_purchase_floors":[3,21,21,21,24,36,45,45],"current_hp_per_floor":[56,56,56,56,56,50,50,40,40,33,33,9,42,35,35,18,63,59,41,33,33,18,51,51,51,51,51,32,44,44,41,53,44,63,63,63,63,63,61,63,63,63,63,63,63,61,63,63,63,59],"gold":128,"neow_bonus":"RANDOM_COLORLESS_2","is_daily":false,"chose_seed":false,"campfire_upgraded":8,"win_rate":0.0,"timestamp":1612935349,"path_taken":["M","?","$","M","?","M","R","E","T","E","R","E","R","?","R","BOSS","M","?","M","$","?","R","$","R","T","M","E","R","?","E","R","BOSS","M","$","M","M","M","E","R","E","T","?","$","M","M","$","R","BOSS"],"items_purchased_type":["Card","Card","Relic","Card","Card","Card","Relic","Relic"],"build_version":"2020-12-22","purchased_purges":4,"victory":true,"max_hp_per_floor":[63,63,63,63,63,63,63,63,63,63,63,63,63,63,63,63,63,63,63,63,63,63,63,63,63,63,63,63,63,63,63,63,63,63,63,63,63,63,63,63,63,63,63,63,63,63,63,63,63,63],"relic_stats":{"Regal Pillow":30,"counters":[25,140],"Dead Branch":[51],"Eternal Feather":24,"StoneCalendar":[0],"Bag of Preparation":[8],"Letter Opener":[264],"Whetstone":["Backstab","Strike_G"],"Cursed Key":1,"Question Card":3,"Mercury Hourglass":[45],"Blood Vial":6,"Shuriken":[74],"Sundial":[18],"Mummified Hand":[44],"Black Star":4,"obtain_stats":[{"Potion Belt":45,"Regal Pillow":12,"Dead Branch":40,"Thread and Needle":21,"Eternal Feather":26,"StoneCalendar":43,"Bag of Preparation":40,"Letter Opener":28,"Whetstone":28,"Cursed Key":34,"Question Card":42,"Mercury Hourglass":42,"Blood Vial":31,"Cauldron":45,"Shuriken":8,"Sundial":9,"Mummified Hand":31,"Black Star":17,"Toxic Egg 2":10,"Ring of the Snake":0},{"Potion Belt":22,"Regal Pillow":7,"Dead Branch":21,"Thread and Needle":10,"Eternal Feather":11,"StoneCalendar":22,"Bag of Preparation":21,"Letter Opener":13,"Whetstone":13,"Cursed Key":16,"Question Card":22,"Mercury Hourglass":22,"Blood Vial":15,"Cauldron":22,"Shuriken":5,"Sundial":5,"Mummified Hand":15,"Black Star":8,"Toxic Egg 2":6,"Ring of the Snake":0},{"Potion Belt":127,"Regal Pillow":35,"Dead Branch":123,"Thread and Needle":54,"Eternal Feather":62,"StoneCalendar":127,"Bag of Preparation":123,"Letter Opener":76,"Whetstone":76,"Cursed Key":95,"Question Card":127,"Mercury Hourglass":127,"Blood Vial":89,"Cauldron":127,"Shuriken":25,"Sundial":25,"Mummified Hand":89,"Black Star":44,"Toxic Egg 2":31,"Ring of the Snake":0}],"Ring of the Snake":[50]},"card_choices":[{"not_picked":["Transmutation","Thinking Ahead"],"picked":"HandOfGreed","floor":0.0},{"not_picked":["Well Laid Plans","Bane","Distraction"],"picked":"SKIP","floor":1.0},{"not_picked":["Calculated Gamble","Dagger Spray","Prepared"],"picked":"SKIP","floor":4.0},{"not_picked":["Deadly Poison","Tactician"],"picked":"Infinite Blades","floor":5.0},{"not_picked":["Slice","Bane","Predator"],"picked":"SKIP","floor":6.0},{"not_picked":["Acrobatics","Distraction"],"picked":"Infinite Blades","floor":8.0},{"not_picked":["PiercingWail+1","Blur+1","Noxious Fumes"],"picked":"SKIP","floor":10.0},{"not_picked":["Outmaneuver+1","Noxious Fumes"],"picked":"Terror+1","floor":12.0},{"not_picked":["Unload","Night Terror+1"],"picked":"After Image","floor":16.0},{"not_picked":["Caltrops","Flying Knee","Deadly Poison+1"],"picked":"SKIP","floor":18},{"not_picked":["Dodge and Roll+1","Poisoned Stab+1"],"picked":"Footwork+1","floor":20},{"not_picked":["Infinite Blades+1","PiercingWail+1","Catalyst+1"],"picked":"SKIP","floor":22},{"not_picked":["Deflect+1","Tactician+1"],"picked":"Dodge and Roll+1","floor":27},{"not_picked":["Bane","Infinite Blades+1","Underhanded Strike+1"],"picked":"SKIP","floor":28},{"not_picked":["Deflect+1","Sucker Punch+1","All Out Attack+1"],"picked":"SKIP","floor":30},{"not_picked":["Dash","Bane"],"picked":"Unload","floor":31},{"not_picked":["Envenom","Bullet Time+1"],"picked":"Venomology+1","floor":33},{"not_picked":["Masterful Stab+1","Concentrate+1","All Out Attack+1"],"picked":"SKIP","floor":35},{"not_picked":["Acrobatics+1","Terror+1","Dagger Spray"],"picked":"SKIP","floor":37},{"not_picked":["Underhanded Strike","PiercingWail+1","Bane+1"],"picked":"SKIP","floor":38},{"not_picked":["Prepared+1","Underhanded Strike"],"picked":"Backstab+1","floor":39},{"not_picked":["Dagger Throw","Flying Knee","Blade Dance+1"],"picked":"SKIP","floor":40},{"not_picked":["Acrobatics+1","Noxious Fumes","Storm of Steel+1"],"picked":"SKIP","floor":42},{"not_picked":["Poisoned Stab","Reflex+1","Dodge and Roll+1","Riddle With Holes"],"picked":"SKIP","floor":46},{"not_picked":["Acrobatics+1","Flying Knee","Backflip+1","Dagger Throw+1"],"picked":"SKIP","floor":47}],"player_experience":372191,"relics_obtained":[{"floor":8.0,"key":"Shuriken"},{"floor":9.0,"key":"Sundial"},{"floor":10.0,"key":"Toxic Egg 2"},{"floor":12.0,"key":"Regal Pillow"},{"floor":26,"key":"Eternal Feather"},{"floor":28,"key":"Letter Opener"},{"floor":28,"key":"Whetstone"},{"floor":31,"key":"Mummified Hand"},{"floor":31,"key":"Blood Vial"},{"floor":40,"key":"Bag of Preparation"},{"floor":40,"key":"Dead Branch"},{"floor":42,"key":"Mercury Hourglass"},{"floor":42,"key":"Question Card"},{"floor":43,"key":"StoneCalendar"}],"event_choices":[{"damage_healed":0.0,"max_hp_gain":0.0,"max_hp_loss":0.0,"gold_gain":0.0,"event_name":"Match and Keep!","player_choice":"2 cards matched","floor":2.0,"gold_loss":0.0,"damage_taken":0.0,"cards_obtained":["Terror","Dark Shackles"]},{"cards_removed":["Strike_G"],"damage_healed":0.0,"max_hp_gain":0.0,"max_hp_loss":0.0,"gold_gain":0.0,"event_name":"Golden Wing","player_choice":"Card Removal","floor":14.0,"gold_loss":0.0,"damage_taken":7.0},{"damage_healed":0,"gold_gain":90,"player_choice":"POTION GOLD ","damage_taken":18,"max_hp_gain":0,"max_hp_loss":0,"event_name":"Knowing Skull","floor":19,"potions_obtained":["DuplicationPotion"],"gold_loss":0,"cards_obtained":[]},{"damage_healed":0,"gold_gain":0,"player_choice":"Forge","damage_taken":0,"max_hp_gain":0,"max_hp_loss":0,"event_name":"Accursed Blacksmith","floor":44,"gold_loss":0,"cards_upgraded":["Defend_G"]}],"is_beta":false,"boss_relics":[{"not_picked":["Tiny House","SlaversCollar"],"picked":"Black Star"},{"not_picked":["Velvet Choker","Calling Bell"],"picked":"Cursed Key"}],"items_purged_floors":[3,21,36,45],"is_endless":false,"potions_floor_spawned":[1,8,16,18,22,30,33,37,40,42,46],"ascension_level":3}}