{"host":"cnq91ghfhf6lz0gv","time":1612923845,"event":{"mods":["BaseMod","Clockwork Mod","Colored Map","Colored Powertips","Conspire","Downfall","Googly Eyes","Highlight Path","Minty Spire (QoL Compilation)","Replay The Spire","StSLib","SuperFastMode","The IronCluck","The Showman","slay the spire mod where everything is the same but ironclad has a cowboy hat"],"gold_per_floor":[113,38,53,53,72,72,83,95,120,120,120,132,132,132,184,281,281,297,327,227,102,116,116,134,153,178,178,188,233,233,64,64,162,162,176,51,103,153,375,411,411,425,448,373,285,320,320,351,351,351,351,351,142,180,180],"floor_reached":56,"language":"ENG","playtime":2896,"items_purged":["Clockwork:Shield","Doubt","CommonCold","Sickly","Clockwork:Strike","Injury"],"score":1871,"play_id":"17fe3c6e-fdf3-4c9b-98c4-5fc1dd5d2d41","local_time":"20210209212405","is_ascension_mode":true,"campfire_choices":[{"data":"Clockwork:Roundhouse","floor":6.0,"key":"SMITH"},{"data":"Clockwork:WarmUp","floor":11.0,"key":"SMITH"},{"floor":13.0,"key":"RECALL"},{"floor":23.0,"key":"REST"},{"data":"Clockwork:PerfectForm","floor":27,"key":"SMITH"},{"floor":32,"key":"DIG"},{"data":"Clockwork:CogBarrier","floor":41,"key":"SMITH"},{"data":"Clockwork:Shield","floor":47,"key":"SMITH"},{"data":"Voices","floor":49,"key":"PURGE"},{"floor":52,"key":"REST"}],"circlet_count":0,"master_deck":["Clockwork:Shield+1","Clockwork:Tinker+1","Clockwork:WarmUp+1","Clockwork:Roundhouse+1","Clockwork:PerfectForm+1","ReplayTheSpireMod:Doomed","Clockwork:CogBarrier+1"],"relics":["Clockwork:MomentumEngine","Juzu Bracelet","Replay:Ancient Bell","Bag of Marbles","Darkstone Periapt","WingedGreaves","Clockwork:QuicksilverHourglass","Red Mask","ReplayTheSpireMod:TigerMarble","MutagenicStrength","Membership Card","Lantern","Runic Pyramid","Garlic","Replay:Ringing Soul","Ring of Hypnosis","Ring of Greed","Golden Idol","Blue Doll","Bag of Preparation","ReplayFunnel","Unceasing Top","War Paint","Strawberry","Du-Vu Doll"],"acts_visited":["Exordium","TheCity","TheBeyond","TheEnding"],"potions_floor_usage":[25,25,33,55,55],"damage_taken":[{"damage":0.0,"enemies":"Jaw Worm","floor":1.0,"turns":7.0},{"damage":0.0,"enemies":"Cultist","floor":3.0,"turns":6.0},{"damage":4.0,"enemies":"2 Louse","floor":5.0,"turns":4.0},{"damage":34.0,"enemies":"Exordium Thugs","floor":7.0,"turns":11.0},{"damage":10.0,"enemies":"Looter","floor":8.0,"turns":5.0},{"damage":8.0,"enemies":"2 Fungi Beasts","floor":12.0,"turns":4.0},{"damage":10.0,"enemies":"Hexaghost","floor":16.0,"turns":10.0},{"damage":21.0,"enemies":"Shell Parasite","floor":18.0,"turns":24.0},{"damage":66.0,"enemies":"Masked Bandits","floor":19.0,"turns":6.0},{"damage":0.0,"enemies":"Chosen","floor":22.0,"turns":5.0},{"damage":11.0,"enemies":"Snake Plant","floor":24.0,"turns":7.0},{"damage":2,"enemies":"Snecko","floor":25,"turns":5},{"damage":0,"enemies":"Centurion and Healer","floor":28,"turns":5},{"damage":0,"enemies":"conspire:MimicChest","floor":29,"turns":8},{"damage":0,"enemies":"Collector","floor":33,"turns":4},{"damage":3,"enemies":"3 Shapes","floor":35,"turns":4},{"damage":0,"enemies":"Giant Head","floor":40,"turns":5},{"damage":0,"enemies":"3 Darklings","floor":42,"turns":3},{"damage":0,"enemies":"Reptomancer","floor":46,"turns":3},{"damage":0,"enemies":"Nemesis","floor":48,"turns":3},{"damage":0,"enemies":"Time Eater","floor":50,"turns":4},{"damage":0,"enemies":"Shield and Spear","floor":54,"turns":3},{"damage":0,"enemies":"The Heart","floor":55,"turns":6}],"seed_played":"-3325226758375229662","potions_obtained":[{"floor":1.0,"key":"CultistPotion"},{"floor":5.0,"key":"Adrenaline Potion"},{"floor":8.0,"key":"Fire Potion"},{"floor":22.0,"key":"Fire Potion"},{"floor":24.0,"key":"sneckomod:MuddlingPotion"},{"floor":35,"key":"Swift Potion"},{"floor":37,"key":"Slimebound:ThreeZeroPotion"}],"is_trial":false,"path_per_floor":["M","$","M","?","M","R","M","M","T","?","R","M","R","?","R_BF","B",null,"M","?","$","$","M","R","M","M","T","R","M","?","?","$","R_BF","B",null,"M","$","?","?","?","E","R","M","T","$","$","E","R","E","R_BF","B",null,"R","$","E","B",null],"character_chosen":"CLOCKWORK","items_purchased":["Membership Card","PowerPotion","Garlic","Strawberry","Guardian:BlockOnCardUsePotion"],"campfire_rested":2,"item_purchase_floors":[31,31,36,53,53],"current_hp_per_floor":[85,85,85,85,81,81,47,37,37,37,37,29,29,22,22,12,103,82,16,16,16,16,46,35,33,33,33,33,33,33,33,33,33,103,100,100,75,84,93,102,102,102,102,102,102,102,102,102,102,102,130,130,137,137,138],"gold":180,"neow_bonus":"REMOVE_CARD","is_daily":false,"chose_seed":false,"campfire_upgraded":5,"win_rate":0.0,"timestamp":1612923845,"path_taken":["M","$","M","?","M","R","M","M","T","?","R","M","R","?","R_BF","BOSS","M","?","$","$","M","R","M","M","T","R","M","?","?","$","R_BF","BOSS","M","$","?","?","?","E","R","M","T","$","$","E","R","E","R_BF","BOSS","R","$","E","BOSS"],"items_purchased_type":["Relic","Potion","Relic","Relic","Potion"],"build_version":"2020-12-22","purchased_purges":6,"victory":true,"max_hp_per_floor":[85,85,85,85,85,85,85,85,85,85,85,85,85,85,85,85,103,103,103,103,103,103,103,103,103,103,103,103,103,103,103,103,103,103,103,103,103,112,121,130,130,130,130,130,130,130,130,130,130,130,130,130,137,137,138],"card_choices":[{"not_picked":["Clockwork:LogisticRegression","Clockwork:CogToss","Clockwork:Enhance"],"picked":"SKIP","floor":1.0},{"not_picked":["Clockwork:RampUp","Clockwork:AdaptiveCannon","Clockwork:Improve"],"picked":"SKIP","floor":3.0},{"not_picked":["Clockwork:ChargingBlade","Clockwork:SystemScan"],"picked":"Clockwork:Roundhouse","floor":5.0},{"not_picked":["Clockwork:Pluck","Clockwork:ChargingShield","Clockwork:PerfectedStrike"],"picked":"SKIP","floor":7.0},{"not_picked":["Clockwork:CraftVarja","Clockwork:TimeOut"],"picked":"Clockwork:PerfectForm","floor":8.0},{"not_picked":["Clockwork:HeadStart","Clockwork:HoardingStrike","Clockwork:SearchingStrike"],"picked":"SKIP","floor":12.0},{"not_picked":["Clockwork:PerfectForm","Clockwork:Strangle"],"picked":"Clockwork:CraftQuicksilverHourglass","floor":16.0},{"not_picked":["downfall:Aged","downfall:Haunted"],"picked":"ReplayTheSpireMod:Doomed","floor":17.0},{"not_picked":["Shame","Replay:Hysterical Blindness"],"picked":"CommonCold","floor":17.0},{"not_picked":["ReplayTheSpireMod:Restless Dread","conspire:Blindness"],"picked":"Doubt","floor":17.0},{"not_picked":["Clockwork:SystemScan","Clockwork:Clone","Clockwork:Roundhouse"],"picked":"SKIP","floor":18.0},{"not_picked":["Clockwork:AdaptiveShield","Clockwork:HoardingStrike"],"picked":"Clockwork:Downsize","floor":22.0},{"not_picked":["Clockwork:ReactiveNanites","Clockwork:Efficiency"],"picked":"Clockwork:CogBarrier","floor":24.0},{"not_picked":["Clockwork:Enhance","Clockwork:Minimalism"],"picked":"Clockwork:CogBarrier","floor":25},{"not_picked":["Clockwork:Improve","Clockwork:AdaptiveShield","Clockwork:ElasticNanites"],"picked":"SKIP","floor":28},{"not_picked":["Clockwork:WindupStrike","Clockwork:Halt"],"picked":"Clockwork:CraftMomentumEngine","floor":33},{"not_picked":["Clockwork:ChargingBlade","Clockwork:Pluck","Clockwork:Efficiency+1"],"picked":"SKIP","floor":35},{"not_picked":["Clockwork:ChargingBlade+1","Clockwork:RevUp+1","Clockwork:PerfectedShield"],"picked":"SKIP","floor":40},{"not_picked":["Clockwork:ChargingShield","Clockwork:SnapKeep+1","Clockwork:Roundhouse"],"picked":"SKIP","floor":42},{"not_picked":["Clockwork:RevUp","Clockwork:HeadStart+1","Clockwork:ChargingBlade"],"picked":"SKIP","floor":46},{"not_picked":["Clockwork:SnapKeep+1","Clockwork:ChargingBlade","Clockwork:CogShield+1"],"picked":"SKIP","floor":48},{"not_picked":["Clockwork:ReserveSystems","Clockwork:MechanicalBulk","Clockwork:Minimalism+1"],"picked":"SKIP","floor":54}],"player_experience":221876,"relics_obtained":[{"floor":9.0,"key":"Juzu Bracelet"},{"floor":19.0,"key":"Red Mask"},{"floor":29,"key":"ReplayTheSpireMod:TigerMarble"},{"floor":32,"key":"Lantern"},{"floor":37,"key":"Replay:Ringing Soul"},{"floor":38,"key":"Ring of Hypnosis"},{"floor":38,"key":"Ring of Greed"},{"floor":38,"key":"Golden Idol"},{"floor":38,"key":"Blue Doll"},{"floor":40,"key":"Bag of Preparation"},{"floor":43,"key":"ReplayFunnel"},{"floor":46,"key":"Unceasing Top"},{"floor":48,"key":"War Paint"},{"floor":54,"key":"Du-Vu Doll"}],"event_choices":[{"damage_healed":0.0,"max_hp_gain":0.0,"max_hp_loss":0.0,"gold_gain":0.0,"event_name":"Accursed Blacksmith","player_choice":"Forge","floor":4.0,"gold_loss":0.0,"damage_taken":0.0,"cards_upgraded":["Clockwork:Tinker"]},{"cards_removed":["Clockwork:Shield"],"damage_healed":0.0,"max_hp_gain":0.0,"max_hp_loss":0.0,"gold_gain":0.0,"event_name":"Golden Wing","player_choice":"Card Removal","floor":14.0,"gold_loss":0.0,"damage_taken":7.0},{"damage_healed":0.0,"max_hp_gain":0.0,"max_hp_loss":0.0,"gold_gain":0.0,"event_name":"Masked Bandits","player_choice":"Fought Bandits","floor":19.0,"gold_loss":0.0,"damage_taken":0.0},{"damage_healed":0,"gold_gain":0,"player_choice":"Inject Mutagens","damage_taken":0,"relics_obtained":["MutagenicStrength"],"max_hp_gain":0,"max_hp_loss":0,"event_name":"Drug Dealer","floor":30,"gold_loss":0},{"damage_healed":0,"gold_gain":222,"player_choice":"Wore Mask","damage_taken":0,"max_hp_gain":0,"max_hp_loss":0,"event_name":"Tomb of Lord Red Mask","floor":39,"gold_loss":0}],"is_beta":false,"boss_relics":[{"not_picked":["Ectoplasm","Snecko Eye"],"picked":"Replay:Ancient Bell"},{"not_picked":["Replay:Wax Seal","Nunchaku"],"picked":"Bag of Marbles"},{"not_picked":["Eternal Feather","Replay:Bottled Flurry"],"picked":"Darkstone Periapt"},{"not_picked":["Mango","StoneCalendar"],"picked":"WingedGreaves"},{"not_picked":["Astrolabe","Abe\u0027s Treasure"],"picked":"Runic Pyramid"}],"items_purged_floors":[2,20,21,44,45,53],"is_endless":false,"potions_floor_spawned":[1,5,8,22,24,35,40,46],"ascension_level":2}}