{"host":"8injpn8qs0kr8sd6","time":1612964956,"event":{"mods":["Act Like it!","BaseMod","Downfall","KinomotoSakuraMod(木之本樱)","Marisa（F雨　魔理沙）","Minty Spire (QoL Compilation)","Quick Restart","Reimu（博丽灵梦）","RumiaBox-露米娅的神秘盒子","Spicy Shops","StSLib"],"gold_per_floor":[99,99,274,274,274,274,274,2,20,20,39,62,62,62,71,170,170,170,181,281,300,300,330,330,330,22,32,50,60,75,160,172,268,268,268,278,288,307,307,307,331,355,403,423,436,452,471,482,498,495,495,495],"floor_reached":50,"language":"ZHS","playtime":2879,"items_purged":["Doubt","champ:Strike","champ:Defend"],"score":548,"play_id":"a8a306ba-7687-4712-9162-7819052e4247","local_time":"20210210214914","is_ascension_mode":false,"campfire_choices":[{"data":"champ:Taunt","floor":1.0,"key":"SMITH"},{"data":"champ:ShieldSlam","floor":10.0,"key":"SMITH"},{"data":"champ:PerfectedStrike","floor":13.0,"key":"SMITH"},{"data":"champ:TripleStrike","floor":18.0,"key":"SMITH"},{"data":"champ:PerfectedStrike","floor":25.0,"key":"SMITH"},{"data":"champ:LastStand","floor":35.0,"key":"SMITH"},{"floor":40.0,"key":"RECALL"}],"circlet_count":0,"master_deck":["champ:Strike","champ:Strike","champ:Strike","champ:Defend","champ:Defend","champ:Defend","champ:Execute","champ:Taunt+1","champ:ShieldSlam+1","champ:PerfectedStrike+1","champ:PerfectedStrike","expansioncontent:StudyTheSpire","champ:FlashCut","champ:BringItOn","champ:RecklessLeap","champ:TripleStrike+1","champ:CalledShot","champ:FocusedBerserking+1","champ:BladeFlurry","champ:PerfectedStrike+1","champ:StanceDance","champ:CalledShot","champ:PerfectedStrike","champ:VampiricStrike","champ:ArenaPreparation+1","champ:LastStand+1","champ:BerserkersShout+1","champ:AdrenalArmor+1","expansioncontent:GuardianWhirl","expansioncontent:InvincibleStrength","champ:PerfectedStrike+1","champ:Improvising","champ:VampiricStrike"],"relics":["champ:ChampionCrownUpgraded","downfall:HeartsMalice","YidongShenshe:ReiMu","InkBottle","PreservedInsect","MealTicket","bronze:MakeshiftBattery","Mango","Question Card","GodSword5","Ornamental Fan","Gambling Chip","Kunai","CatCart"],"acts_visited":["Exordium","TheCity","TheBeyond"],"potions_floor_usage":[50,50],"damage_taken":[{"damage":0.0,"enemies":"Jaw Worm","floor":2.0,"turns":1.0},{"damage":0.0,"enemies":"2 Louse","floor":6.0,"turns":1.0},{"damage":0.0,"enemies":"downfall:FleeingMerchant","floor":8.0,"turns":1.0},{"damage":10.0,"enemies":"Small Slimes","floor":9.0,"turns":2.0},{"damage":2.0,"enemies":"Blue Slaver","floor":11.0,"turns":2.0},{"damage":3.0,"enemies":"Gremlin Nob","floor":12.0,"turns":3.0},{"damage":0.0,"enemies":"Exordium Wildlife","floor":15.0,"turns":3.0},{"damage":28.0,"enemies":"SI_SHIV_ARCHETYPE","floor":16.0,"turns":7.0},{"damage":0.0,"enemies":"Spheric Guardian","floor":19.0,"turns":2.0},{"damage":33.0,"enemies":"IC_STATUS_ARCHETYPE","floor":20.0,"turns":3.0},{"damage":39.0,"enemies":"Chosen","floor":21.0,"turns":5.0},{"damage":0.0,"enemies":"Gremlin Leader","floor":23.0,"turns":3.0},{"damage":10.0,"enemies":"downfall:FleeingMerchant","floor":26.0,"turns":4.0},{"damage":13.0,"enemies":"3 Cultists","floor":27.0,"turns":3.0},{"damage":12.0,"enemies":"Shelled Parasite and Fungi","floor":28.0,"turns":2.0},{"damage":5.0,"enemies":"Centurion and Healer","floor":29.0,"turns":3.0},{"damage":0.0,"enemies":"Snecko","floor":30.0,"turns":3.0},{"damage":10.0,"enemies":"3 Cultists","floor":32.0,"turns":3.0},{"damage":58.0,"enemies":"WA_ARCHETYPE_CALM","floor":33.0,"turns":8.0},{"damage":25.0,"enemies":"Orb Walker","floor":36.0,"turns":1.0},{"damage":57.0,"enemies":"3 Darklings","floor":37.0,"turns":4.0},{"damage":40.0,"enemies":"4 Shapes","floor":38.0,"turns":3.0},{"damage":44.0,"enemies":"Giant Head","floor":42.0,"turns":5.0},{"damage":108.0,"enemies":"Orin","floor":43.0,"turns":7.0},{"damage":38.0,"enemies":"Spire Growth","floor":44.0,"turns":2.0},{"damage":36.0,"enemies":"3 Darklings","floor":45.0,"turns":2.0},{"damage":69,"enemies":"4 Shapes","floor":46,"turns":4},{"damage":30,"enemies":"Jaw Worm Horde","floor":47,"turns":3},{"damage":52,"enemies":"Transient","floor":48,"turns":5},{"damage":10,"enemies":"3 Darklings","floor":49,"turns":3},{"damage":133,"enemies":"DF_ARCHETYPE_ORBS","floor":50,"turns":8}],"seed_played":"-5839816277312380944","potions_obtained":[{"floor":9.0,"key":"Weak Potion"},{"floor":11.0,"key":"Slimebound:ThreeZeroPotion"},{"floor":16.0,"key":"GrandPatriotsElixir:ReiMu"},{"floor":20.0,"key":"Dexterity Potion"},{"floor":28.0,"key":"FearPotion"},{"floor":45.0,"key":"FearPotion"},{"floor":46,"key":"GamblersBrew"}],"is_trial":false,"path_per_floor":["R","M","?","?","?","M","T","$","M","R","M","E","R","T","M","B",null,"R","M","?","M","?","E","T","R","$","M","M","M","M","?","M","B",null,"R","M","M","M","?","R","T","E","?","M","M","M","M","M","M","B"],"character_chosen":"THE_CHAMP","items_purchased":["expansioncontent:StudyTheSpire","Gambling Chip"],"campfire_rested":0,"item_purchase_floors":[8,26],"current_hp_per_floor":[90,90,90,90,90,90,90,90,90,90,88,85,85,85,85,67,90,90,90,96,77,77,77,77,77,97,90,78,73,73,55,63,54,104,104,104,102,104,94,94,94,92,14,22,30,46,53,44,52,0,0,0],"gold":495,"neow_bonus":"THREE_ENEMY_KILL","is_daily":false,"chose_seed":false,"campfire_upgraded":6,"win_rate":0.0,"timestamp":1612964954,"path_taken":["R","M","?","?","?","M","T","$","?","R","M","E","R","?","M","BOSS","R","M","?","M","?","E","T","R","$","M","M","M","M","?","M","BOSS","R","M","M","M","?","R","T","E","?","M","?","M","M","M","M","BOSS"],"items_purchased_type":["Card","Relic"],"build_version":"2020-12-22","purchased_purges":3,"victory":false,"max_hp_per_floor":[90,90,90,90,90,90,90,90,90,90,90,90,90,90,90,90,90,90,90,104,104,104,104,104,104,104,104,104,104,104,104,104,104,104,104,104,104,104,104,104,104,104,104,104,104,104,104,104,104,104,104,104],"card_choices":[{"not_picked":["champ:GutPunch","champ:Lariat"],"picked":"champ:ShieldSlam","floor":2.0},{"not_picked":["champ:Lariat","champ:SkillfulDodge"],"picked":"champ:PerfectedStrike","floor":6.0},{"not_picked":["champ:SkillfulDodge","champ:SteelEdge"],"picked":"champ:PerfectedStrike","floor":8.0},{"not_picked":["champ:AdrenalArmor","champ:FanOfKnives"],"picked":"champ:FlashCut","floor":9.0},{"not_picked":["champ:IronFortress","champ:Shatter"],"picked":"champ:BringItOn","floor":11.0},{"not_picked":["champ:DefensiveShout","champ:Haymaker","champ:TornadoPunch"],"picked":"SKIP","floor":12.0},{"not_picked":["champ:StanceDance","champ:FanOfKnives"],"picked":"champ:RecklessLeap","floor":15.0},{"not_picked":["champ:CheapShot","champ:SteelEdge"],"picked":"champ:TripleStrike","floor":16.0},{"not_picked":["champ:RecklessLeap","champ:Backstep"],"picked":"champ:CalledShot","floor":19.0},{"not_picked":["champ:BladeFlurry","champ:CrownThrow+1"],"picked":"champ:FocusedBerserking+1","floor":20.0},{"not_picked":["champ:GutPunch","champ:Haymaker","champ:FaceSlap+1"],"picked":"champ:BladeFlurry","floor":21.0},{"not_picked":["champ:HoldFirm","champ:PreciseThrust","champ:BerserkersShout"],"picked":"champ:PerfectedStrike","floor":23.0},{"not_picked":["champ:EnGarde","champ:TornadoPunch","champ:FanOfKnives+1"],"picked":"champ:StanceDance","floor":26.0},{"not_picked":["champ:EnGarde+1","champ:BladeFlurry","champ:CrookedStrike"],"picked":"champ:CalledShot","floor":27.0},{"not_picked":["champ:Shatter+1","champ:EnGarde+1","champ:FlashCut+1"],"picked":"champ:PerfectedStrike","floor":28.0},{"not_picked":["champ:DefensiveShout","champ:RisingSlash","champ:GutPunch"],"picked":"champ:VampiricStrike","floor":29.0},{"not_picked":["champ:Circumvent","champ:Lariat","champ:EnragedBash+1"],"picked":"champ:ArenaPreparation+1","floor":30.0},{"not_picked":["champ:StanceDance+1","champ:BladeFlurry","champ:Shatter","champ:AdrenalArmor"],"picked":"SKIP","floor":32.0},{"not_picked":["champ:StrikeOfGenius","champ:SwordThrow","champ:SteelEdge"],"picked":"champ:LastStand","floor":33.0},{"not_picked":["champ:RisingSlash+1","champ:FlashCut","champ:Shatter"],"picked":"champ:BerserkersShout+1","floor":36.0},{"not_picked":["champ:Backstep","champ:GutPunch+1","champ:FalseCounter+1","champ:FlashCut"],"picked":"SKIP","floor":37.0},{"not_picked":["champ:Backstep","champ:GutPunch+1","champ:FalseCounter+1","champ:FlashCut"],"picked":"SKIP","floor":37.0},{"not_picked":["champ:PreemptiveStrike","champ:Encircle","champ:CrookedStrike"],"picked":"champ:AdrenalArmor+1","floor":38.0},{"not_picked":["expansioncontent:InvincibleStrength","expansioncontent:HyperBeam"],"picked":"expansioncontent:GuardianWhirl","floor":39.0},{"not_picked":["expansioncontent:HyperBeam","expansioncontent:AwakenDeath"],"picked":"expansioncontent:InvincibleStrength","floor":39.0},{"not_picked":["champ:CrownThrow+1","champ:DefensiveShout","champ:Backstep+1"],"picked":"champ:PerfectedStrike+1","floor":42.0},{"not_picked":["champ:FlashCut+1","champ:GladiatorStyle","champ:EnGarde+1"],"picked":"champ:Improvising","floor":44.0},{"not_picked":["champ:Haymaker+1","champ:CrownThrow+1","champ:PreciseThrust+1","champ:TornadoPunch+1"],"picked":"SKIP","floor":45.0},{"not_picked":["champ:EnGarde","champ:BringItOn","champ:DefensiveShout+1","champ:PerfectedStrike"],"picked":"SKIP","floor":46},{"not_picked":["champ:PerfectedStrike+1","champ:StanceDance+1","champ:Shatter+1","champ:IronFortress+1"],"picked":"SKIP","floor":47},{"not_picked":["champ:Lariat+1","champ:PreciseThrust+1","champ:RisingSlash+1"],"picked":"champ:VampiricStrike","floor":48},{"not_picked":["champ:DefensiveShout","champ:IronFortress","champ:RecklessLeap","champ:FalseCounter+1"],"picked":"SKIP","floor":49}],"player_experience":467059,"relics_obtained":[{"floor":7.0,"key":"InkBottle"},{"floor":12.0,"key":"PreservedInsect"},{"floor":14.0,"key":"MealTicket"},{"floor":20.0,"key":"Mango"},{"floor":20.0,"key":"Question Card"},{"floor":23.0,"key":"GodSword5"},{"floor":24.0,"key":"Ornamental Fan"},{"floor":42.0,"key":"Kunai"},{"floor":43.0,"key":"CatCart"}],"event_choices":[{"damage_healed":0.0,"max_hp_gain":0.0,"max_hp_loss":0.0,"gold_gain":0.0,"event_name":"yidonshenshe","player_choice":"带走神社","floor":4.0,"gold_loss":0.0,"damage_taken":0.0,"relics_obtained":["YidongShenshe:ReiMu"],"cards_obtained":["Poor:ReiMu"]},{"cards_removed":["Poor:ReiMu"],"damage_healed":0.0,"max_hp_gain":0.0,"max_hp_loss":0.0,"gold_gain":0.0,"event_name":"The Cleric","player_choice":"Card Removal","floor":5.0,"gold_loss":0.0,"damage_taken":0.0},{"damage_healed":0.0,"max_hp_gain":0.0,"max_hp_loss":0.0,"gold_gain":0.0,"event_name":"OrinTheCat","player_choice":"Fight","floor":43.0,"gold_loss":0.0,"damage_taken":0.0}],"is_beta":false,"boss_relics":[{"not_picked":["SacredBark","Cursed Key"],"picked":"bronze:MakeshiftBattery"},{"not_picked":["Empty Cage","RedLine:ReiMu"],"picked":"champ:ChampionCrownUpgraded"}],"items_purged_floors":[8,26,26],"is_endless":false,"potions_floor_spawned":[9,11,16,20,28,30,32,42,45,46,47],"killed_by":"DF_ARCHETYPE_ORBS","ascension_level":0}}