{"host":"m6aaltr68g9tvoay","time":1612928365,"event":{"mods":["AchievementEnabler","BaseMod","Colored Map","Downfall","Minty Spire (QoL Compilation)","Slay the Relics Exporter","StSLib"],"gold_per_floor":[99,119,136,136,6,22,22,22,22,55,72,84,84,100,118,215,215,115,127,127,127,127,12,36,48,48,48,48,61,74,91,107,107,107,107],"floor_reached":33,"language":"ENG","playtime":2867,"items_purged":["Shame","bronze:Strike"],"score":544,"play_id":"9aa6a1d3-35cc-4a48-af3c-769705d5462e","local_time":"20210209193925","is_ascension_mode":true,"campfire_choices":[{"floor":1,"key":"RECALL"},{"data":"bronze:FindAndReplace","floor":9,"key":"SMITH"},{"data":"bronze:Iterate","floor":13,"key":"SMITH"},{"data":"bronze:ThunderWave","floor":18,"key":"SMITH"},{"data":"bronze:BronzeOrb","floor":26,"key":"SMITH"},{"data":"bronze:Repair","floor":28,"key":"SMITH"}],"circlet_count":0,"master_deck":["AscendersBane","bronze:Strike","bronze:Strike","bronze:Strike","bronze:Defend","bronze:Defend","bronze:Defend","bronze:Defend","bronze:Replicate","bronze:Goto","bronze:BronzeOrb+1","bronze:Branch","bronze:FindAndReplace+1","bronze:Turbo","bronze:Optimize","bronze:Repair+1","bronze:WhirlingStrike","Parasite","bronze:Frontload","bronze:Iterate+1","bronze:FollowUp","bronze:OilSpill","bronze:Boost","bronze:ThunderWave+1","J.A.X.","bronze:InfiniteBeams+1","bronze:Flail+1"],"relics":["bronze:BronzeCore","Prayer Wheel","Bottled Tornado","StrikeDummy","Busted Crown","downfall:HeartBlessingRed","Guardian:PocketSentry","MealTicket"],"acts_visited":["Exordium","TheCity"],"potions_floor_usage":[14,16,19,33,33],"damage_taken":[{"damage":8,"enemies":"2 Louse","floor":2,"turns":4},{"damage":5,"enemies":"Jaw Worm","floor":3,"turns":5},{"damage":0,"enemies":"downfall:FleeingMerchant","floor":5,"turns":4},{"damage":0,"enemies":"Small Slimes","floor":6,"turns":4},{"damage":14,"enemies":"Gremlin Nob","floor":10,"turns":4},{"damage":2,"enemies":"Blue Slaver","floor":11,"turns":4},{"damage":8,"enemies":"3 Louse","floor":12,"turns":3},{"damage":15,"enemies":"Gremlin Gang","floor":14,"turns":5},{"damage":0,"enemies":"Blue Slaver","floor":15,"turns":2},{"damage":25,"enemies":"SI_SHIV_ARCHETYPE","floor":16,"turns":7},{"damage":2,"enemies":"Shell Parasite","floor":19,"turns":4},{"damage":2,"enemies":"downfall:FleeingMerchant","floor":23,"turns":4},{"damage":3,"enemies":"Spheric Guardian","floor":25,"turns":3},{"damage":6,"enemies":"Centurion and Healer","floor":29,"turns":2},{"damage":3,"enemies":"3 Cultists","floor":30,"turns":3},{"damage":3,"enemies":"Snake Plant","floor":31,"turns":3},{"damage":4,"enemies":"Chosen and Byrds","floor":32,"turns":3}],"seed_played":"2496828573778768326","potions_obtained":[{"floor":6,"key":"bronze:FreeFunctionsPotion"},{"floor":10,"key":"Block Potion"},{"floor":15,"key":"bronze:BurnAndBuffPotion"},{"floor":16,"key":"Block Potion"},{"floor":29,"key":"Weak Potion"}],"is_trial":false,"path_per_floor":["R","M","M","?","$","M","T","?","R","E","M","M","R","M","M","B",null,"R","M","?","?","?","$","T","M","R","?","R","M","M","M","M","B"],"character_chosen":"THE_AUTOMATON","items_purchased":["bronze:Repair"],"campfire_rested":0,"item_purchase_floors":[5],"current_hp_per_floor":[63,55,50,50,50,57,57,70,70,56,64,66,66,61,61,45,64,64,68,68,68,68,70,70,67,67,67,67,61,67,70,66,0,0,0],"gold":107,"neow_bonus":"ONE_RARE_RELIC","is_daily":false,"chose_seed":false,"campfire_upgraded":5,"win_rate":0.0,"timestamp":1612928365,"path_taken":["R","M","M","?","$","M","T","?","R","E","M","M","R","M","M","BOSS","R","M","?","?","?","$","T","?","R","?","R","M","M","M","M","BOSS"],"items_purchased_type":["Card"],"build_version":"2020-12-22","purchased_purges":2,"victory":false,"max_hp_per_floor":[70,70,70,70,70,70,70,70,70,70,70,70,70,70,70,70,70,70,70,70,70,70,70,70,70,70,70,70,70,70,70,70,70,70,70],"card_choices":[{"not_picked":["bronze:Separator","bronze:ChildClass"],"picked":"bronze:BronzeOrb","floor":2},{"not_picked":["bronze:CloningBeam","bronze:Constructor"],"picked":"bronze:Branch","floor":2},{"not_picked":["bronze:FineTuning","bronze:Overheat"],"picked":"bronze:FindAndReplace","floor":3},{"not_picked":["bronze:Terminator","bronze:Invalidate"],"picked":"bronze:Turbo","floor":3},{"not_picked":["bronze:DelayedGuard","bronze:BitShift"],"picked":"bronze:Optimize","floor":5},{"not_picked":["bronze:DelayedGuard","bronze:Optimize"],"picked":"bronze:WhirlingStrike","floor":6},{"not_picked":["bronze:ThunderWave","bronze:CutThrough","bronze:GetLatest"],"picked":"SKIP","floor":6},{"not_picked":["bronze:Turbo","bronze:CloningBeam"],"picked":"bronze:Frontload","floor":10},{"not_picked":["bronze:Branch","bronze:Shield"],"picked":"bronze:Iterate","floor":11},{"not_picked":["bronze:DelayedGuard","bronze:Overload","bronze:MaxOutput"],"picked":"SKIP","floor":11},{"not_picked":["bronze:BugBarrage","bronze:DelayedSlice"],"picked":"bronze:FollowUp","floor":12},{"not_picked":["bronze:Branch","bronze:Separator","bronze:Overheat"],"picked":"SKIP","floor":12},{"not_picked":["bronze:DarkDash","bronze:BronzeOrb"],"picked":"bronze:OilSpill","floor":14},{"not_picked":["bronze:Constructor","bronze:CutThrough","bronze:Terminator"],"picked":"SKIP","floor":14},{"not_picked":["bronze:FollowUp","bronze:WildBeam"],"picked":"bronze:Boost","floor":15},{"not_picked":["bronze:Repulsor","bronze:Overheat","bronze:CloningBeam"],"picked":"SKIP","floor":15},{"not_picked":["bronze:Hardcode","bronze:BurnOut"],"picked":"bronze:ThunderWave","floor":16},{"not_picked":["bronze:ForLoop+1"],"picked":"SKIP","floor":19},{"not_picked":["bronze:Separator"],"picked":"SKIP","floor":19},{"not_picked":[],"picked":"bronze:InfiniteBeams+1","floor":23},{"not_picked":[],"picked":"bronze:Flail+1","floor":25},{"not_picked":["bronze:DelayedGuard"],"picked":"SKIP","floor":25},{"not_picked":["bronze:Return"],"picked":"SKIP","floor":29},{"not_picked":["bronze:Deprecate"],"picked":"SKIP","floor":29},{"not_picked":["bronze:Constructor"],"picked":"SKIP","floor":30},{"not_picked":["bronze:Separator"],"picked":"SKIP","floor":30},{"not_picked":["bronze:InfiniteBeams"],"picked":"SKIP","floor":31},{"not_picked":["bronze:Frontload"],"picked":"SKIP","floor":31},{"not_picked":["bronze:ClassDefault+1"],"picked":"SKIP","floor":32},{"not_picked":["bronze:DigitalCarnage"],"picked":"SKIP","floor":32}],"player_experience":1896016,"relics_obtained":[{"floor":7,"key":"Bottled Tornado"},{"floor":10,"key":"StrikeDummy"},{"floor":24,"key":"MealTicket"}],"event_choices":[{"damage_healed":17,"gold_gain":0,"player_choice":"Healed and dodged fight","damage_taken":0,"max_hp_gain":0,"max_hp_loss":0,"event_name":"Mushrooms","floor":8,"gold_loss":0,"cards_obtained":["Parasite"]},{"damage_healed":0,"gold_gain":0,"player_choice":"Obtain J.A.X.","damage_taken":0,"max_hp_gain":0,"max_hp_loss":0,"event_name":"Drug Dealer","floor":20,"gold_loss":0,"cards_obtained":["J.A.X."]},{"damage_healed":0,"gold_gain":0,"player_choice":"Stole Relic","damage_taken":0,"relics_obtained":["Guardian:PocketSentry"],"max_hp_gain":0,"max_hp_loss":0,"event_name":"Addict","floor":21,"gold_loss":0,"cards_obtained":["Pride"]}],"is_beta":false,"boss_relics":[{"not_picked":["Tiny House","Snecko Eye"],"picked":"Busted Crown"}],"items_purged_floors":[5,23],"is_endless":false,"potions_floor_spawned":[6,10,12,15,16,29,31,32],"killed_by":"IC_MUSHROOM_ARCHETYPE","ascension_level":11}}