{"host":"9eblolo89h1d1ypp","time":1612994603,"event":{"mods":["BaseMod","Downfall","Highlight Path","Minty Spire (QoL Compilation)","StSLib"],"gold_per_floor":[111,111,123,17,17,17,17,37,37,49,61,11,30,45,45,45,45],"floor_reached":16,"language":"FRA","playtime":526,"items_purged":[],"score":110,"play_id":"a4ea87b6-a3d9-48d4-b5eb-af52cd6af4b5","local_time":"20210210230323","is_ascension_mode":true,"campfire_choices":[{"data":"Eruption","floor":6,"key":"SMITH"},{"floor":15,"key":"REST"}],"circlet_count":0,"master_deck":["Strike_P","Strike_P","Strike_P","Defend_P","Defend_P","Defend_P","Eruption+1","Vigilance","Crescendo","Wish","ThirdEye","LikeWater","Vault","FlyingSleeves","Ragnarok","FlurryOfBlows","FearNoEvil","ClearTheMind"],"relics":["PureWater","NeowsBlessing","MawBank","Blood Vial"],"acts_visited":["Exordium"],"potions_floor_usage":[14,16,16],"damage_taken":[{"damage":0,"enemies":"Small Slimes","floor":1,"turns":1},{"damage":0,"enemies":"2 Louse","floor":8,"turns":2},{"damage":0,"enemies":"Cultist","floor":10,"turns":1},{"damage":5,"enemies":"Gremlin Gang","floor":11,"turns":5},{"damage":26,"enemies":"Exordium Thugs","floor":13,"turns":4},{"damage":20,"enemies":"Blue Slaver","floor":14,"turns":3},{"damage":42,"enemies":"Hexaghost","floor":16,"turns":6}],"seed_played":"-1316148441844489444","potions_obtained":[{"floor":1,"key":"SkillPotion"},{"floor":10,"key":"hexamod:SoulburnPotion"},{"floor":14,"key":"LiquidBronze"}],"is_trial":false,"path_per_floor":["M","?","?","$","?","R","$","M","T","M","M","$","M","M","R","B"],"character_chosen":"WATCHER","items_purchased":["ThirdEye","LikeWater","FlurryOfBlows"],"campfire_rested":1,"item_purchase_floors":[4,4,12],"current_hp_per_floor":[72,60,60,60,60,60,60,60,60,62,59,59,35,17,38,0,0],"gold":45,"neow_bonus":"THREE_ENEMY_KILL","is_daily":false,"chose_seed":false,"campfire_upgraded":1,"win_rate":0.0,"timestamp":1612994603,"path_taken":["M","?","?","$","?","R","$","M","T","?","?","?","M","M","R","BOSS"],"items_purchased_type":["Card","Card","Card"],"build_version":"2020-12-22","purchased_purges":0,"victory":false,"max_hp_per_floor":[72,72,72,72,72,72,72,72,72,72,72,72,72,72,72,72,72],"card_choices":[{"not_picked":["Collect","Swivel"],"picked":"Crescendo","floor":1},{"not_picked":["JustLucky","ThirdEye"],"picked":"FlyingSleeves","floor":8},{"not_picked":["Conclude","EmptyFist","LikeWater"],"picked":"SKIP","floor":10},{"not_picked":["Wallop","EmptyBody"],"picked":"Ragnarok","floor":11},{"not_picked":["DeceiveReality","EmptyBody"],"picked":"FearNoEvil","floor":13},{"not_picked":["InnerPeace","Crescendo"],"picked":"ClearTheMind","floor":14}],"player_experience":1558462,"relics_obtained":[{"floor":9,"key":"Blood Vial"}],"event_choices":[{"damage_healed":0,"gold_gain":0,"player_choice":"Success","damage_taken":12,"relics_obtained":["MawBank"],"max_hp_gain":0,"max_hp_loss":0,"event_name":"Scrap Ooze","floor":2,"gold_loss":0},{"damage_healed":0,"gold_gain":0,"cards_transformed":["Defend_P"],"player_choice":"Change","damage_taken":0,"max_hp_gain":0,"max_hp_loss":0,"event_name":"Living Wall","floor":3,"gold_loss":0,"cards_obtained":["Wish"]},{"damage_healed":0,"gold_gain":0,"cards_transformed":["Strike_P"],"player_choice":"Transformed","damage_taken":0,"max_hp_gain":0,"max_hp_loss":0,"event_name":"Transmorgrifier","floor":5,"gold_loss":0,"cards_obtained":["Vault"]}],"is_beta":false,"boss_relics":[],"items_purged_floors":[],"is_endless":false,"potions_floor_spawned":[1,10,14],"killed_by":"Hexaghost","ascension_level":4}}