{"host":"hnrafgucdht3qvsp","time":1612919304,"event":{"mods":["BaseMod","Bestiary","Colored Map","Downfall","Minty Spire (QoL Compilation)","Relic Stats","StSLib"],"gold_per_floor":[99,111,111,111,20,32,78,96,107,107,107,121,121,10,27,127,127,127,144,163,163,179,179,179,191,204,204,217,235,245,261,272,272,272,272],"floor_reached":33,"language":"ENG","playtime":2505,"items_purged":[],"score":247,"play_id":"826b6e8b-6cf5-48d9-ac6f-2652053638a3","local_time":"20210209200824","is_ascension_mode":false,"campfire_choices":[{"data":"bronze:Goto","floor":1.0,"key":"SMITH"},{"floor":10.0,"key":"REST"},{"floor":13.0,"key":"REST"},{"data":"bronze:ItsAFeature","floor":18,"key":"SMITH"},{"data":"bronze:BugBarrage","floor":23,"key":"SMITH"}],"circlet_count":0,"master_deck":["bronze:Strike","bronze:Strike","bronze:Defend","bronze:Defend","bronze:Defend","bronze:Defend","bronze:Replicate","bronze:Goto+1","bronze:BugBarrage+1","bronze:Spike","bronze:DazingPulse","bronze:Boost","bronze:BuggyMess","bronze:MaxOutput","bronze:BuggyMess","bronze:BugBarrage","bronze:ClassDefault","bronze:DarkDash","bronze:ItsAFeature+1","bronze:Branch","bronze:Turbo","bronze:Break","bronze:Turbo+1","bronze:Overload","bronze:Iterate","bronze:FollowUp+1","bronze:Branch+1","bronze:CloningBeam+1","bronze:Deprecate+1","bronze:FineTuning+1","bronze:BurnOut+1","bronze:MaxOutput"],"relics":["bronze:BronzeCore","Bag of Marbles","Philosopher\u0027s Stone","Molten Egg 2"],"acts_visited":["Exordium","TheCity"],"potions_floor_usage":[28,30,32,33,33],"damage_taken":[{"damage":2.0,"enemies":"2 Louse","floor":2.0,"turns":3.0},{"damage":67.0,"enemies":"2 Louse","floor":4.0,"turns":6.0},{"damage":0.0,"enemies":"downfall:FleeingMerchant","floor":5.0,"turns":4.0},{"damage":5.0,"enemies":"Small Slimes","floor":6.0,"turns":4.0},{"damage":0.0,"enemies":"Cultist","floor":8.0,"turns":2.0},{"damage":0.0,"enemies":"Lots of Slimes","floor":9.0,"turns":3.0},{"damage":20.0,"enemies":"Gremlin Gang","floor":12.0,"turns":5.0},{"damage":5.0,"enemies":"downfall:FleeingMerchant","floor":14.0,"turns":4.0},{"damage":7.0,"enemies":"Exordium Wildlife","floor":15.0,"turns":4.0},{"damage":19.0,"enemies":"IC_STATUS_ARCHETYPE","floor":16.0,"turns":7.0},{"damage":0,"enemies":"Shell Parasite","floor":19,"turns":3},{"damage":16,"enemies":"Snecko","floor":20,"turns":5},{"damage":3,"enemies":"Sentry and Sphere","floor":22,"turns":4},{"damage":8,"enemies":"Centurion and Healer","floor":25,"turns":4},{"damage":41,"enemies":"Snake Plant","floor":26,"turns":5},{"damage":8,"enemies":"Sentry and Sphere","floor":28,"turns":4},{"damage":0,"enemies":"Centurion and Healer","floor":29,"turns":6},{"damage":0,"enemies":"Cultist and Chosen","floor":30,"turns":4},{"damage":0,"enemies":"Chosen and Byrds","floor":31,"turns":4},{"damage":0,"enemies":"Snake Plant","floor":32,"turns":3},{"damage":8,"enemies":"SI_MIRROR_ARCHETYPE","floor":33,"turns":1}],"seed_played":"-1686695349304758220","potions_obtained":[{"floor":2.0,"key":"DuplicationPotion"},{"floor":6.0,"key":"champ:CounterPotion"},{"floor":8.0,"key":"SkillPotion"},{"floor":11.0,"key":"Regen Potion"},{"floor":16.0,"key":"Dexterity Potion"},{"floor":20,"key":"LiquidMemories"},{"floor":25,"key":"LiquidMemories"},{"floor":30,"key":"Explosive Potion"},{"floor":31,"key":"ColorlessPotion"}],"is_trial":false,"path_per_floor":["R","M","?","?","$","M","T","M","M","R","?","M","R","$","M","B",null,"R","M","M","?","M","R","T","M","M","?","M","M","M","M","M","B"],"character_chosen":"THE_AUTOMATON","items_purchased":["bronze:MaxOutput","bronze:ItsAFeature","bronze:Branch"],"campfire_rested":2,"item_purchase_floors":[5,14,14],"current_hp_per_floor":[77,75,75,8,8,3,3,3,3,26,26,6,29,24,17,3,77,77,77,61,61,58,58,58,50,9,9,1,1,1,1,1,0,0,0],"gold":272,"neow_bonus":"TEN_PERCENT_HP_BONUS","is_daily":false,"chose_seed":false,"campfire_upgraded":3,"win_rate":0.0,"timestamp":1612919304,"path_taken":["R","M","?","?","$","M","T","M","M","R","?","M","R","$","M","BOSS","R","M","M","?","?","R","T","M","?","?","M","M","?","M","M","BOSS"],"items_purchased_type":["Card","Card","Card"],"build_version":"2020-12-22","purchased_purges":0,"victory":false,"max_hp_per_floor":[77,77,77,77,77,77,77,77,77,77,77,77,77,77,77,77,77,77,77,77,77,77,77,77,77,77,77,77,77,77,77,77,77,77,77],"relic_stats":{"counters":[21,85],"obtain_stats":[{"bronze:BronzeCore":0,"Philosopher\u0027s Stone":17,"Molten Egg 2":24,"Bag of Marbles":7},{"bronze:BronzeCore":0,"Philosopher\u0027s Stone":10,"Molten Egg 2":13,"Bag of Marbles":4},{"bronze:BronzeCore":0,"Philosopher\u0027s Stone":42,"Molten Egg 2":54,"Bag of Marbles":17}]},"card_choices":[{"not_picked":["bronze:Philosophize","bronze:Backtrace"],"picked":"bronze:BugBarrage","floor":2.0},{"not_picked":[],"picked":"bronze:Spike","floor":4.0},{"not_picked":[],"picked":"bronze:DazingPulse","floor":4.0},{"not_picked":["bronze:Fortify","bronze:Turbo"],"picked":"bronze:Boost","floor":4.0},{"not_picked":["bronze:WhirlingStrike","bronze:ThunderWave"],"picked":"bronze:BuggyMess","floor":5.0},{"not_picked":["bronze:ChildClass","bronze:NullPointer"],"picked":"bronze:BuggyMess","floor":6.0},{"not_picked":["bronze:WhirlingStrike","bronze:OilSpill"],"picked":"bronze:BugBarrage","floor":8.0},{"not_picked":["bronze:Repulsor","bronze:Overheat","bronze:Backtrace"],"picked":"SKIP","floor":9.0},{"not_picked":["bronze:WildBeam","bronze:Turbo"],"picked":"bronze:ClassDefault","floor":12.0},{"not_picked":["bronze:WildBeam","bronze:ChildClass"],"picked":"bronze:DarkDash","floor":14.0},{"not_picked":["bronze:CleanCode","bronze:DelayedSlice"],"picked":"bronze:Turbo","floor":15.0},{"not_picked":["bronze:CleanCode","bronze:HyperBeam"],"picked":"bronze:Break","floor":16.0},{"not_picked":["bronze:Frontload","bronze:Philosophize"],"picked":"bronze:Turbo+1","floor":19},{"not_picked":["bronze:Iterate","bronze:Philosophize"],"picked":"bronze:Overload","floor":20},{"not_picked":["bronze:Return","bronze:Optimize"],"picked":"bronze:Iterate","floor":22},{"not_picked":["bronze:GetLatest","bronze:SpaghettiCode"],"picked":"bronze:FollowUp+1","floor":25},{"not_picked":["bronze:Backtrace+1","bronze:Optimize+1"],"picked":"bronze:Branch+1","floor":26},{"not_picked":["bronze:Shield","bronze:Shell"],"picked":"bronze:CloningBeam+1","floor":28},{"not_picked":["bronze:ChildClass","bronze:Return"],"picked":"bronze:Deprecate+1","floor":29},{"not_picked":["bronze:ChildClass","bronze:Optimize+1"],"picked":"bronze:FineTuning+1","floor":30},{"not_picked":["bronze:WhirlingStrike+1","bronze:Frontload"],"picked":"bronze:BurnOut+1","floor":31},{"not_picked":["bronze:NullPointer+1","bronze:OilSpill+1"],"picked":"bronze:MaxOutput","floor":32}],"player_experience":632699,"relics_obtained":[{"floor":7.0,"key":"Bag of Marbles"},{"floor":24,"key":"Molten Egg 2"}],"event_choices":[{"damage_healed":0.0,"max_hp_gain":0.0,"max_hp_loss":0.0,"gold_gain":0.0,"event_name":"Lab","player_choice":"Got Potions","floor":11.0,"gold_loss":0.0,"damage_taken":0.0}],"is_beta":false,"boss_relics":[{"not_picked":["Pandora\u0027s Box","Calling Bell"],"picked":"Philosopher\u0027s Stone"}],"items_purged_floors":[],"is_endless":false,"potions_floor_spawned":[2,6,8,15,16,20,25,30,31],"killed_by":"SI_MIRROR_ARCHETYPE","ascension_level":0}}