{"host":"w4b7hmige5bnqipq","time":1612920415,"event":{"mods":["2.2 Compatiblity","BaseMod","Colored Map","DeckTracker","Keyboard Shortcuts","Minty Spire (QoL Compilation)","Permanent Neow","Rare Cards Sparkle","SuperFastMode","everything is the same but u backflip on backflip","slay the spire mod where everything is the same but ironclad has a cowboy hat"],"gold_per_floor":[363,376,391,391,133,133,161,183,245,257,169,169,195,120,120,197,197,216,49,49,49,49,49,59,59,59],"floor_reached":25,"language":"KOR","playtime":526,"items_purged":["Strike_B","Strike_B"],"score":373,"play_id":"c386132b-2c4e-4923-808a-263ad907729f","local_time":"20210210102655","is_ascension_mode":true,"campfire_choices":[{"data":"Defragment","floor":6,"key":"SMITH"},{"data":"White Noise","floor":10,"key":"SMITH"},{"floor":12,"key":"REST"},{"data":"Go for the Eyes","floor":15,"key":"SMITH"},{"data":"Zap","floor":23,"key":"SMITH"}],"circlet_count":0,"master_deck":["AscendersBane","Defend_B","Defend_B","Defend_B","Zap+1","Dualcast","Cold Snap","Defragment+1","White Noise+1","Go for the Eyes+1","Doom and Gloom","Conserve Battery","Core Surge","Compile Driver","Writhe","Consume","Undo"],"relics":["Cracked Core","Mummified Hand","MealTicket","MawBank","Tiny Chest","Bottled Flame","Black Star","OrangePellets","Lantern","Frozen Egg 2"],"acts_visited":["Exordium","TheCity"],"potions_floor_usage":[7,13],"damage_taken":[{"damage":5,"enemies":"Cultist","floor":1,"turns":4},{"damage":5,"enemies":"Jaw Worm","floor":2,"turns":2},{"damage":5,"enemies":"2 Louse","floor":3,"turns":2},{"damage":13,"enemies":"3 Sentries","floor":7,"turns":6},{"damage":3,"enemies":"Exordium Wildlife","floor":8,"turns":3},{"damage":11,"enemies":"Gremlin Nob","floor":13,"turns":3},{"damage":2,"enemies":"Hexaghost","floor":16,"turns":8},{"damage":31,"enemies":"2 Thieves","floor":18,"turns":4},{"damage":8,"enemies":"Chosen","floor":24,"turns":4},{"damage":34,"enemies":"Slavers","floor":25,"turns":2}],"seed_played":"-2909782487767139105","potions_obtained":[{"floor":1,"key":"Swift Potion"},{"floor":2,"key":"FearPotion"}],"is_trial":false,"path_per_floor":["M","M","M","?","$","R","E","M","T","R","$","R","E","?","R","B",null,"M","$","?","?","T","R","M","E"],"character_chosen":"DEFECT","items_purchased":["MealTicket","Go for the Eyes","OrangePellets"],"campfire_rested":1,"item_purchase_floors":[5,5,19],"current_hp_per_floor":[59,54,49,31,31,31,18,15,15,15,30,49,38,38,38,36,57,26,41,41,41,41,41,33,0,0],"gold":59,"neow_bonus":"TWO_FIFTY_GOLD","is_daily":false,"chose_seed":false,"campfire_upgraded":4,"win_rate":0.0,"timestamp":1612920415,"path_taken":["M","M","?","?","$","R","E","M","T","R","$","R","E","?","R","BOSS","M","$","?","?","?","R","?","E"],"items_purchased_type":["Relic","Card","Relic"],"build_version":"2020-12-22","purchased_purges":2,"victory":false,"max_hp_per_floor":[64,64,64,64,64,64,64,64,64,64,64,64,64,64,64,64,64,64,64,64,64,64,64,64,64,64],"card_choices":[{"not_picked":["Heatsinks","Leap"],"picked":"Cold Snap","floor":1},{"not_picked":["Consume","Stack"],"picked":"Defragment","floor":2},{"not_picked":["Turbo","Sweeping Beam"],"picked":"White Noise","floor":3},{"not_picked":["Turbo","Barrage"],"picked":"Doom and Gloom","floor":7},{"not_picked":["Cold Snap","Stack"],"picked":"Conserve Battery","floor":8},{"not_picked":["Rainbow","Conserve Battery","Force Field"],"picked":"SKIP","floor":13},{"not_picked":["Fission","Electrodynamics"],"picked":"Core Surge","floor":16},{"not_picked":["Steam","Static Discharge"],"picked":"Compile Driver","floor":18},{"not_picked":["Go for the Eyes","Barrage","Conserve Battery"],"picked":"SKIP","floor":24}],"player_experience":729274,"relics_obtained":[{"floor":7,"key":"MawBank"},{"floor":9,"key":"Tiny Chest"},{"floor":13,"key":"Bottled Flame"},{"floor":22,"key":"Frozen Egg 2"}],"event_choices":[{"damage_healed":0,"gold_gain":0,"player_choice":"Success","damage_taken":18,"relics_obtained":["Mummified Hand"],"max_hp_gain":0,"max_hp_loss":0,"event_name":"Scrap Ooze","floor":4,"gold_loss":0},{"cards_removed":["Strike_B"],"damage_healed":0,"gold_gain":0,"player_choice":"Card Removal","damage_taken":0,"max_hp_gain":0,"max_hp_loss":0,"event_name":"The Cleric","floor":14,"gold_loss":75},{"damage_healed":0,"gold_gain":0,"player_choice":"Opened","damage_taken":0,"relics_obtained":["Lantern"],"max_hp_gain":0,"max_hp_loss":0,"event_name":"The Mausoleum","floor":20,"gold_loss":0,"cards_obtained":["Writhe"]},{"damage_healed":0,"gold_gain":0,"cards_transformed":["Strike_B","Defend_B"],"player_choice":"Became Test Subject","damage_taken":0,"max_hp_gain":0,"max_hp_loss":0,"event_name":"Drug Dealer","floor":21,"gold_loss":0,"cards_obtained":["Consume","Undo"]}],"is_beta":false,"boss_relics":[{"not_picked":["Nuclear Battery","Fusion Hammer"],"picked":"Black Star"}],"items_purged_floors":[5,11],"is_endless":false,"potions_floor_spawned":[1,2,3],"killed_by":"Slavers","ascension_level":16}}