{"host":"zjc1tzo4ovig5lll","time":1612974137,"event":{"mods":["AchievementEnabler","Aspiration","BaseMod","Beaked The Cultist","Better Altar","Better Match","Better Note","Better Sensory Stone","Colored Map","Colored Powertips","Conspire","Energized Spire","Friendly Minions","GifTheSpireLib","Halation","Hermit","Hubris","Minty Spire (QoL Compilation)","Rare Cards Sparkle","Reliquary","Replay The Spire","StSLib","The Blue Laboratory","The Bug Knight","The Construct","The Jungle","everything is the same but u backflip on backflip"],"gold_per_floor":[113,39,39,39,52,52,64,74,74,74,101,142,169,181,181,181,181],"floor_reached":16,"language":"ENG","playtime":844,"items_purged":[],"score":132,"play_id":"740abd65-b0db-40f8-8220-216f542b8015","local_time":"20210210182217","is_ascension_mode":true,"campfire_choices":[{"data":"hermit:Quickdraw","floor":6.0,"key":"SMITH"},{"data":"hermit:Adapt","floor":10.0,"key":"SMITH"},{"floor":15.0,"key":"REST"}],"circlet_count":0,"master_deck":["hermit:Strike_Hermit","hermit:Strike_Hermit","hermit:Strike_Hermit","hermit:Strike_Hermit","hermit:Defend_Hermit","hermit:Defend_Hermit","hermit:Defend_Hermit","hermit:Defend_Hermit","hermit:Snapshot","hermit:Covet","hermit:Quickdraw+1","hermit:Brawl","hermit:Adapt+1","construct:ReactiveShield","hermit:Quickdraw","ReplayTheSpireMod:Splinters","hermit:BodyArmor"],"relics":["hubris:Backtick","Prayer Wheel","hubris:DisguiseKit","Nunchaku","halation:VictoryRuler","halation:SelfBoilingWater"],"acts_visited":["Exordium"],"potions_floor_usage":[16],"damage_taken":[{"damage":3.0,"enemies":"conspire:RoseBush","floor":1.0,"turns":3.0},{"damage":4.0,"enemies":"Jaw Worm","floor":5.0,"turns":5.0},{"damage":0.0,"enemies":"Cultist","floor":7.0,"turns":3.0},{"damage":15.0,"enemies":"2 Fungi Beasts","floor":8.0,"turns":5.0},{"damage":15.0,"enemies":"3 Sentries","floor":11.0,"turns":10.0},{"damage":23.0,"enemies":"Gremlin Nob","floor":13.0,"turns":5.0},{"damage":4.0,"enemies":"Blue Slaver","floor":14.0,"turns":5.0},{"damage":39,"enemies":"Fading Forest","floor":16,"turns":7}],"seed_played":"-4432094187893426816","potions_obtained":[{"floor":1.0,"key":"blueLaboratory:BottledHope"},{"floor":13.0,"key":"Weak Potion"}],"is_trial":false,"path_per_floor":["M","$","?","T","M","R","M","M","T","R","E","?","E","M","R","B"],"character_chosen":"HERMIT","items_purchased":["hermit:Brawl"],"campfire_rested":1,"item_purchase_floors":[2],"current_hp_per_floor":[72,72,72,72,68,68,68,53,53,53,38,38,15,11,33,0,0],"gold":181,"neow_bonus":"BOSS_RELIC","is_daily":false,"chose_seed":false,"campfire_upgraded":2,"win_rate":0.0,"timestamp":1612974137,"path_taken":["M","$","?","?","?","R","M","M","T","R","E","?","E","?","R","BOSS"],"items_purchased_type":["Card"],"build_version":"2020-12-22","purchased_purges":0,"victory":false,"max_hp_per_floor":[75,75,75,75,75,75,75,75,75,75,75,75,75,75,75,75,75],"card_choices":[{"not_picked":["hermit:BodyArmor","hermit:Vantage"],"picked":"hermit:Quickdraw","floor":1.0},{"not_picked":["hermit:Showdown","hermit:Coalescence","hermit:CalledShot"],"picked":"SKIP","floor":1.0},{"not_picked":["hermit:Manifest","hermit:CalledShot","construct:SaveState"],"picked":"hermit:Adapt","floor":5.0},{"not_picked":["hermit:CalledShot","hermit:Ricochet","hermit:TakeAim","construct:ModeShift"],"picked":"SKIP","floor":5.0},{"not_picked":["hermit:Manifest","hermit:Quickdraw","hermit:ItchyTrigger"],"picked":"construct:ReactiveShield","floor":7.0},{"not_picked":["hermit:HoleUp","hermit:HighCaliber","hermit:CursedWeapon","construct:Forcefield"],"picked":"SKIP","floor":7.0},{"not_picked":["hermit:TakeAim","hermit:CursedWeapon","construct:Tumble"],"picked":"hermit:Quickdraw","floor":8.0},{"not_picked":["hermit:BodyArmor","hermit:Roughhouse","hermit:DeadMansHand","construct:Stasis"],"picked":"SKIP","floor":8.0},{"not_picked":["hermit:SprayPray","hermit:ItchyTrigger","hermit:CalledShot","construct:Accumulate"],"picked":"SKIP","floor":11.0},{"not_picked":["hermit:WideOpen","hermit:Grudge","construct:ClusterMines"],"picked":"hermit:BodyArmor","floor":12.0},{"not_picked":["hermit:CalledShot","hermit:Horror","hermit:Showdown","construct:GoldenBullet"],"picked":"SKIP","floor":13.0},{"not_picked":["hermit:SprayPray","hermit:FullyLoaded","hermit:Ricochet","construct:HeavyBolt"],"picked":"SKIP","floor":14.0},{"not_picked":["hermit:Midnight","hermit:Brawl","hermit:HoleUp","construct:Failsafe"],"picked":"SKIP","floor":14.0}],"player_experience":714512,"relics_obtained":[{"floor":4.0,"key":"hubris:DisguiseKit"},{"floor":11.0,"key":"Nunchaku"},{"floor":12.0,"key":"halation:VictoryRuler"},{"floor":13.0,"key":"halation:SelfBoilingWater"}],"event_choices":[{"damage_healed":0.0,"max_hp_gain":0.0,"max_hp_loss":0.0,"gold_gain":0.0,"event_name":"conspire:Investor","player_choice":"Leave","floor":3.0,"gold_loss":0.0,"damage_taken":0.0}],"is_beta":false,"boss_relics":[],"items_purged_floors":[],"is_endless":false,"potions_floor_spawned":[1,7,13],"killed_by":"Fading Forest","ascension_level":4}}