{"host":"3twtdwjpiqhvvn5s","time":1612986402,"event":{"mods":["AchievementEnabler","Act Like it!","Aspiration","BaseMod","BetterRewards","Colored Map","Colored Powertips","Downfall","Duelist Mod","Friendly Minions","GifTheSpireLib","Hermit","Hubris","Infinite Spire","Jorbs\u0027s Wanderer Trilogy","Koishi","KomeijiMod","Marisa????????","Minty Spire (QoL Compilation)","Quick Restart","Rare Cards Sparkle","Replay The Spire","Shop Mod","StSLib","Td1madao Mod","The Administrix","The Animator","The Bug Knight","The Caster","The Cursed","The Disciple","The Hierophant","The Necromancer","The Poker Player","The Runesmith","The Servant 0.9.4"],"gold_per_floor":[143,157,170,181,195,224,224,241,241,255,267,278,303,316,316,413,413,423,437,473,501,538,538,575,611,611,656,679,679,728,758,758,758,758],"floor_reached":33,"language":"ENG","playtime":30262,"items_purged":["theDuelist:Sparks"],"score":538,"play_id":"962a5f89-4c1e-48df-9806-e268b8928dae","local_time":"20210210134641","daily_mods":["Vintage","Binary"],"is_ascension_mode":false,"campfire_choices":[{"data":"theDuelist:ArmedDragon10","floor":23,"key":"SMITH"}],"circlet_count":0,"master_deck":["theDuelist:GiantSoldier","theDuelist:GiantSoldier","theDuelist:GhostrickSocuteboss","theDuelist:AncientGearBox","theDuelist:VampireLady","theDuelist:BeaverWarrior","theDuelist:Freezadon","theDuelist:GhostrickSocuteboss","theDuelist:BeaverWarrior","theDuelist:DreadnoughtDreadnoid","theDuelist:RainbowKuriboh","theDuelist:ScrapFactory","theDuelist:Zombyra","theDuelist:CastleWalls","theDuelist:FinalFlame","theDuelist:ArmedDragon10+1","theDuelist:EvilswarmHeliotrope","theDuelist:Sparks","theDuelist:SkullFlame","theDuelist:VampireFraulein","theDuelist:GishkiReliever","theDuelist:MaleficRainbowDragon","theDuelist:Suanni","theDuelist:GhostrickAlucard","theDuelist:BlackBrachios","theDuelist:VendreadBattlelord","theDuelist:GishkiEmilia","theDuelist:NaturiaGaiastrio","theDuelist:BlackStego","theDuelist:SwampFrog","theDuelist:GraydleSlime","theDuelist:SuperheavySoulbeads","theDuelist:FieldMetronome"],"relics":["theDuelist:MillenniumPuzzle","theDuelist:CardPoolRelic","theDuelist:CardPoolBasicRelic","theDuelist:BoosterPackPoolRelic","theDuelist:CardPoolAddRelic","theDuelist:CardPoolMinusRelic","theDuelist:CardPoolSaveRelic","theDuelist:CardPoolOptionsRelic","theDuelist:TributeEggRelic","Gremlin Horn","sneckomod:BlankCard","Mummified Hand","aspiration:ArtOfWarUpgrade","Ginger","Guardian:PocketSentry","theDuelist:YugiMirror","Replay:Accelerometer","Thread and Needle","HoshigumaDish","Iron Hammer","hubris:TinFlute","theDuelist:HauntedRelic","aspiration:ChemicalBlood","hubris:TenFootPole","theDuelist:KaibaToken","infinitespire:FocusingShard","hubris:BallOfYels","Replay:Mystery Machine","Vajra","aspiration:HummingbirdHeart","infinitespire:Broken Mirror","Tiny Chest","Painkiller Herb","theDuelist:FlowToken","Boot","Chameleon Ring"],"acts_visited":["Exordium","TheCity"],"potions_floor_usage":[4,5,12,12,13,16,27,31,31,33,33],"damage_taken":[{"damage":0,"enemies":"Cultist","floor":1,"turns":4},{"damage":0,"enemies":"2 Louse","floor":2,"turns":3},{"damage":0,"enemies":"Jaw Worm","floor":3,"turns":3},{"damage":0,"enemies":"3 Louse","floor":4,"turns":5},{"damage":0,"enemies":"Large Slime","floor":5,"turns":5},{"damage":0,"enemies":"Lagavulin","floor":6,"turns":2},{"damage":0,"enemies":"Looter","floor":8,"turns":2},{"damage":0,"enemies":"Exordium Thugs","floor":10,"turns":2},{"damage":0,"enemies":"Large Slime","floor":11,"turns":5},{"damage":0,"enemies":"Red Slaver","floor":12,"turns":2},{"damage":0,"enemies":"Gremlin Nob","floor":13,"turns":4},{"damage":0,"enemies":"Gremlin Gang","floor":14,"turns":2},{"damage":0,"enemies":"The Guardian","floor":16,"turns":9},{"damage":0,"enemies":"3 Byrds","floor":18,"turns":4},{"damage":0,"enemies":"Spheric Guardian","floor":19,"turns":2},{"damage":0,"enemies":"Centurion and Healer","floor":20,"turns":3},{"damage":0,"enemies":"Sentry and Sphere","floor":21,"turns":1},{"damage":0,"enemies":"3 Cultists","floor":22,"turns":5},{"damage":0,"enemies":"Centurion and Healer","floor":24,"turns":7},{"damage":0,"enemies":"Snake Plant","floor":25,"turns":1},{"damage":0,"enemies":"Gremlin Leader","floor":27,"turns":2},{"damage":1,"enemies":"3 Cultists","floor":28,"turns":2},{"damage":0,"enemies":"Nightmare","floor":30,"turns":1},{"damage":0,"enemies":"Snecko","floor":31,"turns":3},{"damage":82,"enemies":"Champ","floor":33,"turns":7}],"seed_played":"8851958840776235278","potions_obtained":[{"floor":3,"key":"Venom Potion"},{"floor":4,"key":"theDuelist:BigTributeBottle"},{"floor":5,"key":"LiquidMemories"},{"floor":8,"key":"ExcitationPotion"},{"floor":10,"key":"theDuelist:LavaBottle"},{"floor":12,"key":"BlessingOfTheForge"},{"floor":24,"key":"SteroidPotion"},{"floor":25,"key":"BlessingOfTheForge"},{"floor":27,"key":"LiquidMemories"},{"floor":28,"key":"theDuelist:BottledKuriboh"},{"floor":30,"key":"Cursed Concoction"},{"floor":31,"key":"SkillPotion"}],"is_trial":true,"path_per_floor":["M","M","M","M","M","E","R","M","T","M","M","M","E","M","R","B",null,"M","M","M","M","M","R","M","M","T","E","M","AVR","NM","?","R_BF","B"],"character_chosen":"THE_DUELIST","items_purchased":[],"campfire_rested":0,"item_purchase_floors":[],"current_hp_per_floor":[80,80,80,80,80,80,80,80,80,80,80,80,80,80,80,80,80,80,80,80,80,80,80,80,80,80,80,79,79,79,79,79,0,0],"gold":758,"neow_bonus":"","is_daily":false,"chose_seed":false,"campfire_upgraded":1,"win_rate":0.0,"timestamp":1612986401,"path_taken":["M","M","M","M","M","E","R","M","T","M","M","M","E","M","R","BOSS","M","M","M","M","M","R","M","M","T","E","M","AVR","NM","?","R_BF","BOSS"],"items_purchased_type":[],"build_version":"2020-12-22","purchased_purges":1,"victory":false,"max_hp_per_floor":[80,80,80,80,80,80,80,80,80,80,80,80,80,80,80,80,80,80,80,80,80,80,80,80,80,80,80,80,80,80,80,80,80,80],"card_choices":[{"not_picked":["theDuelist:GishkiZielgigas","theDuelist:Fissure"],"picked":"theDuelist:ArmedDragon10","floor":1},{"not_picked":["theDuelist:TwinHeadedWolf","theDuelist:BattleFusion","theDuelist:GhostrickJiangshi","theDuelist:SpiderWeb"],"picked":"theDuelist:RainbowKuriboh","floor":2},{"not_picked":["theDuelist:BlackVeloci","theDuelist:BlackTyranno","theDuelist:VeilDarkness","theDuelist:DarkHorus"],"picked":"theDuelist:DreadnoughtDreadnoid","floor":3},{"not_picked":["theDuelist:VampireGrace","theDuelist:GhostrickYukiOnna","theDuelist:GhostrickGhoul","theDuelist:Tengu"],"picked":"theDuelist:VampireLady","floor":4},{"not_picked":["theDuelist:MammothGraveyard","theDuelist:SauropodBrachion","theDuelist:Frostosaurus","theDuelist:BlackTyranno"],"picked":"theDuelist:Freezadon","floor":5},{"not_picked":["theDuelist:GhostrickYukiOnna","theDuelist:GhostrickWitch","theDuelist:GhostrickGhoul","theDuelist:GhostrickDoll"],"picked":"theDuelist:GhostrickSocuteboss","floor":6},{"not_picked":["theDuelist:GhostrickMuseum"],"picked":"theDuelist:AncientGearBox","floor":6},{"not_picked":["theDuelist:BlueEyes","theDuelist:UltraEvolutionPill","theDuelist:RagingMadPlants","theDuelist:Mathematician"],"picked":"theDuelist:EvilswarmHeliotrope","floor":8},{"not_picked":["theDuelist:CyberValley","theDuelist:BiteBug","theDuelist:Deskbot004","theDuelist:SwampFrog"],"picked":"theDuelist:Zombyra","floor":10},{"not_picked":["theDuelist:DefenseZone","theDuelist:CoralDragon","theDuelist:SafeZone","theDuelist:VendreadRevenants"],"picked":"theDuelist:SkullFlame","floor":11},{"not_picked":["theDuelist:VendreadCore","theDuelist:YamataDragon","theDuelist:GeminiElf","theDuelist:CyberValley"],"picked":"theDuelist:VampireFraulein","floor":12},{"not_picked":["theDuelist:MirrorLadybug"],"picked":"theDuelist:GishkiReliever","floor":13},{"not_picked":["theDuelist:Hinotama","theDuelist:BigFire","theDuelist:BlockMetronome","theDuelist:IronCall","theDuelist:StampedingMetronome"],"picked":"SKIP","floor":13},{"not_picked":["theDuelist:SpellShatteringArrow","theDuelist:CoreBlaster","theDuelist:SkillMetronome","theDuelist:CyberMetronome","theDuelist:DeskbotMetronome"],"picked":"SKIP","floor":14},{"not_picked":["theDuelist:RainbowFlower","theDuelist:DunamesDarkWitch","theDuelist:RainbowDragon","theDuelist:KamionTimelord"],"picked":"theDuelist:MaleficRainbowDragon","floor":16},{"not_picked":["theDuelist:VendreadRevolution","theDuelist:ScrapIronScarecrow","theDuelist:DefenseDraw","theDuelist:OhFish","theDuelist:PowerWall"],"picked":"SKIP","floor":18},{"not_picked":["theDuelist:GhostrickMuseum","theDuelist:GraydleCombat+1","theDuelist:DefenseDraw","theDuelist:BugEmergency","theDuelist:TokenVacuum"],"picked":"SKIP","floor":19},{"not_picked":["theDuelist:BattleguardKing","theDuelist:DummyGolem","theDuelist:CocoonEvolution","theDuelist:NaturiaVein"],"picked":"theDuelist:Suanni","floor":20},{"not_picked":["theDuelist:VampireDuke","theDuelist:VampireGrace","theDuelist:GhostrickWitch","theDuelist:YukiOnnaIce"],"picked":"theDuelist:GhostrickAlucard","floor":21},{"not_picked":["theDuelist:BarrelDragon","theDuelist:TrihornedDragon+1","theDuelist:Kabazauls","theDuelist:CyberTwinDragon"],"picked":"theDuelist:BlackBrachios","floor":22},{"not_picked":["theDuelist:BlackBrutdrago","theDuelist:VampireDomination","theDuelist:Deskbot008","theDuelist:ArmageddonDragonEmp"],"picked":"theDuelist:VendreadBattlelord","floor":24},{"not_picked":["theDuelist:Unifrog+1","theDuelist:BirdRoses+1","theDuelist:BlackTyranno","theDuelist:FossilExcavation+1"],"picked":"theDuelist:GishkiEmilia","floor":25},{"not_picked":["theDuelist:GreenGraveOni"],"picked":"theDuelist:NaturiaGaiastrio","floor":27},{"not_picked":["Chrysalis","Dark Shackles","Enlightenment","Trip"],"picked":"SKIP","floor":27},{"not_picked":["theDuelist:Sabersaurus","theDuelist:Pyrorex","theDuelist:Beatraptor+1","theDuelist:RainbowOverdragon"],"picked":"theDuelist:BlackStego","floor":28},{"not_picked":["theDuelist:BlackStego","theDuelist:NaturiaHydrangea","theDuelist:CelticGuardian","theDuelist:LegendaryFlameLord"],"picked":"theDuelist:SwampFrog","floor":30},{"not_picked":["theDuelist:Bonecrusher+1"],"picked":"theDuelist:GraydleSlime","floor":30},{"not_picked":["theDuelist:BoulderTortoise","theDuelist:ShiranuiSmith","theDuelist:CannonballSpearShellfish+1","theDuelist:BattleOx"],"picked":"theDuelist:SuperheavySoulbeads","floor":31}],"player_experience":2884826,"relics_obtained":[{"floor":1,"key":"theDuelist:TributeEggRelic"},{"floor":2,"key":"Gremlin Horn"},{"floor":3,"key":"sneckomod:BlankCard"},{"floor":4,"key":"Mummified Hand"},{"floor":5,"key":"Art of War"},{"floor":6,"key":"Ginger"},{"floor":8,"key":"Guardian:PocketSentry"},{"floor":9,"key":"theDuelist:YugiMirror"},{"floor":10,"key":"Replay:Accelerometer"},{"floor":11,"key":"Thread and Needle"},{"floor":12,"key":"HoshigumaDish"},{"floor":13,"key":"Iron Hammer"},{"floor":14,"key":"hubris:TinFlute"},{"floor":18,"key":"aspiration:ChemicalBlood"},{"floor":19,"key":"hubris:TenFootPole"},{"floor":20,"key":"theDuelist:KaibaToken"},{"floor":21,"key":"infinitespire:FocusingShard"},{"floor":22,"key":"hubris:BallOfYels"},{"floor":24,"key":"Replay:Mystery Machine"},{"floor":25,"key":"Vajra"},{"floor":26,"key":"aspiration:HummingbirdHeart"},{"floor":27,"key":"infinitespire:Broken Mirror"},{"floor":28,"key":"Tiny Chest"},{"floor":30,"key":"Boot"},{"floor":31,"key":"Chameleon Ring"}],"event_choices":[],"is_beta":false,"boss_relics":[{"not_picked":["ReplayTheSpireMod:SealedPack","bronze:MakeshiftBattery"],"picked":"theDuelist:HauntedRelic"}],"items_purged_floors":[29],"is_endless":true,"potions_floor_spawned":[3,4,5,8,10,12,24,25,27,28,30,31],"killed_by":"Champ","ascension_level":0}}