{"host":"q57ekfojy3i00x9o","time":1612983645,"event":{"mods":["Act Like it!","Arknights","Aspiration","BaseMod","Colored Map","Energized Spire","Hermit","Minty Spire (QoL Compilation)","Quick Restart","Spicy Shops","Spikes Relics","StSLib","slay the spire mod where everything is the same but ironclad has a cowboy hat"],"gold_per_floor":[119,131,131,146,146,146,181,181,481,404,53,53,0,18,18,115,115,105,105,116,116,38,63,63,63,89,4,4,24,44,61,61,161,161,176,176,176,23,73,73,73,73],"floor_reached":41,"language":"RUS","playtime":1057,"items_purged":[],"score":547,"play_id":"f29061de-4dca-4830-9bea-60b14475f466","local_time":"20210211000045","is_ascension_mode":true,"campfire_choices":[{"data":"ats:Part Time Job","floor":6,"key":"SMITH"},{"floor":8,"key":"REST"},{"data":"ats:Nebulous Foxfire","floor":12,"key":"SMITH"},{"data":"ats:Overload","floor":15,"key":"SMITH"},{"data":"ats:Echo Reverb","floor":25,"key":"SMITH"},{"floor":32,"key":"REST"},{"data":"ats:Durian","floor":40,"key":"SMITH"}],"circlet_count":0,"master_deck":["ats:Strike C+1","ats:Strike G+1","ats:Strike S+1","ats:Strike V+1","ats:Armor Crushing Shot","ats:Defend+1","ats:Defend+1","ats:Defend+1","ats:Defend+1","ats:Emotion Absorption","ats:Shell Defense","ats:Explosion Area Strengthen+1","ats:Part Time Job+1","ats:Overload+1","ats:Nebulous Foxfire+1","ats:Part Time Job+1","ats:Closed Bolt Burst Fire","ats:Shadow Raid","ats:Calcification","ats:Closed Bolt Burst Fire","ats:Consecutive Shot Auto","ats:Overload","ats:Echo Reverb+1","ats:Leaping Hammer","ats:Red Shift","ats:Healing Drone","ats:Durian+1","ats:Counter Healing Mode","Jack Of All Trades","ats:Thorns+1","ats:Leaping Hammer+1","ats:Explosion Area Strengthen","ats:Poison Spread+1","ats:Charging Defense+1"],"relics":["ats:Sanity","NeowsBlessing","ats:Originium","Bag of Preparation","Old Coin","ats:Arts","DollysMirror","SpikesRelics:ToyHorsey","Regal Pillow","aspiration:Lifesprig","aspiration:HiddenCompartment","aspiration:RitualStick","Orrery","ats:Remnant Ash"],"acts_visited":["Exordium","TheCity","TheBeyond"],"potions_floor_usage":[16,30,33,33,33,39,39],"damage_taken":[{"damage":0,"enemies":"Cultist","floor":1,"turns":1},{"damage":0,"enemies":"Jaw Worm","floor":2,"turns":1},{"damage":0,"enemies":"2 Louse","floor":4,"turns":1},{"damage":36,"enemies":"Gremlin Nob","floor":7,"turns":5},{"damage":13,"enemies":"Large Slime","floor":14,"turns":6},{"damage":114,"enemies":"Slime Boss","floor":16,"turns":19},{"damage":24,"enemies":"2 Thieves","floor":18,"turns":4},{"damage":24,"enemies":"Chosen","floor":20,"turns":7},{"damage":36,"enemies":"Gremlin Leader","floor":23,"turns":7},{"damage":0,"enemies":"Snecko","floor":29,"turns":2},{"damage":13,"enemies":"3 Cultists","floor":30,"turns":5},{"damage":20,"enemies":"Centurion and Healer","floor":31,"turns":5},{"damage":50,"enemies":"Collector","floor":33,"turns":7},{"damage":53,"enemies":"3 Shapes","floor":35,"turns":4},{"damage":0,"enemies":"Mind Bloom Boss Battle","floor":39,"turns":4},{"damage":10072,"enemies":"3 Darklings","floor":41,"turns":6}],"seed_played":"-7935658576701247285","potions_obtained":[{"floor":2,"key":"Dexterity Potion"},{"floor":7,"key":"Block Potion"},{"floor":23,"key":"AttackPotion"},{"floor":30,"key":"Dexterity Potion"},{"floor":31,"key":"Energy Potion"},{"floor":33,"key":"FearPotion"},{"floor":35,"key":"DuplicationPotion"}],"is_trial":false,"path_per_floor":["M","M","?","M","?","R","E","R","T","$","$","R","$","M","R","B",null,"M","?","M","?","$","E","?","R","T","?","?","M","M","M","R","B",null,"M","?","?","$","?","R","M"],"character_chosen":"DOCTOR_CLASS","items_purchased":["ats:Arts","ats:Nebulous Foxfire","DollysMirror","ats:Closed Bolt Burst Fire","ats:Overload","Orrery"],"campfire_rested":2,"item_purchase_floors":[10,11,11,13,22,38],"current_hp_per_floor":[65,65,65,65,65,65,38,59,59,59,59,59,59,68,68,40,64,72,72,54,54,54,54,41,41,41,41,26,34,48,49,77,77,77,28,28,67,67,67,67,0,0],"gold":73,"neow_bonus":"THREE_ENEMY_KILL","is_daily":false,"chose_seed":false,"campfire_upgraded":5,"win_rate":0.0,"timestamp":1612983645,"path_taken":["M","?","?","M","?","R","E","R","T","?","$","R","$","M","R","BOSS","M","?","M","?","$","E","?","R","T","?","?","M","M","M","R","BOSS","M","?","?","$","?","R","M"],"items_purchased_type":["Relic","Card","Relic","Card","Card","Relic"],"build_version":"2020-12-22","purchased_purges":0,"victory":false,"max_hp_per_floor":[72,72,72,72,72,72,72,72,72,72,72,72,72,72,72,72,72,72,72,72,72,72,72,77,77,77,77,77,77,77,77,77,77,77,77,77,67,67,67,67,67,67],"card_choices":[{"not_picked":["ats:Serious Mode","ats:Blood Oath"],"picked":"ats:Shell Defense","floor":1},{"not_picked":["ats:Guardian Obelisk","ats:Absolute Focus"],"picked":"ats:Explosion Area Strengthen","floor":2},{"not_picked":["ats:Curse Doll","ats:Counter Healing Mode"],"picked":"ats:Part Time Job","floor":4},{"not_picked":["ats:Spore Proliferation","ats:LN2 Cannon"],"picked":"ats:Overload","floor":7},{"not_picked":["ats:Burning Ground","ats:Nebulous Foxfire"],"picked":"ats:Shadow Raid","floor":14},{"not_picked":["ats:Disruption Kick","ats:Fractured Body"],"picked":"ats:Calcification","floor":16},{"not_picked":["ats:Curse Doll+1","ats:Beaten Up+1"],"picked":"ats:Closed Bolt Burst Fire","floor":18},{"not_picked":["ats:Cat Scratch","ats:Powerful Strike"],"picked":"ats:Consecutive Shot Auto","floor":20},{"not_picked":["ats:Leaping Hammer+1","ats:Curse Doll"],"picked":"ats:Echo Reverb","floor":23},{"not_picked":["ats:Curse Doll","ats:Guard Mode"],"picked":"ats:Leaping Hammer","floor":29},{"not_picked":["ats:Blood Oath","ats:Composite Medical Shells"],"picked":"ats:Red Shift","floor":30},{"not_picked":["ats:Ignite+1","ats:Closed Bolt Burst Fire"],"picked":"ats:Healing Drone","floor":31},{"not_picked":["ats:Volcano","ats:Nebulous Foxfire"],"picked":"ats:Durian","floor":33},{"not_picked":["ats:Blood Oath","ats:Ignite"],"picked":"ats:Counter Healing Mode","floor":35},{"not_picked":["Sharp Hide","Deep Breath"],"picked":"Jack Of All Trades","floor":36},{"not_picked":["ats:Explosion Area Strengthen","ats:Revitalization"],"picked":"ats:Thorns+1","floor":38},{"not_picked":["ats:Assault Order+1","ats:Automatic Cover"],"picked":"ats:Leaping Hammer+1","floor":38},{"not_picked":["ats:Support Order+1","ats:Steam Pump+1"],"picked":"ats:Explosion Area Strengthen","floor":38},{"not_picked":["ats:Hammer On","ats:Sword Rain+1"],"picked":"ats:Poison Spread+1","floor":38},{"not_picked":["ats:Hook Shot+1","ats:Closed Bolt Burst Fire"],"picked":"ats:Charging Defense+1","floor":39}],"player_experience":758817,"relics_obtained":[{"floor":7,"key":"ats:Originium"},{"floor":7,"key":"Bag of Preparation"},{"floor":9,"key":"Old Coin"},{"floor":23,"key":"ats:Originium"},{"floor":23,"key":"Regal Pillow"},{"floor":26,"key":"aspiration:Lifesprig"},{"floor":39,"key":"ats:Remnant Ash"}],"event_choices":[{"damage_healed":0,"gold_gain":0,"player_choice":"Grow","damage_taken":0,"max_hp_gain":0,"max_hp_loss":0,"event_name":"Living Wall","floor":3,"gold_loss":0,"cards_upgraded":["ats:Explosion Area Strengthen"]},{"damage_healed":0,"gold_gain":0,"player_choice":"Leave","damage_taken":0,"max_hp_gain":0,"max_hp_loss":0,"event_name":"The Cleric","floor":5,"gold_loss":0},{"damage_healed":0,"gold_gain":0,"player_choice":"Opened","damage_taken":0,"relics_obtained":["SpikesRelics:ToyHorsey"],"max_hp_gain":0,"max_hp_loss":0,"event_name":"The Mausoleum","floor":19,"gold_loss":0},{"damage_healed":0,"gold_gain":0,"player_choice":"Simplicity","damage_taken":0,"max_hp_gain":0,"max_hp_loss":0,"event_name":"Back to Basics","floor":21,"gold_loss":0,"cards_upgraded":["ats:Strike C","ats:Strike G","ats:Strike S","ats:Strike V","ats:Defend","ats:Defend","ats:Defend","ats:Defend"]},{"damage_healed":0,"gold_gain":0,"player_choice":"Shed Blood","damage_taken":18,"max_hp_gain":5,"max_hp_loss":0,"event_name":"Forgotten Altar","floor":24,"gold_loss":0},{"damage_healed":0,"gold_gain":0,"player_choice":"Obtained Relic","damage_taken":0,"relics_obtained":["aspiration:HiddenCompartment"],"max_hp_gain":0,"max_hp_loss":0,"event_name":"Addict","floor":27,"gold_loss":85},{"damage_healed":0,"gold_gain":0,"player_choice":"Memory 1","damage_taken":0,"max_hp_gain":0,"max_hp_loss":0,"event_name":"SensoryStone","floor":36,"gold_loss":0},{"damage_healed":67,"gold_gain":0,"player_choice":"Heal","damage_taken":0,"max_hp_gain":0,"max_hp_loss":10,"event_name":"The Moai Head","floor":37,"gold_loss":0},{"damage_healed":0,"gold_gain":0,"player_choice":"Fight","damage_taken":0,"max_hp_gain":0,"max_hp_loss":0,"event_name":"MindBloom","floor":39,"gold_loss":0}],"is_beta":false,"boss_relics":[{"not_picked":["aspiration:SilentSkillbook","aspiration:FutureDiary","energizedSpire:DeadBattery"]},{"not_picked":["energizedSpire:SpiderWeb","CosmicIsotope","Runic Pyramid"]}],"items_purged_floors":[],"is_endless":false,"potions_floor_spawned":[2,7,23,30,31,33,35],"killed_by":"3 Darklings","ascension_level":7}}