{"host":"xervbyl8oukkrn1w","time":1612984291,"event":{"mods":["BaseMod","Beaked The Cultist","Downfall","Gremlin Mod","Hermit","Hubris","Infinite Spire","Jorbs\u0027s Wanderer Trilogy","Mad Scientist","Minty Spire (QoL Compilation)","Quick Restart","READ ME - Guardian Mod","Reliquary","Replay The Spire","Shade Mod","StSLib","The Blackbeard","The Cursed","The Elementalist","The Hierophant","The Jungle","The Necromancer","The Runesmith","The Servant 0.9.4"],"gold_per_floor":[99,115,128,128,22,52,129,129,29,39,489,489,175,189,203,302,302,302,318,33,43,63,63,89,89,104,104,116,116,116,116,132,234,234,234,260,285,80,84,84],"floor_reached":39,"language":"ENG","playtime":4493,"items_purged":["Regret","downfall:Icky","downfall:Haunted"],"score":579,"play_id":"7643fe4b-18db-4499-b7cb-9a85432a3d92","local_time":"20210210191131","is_ascension_mode":false,"campfire_choices":[{"floor":1,"key":"RECALL"},{"floor":9,"key":"REST"},{"data":"downfall:Icky","floor":18,"key":"PURGE"},{"floor":23,"key":"REST"},{"data":"MadScienceMod:AssemblyLine","floor":30,"key":"SMITH"},{"data":"MadScienceMod:FragmentationGrenade","floor":35,"key":"SMITH"}],"circlet_count":0,"master_deck":["MadScienceMod:Strike_MadScience","MadScienceMod:Strike_MadScience","MadScienceMod:Strike_MadScience","MadScienceMod:Strike_MadScience","MadScienceMod:Defend_MadScience","MadScienceMod:Defend_MadScience","MadScienceMod:Defend_MadScience+1","MadScienceMod:Defend_MadScience","MadScienceMod:PoweredStrike","MadScienceMod:HideBehindJunk+1","MadScienceMod:AutoStrike","MadScienceMod:OmniHammer","MadScienceMod:Inflate","MadScienceMod:AssemblyLine+1","MadScienceMod:AntimatterBomb+1","MadScienceMod:Probe","MadScienceMod:Generator","downfall:Icky","MadScienceMod:Tinker","MadScienceMod:MinatureWeapons+1","MadScienceMod:AcidSpray","MadScienceMod:MinatureWeapons+1","MadScienceMod:GatherParts","MadScienceMod:MindControlBeam+1","MadScienceMod:Detonate+1","expansioncontent:StudyTheSpire+1","MadScienceMod:FragmentationGrenade+1","MadScienceMod:FragmentationGrenade+1","downfall:Haunted","Looming Evil","MadScienceMod:ArtilleryShot","Normality","MadScienceMod:FlameCannon+1","downfall:Bewildered","MadScienceMod:Weaponize","elementalist:Fire_Emblem","MadScienceMod:MindControlBeam+1","MadScienceMod:ClockworkAssistant+1","MadScienceMod:FlammableWall","MadScienceMod:AcidSpray+1","MadScienceMod:Tune+1","MadScienceMod:RecyclingStation+1"],"relics":["MadScienceMod:FuelTank","Ring of Peace","War Paint","Mirror","hubris:Towel","downfall:HeartBlessingRed","Frozen Egg 2","reliquary:Stiletto","hubris:GrandSneckoEye","reliquary:PartyBalloon","Darkstone Periapt","sneckomod:BabySnecko","Black Star","Replay:Bandana"],"acts_visited":["Exordium","TheCity","TheBeyond"],"potions_floor_usage":[6,6,16,16,20,32,33],"damage_taken":[{"damage":0,"enemies":"Small Slimes","floor":2,"turns":3},{"damage":7,"enemies":"Jaw Worm","floor":3,"turns":4},{"damage":0,"enemies":"downfall:FleeingMerchant","floor":5,"turns":4},{"damage":42,"enemies":"Gremlin Nob","floor":6,"turns":7},{"damage":0,"enemies":"2 Louse","floor":10,"turns":2},{"damage":0,"enemies":"downfall:FleeingMerchant","floor":13,"turns":4},{"damage":0,"enemies":"2 Fungi Beasts","floor":14,"turns":4},{"damage":8,"enemies":"Large Slime","floor":15,"turns":7},{"damage":12,"enemies":"WA_ARCHETYPE_RETAIN","floor":16,"turns":9},{"damage":0,"enemies":"Shell Parasite","floor":19,"turns":7},{"damage":0,"enemies":"downfall:FleeingMerchant","floor":20,"turns":4},{"damage":14,"enemies":"Snake Plant","floor":21,"turns":5},{"damage":27,"enemies":"Cultist and Chosen","floor":22,"turns":9},{"damage":0,"enemies":"Snecko","floor":26,"turns":5},{"damage":20,"enemies":"Snake Plant","floor":28,"turns":4},{"damage":3,"enemies":"Centurion and Healer","floor":32,"turns":6},{"damage":32,"enemies":"SI_MIRROR_ARCHETYPE","floor":33,"turns":11},{"damage":66,"enemies":"3 Shapes","floor":37,"turns":4},{"damage":12,"enemies":"downfall:FleeingMerchant","floor":38,"turns":4},{"damage":36,"enemies":"Orb Walker","floor":39,"turns":4}],"seed_played":"4518314370528551426","potions_obtained":[{"floor":2,"key":"LifebloodPotion"},{"floor":3,"key":"bronze:BurnAndBuffPotion"},{"floor":14,"key":"DistilledChaos"},{"floor":15,"key":"Weak Potion"},{"floor":19,"key":"Strength Potion"},{"floor":22,"key":"BlessingOfTheForge"},{"floor":26,"key":"FearPotion"}],"is_trial":false,"path_per_floor":["R","M","M","?","$","E","T","?","R","M","?","?","$","M","M","B",null,"R","M","$","M","M","R","T","?","M","?","M","?","R","?","M","B",null,"R","T","M","$","M"],"character_chosen":"MAD_SCIENTIST","items_purchased":["MadScienceMod:AssemblyLine","MadScienceMod:AntimatterBomb","reliquary:Stiletto","MadScienceMod:MinatureWeapons+1","expansioncontent:StudyTheSpire","MadScienceMod:RecyclingStation+1"],"campfire_rested":2,"item_purchase_floors":[5,5,13,13,20,38],"current_hp_per_floor":[75,75,68,68,68,26,26,26,48,48,48,48,48,48,40,28,75,75,75,75,61,37,59,59,88,88,94,74,74,74,110,107,75,110,110,110,44,32,0,0],"gold":84,"neow_bonus":"UPGRADE_CARD","is_daily":false,"chose_seed":false,"campfire_upgraded":2,"win_rate":0.0,"timestamp":1612984291,"path_taken":["R","M","M","?","$","E","T","?","R","M","?","?","$","M","M","BOSS","R","M","$","M","M","R","T","?","M","?","M","?","R","?","M","BOSS","R","?","M","$","M"],"items_purchased_type":["Card","Card","Relic","Card","Card","Card"],"build_version":"2020-12-22","purchased_purges":3,"victory":false,"max_hp_per_floor":[75,75,75,75,75,75,75,75,75,75,75,75,75,75,75,75,75,75,75,75,75,75,75,75,104,104,110,110,110,110,110,110,110,110,110,110,110,110,110,110],"card_choices":[{"not_picked":["MadScienceMod:Virus","MadScienceMod:FumeBlast"],"picked":"MadScienceMod:AutoStrike","floor":2},{"not_picked":["MadScienceMod:Sprocket","MadScienceMod:LightOnFire"],"picked":"MadScienceMod:OmniHammer","floor":3},{"not_picked":["MadScienceMod:MindControlBeam","MadScienceMod:MakeOrBreak"],"picked":"MadScienceMod:Inflate","floor":5},{"not_picked":["MadScienceMod:FlameThrower","MadScienceMod:FlammableWall"],"picked":"MadScienceMod:Probe","floor":6},{"not_picked":["MadScienceMod:LightOnFire","MadScienceMod:GattlingGun"],"picked":"MadScienceMod:Generator","floor":10},{"not_picked":["MadScienceMod:NowOrNever","MadScienceMod:MechanicalClaw"],"picked":"MadScienceMod:Tinker","floor":13},{"not_picked":["MadScienceMod:ShrinkRay","MadScienceMod:MechanicalClaw"],"picked":"MadScienceMod:AcidSpray","floor":14},{"not_picked":["MadScienceMod:NowOrNever","MadScienceMod:LightOnFire"],"picked":"MadScienceMod:MinatureWeapons+1","floor":15},{"not_picked":["MadScienceMod:Liquify","MadScienceMod:CondenseVapors"],"picked":"MadScienceMod:GatherParts","floor":16},{"not_picked":["MadScienceMod:FlameCannon+1","MadScienceMod:FumeBlast"],"picked":"MadScienceMod:MindControlBeam+1","floor":19},{"not_picked":["MadScienceMod:MechanicalClaw","MadScienceMod:Tune"],"picked":"MadScienceMod:Detonate+1","floor":20},{"not_picked":["MadScienceMod:AntimatterBomb","MadScienceMod:Poke"],"picked":"MadScienceMod:FragmentationGrenade+1","floor":21},{"not_picked":["MadScienceMod:Detonate","MadScienceMod:EnergyBarrier+1"],"picked":"MadScienceMod:FragmentationGrenade","floor":22},{"not_picked":["MadScienceMod:MechanicalClaw+1","MadScienceMod:Poke"],"picked":"MadScienceMod:FlameCannon+1","floor":26},{"not_picked":["MadScienceMod:AutoStrike","MadScienceMod:FlexibleSpear+1"],"picked":"MadScienceMod:Weaponize","floor":28},{"not_picked":["MadScienceMod:AntimatterBomb+1","MadScienceMod:MechanicalClaw+1"],"picked":"MadScienceMod:MindControlBeam+1","floor":32},{"not_picked":["MadScienceMod:GlassCannon","MadScienceMod:GatherParts"],"picked":"MadScienceMod:ClockworkAssistant+1","floor":33},{"not_picked":["MadScienceMod:Strafe+1","MadScienceMod:FlameCannon+1"],"picked":"MadScienceMod:AcidSpray+1","floor":37},{"not_picked":["MadScienceMod:Inflate","MadScienceMod:Probe"],"picked":"MadScienceMod:Tune+1","floor":38}],"player_experience":129421,"relics_obtained":[{"floor":4,"key":"Ring of Peace"},{"floor":6,"key":"War Paint"},{"floor":7,"key":"Mirror"},{"floor":24,"key":"reliquary:PartyBalloon"},{"floor":36,"key":"Replay:Bandana"}],"event_choices":[{"damage_healed":0,"gold_gain":0,"player_choice":"Box","damage_taken":0,"relics_obtained":["Frozen Egg 2"],"max_hp_gain":0,"max_hp_loss":0,"event_name":"Big Fish","floor":12,"gold_loss":0,"cards_obtained":["Regret"]},{"damage_healed":36,"gold_gain":0,"player_choice":"Heal","damage_taken":0,"max_hp_gain":0,"max_hp_loss":0,"event_name":"The Library","floor":31,"gold_loss":0}],"is_beta":false,"boss_relics":[{"not_picked":["ChewingGum","SacredBark"],"picked":"hubris:GrandSneckoEye"},{"not_picked":["Kintsugi","Cursed Key"],"picked":"Black Star"}],"items_purged_floors":[13,20,38],"is_endless":false,"potions_floor_spawned":[2,3,14,15,19,22,26],"killed_by":"Orb Walker","ascension_level":0}}