{"host":"tetk82fuf8thwxol","time":1612926862,"event":{"mods":["AchievementEnabler","BaseMod","BetterRewards","GifTheSpireLib","Hermit","Minty Spire (QoL Compilation)","Permanent Neow","Quick Restart","Shop Mod","Spicy Shops","StSLib","The Bug Knight","The Cursed","The Runesmith"],"gold_per_floor":[110,110,134,134,134,178,193,236,236,261,261,361,361,380,380,380,380],"floor_reached":16,"language":"ENG","playtime":366,"items_purged":[],"score":203,"play_id":"06f7467d-4089-4dbe-ad4b-ef929dacf11b","local_time":"20210209211422","is_ascension_mode":true,"campfire_choices":[{"floor":11,"key":"REST"},{"data":"Dualcast","floor":13,"key":"SMITH"},{"floor":15,"key":"REST"}],"circlet_count":0,"master_deck":["AscendersBane","Strike_B","Strike_B","Strike_B","Strike_B","Defend_B","Defend_B","Defend_B","Defend_B","Zap","Dualcast+1","Defragment+1","Echo Form+1"],"relics":["Cracked Core","NeowsBlessing","Golden Idol","Frozen Egg 2","CeramicFish","Prayer Wheel","Cables"],"acts_visited":["Exordium"],"potions_floor_usage":[8,8],"damage_taken":[{"damage":0,"enemies":"2 Louse","floor":1,"turns":1},{"damage":0,"enemies":"Small Slimes","floor":3,"turns":1},{"damage":0,"enemies":"Gremlin Nob","floor":6,"turns":1},{"damage":1,"enemies":"Cultist","floor":7,"turns":3},{"damage":30,"enemies":"3 Sentries","floor":8,"turns":6},{"damage":3,"enemies":"Blue Slaver","floor":10,"turns":3},{"damage":4,"enemies":"Red Slaver","floor":14,"turns":3},{"damage":72,"enemies":"Hexaghost","floor":16,"turns":10}],"seed_played":"2364339193716157443","potions_obtained":[{"floor":1,"key":"EssenceOfDarkness"},{"floor":7,"key":"LiquidMemories"}],"is_trial":false,"path_per_floor":["M","?","M","?","?","E","M","E","T","M","R","?","R","M","R","B"],"character_chosen":"DEFECT","items_purchased":[],"campfire_rested":2,"item_purchase_floors":[],"current_hp_per_floor":[68,68,68,68,68,68,67,37,37,34,54,54,54,50,69,0,0],"gold":380,"neow_bonus":"THREE_ENEMY_KILL","is_daily":false,"chose_seed":false,"campfire_upgraded":1,"win_rate":0.0,"timestamp":1612926862,"path_taken":["M","?","M","?","?","E","M","E","T","?","R","?","R","?","R","BOSS"],"items_purchased_type":[],"build_version":"2020-12-22","purchased_purges":0,"victory":false,"max_hp_per_floor":[75,69,69,69,69,69,69,69,69,69,69,69,69,69,69,69,69],"card_choices":[{"not_picked":["Hello World","Streamline"],"picked":"Force Field","floor":1},{"not_picked":["Compile Driver","Rebound","Hologram"],"picked":"SKIP","floor":3},{"not_picked":["Hologram","Gash"],"picked":"Defragment+1","floor":6},{"not_picked":["Compile Driver","Streamline","Barrage"],"picked":"SKIP","floor":7},{"not_picked":["FTL","Turbo"],"picked":"Echo Form+1","floor":8},{"not_picked":["Beam Cell","Sweeping Beam","Hologram"],"picked":"SKIP","floor":10},{"not_picked":["Barrage","Sunder","Rip and Tear"],"picked":"SKIP","floor":10},{"not_picked":["Gash","Fission","Force Field"],"picked":"SKIP","floor":14},{"not_picked":["Cold Snap","Scrape","Conserve Battery"],"picked":"SKIP","floor":14}],"player_experience":203505,"relics_obtained":[{"floor":6,"key":"CeramicFish"},{"floor":8,"key":"Prayer Wheel"},{"floor":9,"key":"Cables"}],"event_choices":[{"damage_healed":0,"gold_gain":0,"player_choice":"Lose Max HP","damage_taken":0,"relics_obtained":["Golden Idol"],"max_hp_gain":0,"max_hp_loss":6,"event_name":"Golden Idol","floor":2,"gold_loss":0},{"damage_healed":0,"gold_gain":0,"player_choice":"Ignored","damage_taken":0,"max_hp_gain":0,"max_hp_loss":0,"event_name":"Liars Game","floor":4,"gold_loss":0},{"cards_removed":["Force Field"],"damage_healed":0,"gold_gain":0,"player_choice":"Gave Card","damage_taken":0,"relics_obtained":["Frozen Egg 2"],"max_hp_gain":0,"max_hp_loss":0,"event_name":"WeMeetAgain","floor":5,"gold_loss":0},{"damage_healed":0,"gold_gain":100,"player_choice":"Pray","damage_taken":0,"max_hp_gain":0,"max_hp_loss":0,"event_name":"Golden Shrine","floor":12,"gold_loss":0}],"is_beta":false,"boss_relics":[],"items_purged_floors":[],"is_endless":false,"potions_floor_spawned":[1,7],"killed_by":"Hexaghost","ascension_level":10}}