{"host":"njruw0b0uprlitpx","time":1612933783,"event":{"mods":["2.2 Compatiblity","Act Like it!","Aspiration","Bartender","BaseMod","Better Altar","Better Match","Better Note","Better Sensory Stone","Better Skull","Better Third Choice","BetterRewards","Block Reminder","Colored Map","Colored Powertips","Curses Come First","Energized Spire","Hallownest","Jedi Mod","Keyboard Shortcuts","Magitek Elite","Minty Spire (QoL Compilation)","Quick Restart","Rare Cards Sparkle","Relic Stats","Replay The Spire","SacredBarkPlus","Spicy Shops","StSLib","SuperFastMode","The Blackbeard"],"gold_per_floor":[110,121,167,167,167,195,211,211,511,530,549,549,549,567,567,645,645,660,660,677,38,38,38,70,345,345,25,35,50,50,63,63,141,141,153,163,163,175,222,235,235,268,268,298,36,47,47,64,64,64],"floor_reached":51,"language":"ENG","playtime":2481,"items_purged":["blackbeard:BlackbeardStrike","blackbeard:BlackbeardDefend","Decay","Injury","Forgetful"],"score":1747,"play_id":"1a0638b2-d378-4946-a4ef-46d65500c6ae","local_time":"20210209230943","is_ascension_mode":true,"campfire_choices":[{"data":"blackbeard:Provisioning","floor":8.0,"key":"SMITH"},{"floor":12.0,"key":"REST"},{"floor":15.0,"key":"REST"},{"floor":23.0,"key":"REST"},{"floor":30.0,"key":"REST"},{"floor":32.0,"key":"REST"},{"floor":41,"key":"REST"},{"floor":47,"key":"REST"},{"floor":49,"key":"REST"}],"circlet_count":0,"master_deck":["AscendersBane","blackbeard:BlackbeardStrike","blackbeard:BlackbeardStrike","blackbeard:BlackbeardStrike","blackbeard:IntimidatingStrike","blackbeard:BlackbeardDefend","blackbeard:BlackbeardDefend","blackbeard:BlackbeardDefend","blackbeard:Cutlass","blackbeard:BoostMorale+1","blackbeard:Provisioning+1","blackbeard:Shrapnel","blackbeard:Sword","blackbeard:Revenge+1","blackbeard:BlindAttacks+1","blackbeard:PiratesWill","blackbeard:CaptainsHat","blackbeard:WiseDefense","blackbeard:DangerousBlow+1","blackbeard:GoldenCannonball+1","blackbeard:PowderKeg","Regret","blackbeard:BeatUp+1","blackbeard:PirateStrength","blackbeard:BrownPants+1","blackbeard:BoostMorale","blackbeard:CatONineTails+1","blackbeard:GoldenDefense","Shame","blackbeard:Parrot","blackbeard:GoldenStrike+1","blackbeard:BeatUp+1","Pain","blackbeard:BeatUp+1","blackbeard:PowerHungry","blackbeard:PowerHungry","blackbeard:PirateHook+1"],"relics":["blackbeard:LoadTheCannons","Unceasing Top","jedi:Pinwheel","Shuriken","Incense Burner","Oddly Smooth Stone","Molten Egg 2","Counterbalance","Old Coin","GremlinMask","Cursed Key","Gremlin Horn","Pondfish Scales","Regal Pillow","Orichalcum","energizedSpire:NeverEndingSparkler","Mythril_Glove","jedi:crownofsimplicity","Mango","The Courier","Genji_Glove"],"acts_visited":["Exordium","TheCity","TheBeyond"],"potions_floor_usage":[40,42,42,44,48,50,50,50,50],"damage_taken":[{"damage":0.0,"enemies":"Cultist","floor":1.0,"turns":3.0},{"damage":8.0,"enemies":"2 Louse","floor":2.0,"turns":2.0},{"damage":9.0,"enemies":"Gremlin Nob","floor":6.0,"turns":3.0},{"damage":0.0,"enemies":"Small Slimes","floor":7.0,"turns":2.0},{"damage":15.0,"enemies":"3 Louse","floor":10.0,"turns":2.0},{"damage":10.0,"enemies":"Gremlin Gang","floor":11.0,"turns":2.0},{"damage":13.0,"enemies":"Looter","floor":14.0,"turns":3.0},{"damage":0.0,"enemies":"Slime Boss","floor":16.0,"turns":4.0},{"damage":18.0,"enemies":"2 Thieves","floor":18.0,"turns":4.0},{"damage":21.0,"enemies":"Shell Parasite","floor":20.0,"turns":5.0},{"damage":26.0,"enemies":"Slavers","floor":24.0,"turns":3.0},{"damage":12.0,"enemies":"Centurion and Healer","floor":28.0,"turns":2.0},{"damage":1.0,"enemies":"Shelled Parasite and Fungi","floor":29.0,"turns":3.0},{"damage":7.0,"enemies":"Snecko","floor":31.0,"turns":3.0},{"damage":10.0,"enemies":"Champ","floor":33.0,"turns":7.0},{"damage":25.0,"enemies":"3 Shapes","floor":35.0,"turns":5.0},{"damage":38.0,"enemies":"3 Darklings","floor":36.0,"turns":3.0},{"damage":5.0,"enemies":"4 Shapes","floor":38.0,"turns":3.0},{"damage":0,"enemies":"Spire Growth","floor":40,"turns":3},{"damage":10,"enemies":"Giant Head","floor":42,"turns":5},{"damage":74,"enemies":"Nemesis","floor":44,"turns":5},{"damage":20,"enemies":"Maw","floor":46,"turns":3},{"damage":14,"enemies":"Writhing Mass","floor":48,"turns":2},{"damage":21,"enemies":"Awakened One","floor":50,"turns":5}],"seed_played":"2464202888779670074","potions_obtained":[{"floor":2.0,"key":"PowerPotion"},{"floor":10.0,"key":"Regen Potion"},{"floor":18.0,"key":"SmokeBomb"},{"floor":28.0,"key":"Reflective Coating"},{"floor":31.0,"key":"FearPotion"},{"floor":33.0,"key":"blackbeard:RumPotion"},{"floor":36.0,"key":"DuplicationPotion"},{"floor":39.0,"key":"Flashbang"},{"floor":42,"key":"Ancient Potion"}],"is_trial":false,"path_per_floor":["M","M","T","?","?","E","M","R","T","M","M","R","?","M","R","B",null,"M","?","M","$","?","R","E","?","T","$","M","M","R","M","R","B",null,"M","M","?","M","?","M","R","E","T","E","$","M","R","M","R","B",null],"character_chosen":"BLACKBEARD_CLASS","items_purchased":["blackbeard:BoostMorale","jedi:Pinwheel","Shuriken","blackbeard:Provisioning","Explosive Potion","Weak Potion","blackbeard:DangerousBlow+1","blackbeard:GoldenCannonball+1","Gremlin Horn","Orichalcum","blackbeard:PowerHungry","Genji_Glove","Elixir"],"campfire_rested":8,"item_purchase_floors":[0,0,0,0,0,0,21,21,21,27,45,45,45],"current_hp_per_floor":[64,56,56,56,61,52,52,52,52,37,27,49,49,45,67,67,74,56,56,35,35,35,57,31,31,31,31,19,18,55,48,76,66,74,49,11,11,6,6,6,43,33,47,39,39,19,61,47,89,68],"gold":64,"neow_bonus":"","is_daily":false,"chose_seed":false,"campfire_upgraded":1,"win_rate":0.0,"timestamp":1612933783,"path_taken":["M","M","?","?","?","E","M","R","T","M","M","R","?","?","R","BOSS","M","?","M","$","?","R","E","?","T","$","M","M","R","M","R","BOSS","M","M","?","?","?","M","R","E","T","E","$","M","R","M","R","BOSS"],"items_purchased_type":["Card","Relic","Relic","Card","Potion","Potion","Card","Card","Relic","Relic","Card","Relic","Potion"],"build_version":"2020-12-22","purchased_purges":5,"victory":true,"max_hp_per_floor":[71,71,71,71,76,76,76,76,76,76,76,76,76,76,76,76,76,76,76,76,76,76,76,76,76,76,76,76,76,76,76,76,76,76,76,76,76,76,76,76,76,76,90,90,90,90,90,90,90,90],"relic_stats":{"Regal Pillow":93,"Gremlin Horn":[12,12],"counters":[127,383],"Shuriken":[30],"Orichalcum":[54],"Cursed Key":2,"obtain_stats":[{"Golden Egg":43,"jedi:angrymask":11,"Ginger":0,"jedi:bottledfury":37,"blackbeard:CrossedSwords":0,"jedi:shrinkray":14,"Old Coin":9,"Blood Vial":6,"Sundial":26,"Kunai":26,"Replay:Wax Seal":11,"Sneakers":0,"Counterbalance":42,"Pen Nib":0,"Akabeko":0,"SlaversCollar":34,"Water_Ring":4,"Bird Faced Urn":29,"Tintinnabulum":3,"StrikeDummy":31,"Unceasing Top":0,"Lantern":28,"Regal Pillow":26,"Singing Bowl":0,"Torii":24,"Blue Doll":13,"GremlinMask":13,"Mythril_Glove":39,"jedi:archwizardhat":25,"Power_Wrist":36,"White_Cape":6,"Cursed Key":17,"Pet Ghost":9,"Replay:Rubber Ducky":9,"Silver_Glasses":34,"Matryoshka":26,"Guardian:BottledAnomaly":37,"Replay:Bottled Eggs":37,"InkBottle":39,"Potion Belt":42,"NeowsBlessing":0,"blackbeard:LoadTheCannons":20,"The Courier":26,"Ring of Greed":8,"jedi:crownofsimplicity":42,"energizedSpire:DeadBattery":17,"MawBank":8,"Replay:Arrowhead":28,"Ornamental Fan":15,"Orrery":0,"Turnip":31,"Art of War":7,"Garlic":44,"hexamod:BolsterEngine":13,"Calipers":0,"Gremlin Horn":0,"CeramicFish":22,"Vajra":37,"Sozu":17,"Lizard Tail":43,"HornCleat":14,"jedi:paperlyon":34,"Strawberry":0,"ReplayTheSpireMod:CursedCoin":14,"Dead Branch":40,"Choco_Feather":51,"Oddly Smooth Stone":3,"Ring of Chaos":34,"Letter Opener":9,"War Paint":10,"Question Card":9,"jedi:HeartOfTheCards":0,"blackbeard:HipFlask":37,"Bottled Flame":27,"Replay:Baseball":21,"Shuriken":10,"energizedSpire:NeverEndingSparkler":17,"Molten Egg 2":43,"ReplayTheSpireMod:TigerMarble":21,"aspiration:HatOfInfinitePower":0,"Snecko Heart":34,"Piano_Music":0,"Mango":43,"jedi:command_boss":20,"Juzu Bracelet":21,"Incense Burner":0,"Replay:Mystery Machine":6,"jedi:Pinwheel":0,"Dream Catcher":46,"Replay:Bandana":0,"Mummified Hand":42,"theForsaken:Kindling":0,"Gambling Chip":21,"Genji_Glove":10,"jedi:cryingmask":37,"Red Mask":24,"Replay:Bottled Snecko":0,"BargainBundle":0,"ReplayTheSpireMod:Ninjato":19,"Guide Book":21,"Orichalcum":27,"White Beast Statue":43,"Mercury Hourglass":20,"jedi:fakemustache":29,"Strange Spoon":14,"Anchor":29,"Pondfish Scales":0,"jedi:ominousloannote":0,"blackbeard:Karategi":20,"Membership Card":14,"jedi:arcanewood":29,"TungstenRod":0},{"Golden Egg":39,"jedi:angrymask":86,"Ginger":60,"jedi:bottledfury":99,"blackbeard:CrossedSwords":81,"jedi:shrinkray":48,"Old Coin":107,"Blood Vial":4,"Sundial":72,"Kunai":10,"Replay:Wax Seal":47,"Sneakers":0,"Counterbalance":21,"Pen Nib":43,"Akabeko":43,"SlaversCollar":36,"Water_Ring":44,"Bird Faced Urn":34,"Tintinnabulum":44,"StrikeDummy":15,"Unceasing Top":103,"Lantern":33,"Regal Pillow":114,"Singing Bowl":23,"Torii":32,"Blue Doll":87,"GremlinMask":109,"Mythril_Glove":121,"jedi:archwizardhat":52,"Power_Wrist":57,"White_Cape":85,"Cursed Key":111,"Pet Ghost":65,"Replay:Rubber Ducky":46,"Silver_Glasses":76,"Matryoshka":32,"Guardian:BottledAnomaly":17,"Replay:Bottled Eggs":17,"InkBottle":77,"Potion Belt":78,"NeowsBlessing":0,"blackbeard:LoadTheCannons":70,"The Courier":52,"Ring of Greed":46,"jedi:crownofsimplicity":123,"energizedSpire:DeadBattery":7,"MawBank":46,"Replay:Arrowhead":53,"Ornamental Fan":48,"Orrery":81,"Turnip":15,"Art of War":26,"Garlic":78,"hexamod:BolsterEngine":6,"Calipers":23,"Gremlin Horn":60,"CeramicFish":50,"Vajra":17,"Sozu":49,"Lizard Tail":21,"HornCleat":48,"jedi:paperlyon":16,"Strawberry":23,"ReplayTheSpireMod:CursedCoin":6,"Dead Branch":20,"Choco_Feather":42,"Oddly Smooth Stone":105,"Ring of Chaos":56,"Letter Opener":4,"War Paint":86,"Question Card":26,"jedi:HeartOfTheCards":60,"blackbeard:HipFlask":99,"Bottled Flame":33,"Replay:Baseball":50,"Shuriken":26,"energizedSpire:NeverEndingSparkler":29,"Molten Egg 2":101,"ReplayTheSpireMod:TigerMarble":91,"aspiration:HatOfInfinitePower":81,"Snecko Heart":98,"Piano_Music":23,"Mango":123,"jedi:command_boss":70,"Juzu Bracelet":70,"Incense Burner":103,"Replay:Mystery Machine":46,"jedi:Pinwheel":103,"Dream Catcher":22,"Replay:Bandana":43,"Mummified Hand":39,"theForsaken:Kindling":60,"Gambling Chip":50,"Genji_Glove":26,"jedi:cryingmask":99,"Red Mask":10,"Replay:Bottled Snecko":60,"BargainBundle":60,"ReplayTheSpireMod:Ninjato":8,"Guide Book":50,"Orichalcum":114,"White Beast Statue":39,"Mercury Hourglass":8,"jedi:fakemustache":53,"Strange Spoon":48,"Anchor":53,"Pondfish Scales":81,"jedi:ominousloannote":23,"blackbeard:Karategi":70,"Membership Card":6,"jedi:arcanewood":53,"TungstenRod":43},{"Golden Egg":118,"jedi:angrymask":240,"Ginger":178,"jedi:bottledfury":284,"blackbeard:CrossedSwords":226,"jedi:shrinkray":138,"Old Coin":311,"Blood Vial":12,"Sundial":205,"Kunai":39,"Replay:Wax Seal":137,"Sneakers":0,"Counterbalance":67,"Pen Nib":128,"Akabeko":128,"SlaversCollar":109,"Water_Ring":130,"Bird Faced Urn":102,"Tintinnabulum":130,"StrikeDummy":52,"Unceasing Top":301,"Lantern":100,"Regal Pillow":334,"Singing Bowl":73,"Torii":97,"Blue Doll":245,"GremlinMask":315,"Mythril_Glove":360,"jedi:archwizardhat":149,"Power_Wrist":165,"White_Cape":236,"Cursed Key":322,"Pet Ghost":189,"Replay:Rubber Ducky":135,"Silver_Glasses":218,"Matryoshka":97,"Guardian:BottledAnomaly":58,"Replay:Bottled Eggs":58,"InkBottle":220,"Potion Belt":222,"NeowsBlessing":0,"blackbeard:LoadTheCannons":199,"The Courier":149,"Ring of Greed":135,"jedi:crownofsimplicity":368,"energizedSpire:DeadBattery":31,"MawBank":135,"Replay:Arrowhead":152,"Ornamental Fan":138,"Orrery":226,"Turnip":52,"Art of War":80,"Garlic":222,"hexamod:BolsterEngine":22,"Calipers":73,"Gremlin Horn":178,"CeramicFish":143,"Vajra":58,"Sozu":141,"Lizard Tail":67,"HornCleat":138,"jedi:paperlyon":56,"Strawberry":73,"ReplayTheSpireMod:CursedCoin":22,"Dead Branch":64,"Choco_Feather":124,"Oddly Smooth Stone":306,"Ring of Chaos":163,"Letter Opener":12,"War Paint":240,"Question Card":80,"jedi:HeartOfTheCards":178,"blackbeard:HipFlask":284,"Bottled Flame":100,"Replay:Baseball":143,"Shuriken":80,"energizedSpire:NeverEndingSparkler":89,"Molten Egg 2":293,"ReplayTheSpireMod:TigerMarble":259,"aspiration:HatOfInfinitePower":226,"Snecko Heart":282,"Piano_Music":73,"Mango":368,"jedi:command_boss":199,"Juzu Bracelet":199,"Incense Burner":301,"Replay:Mystery Machine":135,"jedi:Pinwheel":301,"Dream Catcher":70,"Replay:Bandana":128,"Mummified Hand":118,"theForsaken:Kindling":178,"Gambling Chip":143,"Genji_Glove":80,"jedi:cryingmask":284,"Red Mask":39,"Replay:Bottled Snecko":178,"BargainBundle":178,"ReplayTheSpireMod:Ninjato":34,"Guide Book":143,"Orichalcum":334,"White Beast Statue":118,"Mercury Hourglass":34,"jedi:fakemustache":152,"Strange Spoon":138,"Anchor":152,"Pondfish Scales":226,"jedi:ominousloannote":73,"blackbeard:Karategi":199,"Membership Card":22,"jedi:arcanewood":152,"TungstenRod":128}],"Unceasing Top":[2]},"card_choices":[{"not_picked":["blackbeard:Toast","blackbeard:CloakAndCannonball"],"picked":"blackbeard:Shrapnel","floor":1.0},{"not_picked":["blackbeard:Sharpening","blackbeard:CannonBarrage"],"picked":"blackbeard:Sword","floor":2.0},{"not_picked":["blackbeard:DelayedPain","blackbeard:Anchor"],"picked":"blackbeard:Revenge+1","floor":6.0},{"not_picked":["blackbeard:RearmingStrike+1","blackbeard:FieryDefense"],"picked":"blackbeard:BlindAttacks+1","floor":7.0},{"not_picked":["blackbeard:Toast","blackbeard:Dagger","blackbeard:CloakAndCannonball"],"picked":"SKIP","floor":10.0},{"not_picked":["blackbeard:Eyepatch","blackbeard:CannonBarrage","blackbeard:CloakAndCannonball"],"picked":"SKIP","floor":11.0},{"not_picked":["blackbeard:Shrapnel+1","blackbeard:AgileStrike+1"],"picked":"blackbeard:PiratesWill","floor":14.0},{"not_picked":["blackbeard:GoldenGuillotine+1","blackbeard:PowerHungry"],"picked":"blackbeard:CaptainsHat","floor":16.0},{"not_picked":["blackbeard:PiratesWill","blackbeard:DeadlyArsenal"],"picked":"blackbeard:WiseDefense","floor":18.0},{"not_picked":["blackbeard:Spear","blackbeard:VengefulSpirit","blackbeard:CannonBarrage"],"picked":"SKIP","floor":20.0},{"not_picked":["blackbeard:RearmingStrike+1","blackbeard:SwordDance"],"picked":"blackbeard:PowderKeg","floor":24.0},{"not_picked":["blackbeard:Dagger","blackbeard:Sword"],"picked":"blackbeard:BeatUp+1","floor":28.0},{"not_picked":["blackbeard:Fencing","blackbeard:RearmingStrike+1"],"picked":"blackbeard:PirateStrength","floor":29.0},{"not_picked":["blackbeard:DeadlyArsenal","blackbeard:PiratesWill"],"picked":"blackbeard:BrownPants+1","floor":31.0},{"not_picked":["blackbeard:Lifeboat","blackbeard:Intoxication"],"picked":"blackbeard:BoostMorale","floor":33.0},{"not_picked":["blackbeard:WoodenLeg+1","blackbeard:BuriedTreasure+1","blackbeard:Spear"],"picked":"SKIP","floor":35.0},{"not_picked":["blackbeard:DelayedPain+1","blackbeard:Dagger"],"picked":"blackbeard:CatONineTails+1","floor":36.0},{"not_picked":["blackbeard:DeadlyArsenal","blackbeard:RearmingStrike+1"],"picked":"blackbeard:GoldenDefense","floor":38.0},{"not_picked":["blackbeard:GoldenDefense","blackbeard:SwordDance"],"picked":"blackbeard:Parrot","floor":39.0},{"not_picked":["blackbeard:PirateEarring+1","blackbeard:Upgrade"],"picked":"blackbeard:GoldenStrike+1","floor":40},{"not_picked":["blackbeard:MegaUpgrade","blackbeard:BlindAttacks+1"],"picked":"blackbeard:BeatUp+1","floor":42},{"not_picked":["blackbeard:CannonballSupply","blackbeard:FishingNets"],"picked":"blackbeard:BeatUp+1","floor":44},{"not_picked":["blackbeard:Spear","blackbeard:WiseDefense"],"picked":"blackbeard:PirateHook+1","floor":46},{"not_picked":["blackbeard:TacticalRetreat","blackbeard:Spear","blackbeard:Fencing"],"picked":"SKIP","floor":48}],"player_experience":1261315,"relics_obtained":[{"floor":3.0,"key":"Oddly Smooth Stone"},{"floor":6.0,"key":"Counterbalance"},{"floor":9.0,"key":"Old Coin"},{"floor":24.0,"key":"Pondfish Scales"},{"floor":26.0,"key":"Regal Pillow"},{"floor":39.0,"key":"Mythril_Glove"},{"floor":42,"key":"jedi:crownofsimplicity"},{"floor":43,"key":"Mango"},{"floor":44,"key":"The Courier"}],"event_choices":[{"damage_healed":0.0,"max_hp_gain":5.0,"max_hp_loss":0.0,"gold_gain":0.0,"event_name":"Big Fish","player_choice":"Donut","floor":5.0,"gold_loss":0.0,"damage_taken":0.0},{"damage_healed":0.0,"max_hp_gain":0.0,"max_hp_loss":0.0,"gold_gain":0.0,"event_name":"FaceTrader","player_choice":"Trade","floor":13.0,"gold_loss":0.0,"damage_taken":0.0,"relics_obtained":["GremlinMask"]},{"damage_healed":0.0,"max_hp_gain":0.0,"max_hp_loss":0.0,"gold_gain":0.0,"event_name":"Wheel of Change","player_choice":"Cursed","floor":19.0,"gold_loss":0.0,"damage_taken":0.0,"cards_obtained":["Decay"]},{"damage_healed":0.0,"max_hp_gain":0.0,"max_hp_loss":0.0,"gold_gain":0.0,"event_name":"Accursed Blacksmith","player_choice":"Forge","floor":22.0,"gold_loss":0.0,"damage_taken":0.0,"cards_upgraded":["blackbeard:BoostMorale"]},{"damage_healed":0.0,"max_hp_gain":0.0,"max_hp_loss":0.0,"gold_gain":275.0,"event_name":"Golden Shrine","player_choice":"Desecrate","floor":25.0,"gold_loss":0.0,"damage_taken":0.0,"cards_obtained":["Regret"]},{"cards_removed":["blackbeard:BoostMorale"],"damage_healed":0.0,"max_hp_gain":0.0,"max_hp_loss":0.0,"gold_gain":0.0,"event_name":"betterNote:BetterNote","player_choice":"Give","floor":37.0,"gold_loss":0.0,"damage_taken":0.0,"cards_obtained":["None"]}],"is_beta":false,"boss_relics":[{"not_picked":["energizedSpire:OgreHead","Replay:Drink Me"],"picked":"Cursed Key"},{"not_picked":["aspiration:RunicSpoon","aspiration:RitualDagger"],"picked":"energizedSpire:NeverEndingSparkler"}],"items_purged_floors":[0,0,21,21,27],"is_endless":false,"potions_floor_spawned":[2,10,16,18,28,31,33,36,42,44,48],"ascension_level":14}}