{"host":"v2nniiiz7kpx7fwo","time":1612943052,"event":{"mods":["2.2 Compatiblity","AchievementEnabler","BaseMod","Colored Map","Colored Powertips","DeckTracker","Highlight Path","KOR Keyword Fix","Minty Spire (QoL Compilation)","Permanent Neow","Rare Cards Sparkle","StSLib","SuperFastMode"],"gold_per_floor":[112,41,58,58,58,90,90,103,130,165,165,200,200,300,300,300,300],"floor_reached":16,"language":"KOR","playtime":538,"items_purged":[],"score":187,"play_id":"4c7e0a63-c6a1-4a4b-861a-3509e407aa0d","local_time":"20210210164412","is_ascension_mode":true,"campfire_choices":[{"floor":7.0,"key":"REST"},{"floor":15.0,"key":"REST"}],"circlet_count":0,"master_deck":["Strike_R","Strike_R","Strike_R+1","Strike_R","Strike_R","Defend_R","Defend_R","Defend_R","Defend_R","Bash","Feed+1","Flex+1","Offering","Bloodletting+1","Shockwave","Ghostly Armor","Cleave"],"relics":["Burning Blood","Dream Catcher","Juzu Bracelet","Ancient Tea Set","Anchor"],"acts_visited":["Exordium"],"potions_floor_usage":[16],"damage_taken":[{"damage":6.0,"enemies":"Cultist","floor":1.0,"turns":3.0},{"damage":8.0,"enemies":"Jaw Worm","floor":3.0,"turns":2.0},{"damage":62.0,"enemies":"Gremlin Nob","floor":6.0,"turns":4.0},{"damage":9.0,"enemies":"Small Slimes","floor":8.0,"turns":2.0},{"damage":21.0,"enemies":"Lagavulin","floor":10.0,"turns":7.0},{"damage":14.0,"enemies":"3 Sentries","floor":12.0,"turns":5.0},{"damage":62,"enemies":"The Guardian","floor":16,"turns":9}],"seed_played":"-5867186816980355978","potions_obtained":[{"floor":1.0,"key":"LiquidBronze"},{"floor":8.0,"key":"DistilledChaos"},{"floor":10.0,"key":"AttackPotion"},{"floor":12.0,"key":"FearPotion"}],"is_trial":false,"path_per_floor":["M","$","M","?","?","E","R","M","T","E","?","E","?","?","R","B"],"character_chosen":"IRONCLAD","items_purchased":["Offering"],"campfire_rested":2,"item_purchase_floors":[2],"current_hp_per_floor":[75,75,76,81,63,7,34,34,34,19,19,15,15,15,44,0,0],"gold":300,"neow_bonus":"ONE_RANDOM_RARE_CARD","is_daily":false,"chose_seed":false,"campfire_upgraded":0,"win_rate":0.0,"timestamp":1612943052,"path_taken":["M","$","M","?","?","E","R","M","T","E","?","E","?","?","R","BOSS"],"items_purchased_type":["Card"],"build_version":"2020-12-22","purchased_purges":0,"victory":false,"max_hp_per_floor":[83,83,86,91,91,91,91,94,94,94,94,98,98,98,98,98,98],"card_choices":[{"not_picked":["Feel No Pain","Sentinel"],"picked":"Flex","floor":1.0},{"not_picked":["Body Slam","Anger"],"picked":"Bloodletting","floor":3.0},{"not_picked":["Blood for Blood","Headbutt","Clash"],"picked":"SKIP","floor":6.0},{"not_picked":["Searing Blow","Flame Barrier"],"picked":"Shockwave","floor":7.0},{"not_picked":["Havoc","Clash","Carnage"],"picked":"SKIP","floor":8.0},{"not_picked":["Bloodletting","Berserk"],"picked":"Ghostly Armor","floor":10.0},{"not_picked":["Dual Wield","Feed"],"picked":"Cleave","floor":12.0}],"player_experience":372858,"relics_obtained":[{"floor":6.0,"key":"Dream Catcher"},{"floor":9.0,"key":"Juzu Bracelet"},{"floor":10.0,"key":"Ancient Tea Set"},{"floor":12.0,"key":"Anchor"}],"event_choices":[{"damage_healed":0.0,"max_hp_gain":5.0,"max_hp_loss":0.0,"gold_gain":0.0,"event_name":"Big Fish","player_choice":"Donut","floor":4.0,"gold_loss":0.0,"damage_taken":0.0},{"damage_healed":0.0,"max_hp_gain":0.0,"max_hp_loss":0.0,"gold_gain":0.0,"event_name":"Shining Light","player_choice":"Entered Light","floor":5.0,"gold_loss":0.0,"damage_taken":18.0,"cards_upgraded":["Strike_R","Bloodletting"]},{"damage_healed":0.0,"max_hp_gain":0.0,"max_hp_loss":0.0,"gold_gain":0.0,"event_name":"Accursed Blacksmith","player_choice":"Forge","floor":11.0,"gold_loss":0.0,"damage_taken":0.0,"cards_upgraded":["Feed"]},{"damage_healed":0.0,"max_hp_gain":0.0,"max_hp_loss":0.0,"gold_gain":0.0,"event_name":"Living Wall","player_choice":"Grow","floor":13.0,"gold_loss":0.0,"damage_taken":0.0,"cards_upgraded":["Flex"]},{"damage_healed":0.0,"max_hp_gain":0.0,"max_hp_loss":0.0,"gold_gain":100.0,"event_name":"Golden Shrine","player_choice":"Pray","floor":14.0,"gold_loss":0.0,"damage_taken":0.0}],"is_beta":false,"boss_relics":[],"items_purged_floors":[],"is_endless":false,"potions_floor_spawned":[1,8,10,12],"killed_by":"The Guardian","ascension_level":8}}