{"host":"v80ofxwcajbovgdl","time":1612978466,"event":{"mods":["BaseMod","BetterRewards","Colored Powertips","Highlight Path","Minty Spire (QoL Compilation)","Rare Cards Sparkle"],"gold_per_floor":[119,136,146,96,21,21,54,65,65,65,65,89,122,141,141,243,243,254,268,268,268,193,225,241,241,268,268,268,117,117,117,117,217,217,235,235,281,281,281,281,0,12,12,22,35,35,35,52,52,52,52],"floor_reached":50,"language":"ZHS","playtime":8023,"items_purged":["Strike_G","Defend_G"],"score":491,"play_id":"92b55962-f9bd-4df1-b0a9-e7da7febf672","local_time":"20210211013426","is_ascension_mode":false,"campfire_choices":[{"data":"Dash","floor":6,"key":"SMITH"},{"data":"Venomology","floor":15,"key":"SMITH"},{"data":"Die Die Die","floor":25,"key":"SMITH"},{"floor":32,"key":"REST"},{"data":"Blind","floor":40,"key":"SMITH"},{"data":"Chrysalis","floor":47,"key":"SMITH"},{"data":"Phantasmal Killer","floor":49,"key":"SMITH"}],"circlet_count":0,"master_deck":["Strike_G+1","Strike_G+1","Defend_G+1","Defend_G+1","Survivor","Neutralize","Dash+1","Slice","Terror","Adrenaline+1","Parasite","Venomology+1","Backstab","Die Die Die+1","CurseOfTheBell","Deadly Poison+1","Dash+1","Corpse Explosion","Cloak And Dagger","Neutralize","Phantasmal Killer+1","Madness","Madness","Chrysalis+1","Blind+1"],"relics":["Ring of the Snake","NeowsBlessing","Meat on the Bone","Paper Crane","Juzu Bracelet","Letter Opener","Calling Bell","Boot","Ninja Scroll","Bird Faced Urn","Enchiridion","Orichalcum","Bronze Scales","MutagenicStrength","Empty Cage","FossilizedHelix","Red Mask","Potion Belt"],"acts_visited":["Exordium","TheCity","TheBeyond"],"potions_floor_usage":[7,8,16,16,16,18,19,23,24,33,33,33,33,50,50,50,50,50],"damage_taken":[{"damage":0,"enemies":"Cultist","floor":1,"turns":1},{"damage":0,"enemies":"2 Louse","floor":2,"turns":1},{"damage":0,"enemies":"Small Slimes","floor":3,"turns":1},{"damage":26,"enemies":"3 Sentries","floor":7,"turns":12},{"damage":7,"enemies":"Looter","floor":8,"turns":2},{"damage":18,"enemies":"Lagavulin","floor":13,"turns":7},{"damage":0,"enemies":"3 Louse","floor":14,"turns":3},{"damage":19,"enemies":"The Guardian","floor":16,"turns":11},{"damage":5,"enemies":"2 Thieves","floor":18,"turns":2},{"damage":0,"enemies":"Shell Parasite","floor":19,"turns":4},{"damage":9,"enemies":"Book of Stabbing","floor":23,"turns":5},{"damage":2,"enemies":"Centurion and Healer","floor":24,"turns":4},{"damage":25,"enemies":"Collector","floor":33,"turns":7},{"damage":0,"enemies":"3 Darklings","floor":35,"turns":2},{"damage":0,"enemies":"2 Orb Walkers","floor":37,"turns":3},{"damage":0,"enemies":"Orb Walker","floor":42,"turns":2},{"damage":0,"enemies":"Transient","floor":44,"turns":5},{"damage":0,"enemies":"Jaw Worm Horde","floor":45,"turns":2},{"damage":15,"enemies":"Spire Growth","floor":48,"turns":4},{"damage":55,"enemies":"Donu and Deca","floor":50,"turns":7}],"seed_played":"7962427003659963364","potions_obtained":[{"floor":3,"key":"Fruit Juice"},{"floor":7,"key":"Swift Potion"},{"floor":14,"key":"Poison Potion"},{"floor":19,"key":"AttackPotion"},{"floor":24,"key":"DistilledChaos"},{"floor":42,"key":"SteroidPotion"},{"floor":45,"key":"BlessingOfTheForge"}],"is_trial":false,"path_per_floor":["M","M","M","?","$","R","E","M","T","?","?","T","E","M","R","B",null,"M","M","?","?","?","E","M","R","T","?","?","$","?","?","R","B",null,"M","?","?","?","?","R","?","M","T","M","M","?","R","M","R","B"],"character_chosen":"THE_SILENT","items_purchased":["Fire Potion"],"campfire_rested":1,"item_purchase_floors":[29],"current_hp_per_floor":[70,70,70,70,70,70,49,42,42,42,60,60,42,42,42,35,75,70,70,70,54,54,49,49,49,49,49,49,49,49,49,71,48,75,75,66,68,58,58,58,58,60,60,62,64,64,64,51,51,0,0],"gold":52,"neow_bonus":"THREE_ENEMY_KILL","is_daily":false,"chose_seed":false,"campfire_upgraded":6,"win_rate":0.0,"timestamp":1612978466,"path_taken":["M","M","?","?","$","R","E","M","T","?","?","?","E","M","R","BOSS","M","M","?","?","?","E","M","R","T","?","?","?","?","?","R","BOSS","M","?","?","?","?","R","?","M","T","M","M","?","R","M","R","BOSS"],"items_purchased_type":["Potion"],"build_version":"2020-12-22","purchased_purges":2,"victory":false,"max_hp_per_floor":[70,70,70,70,70,70,75,75,75,75,75,75,75,75,75,75,75,75,75,75,75,75,75,75,75,75,75,75,75,75,75,75,75,75,75,75,75,75,75,75,75,75,75,75,75,75,75,75,75,75,75],"card_choices":[{"not_picked":["Deflect","Endless Agony"],"picked":"Dash","floor":1},{"not_picked":["Cloak And Dagger","Underhanded Strike"],"picked":"Slice","floor":2},{"not_picked":["Eviscerate","Dodge and Roll"],"picked":"Terror","floor":3},{"not_picked":["Dagger Throw","Dodge and Roll","Cloak And Dagger"],"picked":"SKIP","floor":7},{"not_picked":["All Out Attack","Finisher"],"picked":"Adrenaline","floor":8},{"not_picked":["Slice","Dash"],"picked":"Venomology","floor":13},{"not_picked":["Calculated Gamble","Finisher"],"picked":"Backstab","floor":14},{"not_picked":["Envenom","Corpse Explosion"],"picked":"Die Die Die","floor":16},{"not_picked":["Quick Slash","Cloak And Dagger","Choke"],"picked":"SKIP","floor":18},{"not_picked":["Finisher","Leg Sweep"],"picked":"Deadly Poison+1","floor":19},{"not_picked":["Flying Knee","Endless Agony+1"],"picked":"Dash+1","floor":23},{"not_picked":["Flying Knee","Bane","Slice"],"picked":"SKIP","floor":24},{"not_picked":["Malaise","Bullet Time"],"picked":"Phantasmal Killer","floor":33},{"not_picked":["Terror+1","Bane","Poisoned Stab"],"picked":"SKIP","floor":35},{"not_picked":["Master of Strategy","Discovery"],"picked":"Chrysalis","floor":38},{"not_picked":["Flash of Steel","Deep Breath"],"picked":"Blind","floor":38},{"not_picked":["Mind Blast","Finesse"],"picked":"Blind","floor":38},{"not_picked":["Underhanded Strike","Tactician","Dagger Throw"],"picked":"SKIP","floor":42},{"not_picked":["Poisoned Stab+1","Underhanded Strike","Blade Dance+1"],"picked":"SKIP","floor":44},{"not_picked":["Eviscerate","Slice","Underhanded Strike"],"picked":"SKIP","floor":45},{"not_picked":["Underhanded Strike","PiercingWail","Sucker Punch+1"],"picked":"SKIP","floor":48}],"player_experience":108034,"relics_obtained":[{"floor":7,"key":"Meat on the Bone"},{"floor":9,"key":"Paper Crane"},{"floor":12,"key":"Juzu Bracelet"},{"floor":13,"key":"Letter Opener"},{"floor":17,"key":"Boot"},{"floor":17,"key":"Ninja Scroll"},{"floor":17,"key":"Bird Faced Urn"},{"floor":21,"key":"Enchiridion"},{"floor":23,"key":"Orichalcum"},{"floor":26,"key":"Bronze Scales"},{"floor":37,"key":"FossilizedHelix"},{"floor":43,"key":"Potion Belt"}],"event_choices":[{"cards_removed":["Strike_G"],"damage_healed":0,"gold_gain":0,"player_choice":"Card Removal","damage_taken":0,"max_hp_gain":0,"max_hp_loss":0,"event_name":"The Cleric","floor":4,"gold_loss":50},{"damage_healed":0,"gold_gain":0,"player_choice":"Grow","damage_taken":0,"max_hp_gain":0,"max_hp_loss":0,"event_name":"Living Wall","floor":10,"gold_loss":0,"cards_upgraded":["Adrenaline"]},{"damage_healed":18,"gold_gain":0,"player_choice":"Healed and dodged fight","damage_taken":0,"max_hp_gain":0,"max_hp_loss":0,"event_name":"Mushrooms","floor":11,"gold_loss":0,"cards_obtained":["Parasite"]},{"damage_healed":0,"gold_gain":0,"player_choice":"Ignored","damage_taken":0,"max_hp_gain":0,"max_hp_loss":0,"event_name":"Vampires","floor":20,"gold_loss":0},{"damage_healed":0,"gold_gain":0,"player_choice":"Obtained Book","damage_taken":16,"max_hp_gain":0,"max_hp_loss":0,"event_name":"Cursed Tome","floor":21,"gold_loss":0},{"cards_removed":["Defend_G"],"damage_healed":0,"gold_gain":0,"player_choice":"Gave Gold","damage_taken":0,"max_hp_gain":0,"max_hp_loss":0,"event_name":"Beggar","floor":22,"gold_loss":75},{"damage_healed":0,"gold_gain":0,"player_choice":"Ignored","damage_taken":0,"max_hp_gain":0,"max_hp_loss":0,"event_name":"Ghosts","floor":27,"gold_loss":0},{"damage_healed":0,"gold_gain":0,"player_choice":"3 cards matched","damage_taken":0,"max_hp_gain":0,"max_hp_loss":0,"event_name":"Match and Keep!","floor":28,"gold_loss":0,"cards_obtained":["Corpse Explosion","Cloak And Dagger","Neutralize"]},{"damage_healed":0,"gold_gain":0,"player_choice":"3 cards matched","damage_taken":0,"max_hp_gain":0,"max_hp_loss":0,"event_name":"Match and Keep!","floor":28,"gold_loss":0,"cards_obtained":["Corpse Explosion","Cloak And Dagger","Neutralize"]},{"damage_healed":0,"gold_gain":0,"player_choice":"Simplicity","damage_taken":0,"max_hp_gain":0,"max_hp_loss":0,"event_name":"Back to Basics","floor":30,"gold_loss":0,"cards_upgraded":["Strike_G","Strike_G","Strike_G","Defend_G","Defend_G","Defend_G"]},{"damage_healed":0,"gold_gain":0,"player_choice":"Inject Mutagens","damage_taken":0,"relics_obtained":["MutagenicStrength"],"max_hp_gain":0,"max_hp_loss":0,"event_name":"Drug Dealer","floor":31,"gold_loss":0},{"damage_healed":0,"gold_gain":0,"player_choice":"Embrace Madness","damage_taken":9,"max_hp_gain":0,"max_hp_loss":0,"event_name":"Winding Halls","floor":36,"gold_loss":0,"cards_obtained":["Madness","Madness"]},{"damage_healed":0,"gold_gain":0,"player_choice":"Fight","damage_taken":0,"max_hp_gain":0,"max_hp_loss":0,"event_name":"Mysterious Sphere","floor":37,"gold_loss":0},{"damage_healed":0,"gold_gain":0,"player_choice":"Memory 3","damage_taken":10,"max_hp_gain":0,"max_hp_loss":0,"event_name":"SensoryStone","floor":38,"gold_loss":0},{"damage_healed":0,"gold_gain":0,"player_choice":"Ignored","damage_taken":0,"max_hp_gain":0,"max_hp_loss":0,"event_name":"SecretPortal","floor":39,"gold_loss":0},{"damage_healed":0,"gold_gain":0,"player_choice":"Paid","damage_taken":0,"relics_obtained":["Red Mask"],"max_hp_gain":0,"max_hp_loss":0,"event_name":"Tomb of Lord Red Mask","floor":41,"gold_loss":281},{"cards_removed":["Blind"],"damage_healed":0,"gold_gain":0,"player_choice":"Removed Skill","damage_taken":0,"max_hp_gain":0,"max_hp_loss":0,"event_name":"Falling","floor":46,"gold_loss":0}],"is_beta":false,"boss_relics":[{"not_picked":["Fusion Hammer","Cursed Key"],"picked":"Calling Bell"},{"not_picked":["Ring of the Serpent","HoveringKite"],"picked":"Empty Cage"}],"items_purged_floors":[5,29],"is_endless":false,"potions_floor_spawned":[3,7,14,19,24,42,45,48],"killed_by":"Donu and Deca","ascension_level":0}}