{"host":"toh0bbw446wnuexf","time":1612995990,"event":{"mods":["BaseMod","Downfall","Hermit","Minty Spire (QoL Compilation)","Random Character Button","StSLib"],"gold_per_floor":[99,111,126,36,48,48,73,89,102,102,166,166,193,213,228,228,228,228],"floor_reached":16,"language":"ENG","playtime":1311,"items_purged":["Slimebound:Tackle"],"score":114,"play_id":"f26687d7-9e89-441a-a45a-37d0e2041913","local_time":"20210211112630","is_ascension_mode":true,"campfire_choices":[{"data":"Slimebound:TagTeam","floor":1,"key":"SMITH"},{"data":"Slimebound:PressTheAttack","floor":6,"key":"SMITH"},{"data":"Slimebound:CorrosiveSpit","floor":10,"key":"SMITH"},{"floor":12,"key":"REST"}],"circlet_count":0,"master_deck":["Slimebound:Strike_Slimebound","Slimebound:Strike_Slimebound","Slimebound:Strike_Slimebound","Slimebound:Defend_Slimebound","Slimebound:Defend_Slimebound","Slimebound:Defend_Slimebound","Slimebound:Defend_Slimebound","Slimebound:Split","Slimebound:CorrosiveSpit+1","Slimebound:TagTeam+1","Slimebound:PressTheAttack+1","Slimebound:LivingWall","Slimebound:SplitBruiser","Slimebound:SplitSpecialist","Slimebound:RallyTheTroops"],"relics":["Slimebound:AbsorbEndCombat","Smiling Mask","Unceasing Top","Anchor"],"acts_visited":["Exordium"],"potions_floor_usage":[],"damage_taken":[{"damage":7,"enemies":"Jaw Worm","floor":2,"turns":3},{"damage":3,"enemies":"2 Louse","floor":3,"turns":3},{"damage":0,"enemies":"downfall:FleeingMerchant","floor":4,"turns":4},{"damage":0,"enemies":"Cultist","floor":5,"turns":3},{"damage":1,"enemies":"2 Fungi Beasts","floor":8,"turns":3},{"damage":2,"enemies":"Large Slime","floor":9,"turns":6},{"damage":25,"enemies":"Lagavulin Event","floor":11,"turns":4},{"damage":19,"enemies":"Lagavulin","floor":13,"turns":5},{"damage":0,"enemies":"Blue Slaver","floor":14,"turns":2},{"damage":6,"enemies":"Exordium Thugs","floor":15,"turns":3},{"damage":44,"enemies":"WA_ARCHETYPE_RETAIN","floor":16,"turns":7}],"seed_played":"-2093218107480976791","potions_obtained":[{"floor":5,"key":"BlessingOfTheForge"},{"floor":8,"key":"bronze:BurnAndBuffPotion"},{"floor":11,"key":"AttackPotion"},{"floor":13,"key":"Slimebound:SlimedPotion"}],"is_trial":false,"path_per_floor":["R","M","M","$","M","R","T","M","M","R","?","R","E","M","M","B"],"character_chosen":"SLIMEBOUND","items_purchased":[],"campfire_rested":1,"item_purchase_floors":[],"current_hp_per_floor":[59,54,53,55,57,57,57,56,56,56,33,50,35,35,31,0,0,0],"gold":228,"neow_bonus":"THREE_RARE_CARDS","is_daily":false,"chose_seed":false,"campfire_upgraded":3,"win_rate":0.0,"timestamp":1612995990,"path_taken":["R","M","M","$","M","R","T","M","M","R","?","R","E","M","M","BOSS"],"items_purchased_type":[],"build_version":"2020-12-22","purchased_purges":1,"victory":false,"max_hp_per_floor":[59,59,59,59,59,59,59,59,59,59,59,59,59,59,59,59,59,59],"card_choices":[{"not_picked":["Slimebound:FirmFortitude","Slimebound:Overexert"],"picked":"Slimebound:TagTeam","floor":0},{"not_picked":["Slimebound:ItLooksTasty","Slimebound:SamplingLick"],"picked":"Slimebound:PressTheAttack","floor":2},{"not_picked":["Slimebound:ForwardTackle","Slimebound:BestDefense"],"picked":"Slimebound:LivingWall","floor":3},{"not_picked":["Slimebound:ServeAndProtect","Slimebound:FlameTackle"],"picked":"Slimebound:SplitBruiser","floor":4},{"not_picked":["Slimebound:ServeAndProtect","Slimebound:ComboTackle","Slimebound:SplitSpecialist"],"picked":"SKIP","floor":5},{"not_picked":["Slimebound:ServeAndProtect","Slimebound:ComboTackle"],"picked":"Slimebound:SplitSpecialist","floor":5},{"not_picked":["Slimebound:Repurpose","Slimebound:LivingWall"],"picked":"Slimebound:RallyTheTroops","floor":8},{"not_picked":["Slimebound:RejuvenatingLick","Slimebound:Nibble","Slimebound:SplitBruiser"],"picked":"SKIP","floor":9},{"not_picked":["Slimebound:BestDefense","Slimebound:TongueLash","Slimebound:SlimeTap"],"picked":"SKIP","floor":13},{"not_picked":["Slimebound:SlimeSpikes","Slimebound:LeechEnergy","Slimebound:ForwardTackle"],"picked":"SKIP","floor":14},{"not_picked":["Slimebound:SplitLeeching","Slimebound:Prepare","Slimebound:ProtectTheBoss"],"picked":"SKIP","floor":15}],"player_experience":674749,"relics_obtained":[{"floor":7,"key":"Smiling Mask"},{"floor":11,"key":"Unceasing Top"},{"floor":13,"key":"Anchor"}],"event_choices":[],"is_beta":false,"boss_relics":[],"items_purged_floors":[4],"is_endless":false,"potions_floor_spawned":[5,8,11,13,14,15],"killed_by":"WA_ARCHETYPE_RETAIN","ascension_level":2}}