{"host":"epc8efk9vrywpcsw","time":1612973275,"event":{"mods":["BaseMod","Minty Spire (QoL Compilation)","Relic Stats","StSLib"],"gold_per_floor":[112,75,75,40,60,87,87,122,149,160,235,245,245,263,263,359,359,378,378,403,403,422,462,462,496,548,548,44,69,69,109,109,211,211,225,257,78,97,127,136,136,163,163,183,183,262,292,292,292,292],"floor_reached":51,"language":"ENG","playtime":1487,"items_purged":[],"score":1321,"play_id":"48320bc1-f92f-4755-96ea-d3d340b14813","local_time":"20210210170755","is_ascension_mode":true,"campfire_choices":[{"data":"Zap","floor":7.0,"key":"SMITH"},{"data":"Dualcast","floor":15.0,"key":"SMITH"},{"data":"Meteor Strike","floor":24.0,"key":"SMITH"},{"floor":27.0,"key":"REST"},{"data":"Redo","floor":32.0,"key":"SMITH"},{"floor":41,"key":"REST"},{"floor":45,"key":"REST"},{"data":"Secret Weapon","floor":49,"key":"SMITH"}],"circlet_count":0,"master_deck":["AscendersBane","Strike_B+1","Strike_B+1","Strike_B+1","Defend_B+1","Defend_B+1","Defend_B+1","Defend_B+1","Zap+1","Dualcast+1","Cold Snap","FTL","Gash+1","Reinforced Body+1","Melter","Compile Driver","Meteor Strike+1","Compile Driver","Redo+1","Beam Cell+1","Ball Lightning+1","All For One+1","Redo+1","All For One","Compile Driver+1","Secret Weapon+1","Compile Driver","Finesse","Reboot","Hologram+1"],"relics":["Cracked Core","NeowsBlessing","Nunchaku","Lizard Tail","Shuriken","Blood Vial","Golden Idol","Nuclear Battery","Sundial","War Paint","Anchor","Lee\u0027s Waffle","Whetstone","CeramicFish","SlaversCollar","Pear","Question Card"],"acts_visited":["Exordium","TheCity","TheBeyond"],"potions_floor_usage":[50,50],"damage_taken":[{"damage":0.0,"enemies":"Cultist","floor":1.0,"turns":1.0},{"damage":0.0,"enemies":"Jaw Worm","floor":5.0,"turns":1.0},{"damage":0.0,"enemies":"Gremlin Nob","floor":6.0,"turns":1.0},{"damage":16.0,"enemies":"Lagavulin","floor":8.0,"turns":8.0},{"damage":0.0,"enemies":"2 Louse","floor":10.0,"turns":2.0},{"damage":0.0,"enemies":"2 Fungi Beasts","floor":12.0,"turns":3.0},{"damage":16.0,"enemies":"Lots of Slimes","floor":14.0,"turns":4.0},{"damage":24.0,"enemies":"The Guardian","floor":16.0,"turns":10.0},{"damage":18.0,"enemies":"3 Byrds","floor":18.0,"turns":4.0},{"damage":0.0,"enemies":"Spheric Guardian","floor":20.0,"turns":1.0},{"damage":10.0,"enemies":"Snake Plant","floor":22.0,"turns":3.0},{"damage":5.0,"enemies":"Slavers","floor":23.0,"turns":5.0},{"damage":28.0,"enemies":"Gremlin Leader","floor":25.0,"turns":5.0},{"damage":2.0,"enemies":"Cultist and Chosen","floor":29.0,"turns":3.0},{"damage":11.0,"enemies":"Book of Stabbing","floor":31.0,"turns":4.0},{"damage":67,"enemies":"Champ","floor":33,"turns":7},{"damage":0,"enemies":"Orb Walker","floor":35,"turns":3},{"damage":19,"enemies":"3 Darklings","floor":36,"turns":4},{"damage":46,"enemies":"Maw","floor":38,"turns":5},{"damage":0,"enemies":"4 Shapes","floor":39,"turns":3},{"damage":0,"enemies":"Spire Growth","floor":42,"turns":3},{"damage":0,"enemies":"Jaw Worm Horde","floor":44,"turns":2},{"damage":4,"enemies":"Sphere and 2 Shapes","floor":47,"turns":4},{"damage":22,"enemies":"Donu and Deca","floor":50,"turns":5}],"seed_played":"1204164178073253982","potions_obtained":[{"floor":8.0,"key":"DistilledChaos"},{"floor":10.0,"key":"Fruit Juice"},{"floor":12.0,"key":"Energy Potion"},{"floor":16.0,"key":"FocusPotion"},{"floor":35,"key":"Dexterity Potion"}],"is_trial":false,"path_per_floor":["M","$","?","?","M","E","R","E","T","M","?","M","?","M","R","B",null,"M","?","M","?","M","E","R","E","T","R","$","M","?","E","R","B",null,"M","M","$","M","M","?","R","M","T","M","R","T","M","?","R","B",null],"character_chosen":"DEFECT","items_purchased":["FTL","Lee\u0027s Waffle","All For One","Whetstone","Secret Weapon"],"campfire_rested":3,"item_purchase_floors":[2,28,28,28,37],"current_hp_per_floor":[64,64,59,71,71,71,71,55,55,57,46,53,53,39,39,17,56,40,40,42,42,34,31,31,5,5,25,76,74,74,65,65,38,67,69,52,52,8,10,10,32,34,44,46,71,71,69,69,69,49],"gold":292,"neow_bonus":"THREE_ENEMY_KILL","is_daily":false,"chose_seed":false,"campfire_upgraded":5,"win_rate":0.0,"timestamp":1612973275,"path_taken":["M","?","?","?","M","E","R","E","T","M","?","M","?","M","R","BOSS","M","?","M","?","?","E","R","E","T","R","$","M","?","E","R","BOSS","M","M","$","M","M","?","R","M","T","M","R","?","M","?","R","BOSS"],"items_purchased_type":["Card","Relic","Card","Relic","Card"],"build_version":"2020-12-22","purchased_purges":0,"victory":true,"max_hp_per_floor":[71,71,71,71,71,71,71,71,71,71,71,76,69,69,69,69,69,69,69,69,69,69,69,69,69,69,69,76,76,76,76,76,76,76,76,76,76,76,76,76,76,76,86,86,86,86,86,82,82,82],"relic_stats":{"Lee\u0027s Waffle":51,"counters":[24,91],"Golden Idol":129,"CeramicFish":72,"Whetstone":["All For One","Gash"],"War Paint":["Reinforced Body"],"Question Card":1,"Blood Vial":38,"Nunchaku":[28],"Lizard Tail":38,"Shuriken":[61],"Sundial":[6],"obtain_stats":[{"Lee\u0027s Waffle":28,"Pear":43,"NeowsBlessing":0,"Golden Idol":13,"CeramicFish":31,"Whetstone":28,"War Paint":25,"Question Card":46,"Nuclear Battery":17,"Blood Vial":9,"SlaversCollar":34,"Nunchaku":3,"Lizard Tail":6,"Anchor":26,"Shuriken":8,"Sundial":23,"Cracked Core":0},{"Lee\u0027s Waffle":13,"Pear":21,"NeowsBlessing":0,"Golden Idol":6,"CeramicFish":15,"Whetstone":13,"War Paint":13,"Question Card":22,"Nuclear Battery":8,"Blood Vial":4,"SlaversCollar":16,"Nunchaku":1,"Lizard Tail":3,"Anchor":13,"Shuriken":4,"Sundial":12,"Cracked Core":0},{"Lee\u0027s Waffle":48,"Pear":80,"NeowsBlessing":0,"Golden Idol":16,"CeramicFish":55,"Whetstone":48,"War Paint":48,"Question Card":82,"Nuclear Battery":30,"Blood Vial":11,"SlaversCollar":62,"Nunchaku":1,"Lizard Tail":3,"Anchor":48,"Shuriken":11,"Sundial":43,"Cracked Core":0}]},"card_choices":[{"not_picked":["Rebound","Tempest"],"picked":"Cold Snap","floor":1.0},{"not_picked":["Self Repair","Conserve Battery"],"picked":"Gash","floor":5.0},{"not_picked":["Reprogram","Darkness"],"picked":"Reinforced Body","floor":6.0},{"not_picked":["Blizzard","Loop","Sweeping Beam"],"picked":"SKIP","floor":8.0},{"not_picked":["Redo","Conserve Battery","Hologram"],"picked":"SKIP","floor":10.0},{"not_picked":["Streamline","Steam Power"],"picked":"Melter","floor":12.0},{"not_picked":["Steam Power","Streamline"],"picked":"Compile Driver","floor":14.0},{"not_picked":["Echo Form","Multi-Cast"],"picked":"Meteor Strike","floor":16.0},{"not_picked":["Stack+1","Streamline+1"],"picked":"Compile Driver","floor":18.0},{"not_picked":["Chill","Barrage"],"picked":"Redo+1","floor":20.0},{"not_picked":["Turbo","Go for the Eyes"],"picked":"Beam Cell+1","floor":22.0},{"not_picked":["Go for the Eyes","Streamline","Turbo+1"],"picked":"SKIP","floor":23.0},{"not_picked":["Melter","Hyperbeam"],"picked":"Ball Lightning+1","floor":25.0},{"not_picked":["Sweeping Beam","Heatsinks+1","Recycle"],"picked":"SKIP","floor":29.0},{"not_picked":["Double Energy","Ball Lightning"],"picked":"Redo","floor":31.0},{"not_picked":["Hyperbeam","Machine Learning"],"picked":"All For One","floor":33},{"not_picked":["Sweeping Beam","Capacitor","Turbo"],"picked":"SKIP","floor":35},{"not_picked":["Consume+1","Beam Cell"],"picked":"Compile Driver+1","floor":36},{"not_picked":["Hologram","Sweeping Beam","Leap"],"picked":"SKIP","floor":38},{"not_picked":["Chill","Chaos"],"picked":"Compile Driver","floor":39},{"not_picked":["Flash of Steel","Good Instincts"],"picked":"Finesse","floor":40},{"not_picked":["Compile Driver","Beam Cell+1"],"picked":"Reboot","floor":42},{"not_picked":["Redo","Streamline","Aggregate+1"],"picked":"SKIP","floor":44},{"not_picked":["Cold Snap","Streamline+1","Chaos"],"picked":"Hologram+1","floor":47}],"player_experience":514049,"relics_obtained":[{"floor":6.0,"key":"Lizard Tail"},{"floor":8.0,"key":"Shuriken"},{"floor":9.0,"key":"Blood Vial"},{"floor":23.0,"key":"Sundial"},{"floor":25.0,"key":"War Paint"},{"floor":26.0,"key":"Anchor"},{"floor":31.0,"key":"CeramicFish"},{"floor":43,"key":"Pear"},{"floor":46,"key":"Question Card"}],"event_choices":[{"damage_healed":0.0,"max_hp_gain":0.0,"max_hp_loss":0.0,"gold_gain":0.0,"event_name":"Scrap Ooze","player_choice":"Success","floor":3.0,"gold_loss":0.0,"damage_taken":5.0,"relics_obtained":["Nunchaku"]},{"damage_healed":17.0,"max_hp_gain":0.0,"max_hp_loss":0.0,"gold_gain":0.0,"event_name":"The Cleric","player_choice":"Healed","floor":4.0,"gold_loss":35.0,"damage_taken":0.0},{"damage_healed":0.0,"max_hp_gain":0.0,"max_hp_loss":0.0,"gold_gain":75.0,"event_name":"World of Goop","player_choice":"Gather Gold","floor":11.0,"gold_loss":0.0,"damage_taken":11.0},{"damage_healed":0.0,"max_hp_gain":0.0,"max_hp_loss":7.0,"gold_gain":0.0,"event_name":"Golden Idol","player_choice":"Lose Max HP","floor":13.0,"gold_loss":0.0,"damage_taken":0.0,"relics_obtained":["Golden Idol"]},{"damage_healed":0.0,"max_hp_gain":0.0,"max_hp_loss":0.0,"gold_gain":0.0,"event_name":"Back to Basics","player_choice":"Simplicity","floor":19.0,"gold_loss":0.0,"damage_taken":0.0,"cards_upgraded":["Strike_B","Strike_B","Strike_B","Strike_B","Defend_B","Defend_B","Defend_B","Defend_B"]},{"damage_healed":0.0,"max_hp_gain":0.0,"max_hp_loss":0.0,"gold_gain":0.0,"event_name":"Match and Keep!","player_choice":"0 cards matched","floor":21.0,"gold_loss":0.0,"damage_taken":0.0,"cards_obtained":[]},{"cards_removed":["Strike_B"],"damage_healed":0.0,"max_hp_gain":0.0,"max_hp_loss":0.0,"gold_gain":0.0,"event_name":"Purifier","player_choice":"Purged","floor":30.0,"gold_loss":0.0,"damage_taken":0.0},{"damage_healed":0,"gold_gain":0,"player_choice":"Memory 1","damage_taken":0,"max_hp_gain":0,"max_hp_loss":0,"event_name":"SensoryStone","floor":40,"gold_loss":0},{"damage_healed":0,"gold_gain":0,"player_choice":"Max HP","damage_taken":0,"max_hp_gain":0,"max_hp_loss":4,"event_name":"Winding Halls","floor":48,"gold_loss":0}],"is_beta":false,"boss_relics":[{"not_picked":["Inserter","Calling Bell"],"picked":"Nuclear Battery"},{"not_picked":["Snecko Eye","Velvet Choker"],"picked":"SlaversCollar"}],"items_purged_floors":[],"is_endless":false,"potions_floor_spawned":[8,10,12,16,18,20,22,31,35,38,44,47],"ascension_level":16}}