{"host":"m9osufisr3agwk96","time":1612943106,"event":{"mods":["AchievementEnabler","Aspiration","BaseMod","Colored Map","Colored Powertips","Downfall","Friendly Minions","Hermit","Highlight Path","Hubris","Minty Spire (QoL Compilation)","Rare Cards Sparkle","Reliquary","Replay The Spire","Shop Mod","StSLib"],"gold_per_floor":[116,69,69,83,97,97,97,97,97,29,39,39,69,86,86,86,86],"floor_reached":16,"language":"ENG","playtime":531,"items_purged":[],"score":138,"play_id":"d6a6d34d-db44-430c-b609-3e6417818628","local_time":"20210209234506","is_ascension_mode":true,"campfire_choices":[{"data":"Jack Of All Trades","floor":6,"key":"SMITH"},{"data":"BasicCrystalCard","floor":8,"key":"SMITH"},{"floor":15,"key":"DIG"}],"circlet_count":0,"master_deck":["Strike_B","Strike_B","Strike_B","Strike_B","Defend_B","Defend_B","Defend_B","Defend_B","Zap","Dualcast","Coolheaded","BasicCrystalCard+1","Injury","Jack Of All Trades+1","Rip and Tear","Defragment","Tempest","Double Energy+1","hexamod:ExtraCrispy","ReplaySort"],"relics":["Cracked Core","aspiration:Nostalgia","m_HexaRing","Gremlin Horn","Chameleon Ring","reliquary:IridiumChain"],"acts_visited":["Exordium"],"potions_floor_usage":[13,13,14],"damage_taken":[{"damage":3,"enemies":"2 Louse","floor":1,"turns":2},{"damage":1,"enemies":"Cultist","floor":4,"turns":4},{"damage":2,"enemies":"Jaw Worm","floor":5,"turns":2},{"damage":13,"enemies":"Exordium Wildlife","floor":11,"turns":3},{"damage":0,"enemies":"Gremlin Nob","floor":13,"turns":3},{"damage":32,"enemies":"Large Slime","floor":14,"turns":6},{"damage":55,"enemies":"Hexaghost","floor":16,"turns":7}],"seed_played":"-6497848379533966453","potions_obtained":[{"floor":5,"key":"Reflective Coating"},{"floor":11,"key":"PowerPotion"},{"floor":13,"key":"Regen Potion"}],"is_trial":false,"path_per_floor":["M","$","?","M","M","R","?","R","T","$","M","?","E","M","R_BF","B"],"character_chosen":"DEFECT","items_purchased":["BasicCrystalCard","Tempest"],"campfire_rested":0,"item_purchase_floors":[2,10],"current_hp_per_floor":[72,72,72,71,69,69,69,69,69,69,56,56,56,49,49,0,0],"gold":86,"neow_bonus":"NOSTALGIA","is_daily":false,"chose_seed":false,"campfire_upgraded":2,"win_rate":0.0,"timestamp":1612943106,"path_taken":["M","$","?","?","M","R","?","R","T","?","?","?","E","M","R_BF","BOSS"],"items_purchased_type":["Card","Card"],"build_version":"2020-12-22","purchased_purges":0,"victory":false,"max_hp_per_floor":[75,75,75,75,75,75,75,75,75,75,75,75,75,75,75,75,75],"card_choices":[{"not_picked":["Reprogram","Sweeping Beam"],"picked":"Coolheaded","floor":1},{"not_picked":["hexamod:ThermalTransfer","ReplayGash"],"picked":"Rip and Tear","floor":4},{"not_picked":["Coolheaded","ReplaySort"],"picked":"Defragment","floor":5},{"not_picked":["Redo","Darkness"],"picked":"Double Energy","floor":11},{"not_picked":["Chill","Sweeping Beam"],"picked":"hexamod:ExtraCrispy","floor":13},{"not_picked":["Stack","Cold Snap"],"picked":"ReplaySort","floor":14}],"player_experience":444018,"relics_obtained":[{"floor":7,"key":"Gremlin Horn"},{"floor":9,"key":"Chameleon Ring"},{"floor":13,"key":"reliquary:FerryPass"},{"floor":15,"key":"reliquary:IridiumChain"}],"event_choices":[{"damage_healed":0,"gold_gain":0,"player_choice":"2 cards matched","damage_taken":0,"max_hp_gain":0,"max_hp_loss":0,"event_name":"Match and Keep!","floor":3,"gold_loss":0,"cards_obtained":["Injury","Jack Of All Trades"]},{"damage_healed":0,"gold_gain":0,"player_choice":"Relic","damage_taken":0,"max_hp_gain":0,"max_hp_loss":0,"event_name":"Wheel of Change","floor":7,"gold_loss":0},{"damage_healed":0,"gold_gain":0,"player_choice":"Grow","damage_taken":0,"max_hp_gain":0,"max_hp_loss":0,"event_name":"Living Wall","floor":12,"gold_loss":0,"cards_upgraded":["Double Energy"]}],"is_beta":false,"boss_relics":[],"items_purged_floors":[],"is_endless":false,"potions_floor_spawned":[5,11,13],"killed_by":"Hexaghost","ascension_level":2}}