{"host":"syozzdlzcqop4jia","time":1612999750,"event":{"mods":["AchievementEnabler","BaseMod","Colored Map","Colored Powertips","Minty Spire (QoL Compilation)","Quick Restart"],"gold_per_floor":[119,137,212,226,226,226,237,237,237,237,263,273,290,290,290,393,393,403,403,417,470,72,72,72,88,88,105,136,154,83,98,98,195,195,210,55,70,70,88,88,105,123,147,157,157,177,177,195,195,195,195],"floor_reached":50,"language":"ENG","playtime":2586,"items_purged":["Writhe"],"score":570,"play_id":"15ebac08-5b38-4e1d-a4cc-04a871c1f344","local_time":"20210211002910","is_ascension_mode":false,"campfire_choices":[{"floor":6,"key":"RECALL"},{"data":"Flex","floor":8,"key":"SMITH"},{"data":"Sword Boomerang","floor":10,"key":"SMITH"},{"data":"Carnage","floor":15,"key":"SMITH"},{"floor":23,"key":"DIG"},{"floor":32,"key":"REST"},{"floor":40,"key":"REST"},{"floor":45,"key":"REST"},{"floor":49,"key":"REST"}],"circlet_count":0,"master_deck":["Strike_R","Strike_R","Strike_R","Strike_R","Strike_R","Defend_R","Defend_R","Defend_R","Defend_R","Bash","Demon Form+1","Perfected Strike","Sword Boomerang+1","Iron Wave","Flex+1","Carnage+1","Twin Strike","Twin Strike","Limit Break","Battle Trance","Anger+1","Shrug It Off","Swift Strike","Heavy Blade","Inflame","Perfected Strike+1","Shrug It Off+1","Spot Weakness","Anger+1","Double Tap","Sword Boomerang+1","Pummel","Ghostly Armor","Pommel Strike+1","Twin Strike+1","Twin Strike","Inflame","Decay","Pummel","Flex+1","Metamorphosis","Heavy Blade+1"],"relics":["Burning Blood","Bronze Scales","Velvet Choker","Shovel","Regal Pillow","Toy Ornithopter","Pear","Enchiridion","Blue Candle","Strawberry","Cursed Key","Dream Catcher"],"acts_visited":["Exordium","TheCity","TheBeyond"],"potions_floor_usage":[20,27,39,50,50,50],"damage_taken":[{"damage":12,"enemies":"Small Slimes","floor":1,"turns":6},{"damage":0,"enemies":"2 Louse","floor":2,"turns":2},{"damage":6,"enemies":"Jaw Worm","floor":4,"turns":3},{"damage":3,"enemies":"2 Fungi Beasts","floor":7,"turns":4},{"damage":9,"enemies":"Gremlin Nob","floor":11,"turns":3},{"damage":0,"enemies":"Looter","floor":12,"turns":1},{"damage":2,"enemies":"Blue Slaver","floor":13,"turns":2},{"damage":39,"enemies":"The Guardian","floor":16,"turns":7},{"damage":5,"enemies":"Chosen","floor":18,"turns":4},{"damage":26,"enemies":"2 Thieves","floor":20,"turns":4},{"damage":9,"enemies":"Shelled Parasite and Fungi","floor":25,"turns":3},{"damage":10,"enemies":"Snecko","floor":27,"turns":3},{"damage":21,"enemies":"Gremlin Leader","floor":28,"turns":5},{"damage":19,"enemies":"Sentry and Sphere","floor":29,"turns":4},{"damage":25,"enemies":"Centurion and Healer","floor":31,"turns":4},{"damage":41,"enemies":"Champ","floor":33,"turns":7},{"damage":7,"enemies":"Orb Walker","floor":35,"turns":2},{"damage":25,"enemies":"3 Shapes","floor":37,"turns":4},{"damage":39,"enemies":"Writhing Mass","floor":39,"turns":4},{"damage":46,"enemies":"Maw","floor":41,"turns":7},{"damage":24,"enemies":"Jaw Worm Horde","floor":42,"turns":3},{"damage":26,"enemies":"4 Shapes","floor":44,"turns":4},{"damage":8,"enemies":"Transient","floor":46,"turns":5},{"damage":23,"enemies":"Sphere and 2 Shapes","floor":48,"turns":3},{"damage":122,"enemies":"Awakened One","floor":50,"turns":7}],"seed_played":"-9040650939325075215","potions_obtained":[{"floor":2,"key":"AttackPotion"},{"floor":7,"key":"GamblersBrew"},{"floor":16,"key":"AttackPotion"},{"floor":18,"key":"BlessingOfTheForge"},{"floor":20,"key":"Strength Potion"},{"floor":29,"key":"SpeedPotion"},{"floor":31,"key":"AttackPotion"},{"floor":35,"key":"Explosive Potion"},{"floor":41,"key":"Ancient Potion"},{"floor":46,"key":"Strength Potion"}],"is_trial":false,"path_per_floor":["M","M","?","M","?","R","M","R","T","R","E","M","M","?","R","B",null,"M","?","M","T","$","R","?","M","T","M","E","M","$","M","R","B",null,"M","$","M","$","M","R","M","M","T","M","R","M","?","M","R","B"],"character_chosen":"IRONCLAD","items_purchased":["Shrug It Off","Swift Strike","Heavy Blade","Toy Ornithopter","Spot Weakness","Pummel","Ghostly Armor"],"campfire_rested":4,"item_purchase_floors":[22,22,22,22,30,36,36],"current_hp_per_floor":[74,80,69,69,69,69,72,72,72,72,69,75,79,79,79,46,80,80,80,60,60,60,70,54,51,51,52,44,31,31,12,56,21,97,96,96,77,77,49,93,53,35,35,15,59,57,57,40,84,0,0],"gold":195,"neow_bonus":"ONE_RANDOM_RARE_CARD","is_daily":false,"chose_seed":false,"campfire_upgraded":3,"win_rate":0.0,"timestamp":1612999750,"path_taken":["M","M","?","M","?","R","M","R","T","R","E","M","M","?","R","BOSS","M","?","M","?","$","R","?","M","T","M","E","M","?","M","R","BOSS","M","$","M","$","M","R","M","M","T","M","R","M","?","M","R","BOSS"],"items_purchased_type":["Card","Card","Card","Relic","Card","Card","Card"],"build_version":"2020-12-22","purchased_purges":1,"victory":false,"max_hp_per_floor":[80,80,80,80,80,80,80,80,80,80,80,80,80,80,80,80,80,80,80,80,80,80,90,90,90,90,90,97,97,97,97,97,97,97,97,97,97,97,97,97,97,97,97,97,97,97,97,97,97,97,97],"card_choices":[{"not_picked":["Armaments","Cleave"],"picked":"Perfected Strike","floor":1},{"not_picked":["Clash","Perfected Strike"],"picked":"Sword Boomerang","floor":2},{"not_picked":["Demon Form","Clothesline"],"picked":"Iron Wave","floor":4},{"not_picked":["Evolve","Cleave"],"picked":"Flex","floor":7},{"not_picked":["Armaments","Flex"],"picked":"Carnage","floor":11},{"not_picked":["Havoc","Bludgeon"],"picked":"Twin Strike","floor":12},{"not_picked":["Evolve","Combust"],"picked":"Twin Strike","floor":13},{"not_picked":["Reaper","Exhume"],"picked":"Limit Break","floor":16},{"not_picked":["Rampage","Twin Strike+1"],"picked":"Battle Trance","floor":18},{"not_picked":["True Grit","Rampage+1"],"picked":"Anger+1","floor":20},{"not_picked":["Sentinel+1","Shockwave","Intimidate"],"picked":"SKIP","floor":25},{"not_picked":["Pummel","Twin Strike"],"picked":"Inflame","floor":27},{"not_picked":["Rupture+1","Clothesline"],"picked":"Perfected Strike+1","floor":28},{"not_picked":["Carnage","Cleave"],"picked":"Shrug It Off+1","floor":29},{"not_picked":["Blood for Blood+1","Combust+1"],"picked":"Anger+1","floor":31},{"not_picked":["Bludgeon","Barricade"],"picked":"Double Tap","floor":33},{"not_picked":["Entrench+1","Thunderclap"],"picked":"Sword Boomerang+1","floor":35},{"not_picked":["Clash+1","Whirlwind+1"],"picked":"Pommel Strike+1","floor":37},{"not_picked":["Clothesline+1","Armaments+1"],"picked":"Twin Strike+1","floor":39},{"not_picked":["Feel No Pain","Shrug It Off"],"picked":"Twin Strike","floor":41},{"not_picked":["Clash","Armaments"],"picked":"Inflame","floor":42},{"not_picked":["Havoc","Pommel Strike+1"],"picked":"Pummel","floor":44},{"not_picked":["Anger","Twin Strike+1"],"picked":"Flex+1","floor":45},{"not_picked":["Clash+1","Pommel Strike","Entrench"],"picked":"SKIP","floor":46},{"not_picked":["Purity","Impatience"],"picked":"Metamorphosis","floor":47},{"not_picked":["Headbutt","Cleave"],"picked":"Heavy Blade+1","floor":48}],"player_experience":666790,"relics_obtained":[{"floor":11,"key":"Bronze Scales"},{"floor":21,"key":"Regal Pillow"},{"floor":23,"key":"Pear"},{"floor":24,"key":"Enchiridion"},{"floor":26,"key":"Blue Candle"},{"floor":28,"key":"Strawberry"},{"floor":43,"key":"Dream Catcher"}],"event_choices":[{"damage_healed":0,"gold_gain":75,"player_choice":"Gather Gold","damage_taken":11,"max_hp_gain":0,"max_hp_loss":0,"event_name":"World of Goop","floor":3,"gold_loss":0},{"damage_healed":0,"gold_gain":0,"player_choice":"Grow","damage_taken":0,"max_hp_gain":0,"max_hp_loss":0,"event_name":"Living Wall","floor":5,"gold_loss":0,"cards_upgraded":["Demon Form"]},{"damage_healed":0,"gold_gain":0,"player_choice":"Ignored","damage_taken":0,"max_hp_gain":0,"max_hp_loss":0,"event_name":"Golden Idol","floor":14,"gold_loss":0},{"damage_healed":0,"gold_gain":0,"player_choice":"Opened","damage_taken":0,"relics_obtained":["Shovel"],"max_hp_gain":0,"max_hp_loss":0,"event_name":"The Mausoleum","floor":19,"gold_loss":0,"cards_obtained":["Writhe"]},{"damage_healed":0,"gold_gain":0,"player_choice":"Obtained Book","damage_taken":16,"max_hp_gain":0,"max_hp_loss":0,"event_name":"Cursed Tome","floor":24,"gold_loss":0},{"damage_healed":0,"gold_gain":0,"player_choice":"Memory 1","damage_taken":0,"max_hp_gain":0,"max_hp_loss":0,"event_name":"SensoryStone","floor":47,"gold_loss":0}],"is_beta":false,"boss_relics":[{"not_picked":["Pandora\u0027s Box","Fusion Hammer"],"picked":"Velvet Choker"},{"not_picked":["SlaversCollar","Calling Bell"],"picked":"Cursed Key"}],"items_purged_floors":[22],"is_endless":false,"potions_floor_spawned":[2,7,16,18,20,29,31,33,35,37,41,46,48],"killed_by":"Awakened One","ascension_level":0}}