{"host":"3ghcx3e93lhog3cp","time":1612988675,"event":{"mods":["AchievementEnabler","BaseMod","Downfall","Minty Spire (QoL Compilation)","Replay The Spire","StSLib"],"gold_per_floor":[115,126,126,137,157,157,174,174,174,188,203,229,229,199,199,300,300,313,313,313,29,39,248,262,262,262,262,282,282,299,315,315,420,420,432,26,46,46,63,63,63],"floor_reached":40,"language":"ENG","playtime":3518,"items_purged":["Hallucinations"],"score":476,"play_id":"ada03b96-555f-44e7-bad0-4a752a4fc06c","local_time":"20210210122435","is_ascension_mode":true,"campfire_choices":[{"data":"Chrysalis","floor":6.0,"key":"SMITH"},{"data":"Berserk","floor":8.0,"key":"SMITH"},{"data":"Feed","floor":15.0,"key":"SMITH"},{"data":"Whirlwind","floor":25.0,"key":"SMITH"},{"data":"Feel No Pain","floor":27.0,"key":"SMITH"},{"data":"Infernal Blade","floor":29.0,"key":"SMITH"},{"floor":32.0,"key":"DIG"}],"circlet_count":0,"master_deck":["Strike_R","Strike_R","Strike_R","Strike_R","Strike_R","Defend_R","Defend_R","Defend_R","Defend_R","Bash","Vigilance","bronze:Defend","Chrysalis+1","Anger","ReplayTheSpireMod:Strike From Hell","Feel No Pain+1","Shrug It Off","Berserk+1","Infernal Blade","Feed+1","Infernal Blade+1","Feed","Shrug It Off+1","Whirlwind+1","Whirlwind","Disarm+1","Clothesline+1","Rage+1","ReplayTheSpireMod:Stacked","Impervious","Sentinel+1","ReplayReversal+1","Madness","Madness"],"relics":["Burning Blood","Lizard Tail","Meat on the Bone","Pear","Ring of Peace","ReplayTheSpireMod:Ring of Addiction","Toy Ornithopter","SacredBark","bronze:MakeshiftBattery","Enchiridion","Medical Kit","Potion Belt","Akabeko","Cursed Key","Iron Hammer","Sling"],"acts_visited":["Exordium","TheCity","TheBeyond"],"potions_floor_usage":[37,39],"damage_taken":[{"damage":3.0,"enemies":"2 Louse","floor":1.0,"turns":3.0},{"damage":0.0,"enemies":"Small Slimes","floor":2.0,"turns":4.0},{"damage":12.0,"enemies":"Jaw Worm","floor":4.0,"turns":5.0},{"damage":36.0,"enemies":"Exordium Thugs","floor":5.0,"turns":7.0},{"damage":21.0,"enemies":"Looter","floor":7.0,"turns":5.0},{"damage":15.0,"enemies":"3 Louse","floor":10.0,"turns":5.0},{"damage":34.0,"enemies":"Exordium Thugs","floor":11.0,"turns":6.0},{"damage":39.0,"enemies":"3 Sentries","floor":12.0,"turns":12.0},{"damage":0.0,"enemies":"Looter","floor":14.0,"turns":4.0},{"damage":31.0,"enemies":"The Guardian","floor":16.0,"turns":13.0},{"damage":28.0,"enemies":"Shell Parasite","floor":18.0,"turns":11.0},{"damage":3.0,"enemies":"3 Byrds","floor":22.0,"turns":5.0},{"damage":3.0,"enemies":"Centurion and Healer","floor":24.0,"turns":6.0},{"damage":27.0,"enemies":"Chosen and Byrds","floor":28.0,"turns":8.0},{"damage":4.0,"enemies":"Cultist and Chosen","floor":30.0,"turns":6.0},{"damage":27.0,"enemies":"Centurion and Healer","floor":31.0,"turns":11.0},{"damage":56.0,"enemies":"Collector","floor":33.0,"turns":19.0},{"damage":24,"enemies":"3 Darklings","floor":35,"turns":6},{"damage":11,"enemies":"3 Shapes","floor":37,"turns":9},{"damage":33,"enemies":"Transient","floor":39,"turns":5},{"damage":72,"enemies":"Giant Head","floor":40,"turns":9}],"seed_played":"9060669066173541323","potions_obtained":[{"floor":4.0,"key":"Dexterity Potion"},{"floor":7.0,"key":"SpeedPotion"},{"floor":10.0,"key":"SkillPotion"},{"floor":13.0,"key":"Flashbang"},{"floor":16.0,"key":"bronze:BurnAndBuffPotion"},{"floor":18.0,"key":"ElixirPotion"},{"floor":24.0,"key":"Elixir"},{"floor":33.0,"key":"Reflective Coating"},{"floor":35,"key":"champ:CounterPotion"},{"floor":37,"key":"DistilledChaos"}],"is_trial":false,"path_per_floor":["M","M","?","M","M","R","M","R","T","M","M","E","?","M","R","B",null,"M","?","?","$","M","?","M","R","T","R","M","R","M","M","R","B",null,"M","$","M","?","M","E"],"character_chosen":"IRONCLAD","items_purchased":["Medical Kit","Whirlwind","Iron Hammer","Sling"],"campfire_rested":0,"item_purchase_floors":[21,21,36,36],"current_hp_per_floor":[80,80,80,74,44,44,29,29,29,32,58,47,47,53,53,50,90,72,56,56,56,63,26,51,51,51,51,42,42,63,58,58,25,101,83,83,87,74,64,0,0],"gold":63,"neow_bonus":"RANDOM_COLORLESS_2","is_daily":false,"chose_seed":false,"campfire_upgraded":6,"win_rate":0.0,"timestamp":1612988675,"path_taken":["M","M","?","M","M","R","M","R","T","M","M","E","?","M","R","BOSS","M","?","?","$","?","?","M","R","T","R","M","R","M","M","R","BOSS","M","$","M","?","M","E"],"items_purchased_type":["Relic","Card","Relic","Relic"],"build_version":"2020-12-22","purchased_purges":1,"victory":false,"max_hp_per_floor":[80,80,80,80,80,80,80,80,80,80,80,90,90,90,90,90,90,94,94,92,92,96,94,94,94,94,94,92,92,99,101,101,101,101,101,101,103,103,103,103,103],"card_choices":[{"not_picked":["Thinking Ahead","Master of Strategy"],"picked":"Chrysalis","floor":0.0},{"not_picked":["ReplayTheSpireMod:Corrosion Curse","Abandon"],"picked":"Anger","floor":1.0},{"not_picked":["Clash","Flame Barrier"],"picked":"ReplayTheSpireMod:Strike From Hell","floor":2.0},{"not_picked":["Iron Wave","True Grit"],"picked":"Feel No Pain","floor":4.0},{"not_picked":["Perfected Strike","Intimidate"],"picked":"Shrug It Off","floor":5.0},{"not_picked":["Anger","Bloodletting"],"picked":"Berserk","floor":7.0},{"not_picked":["Body Slam","Flex","ReplayTheSpireMod:LeadingStrike"],"picked":"SKIP","floor":10.0},{"not_picked":["Flex","Heavy Blade"],"picked":"Infernal Blade","floor":11.0},{"not_picked":["Intimidate","Perfected Strike"],"picked":"Feed","floor":12.0},{"not_picked":["ReplayTheSpireMod:LeadingStrike","Life Link"],"picked":"Infernal Blade","floor":14.0},{"not_picked":["Berserk","Double Tap"],"picked":"Feed","floor":16.0},{"not_picked":["Cleave","Warcry+1"],"picked":"Shrug It Off+1","floor":18.0},{"not_picked":["Rampage","Perfected Strike"],"picked":"Disarm+1","floor":22.0},{"not_picked":["Pommel Strike","Clash"],"picked":"Clothesline+1","floor":23.0},{"not_picked":["Dropkick","Rampage"],"picked":"Rage+1","floor":24.0},{"not_picked":["Body Slam+1","Cleave","Heavy Blade"],"picked":"SKIP","floor":28.0},{"not_picked":["Clash+1","Corruption"],"picked":"ReplayTheSpireMod:Stacked","floor":30.0},{"not_picked":["Flex","Clash","Reckless Charge"],"picked":"SKIP","floor":31.0},{"not_picked":["Double Tap","Bludgeon"],"picked":"Impervious","floor":33.0},{"not_picked":["Havoc","Thunderclap+1"],"picked":"Sentinel+1","floor":35},{"not_picked":["Sword Boomerang","Warcry+1"],"picked":"ReplayReversal+1","floor":37},{"not_picked":["Life Link","Sword Boomerang+1","Perfected Strike+1"],"picked":"SKIP","floor":39}],"player_experience":264247,"relics_obtained":[{"floor":9.0,"key":"Meat on the Bone"},{"floor":12.0,"key":"Pear"},{"floor":13.0,"key":"Ring of Peace"},{"floor":13.0,"key":"ReplayTheSpireMod:Ring of Addiction"},{"floor":13.0,"key":"Toy Ornithopter"},{"floor":13.0,"key":"SacredBark"},{"floor":19.0,"key":"Enchiridion"},{"floor":26.0,"key":"Potion Belt"},{"floor":32.0,"key":"Akabeko"}],"event_choices":[{"damage_healed":0.0,"max_hp_gain":0.0,"max_hp_loss":0.0,"gold_gain":0.0,"event_name":"Big Fish","player_choice":"Box","floor":3.0,"gold_loss":0.0,"damage_taken":0.0,"relics_obtained":["Lizard Tail"],"cards_obtained":["Regret"]},{"damage_healed":0.0,"max_hp_gain":0.0,"max_hp_loss":0.0,"gold_gain":0.0,"event_name":"Cursed Tome","player_choice":"Obtained Book","floor":19.0,"gold_loss":0.0,"damage_taken":16.0},{"cards_removed":["Regret"],"damage_healed":0.0,"max_hp_gain":0.0,"max_hp_loss":0.0,"gold_gain":0.0,"event_name":"Back to Basics","player_choice":"Elegance","floor":20.0,"gold_loss":0.0,"damage_taken":0.0},{"damage_healed":0,"gold_gain":0,"player_choice":"Embrace Madness","damage_taken":13,"max_hp_gain":0,"max_hp_loss":0,"event_name":"Winding Halls","floor":38,"gold_loss":0,"cards_obtained":["Madness","Madness"]}],"is_beta":false,"boss_relics":[{"not_picked":["Replay:Drink Me","Velvet Choker"],"picked":"bronze:MakeshiftBattery"},{"not_picked":["Honey Jar","Ooze Armor"],"picked":"Cursed Key"}],"items_purged_floors":[21],"is_endless":false,"potions_floor_spawned":[4,7,10,16,18,24,33,35,37],"killed_by":"Giant Head","ascension_level":3}}