{"host":"dth8fvkfiulu86fi","time":1612952794,"event":{"mods":["2.2 Compatiblity","AchievementEnabler","BaseMod","Better Third Choice","Colored Map","Colored Powertips","Minty Spire (QoL Compilation)","Rare Cards Sparkle","StSLib","SuperFastMode","Synergy Search"],"gold_per_floor":[144,319,319,394,0,0,45,45,45,90,135,85,85,130,130,430,430,475,400,400,445,490,490,535,535,585,388,433,478,523,568,568,868,868,913,958,958,958,419,419,509,554,579,579,579,579,624,669,669,669],"floor_reached":51,"language":"ENG","playtime":3069,"items_purged":[],"score":746,"play_id":"9bd7a4f3-0232-4e95-aca8-661b8eef1056","local_time":"20210210112634","daily_mods":["SealedDeck","Purple Cards","Midas"],"is_ascension_mode":false,"campfire_choices":[{"floor":6.0,"key":"REST"},{"floor":15.0,"key":"REST"},{"floor":23.0,"key":"REST"},{"floor":32.0,"key":"REST"},{"floor":40.0,"key":"REST"},{"floor":44,"key":"REST"},{"floor":49,"key":"REST"}],"circlet_count":0,"master_deck":["PiercingWail","BattleHymn","Bouncing Flask","Cloak And Dagger","Backflip","Slice","Backflip","Bandage Up","Deflect","Consecrate","FlurryOfBlows","Endless Agony+1","Consecrate","Slice","Blind","Prostrate+1","Slice","Noxious Fumes","Crescendo+1"],"relics":["Ring of the Snake","Unceasing Top","Snake Skull","WristBlade","Vajra","Pen Nib","Dream Catcher","Bottled Lightning","Centennial Puzzle","PreservedInsect"],"acts_visited":["Exordium","TheCity","TheBeyond"],"potions_floor_usage":[42,45,50,50],"damage_taken":[{"damage":1.0,"enemies":"Jaw Worm","floor":1.0,"turns":3.0},{"damage":15.0,"enemies":"Small Slimes","floor":7.0,"turns":3.0},{"damage":0.0,"enemies":"Cultist","floor":10.0,"turns":3.0},{"damage":0.0,"enemies":"2 Fungi Beasts","floor":11.0,"turns":2.0},{"damage":4.0,"enemies":"Large Slime","floor":14.0,"turns":4.0},{"damage":27.0,"enemies":"Slime Boss","floor":16.0,"turns":10.0},{"damage":26.0,"enemies":"3 Byrds","floor":18.0,"turns":5.0},{"damage":19.0,"enemies":"2 Thieves","floor":21.0,"turns":3.0},{"damage":21.0,"enemies":"Snake Plant","floor":22.0,"turns":3.0},{"damage":10.0,"enemies":"Chosen and Byrds","floor":24.0,"turns":4.0},{"damage":21.0,"enemies":"Shelled Parasite and Fungi","floor":28.0,"turns":3.0},{"damage":0.0,"enemies":"Centurion and Healer","floor":29.0,"turns":3.0},{"damage":1.0,"enemies":"3 Cultists","floor":30.0,"turns":3.0},{"damage":24.0,"enemies":"Snecko","floor":31.0,"turns":4.0},{"damage":35.0,"enemies":"Collector","floor":33.0,"turns":6.0},{"damage":1.0,"enemies":"3 Shapes","floor":35.0,"turns":1.0},{"damage":2.0,"enemies":"Orb Walker","floor":36.0,"turns":2.0},{"damage":50.0,"enemies":"Nemesis","floor":41.0,"turns":7.0},{"damage":17,"enemies":"Maw","floor":42,"turns":5},{"damage":37,"enemies":"2 Orb Walkers","floor":45,"turns":4},{"damage":5,"enemies":"Sphere and 2 Shapes","floor":47,"turns":2},{"damage":0,"enemies":"4 Shapes","floor":48,"turns":4},{"damage":69,"enemies":"Awakened One","floor":50,"turns":12}],"seed_played":"-5810517303651203205","potions_obtained":[{"floor":1.0,"key":"PowerPotion"},{"floor":10.0,"key":"Ancient Potion"},{"floor":18.0,"key":"FearPotion"},{"floor":30.0,"key":"BlessingOfTheForge"},{"floor":31.0,"key":"Fire Potion"},{"floor":35.0,"key":"SmokeBomb"},{"floor":36.0,"key":"SteroidPotion"},{"floor":47,"key":"AttackPotion"}],"is_trial":false,"path_per_floor":["M","?","?","?","$","R","M","$","T","M","M","?","$","M","R","B",null,"M","?","?","M","M","R","M","?","T","$","M","M","M","M","R","B",null,"M","M","?","?","$","R","E","M","T","R","?","?","M","M","R","B",null],"character_chosen":"THE_SILENT","items_purchased":["Unceasing Top","Bandage Up","Pen Nib","Consecrate","Dream Catcher","Blind","Bottled Lightning","Poison Potion"],"campfire_rested":7,"item_purchase_floors":[5,5,27,27,39,39,39,39],"current_hp_per_floor":[69,69,62,55,55,70,55,55,55,59,63,63,63,63,70,47,70,48,48,48,33,16,37,31,80,80,80,59,63,66,46,70,41,80,79,78,78,76,76,76,26,13,13,35,2,66,65,66,66,1],"gold":669,"neow_bonus":"","is_daily":true,"chose_seed":false,"campfire_upgraded":0,"win_rate":0.0,"timestamp":1612952794,"path_taken":["M","?","?","?","$","R","M","$","T","?","M","?","$","M","R","BOSS","M","?","?","M","M","R","?","?","T","$","M","M","?","M","R","BOSS","M","?","?","?","$","R","E","M","T","R","?","?","M","M","R","BOSS"],"items_purchased_type":["Relic","Card","Relic","Card","Relic","Card","Relic","Potion"],"build_version":"2020-12-22","purchased_purges":0,"victory":true,"max_hp_per_floor":[70,70,70,70,70,70,70,70,70,70,70,70,70,70,70,70,70,70,70,70,70,70,70,70,80,80,80,80,80,80,80,80,80,80,80,80,80,76,76,76,76,76,76,76,76,66,66,66,66,66],"card_choices":[{"not_picked":["EmptyBody","FollowUp","Dagger Throw"],"picked":"SKIP","floor":1.0},{"not_picked":["Poisoned Stab","Escape Plan"],"picked":"Deflect","floor":7.0},{"not_picked":["Dagger Throw","Dodge and Roll","MentalFortress"],"picked":"SKIP","floor":10.0},{"not_picked":["Underhanded Strike","FlyingSleeves","Outmaneuver"],"picked":"SKIP","floor":11.0},{"not_picked":["Evaluate","Outmaneuver"],"picked":"Consecrate","floor":14.0},{"not_picked":["EmptyMind","WindmillStrike","FlyingSleeves"],"picked":"SKIP","floor":18.0},{"not_picked":["Reflex","Noxious Fumes+1"],"picked":"FlurryOfBlows","floor":21.0},{"not_picked":["SandsOfTime+1","BowlingBash","Cloak And Dagger+1"],"picked":"SKIP","floor":22.0},{"not_picked":["PiercingWail","Blade Dance"],"picked":"Endless Agony+1","floor":24.0},{"not_picked":["EmptyFist","Concentrate","Outmaneuver"],"picked":"SKIP","floor":28.0},{"not_picked":["Blur","Deadly Poison"],"picked":"Slice","floor":29.0},{"not_picked":["FollowUp","Dagger Spray","Choke"],"picked":"SKIP","floor":30.0},{"not_picked":["FlyingSleeves","Dagger Spray+1","BowlingBash"],"picked":"SKIP","floor":31.0},{"not_picked":["FlyingSleeves","Protect+1","EmptyBody"],"picked":"SKIP","floor":35.0},{"not_picked":["Sucker Punch","Leg Sweep+1","SignatureMove"],"picked":"SKIP","floor":36.0},{"not_picked":["Footwork+1","EmptyFist"],"picked":"Prostrate+1","floor":40.0},{"not_picked":["CrushJoints","Halt"],"picked":"Slice","floor":41.0},{"not_picked":["SpiritShield","Accuracy","BowlingBash"],"picked":"SKIP","floor":42},{"not_picked":["PathToVictory+1","Consecrate"],"picked":"Noxious Fumes","floor":44},{"not_picked":["Flying Knee","BowlingBash","EmptyBody+1"],"picked":"SKIP","floor":47},{"not_picked":["Cloak And Dagger+1","Eviscerate","Corpse Explosion"],"picked":"SKIP","floor":48},{"not_picked":["CrushJoints","Poisoned Stab+1"],"picked":"Crescendo+1","floor":49}],"player_experience":1173041,"relics_obtained":[{"floor":9.0,"key":"Snake Skull"},{"floor":26.0,"key":"Vajra"},{"floor":41.0,"key":"Centennial Puzzle"},{"floor":43,"key":"PreservedInsect"}],"event_choices":[{"damage_healed":0.0,"max_hp_gain":0.0,"max_hp_loss":0.0,"gold_gain":175.0,"event_name":"betterThird:BetterSerpent","player_choice":"AGREE","floor":2.0,"gold_loss":0.0,"damage_taken":144.0},{"cards_removed":["Doubt"],"damage_healed":0.0,"max_hp_gain":0.0,"max_hp_loss":0.0,"gold_gain":0.0,"event_name":"Golden Wing","player_choice":"Card Removal","floor":3.0,"gold_loss":0.0,"damage_taken":7.0},{"damage_healed":0.0,"max_hp_gain":0.0,"max_hp_loss":0.0,"gold_gain":75.0,"event_name":"FaceTrader","player_choice":"Touch","floor":4.0,"gold_loss":0.0,"damage_taken":7.0},{"cards_removed":["Acrobatics"],"damage_healed":0.0,"max_hp_gain":0.0,"max_hp_loss":0.0,"gold_gain":0.0,"event_name":"The Cleric","player_choice":"Card Removal","floor":12.0,"gold_loss":50.0,"damage_taken":0.0},{"cards_removed":["Quick Slash"],"damage_healed":0.0,"max_hp_gain":0.0,"max_hp_loss":0.0,"gold_gain":0.0,"event_name":"Beggar","player_choice":"Gave Gold","floor":19.0,"gold_loss":75.0,"damage_taken":0.0},{"damage_healed":0.0,"max_hp_gain":0.0,"max_hp_loss":0.0,"gold_gain":0.0,"cards_transformed":["Protect"],"event_name":"Transmorgrifier","player_choice":"Transformed","floor":20.0,"gold_loss":0.0,"damage_taken":0.0,"cards_obtained":["LessonLearned"]},{"cards_removed":["LessonLearned"],"damage_healed":39.0,"max_hp_gain":10.0,"max_hp_loss":0.0,"gold_gain":0.0,"event_name":"Bonfire Elementals","player_choice":"Offered Rare","floor":25.0,"gold_loss":0.0,"damage_taken":0.0},{"damage_healed":0.0,"max_hp_gain":0.0,"max_hp_loss":0.0,"gold_gain":0.0,"event_name":"Tomb of Lord Red Mask","player_choice":"Ignored","floor":37.0,"gold_loss":0.0,"damage_taken":0.0},{"damage_healed":0.0,"max_hp_gain":0.0,"max_hp_loss":4.0,"gold_gain":0.0,"event_name":"Winding Halls","player_choice":"Max HP","floor":38.0,"gold_loss":0.0,"damage_taken":0.0},{"damage_healed":0,"gold_gain":0,"player_choice":"Fight","damage_taken":0,"max_hp_gain":0,"max_hp_loss":0,"event_name":"Mysterious Sphere","floor":45,"gold_loss":0},{"damage_healed":66,"gold_gain":0,"player_choice":"Heal","damage_taken":0,"max_hp_gain":0,"max_hp_loss":10,"event_name":"The Moai Head","floor":46,"gold_loss":0}],"is_beta":false,"boss_relics":[{"not_picked":["Ring of the Serpent","Philosopher\u0027s Stone"],"picked":"WristBlade"},{"not_picked":["Runic Pyramid","Runic Dome","Snecko Eye"]}],"items_purged_floors":[],"is_endless":false,"potions_floor_spawned":[1,10,18,30,31,35,36,41,47],"ascension_level":0}}