{"host":"qeogwbudlaqzb6hy","time":1612929101,"event":{"mods":["BaseMod","Minty Spire (QoL Compilation)","Reliquary","StSLib","The Bug Knight"],"gold_per_floor":[112,125,125,50,69,69,82,82,82,82,94,94,110,187,187,284,284,295,306,322,421,439,439,452,463,463,463,463],"floor_reached":27,"language":"ENG","playtime":1618,"items_purged":["HollowMod:NailStrikeStart"],"score":209,"play_id":"25db9086-5c56-4c5f-8296-31419a494f75","local_time":"20210210135141","is_ascension_mode":false,"campfire_choices":[{"floor":6.0,"key":"REST"},{"data":"HollowMod:FocusHealStart","floor":8.0,"key":"SMITH"},{"floor":10.0,"key":"REST"},{"data":"HollowMod:PureNailStrike","floor":12.0,"key":"SMITH"},{"data":"HollowMod:SoulVessel","floor":15.0,"key":"SMITH"},{"floor":23,"key":"REST"}],"circlet_count":0,"master_deck":["HollowMod:NailStrikeStart","HollowMod:NailStrikeStart","HollowMod:NailStrikeStart","HollowMod:QuickDashStart","HollowMod:QuickDashStart","HollowMod:QuickDashStart","HollowMod:QuickDashStart","HollowMod:FocusHealStart+1","HollowMod:PogoStrike","HollowMod:DashSlash","HollowMod:InfectedCysts","HollowMod:InfectedCysts","HollowMod:PureNailStrike+1","HollowMod:HeavyBlow","HollowMod:SoulVessel+1","HollowMod:Weaversong","HollowMod:SiblingsSouls+1","HollowMod:DoubleDash","HollowMod:ChannelNail","HollowMod:CycloneSlash+1","HollowMod:SoulEater","HollowMod:DungDefenderAura+1","Writhe"],"relics":["HollowMod:VesselMask","NeowsBlessing","Pocketwatch","Question Card","Cursed Key","HollowMod:LumaflyLanternRelic"],"acts_visited":["Exordium","TheCity"],"potions_floor_usage":[20,25,27],"damage_taken":[{"damage":0.0,"enemies":"Small Slimes","floor":1.0,"turns":1.0},{"damage":0.0,"enemies":"Jaw Worm","floor":2.0,"turns":1.0},{"damage":0.0,"enemies":"2 Louse","floor":5.0,"turns":1.0},{"damage":45.0,"enemies":"Exordium Thugs","floor":7.0,"turns":4.0},{"damage":6.0,"enemies":"Looter","floor":11.0,"turns":3.0},{"damage":9.0,"enemies":"3 Louse","floor":13.0,"turns":2.0},{"damage":28.0,"enemies":"Hexaghost","floor":16.0,"turns":10.0},{"damage":27.0,"enemies":"Spheric Guardian","floor":18.0,"turns":4.0},{"damage":24.0,"enemies":"HollowMod:HuskSentry","floor":19.0,"turns":7.0},{"damage":34,"enemies":"3 Cultists","floor":20,"turns":5},{"damage":27,"enemies":"Snake Plant","floor":22,"turns":6},{"damage":17,"enemies":"Snecko","floor":24,"turns":5},{"damage":35,"enemies":"Centurion and Healer","floor":25,"turns":6},{"damage":15,"enemies":"HollowMod:Nosk","floor":27,"turns":3}],"seed_played":"-2697644130951255269","potions_obtained":[{"floor":1.0,"key":"LiquidMemories"},{"floor":5.0,"key":"LiquidBronze"},{"floor":11.0,"key":"LiquidMemories"},{"floor":18.0,"key":"Regen Potion"},{"floor":20,"key":"Fire Potion"},{"floor":24,"key":"EssenceOfSteel"}],"is_trial":false,"path_per_floor":["M","M","?","$","M","R","M","R","T","R","M","R","M","T","R","B",null,"M","M","M","?","M","R","M","M","T","E"],"character_chosen":"THE_BUGKNIGHT","items_purchased":[],"campfire_rested":3,"item_purchase_floors":[],"current_hp_per_floor":[75,75,75,75,75,75,36,36,36,58,62,62,59,59,59,41,75,54,54,32,32,15,37,32,7,7,0,0],"gold":463,"neow_bonus":"THREE_ENEMY_KILL","is_daily":false,"chose_seed":false,"campfire_upgraded":3,"win_rate":0.0,"timestamp":1612929101,"path_taken":["M","M","?","$","M","R","M","R","T","R","M","R","M","?","R","BOSS","M","M","M","?","M","R","M","M","T","E"],"items_purchased_type":[],"build_version":"2020-12-22","purchased_purges":1,"victory":false,"max_hp_per_floor":[75,75,75,75,75,75,75,75,75,75,75,75,75,75,75,75,75,75,75,75,75,75,75,75,75,75,75,75],"card_choices":[{"not_picked":["HollowMod:DreamGate","HollowMod:GoodIntentions"],"picked":"HollowMod:DashSlash","floor":1.0},{"not_picked":["HollowMod:PerfectDash","HollowMod:MantisMark"],"picked":"HollowMod:InfectedCysts","floor":2.0},{"not_picked":["HollowMod:ShadowDash","HollowMod:FallenFury"],"picked":"HollowMod:InfectedCysts","floor":5.0},{"not_picked":["HollowMod:PerfectDash","HollowMod:NewJinnsSoul"],"picked":"HollowMod:PureNailStrike","floor":7.0},{"not_picked":["HollowMod:SoulShaman","HollowMod:VengefulSpirit"],"picked":"HollowMod:HeavyBlow","floor":11.0},{"not_picked":["HollowMod:SharpenedNail","HollowMod:FastStrike"],"picked":"HollowMod:SoulVessel","floor":13.0},{"not_picked":["HollowMod:MidwifesHunger","HollowMod:NewInfectedGuardian","HollowMod:Hiveblood"],"picked":"HollowMod:Weaversong","floor":16.0},{"not_picked":["HollowMod:NewLittleFool","HollowMod:WraithStrike","HollowMod:FallenFury"],"picked":"HollowMod:SiblingsSouls+1","floor":18.0},{"not_picked":["HollowMod:NewLittleFool","HollowMod:VengefulVoid","HollowMod:SoulMaster"],"picked":"HollowMod:DoubleDash","floor":19},{"not_picked":["HollowMod:InfectionAssault","HollowMod:InfectedAttack","HollowMod:DoubleDash"],"picked":"HollowMod:ChannelNail","floor":20},{"not_picked":["HollowMod:CrystalDash","HollowMod:HeavyBlow","HollowMod:HuntersJournal"],"picked":"HollowMod:CycloneSlash+1","floor":22},{"not_picked":["HollowMod:NewLittleFool","HollowMod:CycloneSlash+1","HollowMod:BlackTendrils"],"picked":"HollowMod:SoulEater","floor":24},{"not_picked":["HollowMod:BlackTendrils","HollowMod:DescendingDark","HollowMod:WraithStrike"],"picked":"HollowMod:DungDefenderAura+1","floor":25}],"player_experience":304782,"relics_obtained":[{"floor":9.0,"key":"Pocketwatch"},{"floor":14.0,"key":"Question Card"},{"floor":26,"key":"HollowMod:LumaflyLanternRelic"}],"event_choices":[{"damage_healed":0,"gold_gain":99,"player_choice":"Stole From Cult","damage_taken":0,"max_hp_gain":0,"max_hp_loss":0,"event_name":"Nest","floor":21,"gold_loss":0}],"is_beta":false,"boss_relics":[{"not_picked":["Runic Pyramid","Fusion Hammer"],"picked":"Cursed Key"}],"items_purged_floors":[4],"is_endless":false,"potions_floor_spawned":[1,5,11,13,18,20,24],"killed_by":"HollowMod:Nosk","ascension_level":0}}