{"host":"tq99ucv8ezzqzioe","time":1612928599,"event":{"mods":["BaseMod","Colored Map","Downfall","Highlight Path","Minty Spire (QoL Compilation)","StSLib"],"gold_per_floor":[115,127,143,143,143,143,1,1,1,1,1,60,60,75,75,75,75],"floor_reached":16,"language":"ENG","playtime":5603,"items_purged":[],"score":123,"play_id":"590a5b4d-48c7-4c8b-b89b-4b128034e8a8","local_time":"20210209224319","is_ascension_mode":true,"campfire_choices":[{"data":"Zap","floor":6,"key":"SMITH"},{"data":"Fission","floor":8,"key":"SMITH"},{"floor":11,"key":"RECALL"},{"data":"Sunder","floor":13,"key":"SMITH"},{"floor":15,"key":"REST"}],"circlet_count":0,"master_deck":["Strike_B","Strike_B","Strike_B","Strike_B","Defend_B","Defend_B","Defend_B","Defend_B","Zap+1","Dualcast","Sunder+1","Sunder","Capacitor","Fission+1","Capacitor","Leap","Chaos"],"relics":["Cracked Core","NeowsBlessing","Juzu Bracelet","Centennial Puzzle"],"acts_visited":["Exordium"],"potions_floor_usage":[16],"damage_taken":[{"damage":0,"enemies":"Cultist","floor":1,"turns":1},{"damage":0,"enemies":"Small Slimes","floor":2,"turns":1},{"damage":0,"enemies":"Jaw Worm","floor":3,"turns":1},{"damage":30,"enemies":"3 Sentries","floor":12,"turns":7},{"damage":19,"enemies":"Exordium Wildlife","floor":14,"turns":5},{"damage":36,"enemies":"Slime Boss","floor":16,"turns":10}],"seed_played":"-8972758488586061117","potions_obtained":[{"floor":1,"key":"PotionOfCapacity"},{"floor":14,"key":"champ:CounterPotion"}],"is_trial":false,"path_per_floor":["M","M","M","?","?","R","$","R","T","$","R","?","R","M","R","B"],"character_chosen":"DEFECT","items_purchased":["Fission","Capacitor"],"campfire_rested":1,"item_purchase_floors":[7,7],"current_hp_per_floor":[68,68,68,61,61,61,61,61,61,61,61,31,31,12,34,0,0],"gold":75,"neow_bonus":"THREE_ENEMY_KILL","is_daily":false,"chose_seed":false,"campfire_upgraded":3,"win_rate":0.0,"timestamp":1612928599,"path_taken":["M","M","M","?","?","R","$","R","T","?","R","?","R","M","R","BOSS"],"items_purchased_type":["Card","Card"],"build_version":"2020-12-22","purchased_purges":0,"victory":false,"max_hp_per_floor":[75,75,75,75,75,75,75,75,75,75,75,75,75,75,75,75,75],"card_choices":[{"not_picked":["Chill","Leap"],"picked":"Sunder","floor":1},{"not_picked":["Hologram","Coolheaded"],"picked":"Sunder","floor":2},{"not_picked":["Consume","Go for the Eyes"],"picked":"Capacitor","floor":3},{"not_picked":["Beam Cell","Barrage"],"picked":"Leap","floor":12},{"not_picked":["Rebound","Heatsinks"],"picked":"Chaos","floor":14}],"player_experience":951293,"relics_obtained":[{"floor":12,"key":"Centennial Puzzle"}],"event_choices":[{"damage_healed":0,"gold_gain":0,"player_choice":"Success","damage_taken":7,"relics_obtained":["Juzu Bracelet"],"max_hp_gain":0,"max_hp_loss":0,"event_name":"Scrap Ooze","floor":4,"gold_loss":0},{"damage_healed":0,"gold_gain":0,"player_choice":"Ignored","damage_taken":0,"max_hp_gain":0,"max_hp_loss":0,"event_name":"Liars Game","floor":5,"gold_loss":0},{"damage_healed":0,"gold_gain":0,"player_choice":"Searched \u00272\u0027 times","damage_taken":0,"max_hp_gain":0,"max_hp_loss":0,"event_name":"Dead Adventurer","floor":12,"gold_loss":0}],"is_beta":false,"boss_relics":[],"items_purged_floors":[],"is_endless":false,"potions_floor_spawned":[1,14],"killed_by":"Slime Boss","ascension_level":8}}