{"host":"8is2j71l4wmybkoi","time":1612969010,"event":{"mods":["AchievementEnabler","BaseMod","Colored Map","Minty Spire (QoL Compilation)","Rare Cards Sparkle","StSLib","SuperFastMode"],"gold_per_floor":[110,110,129,3,3,35,47,61,138,157,175,175,203,203,203,280,280,291,291,44,44,56,56,56],"floor_reached":23,"language":"KOR","playtime":699,"items_purged":["Strike_R","Strike_R"],"score":396,"play_id":"3a8739d9-df8b-4888-a31c-b854936e5fd8","local_time":"20210210235650","is_ascension_mode":true,"campfire_choices":[{"data":"Seeing Red","floor":15,"key":"SMITH"}],"circlet_count":0,"master_deck":["AscendersBane","Defend_R","Defend_R","Defend_R","Defend_R","Bash","Seeing Red+1","Wild Strike","Twin Strike","Inflame","Feel No Pain","Fiend Fire","Immolate","Burning Pact","Double Tap","Shockwave","Ghostly Armor"],"relics":["Burning Blood","NeowsBlessing","Du-Vu Doll","Pantograph","Paper Frog","Toy Ornithopter","Empty Cage","Orrery"],"acts_visited":["Exordium","TheCity"],"potions_floor_usage":[13,13,18,23],"damage_taken":[{"damage":0,"enemies":"2 Louse","floor":1,"turns":2},{"damage":0,"enemies":"Jaw Worm","floor":3,"turns":1},{"damage":0,"enemies":"Lagavulin","floor":6,"turns":1},{"damage":5,"enemies":"Small Slimes","floor":7,"turns":3},{"damage":11,"enemies":"Blue Slaver","floor":8,"turns":3},{"damage":15,"enemies":"3 Louse","floor":10,"turns":3},{"damage":7,"enemies":"Looter","floor":11,"turns":3},{"damage":17,"enemies":"3 Sentries","floor":13,"turns":7},{"damage":11,"enemies":"Slime Boss","floor":16,"turns":10},{"damage":29,"enemies":"2 Thieves","floor":18,"turns":4},{"damage":12,"enemies":"Chosen","floor":22,"turns":3},{"damage":33,"enemies":"Slavers","floor":23,"turns":2}],"seed_played":"-7338992285369723465","potions_obtained":[{"floor":1,"key":"LiquidMemories"},{"floor":16,"key":"BlessingOfTheForge"},{"floor":18,"key":"PowerPotion"}],"is_trial":false,"path_per_floor":["M","?","M","$","?","E","M","M","T","M","M","T","E","?","R","B",null,"M","?","$","?","M","E"],"character_chosen":"IRONCLAD","items_purchased":["Strength Potion","Orrery"],"campfire_rested":0,"item_purchase_floors":[4,20],"current_hp_per_floor":[74,79,80,80,80,80,80,75,75,66,65,65,54,47,47,67,77,57,57,57,34,28,0,0],"gold":56,"neow_bonus":"THREE_ENEMY_KILL","is_daily":false,"chose_seed":false,"campfire_upgraded":1,"win_rate":0.0,"timestamp":1612969010,"path_taken":["M","?","M","$","?","E","M","M","T","M","M","?","E","?","R","BOSS","M","?","$","?","M","E"],"items_purchased_type":["Potion","Relic"],"build_version":"2020-12-22","purchased_purges":2,"victory":false,"max_hp_per_floor":[75,80,80,80,80,80,80,80,80,80,80,80,80,80,80,80,80,80,80,80,85,85,85,85],"card_choices":[{"not_picked":["Burning Pact","Flex"],"picked":"Seeing Red","floor":1},{"not_picked":["Twin Strike","Thunderclap"],"picked":"Wild Strike","floor":3},{"not_picked":["True Grit","Ghostly Armor"],"picked":"Twin Strike","floor":6},{"not_picked":["Infernal Blade","Anger"],"picked":"Inflame","floor":7},{"not_picked":["Havoc","Spot Weakness","Thunderclap"],"picked":"SKIP","floor":8},{"not_picked":["Rupture","Warcry","Clash"],"picked":"SKIP","floor":10},{"not_picked":["Rupture","Warcry","Clash"],"picked":"SKIP","floor":10},{"not_picked":["Dark Embrace","Clothesline"],"picked":"Feel No Pain","floor":11},{"not_picked":["Dark Embrace","True Grit"],"picked":"Fiend Fire","floor":13},{"not_picked":["Brutality","Bludgeon"],"picked":"Immolate","floor":16},{"not_picked":["Perfected Strike","Cleave"],"picked":"Burning Pact","floor":18},{"not_picked":["Combust","Carnage"],"picked":"Double Tap","floor":20},{"not_picked":["Headbutt+1","Pommel Strike"],"picked":"Shockwave","floor":20},{"not_picked":["Searing Blow","Hemokinesis"],"picked":"Ghostly Armor","floor":22}],"player_experience":1117491,"relics_obtained":[{"floor":6,"key":"Du-Vu Doll"},{"floor":9,"key":"Pantograph"},{"floor":12,"key":"Paper Frog"},{"floor":13,"key":"Toy Ornithopter"}],"event_choices":[{"damage_healed":0,"gold_gain":0,"player_choice":"Donut","damage_taken":0,"max_hp_gain":5,"max_hp_loss":0,"event_name":"Big Fish","floor":2,"gold_loss":0},{"damage_healed":0,"gold_gain":0,"player_choice":"Ignored","damage_taken":0,"max_hp_gain":0,"max_hp_loss":0,"event_name":"Liars Game","floor":5,"gold_loss":0},{"cards_removed":["Strike_R"],"damage_healed":0,"gold_gain":0,"player_choice":"Card Removal","damage_taken":7,"max_hp_gain":0,"max_hp_loss":0,"event_name":"Golden Wing","floor":14,"gold_loss":0},{"damage_healed":0,"gold_gain":0,"player_choice":"Ignored","damage_taken":0,"max_hp_gain":0,"max_hp_loss":0,"event_name":"Ghosts","floor":19,"gold_loss":0},{"damage_healed":0,"gold_gain":0,"player_choice":"Shed Blood","damage_taken":28,"max_hp_gain":5,"max_hp_loss":0,"event_name":"Forgotten Altar","floor":21,"gold_loss":0}],"is_beta":false,"boss_relics":[{"not_picked":["SacredBark","Ectoplasm"],"picked":"Empty Cage"}],"items_purged_floors":[4,20],"is_endless":false,"potions_floor_spawned":[1,10,11,16,18],"killed_by":"Slavers","ascension_level":15}}