{"host":"36t3qd3wjvajtu1z","time":1612991187,"event":{"mods":["2.2 Compatiblity","AchievementEnabler","BaseMod","Bestiary","Block Reminder","Colored Powertips","Curses Come First","Highlight Path","Minty Spire (QoL Compilation)","Permanent Neow","Quick Restart","Random Character Button","Rare Cards Sparkle","Relic Stats","Slay-I","StSLib","Unknown Chances"],"gold_per_floor":[366,376,394,8,20,54,54,109,161,161,190,208,222,241,241,317,317,333,344,269,10,29,39,50,67,67,67,94,94,128,141,141,213,213,225,225,225,225,12,37,54,54,54,83,83,83],"floor_reached":45,"language":"ENG","playtime":3761,"items_purged":["Pain","Strike_G"],"score":1079,"play_id":"41136fbc-262d-401f-a965-8ed063c9415b","local_time":"20210210130627","is_ascension_mode":true,"campfire_choices":[{"floor":7.0,"key":"REST"},{"floor":10.0,"key":"REST"},{"data":"After Image","floor":15.0,"key":"SMITH"},{"floor":29.0,"key":"REST"},{"data":"Setup","floor":32.0,"key":"SMITH"},{"data":"Cloak And Dagger","floor":42.0,"key":"SMITH"}],"circlet_count":0,"master_deck":["AscendersBane","Defend_G","Defend_G","Defend_G","Defend_G","Survivor","Neutralize","Flying Knee","Dagger Throw","Underhanded Strike","Venomology","Masterful Stab","Noxious Fumes","After Image+1","Footwork","All Out Attack","Deadly Poison","Bane","After Image","Terror","Blade Dance","Concentrate","A Thousand Cuts","Infinite Blades","Dodge and Roll","Setup+1","PiercingWail","Shame","Leg Sweep","Choke","Corpse Explosion","All Out Attack+1","Reflex+1","After Image+1","Cloak And Dagger+1","Caltrops+1","Adrenaline"],"relics":["Ring of the Snake","Toy Ornithopter","Gremlin Horn","Ancient Tea Set","Akabeko","Mummified Hand","Philosopher\u0027s Stone","Bird Faced Urn","Boot","Turnip","Eternal Feather","Astrolabe","Snake Skull","Bronze Scales","StrikeDummy","StoneCalendar"],"acts_visited":["Exordium","TheCity","TheBeyond"],"potions_floor_usage":[45,45],"damage_taken":[{"damage":14.0,"enemies":"Cultist","floor":1.0,"turns":5.0},{"damage":2.0,"enemies":"Jaw Worm","floor":2.0,"turns":6.0},{"damage":2.0,"enemies":"2 Louse","floor":3.0,"turns":3.0},{"damage":9.0,"enemies":"Large Slime","floor":5.0,"turns":6.0},{"damage":32.0,"enemies":"3 Sentries","floor":6.0,"turns":9.0},{"damage":25.0,"enemies":"Gremlin Nob","floor":8.0,"turns":5.0},{"damage":8.0,"enemies":"Gremlin Nob","floor":11.0,"turns":3.0},{"damage":0.0,"enemies":"Blue Slaver","floor":12.0,"turns":2.0},{"damage":0.0,"enemies":"Gremlin Gang","floor":13.0,"turns":3.0},{"damage":0.0,"enemies":"Looter","floor":14.0,"turns":3.0},{"damage":17.0,"enemies":"Hexaghost","floor":16.0,"turns":8.0},{"damage":19.0,"enemies":"Spheric Guardian","floor":18.0,"turns":5.0},{"damage":5.0,"enemies":"Shell Parasite","floor":19.0,"turns":5.0},{"damage":6.0,"enemies":"Cultist and Chosen","floor":22.0,"turns":5.0},{"damage":27.0,"enemies":"Snake Plant","floor":23.0,"turns":3.0},{"damage":10.0,"enemies":"Chosen and Byrds","floor":24.0,"turns":5.0},{"damage":10.0,"enemies":"Snecko","floor":25.0,"turns":6.0},{"damage":40.0,"enemies":"Slavers","floor":28.0,"turns":5.0},{"damage":10.0,"enemies":"Gremlin Leader","floor":30.0,"turns":7.0},{"damage":8.0,"enemies":"Centurion and Healer","floor":31.0,"turns":8.0},{"damage":16.0,"enemies":"Automaton","floor":33.0,"turns":8.0},{"damage":0.0,"enemies":"Orb Walker","floor":35.0,"turns":4.0},{"damage":12.0,"enemies":"Nemesis","floor":40.0,"turns":7.0},{"damage":15.0,"enemies":"3 Shapes","floor":41.0,"turns":5.0},{"damage":49.0,"enemies":"Giant Head","floor":44.0,"turns":8.0},{"damage":50,"enemies":"Transient","floor":45,"turns":6}],"seed_played":"-5149054713931216095","potions_obtained":[{"floor":1.0,"key":"Block Potion"},{"floor":3.0,"key":"SmokeBomb"},{"floor":5.0,"key":"LiquidMemories"},{"floor":11.0,"key":"Poison Potion"},{"floor":13.0,"key":"SteroidPotion"},{"floor":23.0,"key":"FearPotion"},{"floor":24.0,"key":"Weak Potion"},{"floor":28.0,"key":"CultistPotion"},{"floor":40.0,"key":"LiquidBronze"}],"is_trial":false,"path_per_floor":["M","M","M","$","M","E","R","?","T","R","E","M","M","M","R","B",null,"M","M","?","$","M","M","M","M","T","?","E","R","E","M","R","B",null,"M","?","?","?","$","E","M","R","T","E","M"],"character_chosen":"THE_SILENT","items_purchased":["Toy Ornithopter","Venomology","Infinite Blades","Dodge and Roll","SteroidPotion","Snake Skull","Swift Potion"],"campfire_rested":3,"item_purchase_floors":[4,4,21,21,21,39,39],"current_hp_per_floor":[45,43,41,41,37,10,29,14,14,33,30,35,35,35,35,28,57,43,53,53,53,57,35,30,25,25,25,7,26,28,37,55,59,64,66,66,66,66,66,54,53,66,66,19,0,0],"gold":83,"neow_bonus":"TWO_FIFTY_GOLD","is_daily":false,"chose_seed":false,"campfire_upgraded":3,"win_rate":0.0,"timestamp":1612991187,"path_taken":["M","M","?","$","M","E","R","?","T","R","E","M","M","M","R","BOSS","M","M","?","$","M","M","?","M","T","?","E","R","E","M","R","BOSS","M","?","?","?","?","E","M","R","T","E","M"],"items_purchased_type":["Relic","Card","Card","Card","Potion","Relic","Potion"],"build_version":"2020-12-22","purchased_purges":2,"victory":false,"max_hp_per_floor":[66,66,66,66,66,66,66,66,66,66,66,66,66,66,66,66,66,66,66,66,66,66,66,66,66,66,66,66,66,66,66,66,66,66,66,66,66,66,66,66,66,66,66,66,66,66],"relic_stats":{"Gremlin Horn":[18,18],"counters":[26,140],"Astrolabe":["All Out Attack","Reflex","After Image"],"Eternal Feather":31,"StoneCalendar":[0],"Snake Skull":[30],"Boot":[74],"Mummified Hand":[100],"Bird Faced Urn":[80],"Bronze Scales":[39],"Turnip":[7],"obtain_stats":[{"Gremlin Horn":6,"Astrolabe":34,"Eternal Feather":30,"StoneCalendar":44,"Snake Skull":39,"Ancient Tea Set":8,"Boot":27,"Akabeko":9,"Mummified Hand":11,"Bird Faced Urn":26,"Bronze Scales":40,"Philosopher\u0027s Stone":17,"Turnip":28,"StrikeDummy":43,"Toy Ornithopter":4,"Ring of the Snake":0},{"Gremlin Horn":5,"Astrolabe":21,"Eternal Feather":19,"StoneCalendar":25,"Snake Skull":22,"Ancient Tea Set":6,"Boot":17,"Akabeko":6,"Mummified Hand":7,"Bird Faced Urn":17,"Bronze Scales":23,"Philosopher\u0027s Stone":11,"Turnip":18,"StrikeDummy":24,"Toy Ornithopter":3,"Ring of the Snake":0},{"Gremlin Horn":29,"Astrolabe":110,"Eternal Feather":94,"StoneCalendar":134,"Snake Skull":114,"Ancient Tea Set":34,"Boot":82,"Akabeko":34,"Mummified Hand":37,"Bird Faced Urn":82,"Bronze Scales":121,"Philosopher\u0027s Stone":53,"Turnip":87,"StrikeDummy":126,"Toy Ornithopter":14,"Ring of the Snake":0}],"Toy Ornithopter":120,"Ring of the Snake":[52]},"card_choices":[{"not_picked":["Distraction","Acrobatics"],"picked":"Flying Knee","floor":1.0},{"not_picked":["Dodge and Roll","Quick Slash"],"picked":"Dagger Throw","floor":2.0},{"not_picked":["Outmaneuver","Bane"],"picked":"Underhanded Strike","floor":3.0},{"not_picked":["Concentrate","Flying Knee"],"picked":"Masterful Stab","floor":5.0},{"not_picked":["Quick Slash","PiercingWail"],"picked":"Noxious Fumes","floor":6.0},{"not_picked":["Blur","Blade Dance"],"picked":"After Image","floor":8.0},{"not_picked":["Dagger Throw","Flechettes"],"picked":"Footwork","floor":11.0},{"not_picked":["Dodge and Roll","Expertise"],"picked":"All Out Attack","floor":12.0},{"not_picked":["Prepared","Dodge and Roll"],"picked":"Deadly Poison","floor":13.0},{"not_picked":["Dodge and Roll","Outmaneuver"],"picked":"Bane","floor":14.0},{"not_picked":["Glass Knife","Phantasmal Killer"],"picked":"After Image","floor":16.0},{"not_picked":["Deadly Poison","Quick Slash"],"picked":"Terror","floor":18.0},{"not_picked":["Quick Slash","Dagger Spray"],"picked":"Blade Dance","floor":19.0},{"not_picked":["Flechettes","Deadly Poison","Heel Hook"],"picked":"SKIP","floor":22.0},{"not_picked":["Concentrate","Crippling Poison"],"picked":"Setup","floor":23.0},{"not_picked":["Riddle With Holes","Poisoned Stab"],"picked":"PiercingWail","floor":24.0},{"not_picked":["Deflect","Dagger Throw","Flechettes"],"picked":"SKIP","floor":25.0},{"not_picked":["Flechettes","Backstab"],"picked":"Leg Sweep","floor":28.0},{"not_picked":["Skewer","Flechettes"],"picked":"Outmaneuver","floor":30.0},{"not_picked":["Setup","Cloak And Dagger"],"picked":"Choke","floor":31.0},{"not_picked":["Wraith Form v2","A Thousand Cuts"],"picked":"Corpse Explosion","floor":33.0},{"not_picked":["Quick Slash","Dagger Spray","Poisoned Stab+1"],"picked":"SKIP","floor":35.0},{"not_picked":["Flying Knee","Reflex"],"picked":"Cloak And Dagger","floor":40.0},{"not_picked":["Outmaneuver","Blade Dance"],"picked":"Caltrops+1","floor":41.0},{"not_picked":["Bane","Malaise"],"picked":"Adrenaline","floor":44.0}],"player_experience":467299,"relics_obtained":[{"floor":6.0,"key":"Gremlin Horn"},{"floor":8.0,"key":"Ancient Tea Set"},{"floor":9.0,"key":"Akabeko"},{"floor":11.0,"key":"Mummified Hand"},{"floor":26.0,"key":"Bird Faced Urn"},{"floor":28.0,"key":"Turnip"},{"floor":30.0,"key":"Eternal Feather"},{"floor":40.0,"key":"Bronze Scales"},{"floor":43.0,"key":"StrikeDummy"},{"floor":44.0,"key":"StoneCalendar"}],"event_choices":[{"damage_healed":0.0,"max_hp_gain":0.0,"max_hp_loss":0.0,"gold_gain":30.0,"event_name":"Dead Adventurer","player_choice":"Searched \u00273\u0027 times","floor":8.0,"gold_loss":0.0,"damage_taken":0.0},{"damage_healed":0.0,"max_hp_gain":0.0,"max_hp_loss":0.0,"gold_gain":0.0,"cards_transformed":["Strike_G","Strike_G"],"event_name":"Designer","player_choice":"Transformed Cards","floor":20.0,"gold_loss":75.0,"damage_taken":0.0,"cards_obtained":["Concentrate","A Thousand Cuts"]},{"damage_healed":0.0,"max_hp_gain":0.0,"max_hp_loss":0.0,"gold_gain":0.0,"event_name":"Addict","player_choice":"Stole Relic","floor":27.0,"gold_loss":0.0,"damage_taken":0.0,"relics_obtained":["Boot"],"cards_obtained":["Shame"]},{"cards_removed":["Outmaneuver"],"damage_healed":0.0,"max_hp_gain":0.0,"max_hp_loss":0.0,"gold_gain":0.0,"event_name":"Falling","player_choice":"Removed Skill","floor":36.0,"gold_loss":0.0,"damage_taken":0.0},{"damage_healed":0.0,"max_hp_gain":0.0,"max_hp_loss":0.0,"gold_gain":0.0,"event_name":"Mysterious Sphere","player_choice":"Ignored","floor":37.0,"gold_loss":0.0,"damage_taken":0.0},{"damage_healed":0.0,"max_hp_gain":0.0,"max_hp_loss":0.0,"gold_gain":0.0,"event_name":"Tomb of Lord Red Mask","player_choice":"Ignored","floor":38.0,"gold_loss":0.0,"damage_taken":0.0}],"is_beta":false,"boss_relics":[{"not_picked":["Coffee Dripper","Empty Cage"],"picked":"Philosopher\u0027s Stone"},{"not_picked":["Tiny House","Velvet Choker"],"picked":"Astrolabe"}],"items_purged_floors":[4,21],"is_endless":false,"potions_floor_spawned":[1,3,5,11,13,14,23,24,28,40],"killed_by":"Transient","ascension_level":20}}