{"host":"2549600wvy7mxnkj","time":1612917388,"event":{"mods":["BaseMod","Hubris","Infinite Spire","Minty Spire (QoL Compilation)","Replay The Spire","StSLib"],"gold_per_floor":[115,190,13,26,26,60,60,80,80,80,80],"floor_reached":10,"language":"ENG","playtime":546,"items_purged":[],"score":102,"play_id":"c7303ac6-761d-4cce-9cd2-e363b05bafca","local_time":"20210209193628","is_ascension_mode":true,"campfire_choices":[{"data":"Crystallizer","floor":7,"key":"SMITH"}],"circlet_count":0,"master_deck":["Strike_B","Strike_B","Strike_B","Strike_B","Defend_B","Defend_B","Defend_B","Defend_B","Zap","Dualcast","ReplayTheSpireMod:Repulse","Leap","Conserve Battery","Crystallizer+1","Steam"],"relics":["Cracked Core","NeowsBlessing","Replay:Frozen Program","hubris:RGBLights","Odd Mushroom","Geode"],"acts_visited":["Exordium"],"potions_floor_usage":[],"damage_taken":[{"damage":0,"enemies":"Jaw Worm","floor":1,"turns":1},{"damage":0,"enemies":"2 Louse","floor":4,"turns":1},{"damage":0,"enemies":"Gremlin Nob","floor":6,"turns":1},{"damage":36,"enemies":"The Mushroom Lair","floor":8,"turns":6},{"damage":0,"enemies":"3 Sentries","floor":10,"turns":2}],"seed_played":"-3655112664239855241","potions_obtained":[{"floor":6,"key":"Adrenaline Potion"},{"floor":8,"key":"infinitespire:BlackPotion"}],"is_trial":false,"path_per_floor":["M","?","$","M","$","E","R","?","T","E"],"character_chosen":"DEFECT","items_purchased":["Replay:Frozen Program","Leap"],"campfire_rested":0,"item_purchase_floors":[3,3],"current_hp_per_floor":[75,64,64,64,64,64,64,28,28,28,28],"gold":80,"neow_bonus":"THREE_ENEMY_KILL","is_daily":false,"chose_seed":false,"campfire_upgraded":1,"win_rate":0.0,"timestamp":1612917388,"path_taken":["M","?","$","M","$","E","R","?","T","E"],"items_purchased_type":["Relic","Card"],"build_version":"2020-12-22","purchased_purges":0,"victory":false,"max_hp_per_floor":[75,75,75,75,75,75,75,75,75,75,75],"card_choices":[{"not_picked":["Hello World","Beam Cell"],"picked":"ReplayTheSpireMod:Repulse","floor":1},{"not_picked":["Redo","Go for the Eyes"],"picked":"Conserve Battery","floor":4},{"not_picked":["Rip and Tear","All For One"],"picked":"Crystallizer","floor":6},{"not_picked":["Beam Cell","Ball Lightning"],"picked":"Steam","floor":8}],"player_experience":221126,"relics_obtained":[{"floor":6,"key":"hubris:RGBLights"},{"floor":8,"key":"Odd Mushroom"},{"floor":9,"key":"Geode"}],"event_choices":[{"damage_healed":0,"gold_gain":75,"player_choice":"Gather Gold","damage_taken":11,"max_hp_gain":0,"max_hp_loss":0,"event_name":"World of Goop","floor":2,"gold_loss":0},{"damage_healed":0,"gold_gain":0,"player_choice":"Fought Mushrooms","damage_taken":0,"max_hp_gain":0,"max_hp_loss":0,"event_name":"Mushrooms","floor":8,"gold_loss":0}],"is_beta":false,"boss_relics":[],"items_purged_floors":[],"is_endless":false,"potions_floor_spawned":[6,8],"killed_by":"3 Sentries","ascension_level":3}}