{"host":"w4b7hmige5bnqipq","time":1612921773,"event":{"mods":["2.2 Compatiblity","BaseMod","Colored Map","DeckTracker","Keyboard Shortcuts","Minty Spire (QoL Compilation)","Permanent Neow","Rare Cards Sparkle","SuperFastMode","everything is the same but u backflip on backflip","slay the spire mod where everything is the same but ironclad has a cowboy hat"],"gold_per_floor":[109,6,83,101,121,121,141,173,173,173,192,203,203,214,214,293,293,303,318,16,66,84,84,111,125,170,170,170],"floor_reached":27,"language":"KOR","playtime":702,"items_purged":["Decay","Strike_G"],"score":574,"play_id":"233a797d-39ea-4756-a2d8-2410a38ee411","local_time":"20210210104933","is_ascension_mode":true,"campfire_choices":[{"data":"Terror","floor":6.0,"key":"SMITH"},{"data":"Neutralize","floor":10.0,"key":"SMITH"},{"data":"Blade Dance","floor":13.0,"key":"SMITH"},{"data":"Sucker Punch","floor":15.0,"key":"SMITH"},{"floor":23,"key":"REST"}],"circlet_count":0,"master_deck":["AscendersBane","Strike_G","Strike_G","Strike_G","Strike_G","Defend_G","Defend_G","Defend_G","Defend_G","Defend_G","Survivor","Neutralize+1","Grand Finale","Quick Slash","Backflip","Backstab","Terror+1","Blade Dance+1","Sucker Punch+1","Dagger Throw","Die Die Die","Leg Sweep"],"relics":["Ring of the Snake","Paper Crane","Torii","Tiny Chest","Runic Pyramid","Membership Card","Oddly Smooth Stone","Smiling Mask","Orichalcum"],"acts_visited":["Exordium","TheCity"],"potions_floor_usage":[24],"damage_taken":[{"damage":5.0,"enemies":"Cultist","floor":1.0,"turns":4.0},{"damage":0.0,"enemies":"Small Slimes","floor":4.0,"turns":3.0},{"damage":0.0,"enemies":"Jaw Worm","floor":5.0,"turns":4.0},{"damage":1.0,"enemies":"Looter","floor":7.0,"turns":3.0},{"damage":14.0,"enemies":"Lagavulin","floor":8.0,"turns":4.0},{"damage":1.0,"enemies":"2 Fungi Beasts","floor":11.0,"turns":3.0},{"damage":2.0,"enemies":"Large Slime","floor":12.0,"turns":6.0},{"damage":2.0,"enemies":"Lots of Slimes","floor":14.0,"turns":4.0},{"damage":0.0,"enemies":"Slime Boss","floor":16.0,"turns":3.0},{"damage":1.0,"enemies":"Shell Parasite","floor":18.0,"turns":2.0},{"damage":28,"enemies":"2 Thieves","floor":19,"turns":4},{"damage":3,"enemies":"Snake Plant","floor":22,"turns":4},{"damage":34,"enemies":"Slavers","floor":24,"turns":10},{"damage":0,"enemies":"3 Cultists","floor":25,"turns":4},{"damage":11,"enemies":"Snecko","floor":27,"turns":4}],"seed_played":"-2894601838957152511","potions_obtained":[{"floor":1.0,"key":"SneckoOil"},{"floor":8.0,"key":"Block Potion"},{"floor":12.0,"key":"Dexterity Potion"},{"floor":14.0,"key":"PowerPotion"},{"floor":16.0,"key":"SteroidPotion"},{"floor":19,"key":"Explosive Potion"}],"is_trial":false,"path_per_floor":["M","$","T","M","M","R","M","E","T","R","M","M","R","M","R","B",null,"M","M","$","?","M","R","E","M","T","M"],"character_chosen":"THE_SILENT","items_purchased":["Backflip","Membership Card","Oddly Smooth Stone"],"campfire_rested":1,"item_purchase_floors":[2,20,20],"current_hp_per_floor":[54,54,54,54,54,54,53,39,39,39,38,36,36,34,34,34,58,57,29,29,29,26,45,11,11,11,0,0],"gold":170,"neow_bonus":"THREE_RARE_CARDS","is_daily":false,"chose_seed":false,"campfire_upgraded":4,"win_rate":0.0,"timestamp":1612921773,"path_taken":["M","$","?","M","M","R","M","E","T","R","M","M","R","M","R","BOSS","M","M","$","?","M","R","E","M","T","M"],"items_purchased_type":["Card","Relic","Relic"],"build_version":"2020-12-22","purchased_purges":2,"victory":false,"max_hp_per_floor":[66,66,66,66,66,66,66,66,66,66,66,66,66,66,66,66,66,66,66,66,66,66,66,66,66,66,66,66],"card_choices":[{"not_picked":["Bullet Time","Glass Knife"],"picked":"Grand Finale","floor":0.0},{"not_picked":["Dodge and Roll","Cloak And Dagger"],"picked":"Quick Slash","floor":1.0},{"not_picked":["Bane","Flechettes"],"picked":"Backstab","floor":4.0},{"not_picked":["Deadly Poison","Dodge and Roll"],"picked":"Terror","floor":5.0},{"not_picked":["Caltrops","Dodge and Roll","Infinite Blades"],"picked":"SKIP","floor":7.0},{"not_picked":["PiercingWail","Flechettes","Outmaneuver"],"picked":"SKIP","floor":8.0},{"not_picked":["Distraction","Blade Dance","Quick Slash"],"picked":"SKIP","floor":11.0},{"not_picked":["Distraction","Quick Slash"],"picked":"Blade Dance","floor":11.0},{"not_picked":["Poisoned Stab","Endless Agony"],"picked":"Sucker Punch","floor":12.0},{"not_picked":["Flying Knee","Poisoned Stab"],"picked":"Dagger Throw","floor":14.0},{"not_picked":["Burst","Unload"],"picked":"Die Die Die","floor":16.0},{"not_picked":["Dagger Spray","Deflect","Dodge and Roll"],"picked":"SKIP","floor":18.0},{"not_picked":["Quick Slash","Slice"],"picked":"Leg Sweep","floor":19},{"not_picked":["Cloak And Dagger","Finisher","Dagger Throw"],"picked":"SKIP","floor":22},{"not_picked":["Underhanded Strike","Unload","Outmaneuver"],"picked":"SKIP","floor":24},{"not_picked":["Underhanded Strike","Unload","Outmaneuver"],"picked":"SKIP","floor":24},{"not_picked":["Dash","Deflect+1","Infinite Blades+1"],"picked":"SKIP","floor":25}],"player_experience":730373,"relics_obtained":[{"floor":3.0,"key":"Paper Crane"},{"floor":8.0,"key":"Torii"},{"floor":9.0,"key":"Tiny Chest"},{"floor":24,"key":"Smiling Mask"},{"floor":26,"key":"Orichalcum"}],"event_choices":[{"damage_healed":0,"gold_gain":50,"player_choice":"Stole From Cult","damage_taken":0,"max_hp_gain":0,"max_hp_loss":0,"event_name":"Nest","floor":21,"gold_loss":0}],"is_beta":false,"boss_relics":[{"not_picked":["Pandora\u0027s Box","Velvet Choker"],"picked":"Runic Pyramid"}],"items_purged_floors":[2,20],"is_endless":false,"potions_floor_spawned":[1,8,12,14,16,19],"killed_by":"Snecko","ascension_level":20}}