{"host":"soyfmymeou4emntr","time":1612925997,"event":{"mods":["BaseMod","Minty Spire (QoL Compilation)","Permanent Neow","Relic Sorter","Relic Stats","StSLib"],"gold_per_floor":[99,99,99,99,99,99,99,99,99,99,99,25,25,25,25,25,25],"floor_reached":16,"language":"ENG","playtime":615,"items_purged":[],"score":216,"play_id":"e4059396-bd75-4e26-b8fc-8fee7ba66573","local_time":"20210209195957","is_ascension_mode":true,"campfire_choices":[{"data":"Bash","floor":6.0,"key":"SMITH"},{"floor":8.0,"key":"REST"},{"floor":11.0,"key":"REST"},{"floor":15.0,"key":"REST"}],"circlet_count":0,"master_deck":["AscendersBane","Strike_R+1","Strike_R","Strike_R+1","Strike_R","Defend_R","Defend_R","Defend_R","Defend_R","Bash+1","Pummel","Rupture+1","Anger+1","Bloodletting","Combust","Shrug It Off","Bludgeon"],"relics":["Ectoplasm","Golden Idol","StoneCalendar","Whetstone","Turnip"],"acts_visited":["Exordium"],"potions_floor_usage":[],"damage_taken":[{"damage":6.0,"enemies":"2 Louse","floor":1.0,"turns":3.0},{"damage":7.0,"enemies":"Jaw Worm","floor":2.0,"turns":2.0},{"damage":1.0,"enemies":"Cultist","floor":5.0,"turns":3.0},{"damage":15.0,"enemies":"3 Sentries","floor":10.0,"turns":7.0},{"damage":15.0,"enemies":"Large Slime","floor":13.0,"turns":4.0},{"damage":22.0,"enemies":"Lagavulin","floor":14.0,"turns":5.0},{"damage":38,"enemies":"The Guardian","floor":16,"turns":5}],"seed_played":"-2798063020844509979","potions_obtained":[{"floor":2.0,"key":"SpeedPotion"},{"floor":5.0,"key":"SneckoOil"},{"floor":13.0,"key":"Ancient Potion"}],"is_trial":false,"path_per_floor":["M","M","?","?","M","R","?","R","T","E","R","$","M","E","R","B"],"character_chosen":"IRONCLAD","items_purchased":["Combust"],"campfire_rested":3,"item_purchase_floors":[12],"current_hp_per_floor":[62,55,55,48,47,47,27,47,47,32,52,52,37,15,35,0,0],"gold":25,"neow_bonus":"BOSS_RELIC","is_daily":false,"chose_seed":false,"campfire_upgraded":1,"win_rate":0.0,"timestamp":1612925997,"path_taken":["M","M","?","?","M","R","?","R","T","E","R","$","M","E","R","BOSS"],"items_purchased_type":["Card"],"build_version":"2020-12-22","purchased_purges":0,"victory":false,"max_hp_per_floor":[75,75,68,68,68,68,68,68,68,68,68,68,68,68,68,68,68],"relic_stats":{"counters":[7,29],"Golden Idol":23,"StoneCalendar":[23],"Ectoplasm":141,"Turnip":[0],"Whetstone":["Strike_R","Anger"],"obtain_stats":[{"Golden Idol":3,"StoneCalendar":9,"Ectoplasm":0,"Turnip":14,"Whetstone":10,"Burning Blood":0},{"Golden Idol":2,"StoneCalendar":3,"Ectoplasm":0,"Turnip":6,"Whetstone":4,"Burning Blood":0},{"Golden Idol":5,"StoneCalendar":8,"Ectoplasm":0,"Turnip":24,"Whetstone":15,"Burning Blood":0}]},"card_choices":[{"not_picked":["Shrug It Off","Iron Wave"],"picked":"Pummel","floor":1.0},{"not_picked":["Pummel","Reckless Charge"],"picked":"Rupture","floor":2.0},{"not_picked":["Dual Wield","Clash"],"picked":"Anger","floor":5.0},{"not_picked":["Fire Breathing","Seeing Red"],"picked":"Bloodletting","floor":10.0},{"not_picked":["Anger","True Grit"],"picked":"Shrug It Off","floor":13.0},{"not_picked":["Sever Soul","Entrench"],"picked":"Bludgeon","floor":14.0}],"player_experience":3175815,"relics_obtained":[{"floor":9.0,"key":"StoneCalendar"},{"floor":10.0,"key":"Whetstone"},{"floor":14.0,"key":"Turnip"}],"event_choices":[{"damage_healed":0.0,"max_hp_gain":0.0,"max_hp_loss":7.0,"gold_gain":0.0,"event_name":"Golden Idol","player_choice":"Lose Max HP","floor":3.0,"gold_loss":0.0,"damage_taken":0.0,"relics_obtained":["Golden Idol"]},{"cards_removed":["Strike_R"],"damage_healed":0.0,"max_hp_gain":0.0,"max_hp_loss":0.0,"gold_gain":0.0,"event_name":"Golden Wing","player_choice":"Card Removal","floor":4.0,"gold_loss":0.0,"damage_taken":7.0},{"damage_healed":0.0,"max_hp_gain":0.0,"max_hp_loss":0.0,"gold_gain":0.0,"event_name":"Shining Light","player_choice":"Entered Light","floor":7.0,"gold_loss":0.0,"damage_taken":20.0,"cards_upgraded":["Strike_R","Rupture"]}],"is_beta":false,"boss_relics":[],"items_purged_floors":[],"is_endless":false,"potions_floor_spawned":[2,5,13],"killed_by":"The Guardian","ascension_level":20}}