{"host":"ajxvnmsjfcleb5r5","time":1612965927,"event":{"mods":["2.2 Compatiblity","AchievementEnabler","BaseMod","Beaked The Cultist","Better Note","BetterRewards","Card Forge","Colored Powertips","DNKmod","Friendly Minions","Infinite Spire","Minty Spire (QoL Compilation)","Quick Restart","Shop Mod","StSLib","SuperFastMode"],"gold_per_floor":[112,112,61,74,74,88,116,116,166,166,181,193,193,209,209,306,306,319,319,75,88,88,88,88],"floor_reached":23,"language":"KOR","playtime":509,"items_purged":["Strike_R"],"score":191,"play_id":"4b21fd3e-13ab-4a27-bb46-89173f814ea8","local_time":"20210210230527","is_ascension_mode":false,"campfire_choices":[{"data":"Demon Form","floor":8,"key":"SMITH"},{"data":"Offering","floor":10,"key":"SMITH"},{"data":"Sword Boomerang","floor":13,"key":"SMITH"},{"data":"Bash","floor":15,"key":"SMITH"}],"circlet_count":0,"master_deck":["Strike_R","Strike_R","Strike_R","Defend_R+1","Defend_R+1","Defend_R+1","Defend_R+1","Bash+1","Demon Form+1","Shrug It Off","Thunderclap","Sword Boomerang+1","Offering+1","Cleave","Shrug It Off","CurseOfTheBell","Armaments","Shrug It Off","Power Through"],"relics":["Burning Blood","Hammer of Thor","Seething Fire","Anvil of the Gods","infinitespire:Beetle Shell","Boot","MealTicket","infinitespire:Eraser","War Paint","Calling Bell","Dream Catcher","Shuriken","infinitespire:Joker Card","infinitespire:Satchel"],"acts_visited":["Exordium","TheCity"],"potions_floor_usage":[],"damage_taken":[{"damage":11,"enemies":"Jaw Worm","floor":1,"turns":3},{"damage":0,"enemies":"Small Slimes","floor":4,"turns":3},{"damage":0,"enemies":"Cultist","floor":6,"turns":3},{"damage":14,"enemies":"Lagavulin","floor":7,"turns":5},{"damage":6,"enemies":"3 Louse","floor":11,"turns":2},{"damage":6,"enemies":"Large Slime","floor":12,"turns":4},{"damage":4,"enemies":"Exordium Thugs","floor":14,"turns":3},{"damage":12,"enemies":"Hexaghost","floor":16,"turns":7},{"damage":14,"enemies":"Shell Parasite","floor":18,"turns":5},{"damage":12,"enemies":"2 Thieves","floor":21,"turns":4},{"damage":71,"enemies":"Gremlin Leader","floor":23,"turns":4}],"seed_played":"-7963453094123091004","potions_obtained":[{"floor":1,"key":"SteroidPotion"},{"floor":12,"key":"BlessingOfTheForge"},{"floor":14,"key":"SteroidPotion"},{"floor":16,"key":"SkillPotion"},{"floor":18,"key":"EssenceOfSteel"},{"floor":19,"key":"EssenceOfSteel"},{"floor":19,"key":"Swift Potion"}],"is_trial":false,"path_per_floor":["M","?","$","M","?","M","E","R","T","R","M","M","R","M","R","B",null,"M","?","$","M","?","E"],"character_chosen":"IRONCLAD","items_purchased":["Thunderclap","infinitespire:Satchel","Shrug It Off"],"campfire_rested":0,"item_purchase_floors":[3,20,20],"current_hp_per_floor":[67,53,53,59,59,65,57,57,57,57,57,57,57,59,59,53,72,64,64,72,66,66,0,0],"gold":88,"neow_bonus":"THREE_RARE_CARDS","is_daily":false,"chose_seed":false,"campfire_upgraded":4,"win_rate":0.0,"timestamp":1612965927,"path_taken":["M","?","$","M","?","M","E","R","T","R","M","M","R","M","R","BOSS","M","?","$","M","?","E"],"items_purchased_type":["Card","Relic","Card"],"build_version":"2020-12-22","purchased_purges":1,"victory":false,"max_hp_per_floor":[72,72,72,72,72,72,72,72,72,72,72,72,72,72,72,72,72,72,72,72,72,72,72,72],"card_choices":[{"not_picked":["Juggernaut","Bludgeon"],"picked":"Demon Form","floor":0},{"not_picked":["Armaments","Anger"],"picked":"Shrug It Off","floor":1},{"not_picked":["Shrug It Off","Uppercut"],"picked":"Sword Boomerang","floor":4},{"not_picked":["Headbutt","Clash"],"picked":"Offering","floor":6},{"not_picked":["Rampage","Whirlwind"],"picked":"Cleave","floor":7},{"not_picked":["Dual Wield","Flex","Dropkick"],"picked":"SKIP","floor":11},{"not_picked":["Perfected Strike","Clash","Anger"],"picked":"SKIP","floor":12},{"not_picked":["Battle Trance","Thunderclap"],"picked":"Shrug It Off","floor":14},{"not_picked":["Pommel Strike","Metallicize"],"picked":"Armaments","floor":18},{"not_picked":["Dropkick","Intimidate","Armaments"],"picked":"SKIP","floor":21}],"player_experience":171809,"relics_obtained":[{"floor":7,"key":"infinitespire:Eraser"},{"floor":9,"key":"War Paint"},{"floor":17,"key":"Dream Catcher"},{"floor":17,"key":"Shuriken"},{"floor":17,"key":"infinitespire:Joker Card"}],"event_choices":[{"damage_healed":0,"gold_gain":0,"player_choice":"Entered Light","damage_taken":14,"max_hp_gain":0,"max_hp_loss":0,"event_name":"Shining Light","floor":2,"gold_loss":0,"cards_upgraded":["Defend_R","Defend_R"]},{"damage_healed":0,"gold_gain":0,"player_choice":"Gave Potion","damage_taken":0,"relics_obtained":["MealTicket"],"max_hp_gain":0,"max_hp_loss":0,"event_name":"WeMeetAgain","floor":5,"gold_loss":0},{"damage_healed":0,"gold_gain":0,"player_choice":"Got Potions","damage_taken":0,"max_hp_gain":0,"max_hp_loss":0,"event_name":"Lab","floor":19,"gold_loss":0},{"damage_healed":0,"gold_gain":0,"cards_transformed":["Strike_R"],"player_choice":"Transformed","damage_taken":0,"max_hp_gain":0,"max_hp_loss":0,"event_name":"Transmorgrifier","floor":22,"gold_loss":0,"cards_obtained":["Power Through"]}],"is_beta":false,"boss_relics":[{"not_picked":["SlaversCollar","Busted Crown"],"picked":"Calling Bell"}],"items_purged_floors":[20],"is_endless":false,"potions_floor_spawned":[1,12,14,16,18,21],"killed_by":"Gremlin Leader","ascension_level":0}}