{"host":"dscols65uipasqd2","time":1612918115,"event":{"mods":["2.2 Compatiblity","AchievementEnabler","Aspiration","BaseMod","Colored Powertips","Downfall","Energized Spire","GifTheSpireLib","Hermit","Hubris","Infinite Spire","JesterMod","Jorbs\u0027s Wanderer Trilogy","Marisa????????","Minty Spire (QoL Compilation)","Rare Cards Sparkle","Replay The Spire","StSLib","Stuff the Spire","The Cursed","The Disciple","The Hierophant","The Judge","The Jungle","The Runesmith","TheFirefly"],"gold_per_floor":[99,109,125,144,144,129,129,148,148,176,187,187,87,97,112,217,217,117,117,128,142,142,155,155,155,166,66,51,51,36,36,53,53,53,53],"floor_reached":33,"language":"ENG","playtime":2174,"items_purged":[],"score":326,"play_id":"14c6bd6a-b058-478b-b555-a24ef8cc6fd8","local_time":"20210209194835","is_ascension_mode":true,"campfire_choices":[{"floor":1,"key":"DIG"},{"floor":13,"key":"REST"},{"floor":18,"key":"RECALL"},{"floor":27,"key":"REST"}],"circlet_count":0,"master_deck":["sneckomod:Strike","sneckomod:Strike","sneckomod:Strike","sneckomod:Defend","sneckomod:Defend","sneckomod:Defend","sneckomod:TailWhip","sneckomod:SnekBite","sneckomod:Unknown","sneckomod:Unknown","hubris:Disease","sneckomod:UnknownRareSkill","sneckomod:DiceBoulder","sneckomod:UnknownStrength","sneckomod:UnlimitedRolls","sneckomod:UnknownClassCHRONO_GOLD","sneckomod:DefensiveFlair","sneckomod:ImprovisedAttack","sneckomod:WideSting","Parasite","sneckomod:UnknownClassFIREFLY_COLOR","sneckomod:UnknownClassGUARDIAN","sneckomod:Mudshield","sneckomod:ImprovisedAttack+1","infinitespire:Oblivion+1","sneckomod:UnknownX","sneckomod:UnknownClassRED","stsjorbsmod:Brooding+1","sneckomod:UnendingSupply","sneckomod:SnakeSap","sneckomod:CheapStock"],"relics":["sneckomod:SneckoSoul","hubris:OldNail","Ring of Peace","Ring of Searing","downfall:HeartBlessingGreen","bronze:MakeshiftBattery","downfall:HeartBlessingBlue","hubris:64BitClover","sneckomod:SuperSneckoSoul","Torii","downfall:HeartBlessingRed"],"acts_visited":["Exordium","TheCity"],"potions_floor_usage":[10,10,15,16,16,16,19,23,26,30,30,30,30,32,32,33,33],"damage_taken":[{"damage":9,"enemies":"Jaw Worm","floor":2,"turns":2},{"damage":0,"enemies":"Cultist","floor":3,"turns":2},{"damage":0,"enemies":"2 Louse","floor":4,"turns":3},{"damage":0,"enemies":"downfall:FleeingMerchant","floor":6,"turns":5},{"damage":11,"enemies":"Blue Slaver","floor":8,"turns":4},{"damage":13,"enemies":"Gremlin Nob","floor":10,"turns":3},{"damage":3,"enemies":"Gremlin Gang","floor":11,"turns":6},{"damage":10,"enemies":"2 Fungi Beasts","floor":14,"turns":4},{"damage":18,"enemies":"Exordium Thugs","floor":15,"turns":3},{"damage":41,"enemies":"DF_ARCHETYPE_STREAMLINE","floor":16,"turns":9},{"damage":22,"enemies":"Shell Parasite","floor":19,"turns":4},{"damage":38,"enemies":"Chosen and Byrds","floor":20,"turns":8},{"damage":14,"enemies":"Snake Plant","floor":21,"turns":5},{"damage":14,"enemies":"Centurion and Healer","floor":23,"turns":5},{"damage":0,"enemies":"Snecko","floor":26,"turns":5},{"damage":4,"enemies":"downfall:FleeingMerchant","floor":28,"turns":4},{"damage":0,"enemies":"downfall:FleeingMerchant","floor":30,"turns":4},{"damage":10,"enemies":"Cultist and Chosen","floor":32,"turns":4},{"damage":58,"enemies":"SI_MIRROR_ARCHETYPE","floor":33,"turns":4}],"seed_played":"4451181533325994782","potions_obtained":[{"floor":3,"key":"SmokeBomb"},{"floor":5,"key":"Fire Potion"},{"floor":5,"key":"sneckomod:OffclassReductionPotion"},{"floor":5,"key":"SmokeBomb"},{"floor":8,"key":"AttackPotion"},{"floor":11,"key":"Elixir"},{"floor":14,"key":"Dexterity Potion"},{"floor":15,"key":"Fruit Juice"},{"floor":16,"key":"FearPotion"},{"floor":21,"key":"ColorlessPotion"},{"floor":25,"key":"sneckomod:DiceRollPotion"},{"floor":25,"key":"champ:CounterPotion"},{"floor":25,"key":"Flashbang"},{"floor":26,"key":"BlessingOfTheForge"},{"floor":29,"key":"CultistPotion"},{"floor":32,"key":"CultistPotion"}],"is_trial":false,"path_per_floor":["R","M","M","M","?","$","T","M","?","E","M","?","R","M","M","B",null,"R","M","M","M","AVR","M","T","?","M","R","$","?","$","?","M","B"],"character_chosen":"THE_SNECKO","items_purchased":[],"campfire_rested":2,"item_purchase_floors":[],"current_hp_per_floor":[90,81,81,81,81,81,81,70,70,57,54,76,90,82,64,28,95,105,83,45,37,37,23,23,23,23,54,50,50,50,50,44,0,0,0],"gold":53,"neow_bonus":"THREE_RARE_CARDS","is_daily":false,"chose_seed":false,"campfire_upgraded":0,"win_rate":0.0,"timestamp":1612918115,"path_taken":["R","M","M","M","?","$","T","?","?","E","M","?","R","M","M","BOSS","R","M","M","M","AVR","M","T","?","?","R","$","?","?","?","M","BOSS"],"items_purchased_type":[],"build_version":"2020-12-22","purchased_purges":0,"victory":false,"max_hp_per_floor":[90,90,90,90,90,90,90,90,90,90,90,90,90,90,90,95,95,105,105,105,105,105,105,105,105,105,105,105,105,105,105,109,109,109,109],"card_choices":[{"not_picked":["sneckomod:UnlimitedRolls","sneckomod:Restock"],"picked":"sneckomod:UnknownRareSkill","floor":0},{"not_picked":["sneckomod:UnknownClassBLESSING","sneckomod:UnknownClassTHE_BRONZE_AUTOMATON"],"picked":"sneckomod:DiceBoulder","floor":2},{"not_picked":["sneckomod:UnknownDexterity","sneckomod:UnknownClassHEXA_GHOST_PURPLE"],"picked":"sneckomod:UnknownStrength","floor":3},{"not_picked":["sneckomod:UnknownClassWANDERER_GRAY_COLOR","sneckomod:UnknownClassWORDO_MOD_COLOR"],"picked":"sneckomod:DefensiveFlair","floor":4},{"not_picked":["sneckomod:UnknownUncommonAttack","sneckomod:UnknownClassRUNESMITH_BEIGE"],"picked":"sneckomod:UnlimitedRolls","floor":6},{"not_picked":["sneckomod:Memorize","sneckomod:DefensiveFlair"],"picked":"sneckomod:UnknownClassCHRONO_GOLD","floor":8},{"not_picked":["sneckomod:UnknownCommonAttack","sneckomod:UnknownDexterity"],"picked":"sneckomod:ImprovisedAttack","floor":10},{"not_picked":["sneckomod:UnknownClassFIREFLY_COLOR","sneckomod:DefensiveFlair"],"picked":"sneckomod:WideSting","floor":11},{"not_picked":["sneckomod:UnknownWeak","sneckomod:UnknownDexterity"],"picked":"sneckomod:UnknownClassFIREFLY_COLOR","floor":14},{"not_picked":["sneckomod:UnknownClassTHE_CURSED_PURPLE","sneckomod:UnknownClassBLESSING"],"picked":"sneckomod:UnknownClassGUARDIAN","floor":15},{"not_picked":["sneckomod:MorePower","sneckomod:DangerNoodle"],"picked":"sneckomod:Mudshield","floor":16},{"not_picked":["sneckomod:UnknownClassJESTER_ORANGE","sneckomod:UnknownClassGREEN"],"picked":"sneckomod:UnknownDraw+1","floor":20},{"not_picked":["sneckomod:UnknownClassHIEROPHANT_GOLD_COLOR","sneckomod:UnknownClassRUNESMITH_BEIGE"],"picked":"sneckomod:ImprovisedAttack+1","floor":21},{"not_picked":["sneckomod:UnknownClassGREEN","sneckomod:SoulCleanse"],"picked":"sneckomod:UnknownX","floor":23},{"not_picked":["sneckomod:UnknownClassCHRONO_GOLD","sneckomod:UnknownClassWANDERER_GRAY_COLOR"],"picked":"sneckomod:UnknownClassRED","floor":26},{"not_picked":["sneckomod:SoulRoll","sneckomod:UnknownRareAttack"],"picked":"sneckomod:UnendingSupply","floor":28},{"not_picked":["sneckomod:DiceBlock","sneckomod:Unknown1Cost"],"picked":"sneckomod:SnakeSap","floor":30},{"not_picked":["sneckomod:UnknownClassHIEROPHANT_GOLD_COLOR","sneckomod:SlitherStrike"],"picked":"sneckomod:CheapStock","floor":32}],"player_experience":619479,"relics_obtained":[{"floor":1,"key":"hubris:OldNail"},{"floor":9,"key":"Ring of Peace"},{"floor":9,"key":"Ring of Searing"},{"floor":10,"key":"StuffTheSpire:Mouthbags"},{"floor":24,"key":"Torii"}],"event_choices":[{"damage_healed":0,"gold_gain":0,"player_choice":"Got Potions","damage_taken":0,"max_hp_gain":0,"max_hp_loss":0,"event_name":"Lab","floor":5,"gold_loss":0},{"damage_healed":22,"gold_gain":0,"player_choice":"Healed and dodged fight","damage_taken":0,"max_hp_gain":0,"max_hp_loss":0,"event_name":"Mushrooms","floor":12,"gold_loss":0,"cards_obtained":["Parasite"]}],"is_beta":false,"boss_relics":[{"not_picked":["Coffee Dripper","ReplayTheSpireMod:DimensionalGlitch"],"picked":"bronze:MakeshiftBattery"}],"items_purged_floors":[],"is_endless":false,"potions_floor_spawned":[3,8,11,14,15,16,19,21,26,32],"killed_by":"SI_MIRROR_ARCHETYPE","ascension_level":4}}