{"host":"fhyqvp7txwl2j5aw","time":1612976425,"event":{"mods":["AchievementEnabler","BaseMod","Better Altar","Better Match","Better Note","Better Sensory Stone","Better Skull","Better Third Choice","Card Forge","Colored Map","Colored Powertips","Highlight Path","Minty Spire (QoL Compilation)","Rare Cards Sparkle","Relic Filter Mod","StSLib","Transform Curses"],"gold_per_floor":[110,110,126,126,201,230,230,241,265,281,281,317,340,365,365,484,484,507,162,162,182,108,108,108,33,33,33,33,66,66,66,66,161,161,177,102,102,102,102,102,148,176,176,54,54,0,31,41,41,41,41,41,41,72,72],"floor_reached":56,"language":"JPN","playtime":3209,"items_purged":[],"score":1882,"play_id":"2bfd8564-0e00-4128-98b2-1b57513ae4e7","local_time":"20210211020025","is_ascension_mode":true,"campfire_choices":[{"floor":7.0,"key":"RECALL"},{"floor":15.0,"key":"REST"},{"floor":23.0,"key":"REST"},{"floor":30.0,"key":"REST"},{"floor":32.0,"key":"REST"},{"floor":40.0,"key":"REST"},{"floor":49,"key":"REST"},{"floor":52,"key":"REST"}],"circlet_count":0,"master_deck":["Shrug It Off+1","Shrug It Off+1","Fire Breathing+1","Evolve+1","Power Through+1","Power Through+1","Second Wind+1","Battle Trance+1","Entrench+1","Barricade+1","Insight+1","Feel No Pain+1","Offering+1","Sentinel+1","Body Slam+1","Finesse+1","Enlightenment+1"],"relics":["Burning Blood","Hammer of Thor","Seething Fire","Anvil of the Gods","Potion Belt","Bloody Idol","Darkstone Periapt","War Paint","Black Star","Membership Card","Bronze Scales","Letter Opener","Anchor","Mango","Juzu Bracelet","Question Card","Blood Vial","WingedGreaves","Strawberry","Cursed Key","Thread and Needle","Bag of Marbles","Regal Pillow","Sundial","Blue Candle","Red Mask","Blood Vial","Lantern","Oddly Smooth Stone","Pen Nib"],"acts_visited":["Exordium","TheCity","TheBeyond","TheEnding"],"potions_floor_usage":[],"damage_taken":[{"damage":1.0,"enemies":"Jaw Worm","floor":1.0,"turns":2.0},{"damage":0.0,"enemies":"Cultist","floor":3.0,"turns":2.0},{"damage":25.0,"enemies":"3 Sentries","floor":6.0,"turns":5.0},{"damage":0.0,"enemies":"2 Louse","floor":8.0,"turns":2.0},{"damage":0.0,"enemies":"Looter","floor":10.0,"turns":2.0},{"damage":13.0,"enemies":"Lagavulin","floor":12.0,"turns":5.0},{"damage":3.0,"enemies":"Exordium Wildlife","floor":13.0,"turns":3.0},{"damage":1.0,"enemies":"The Guardian","floor":16.0,"turns":13.0},{"damage":9.0,"enemies":"Spheric Guardian","floor":18.0,"turns":5.0},{"damage":0.0,"enemies":"3 Byrds","floor":21.0,"turns":2.0},{"damage":4.0,"enemies":"Book of Stabbing","floor":29.0,"turns":6.0},{"damage":0.0,"enemies":"Automaton","floor":33.0,"turns":10.0},{"damage":0.0,"enemies":"Orb Walker","floor":35.0,"turns":4.0},{"damage":0.0,"enemies":"2 Orb Walkers","floor":41.0,"turns":3.0},{"damage":6.0,"enemies":"Giant Head","floor":42.0,"turns":4.0},{"damage":6,"enemies":"Nemesis","floor":47,"turns":7},{"damage":0,"enemies":"3 Shapes","floor":48,"turns":3},{"damage":6,"enemies":"Time Eater","floor":50,"turns":4},{"damage":0,"enemies":"Shield and Spear","floor":54,"turns":3},{"damage":32,"enemies":"The Heart","floor":55,"turns":7}],"seed_played":"5065710973945856518","potions_obtained":[{"floor":1.0,"key":"Ancient Potion"},{"floor":12.0,"key":"SmokeBomb"},{"floor":18.0,"key":"Swift Potion"},{"floor":48,"key":"BloodPotion"}],"is_trial":false,"path_per_floor":["M","?","M","$","?","E","R","M","T","M","?","E","M","T","R","B",null,"M","$","?","M","$","R","T","$","T","?","?","E","R","$","R","B",null,"M","?","?","?","?","R","?","E","T","$","$","?","E","M","R","B",null,"R","$","E","B",null],"character_chosen":"IRONCLAD","items_purchased":["Membership Card","Bronze Scales","Letter Opener","Anchor","Juzu Bracelet","Blue Candle"],"campfire_rested":7,"item_purchase_floors":[19,19,19,22,25,44],"current_hp_per_floor":[93,93,96,96,85,66,66,72,72,78,78,71,74,74,96,96,96,93,93,93,96,96,96,110,110,110,110,80,96,117,117,117,117,117,117,117,117,123,123,123,123,123,129,129,129,129,129,129,129,129,129,129,129,129,103],"gold":72,"neow_bonus":"TWENTY_PERCENT_HP_BONUS","is_daily":false,"chose_seed":false,"campfire_upgraded":0,"win_rate":0.0,"timestamp":1612976425,"path_taken":["M","?","?","?","?","E","R","M","T","M","?","E","?","?","R","BOSS","M","$","?","M","$","R","?","?","T","?","?","E","R","$","R","BOSS","M","?","?","?","?","R","?","E","T","?","$","?","E","M","R","BOSS","R","$","E","BOSS"],"items_purchased_type":["Relic","Relic","Relic","Relic","Relic","Relic"],"build_version":"2020-12-22","purchased_purges":0,"victory":true,"max_hp_per_floor":[96,96,96,96,96,96,96,96,96,96,96,96,96,96,96,96,96,96,96,96,96,96,96,110,110,110,110,110,117,117,117,117,117,117,117,117,117,123,123,123,123,123,129,129,129,129,129,129,129,129,129,129,129,129,129],"card_choices":[{"not_picked":["True Grit","Body Slam","Battle Trance"],"picked":"SKIP","floor":1.0},{"not_picked":["Entrench","Twin Strike","Sentinel"],"picked":"SKIP","floor":3.0},{"not_picked":["Dark Embrace","True Grit","Perfected Strike"],"picked":"SKIP","floor":6.0},{"not_picked":["Pommel Strike","Dual Wield","Body Slam"],"picked":"SKIP","floor":8.0},{"not_picked":["Uppercut","Evolve","Flex"],"picked":"SKIP","floor":10.0},{"not_picked":["Feel No Pain","Searing Blow","Clothesline"],"picked":"SKIP","floor":12.0},{"not_picked":["Rage","True Grit","Flex"],"picked":"SKIP","floor":13.0},{"not_picked":["Clothesline","Rupture","Wild Strike+1"],"picked":"SKIP","floor":18.0},{"not_picked":["Shrug It Off","Pummel","Armaments"],"picked":"SKIP","floor":21.0},{"not_picked":["Cleave","Armaments","Uppercut+1"],"picked":"Feel No Pain","floor":29.0},{"not_picked":["Bludgeon","Limit Break","Corruption"],"picked":"Offering","floor":33.0},{"not_picked":["Warcry","Dropkick","Headbutt+1","Flame Barrier+1"],"picked":"SKIP","floor":35.0},{"not_picked":["Good Instincts","Deep Breath","Violence"],"picked":"Finesse","floor":37.0},{"not_picked":["Dark Shackles","Mayhem","Purity"],"picked":"Enlightenment","floor":37.0},{"not_picked":["Havoc+1","Barricade","Perfected Strike","Twin Strike+1"],"picked":"SKIP","floor":42.0},{"not_picked":["Barricade","Body Slam+1","Power Through","Clothesline+1"],"picked":"SKIP","floor":47},{"not_picked":["Feel No Pain","Second Wind","Wild Strike+1","Iron Wave"],"picked":"SKIP","floor":48},{"not_picked":["Burning Pact","Inflame+1","Feel No Pain","Pummel+1"],"picked":"SKIP","floor":54}],"player_experience":36494,"relics_obtained":[{"floor":6.0,"key":"Potion Belt"},{"floor":12.0,"key":"Darkstone Periapt"},{"floor":14.0,"key":"War Paint"},{"floor":24.0,"key":"Mango"},{"floor":26.0,"key":"Question Card"},{"floor":29.0,"key":"WingedGreaves"},{"floor":29.0,"key":"Strawberry"},{"floor":41.0,"key":"Thread and Needle"},{"floor":42.0,"key":"Bag of Marbles"},{"floor":42.0,"key":"Regal Pillow"},{"floor":43,"key":"Sundial"},{"floor":47,"key":"Blood Vial"},{"floor":47,"key":"Lantern"},{"floor":54,"key":"Oddly Smooth Stone"},{"floor":54,"key":"Pen Nib"}],"event_choices":[{"damage_healed":0.0,"max_hp_gain":0.0,"max_hp_loss":0.0,"gold_gain":0.0,"event_name":"Purifier","player_choice":"Ignored","floor":2.0,"gold_loss":0.0,"damage_taken":0.0},{"damage_healed":0.0,"max_hp_gain":0.0,"max_hp_loss":0.0,"gold_gain":75.0,"event_name":"betterThird:BetterGoop","player_choice":"Gold","floor":5.0,"gold_loss":0.0,"damage_taken":11.0},{"damage_healed":0.0,"max_hp_gain":0.0,"max_hp_loss":0.0,"gold_gain":0.0,"event_name":"Golden Idol","player_choice":"Take Wound","floor":11.0,"gold_loss":0.0,"damage_taken":0.0,"relics_obtained":["Golden Idol"],"cards_obtained":["Injury"]},{"cards_removed":["Wraith Form v2"],"damage_healed":0.0,"max_hp_gain":0.0,"max_hp_loss":0.0,"gold_gain":0.0,"event_name":"betterNote:BetterNote","player_choice":"Take \u0026 Give","floor":20.0,"gold_loss":0.0,"damage_taken":0.0,"cards_obtained":["Wraith Form v2"]},{"damage_healed":0.0,"max_hp_gain":0.0,"max_hp_loss":0.0,"gold_gain":0.0,"event_name":"betterThird:BetterWriting","player_choice":"Insight","floor":27.0,"gold_loss":0.0,"damage_taken":0.0,"cards_obtained":["Insight"]},{"damage_healed":0.0,"max_hp_gain":110.0,"max_hp_loss":80.0,"gold_gain":0.0,"event_name":"betterAltar:BetterAltar","player_choice":" Vial GoldIdol ","floor":28.0,"potions_obtained":[],"relics_lost":["Golden Idol"],"gold_loss":0.0,"damage_taken":30.0,"relics_obtained":["Blood Vial","Bloody Idol"]},{"damage_healed":0.0,"max_hp_gain":0.0,"max_hp_loss":0.0,"gold_gain":0.0,"event_name":"betterMatch:BetterMatch","player_choice":"1","floor":36.0,"gold_loss":0.0,"damage_taken":0.0,"cards_obtained":["betterMatch:CommonCard","betterMatch:RareCard"]},{"damage_healed":0.0,"max_hp_gain":0.0,"max_hp_loss":0.0,"gold_gain":3.0,"event_name":"betterStone:BetterStone","player_choice":"1","floor":37.0,"gold_loss":0.0,"damage_taken":0.0},{"damage_healed":29.0,"max_hp_gain":0.0,"max_hp_loss":0.0,"gold_gain":0.0,"event_name":"Winding Halls","player_choice":"Writhe","floor":38.0,"gold_loss":0.0,"damage_taken":0.0,"cards_obtained":["Writhe"]},{"cards_removed":["Shrug It Off"],"damage_healed":0.0,"max_hp_gain":0.0,"max_hp_loss":0.0,"gold_gain":0.0,"event_name":"Falling","player_choice":"Removed Skill","floor":39.0,"gold_loss":0.0,"damage_taken":0.0},{"damage_healed":0.0,"max_hp_gain":0.0,"max_hp_loss":0.0,"gold_gain":0.0,"event_name":"Mysterious Sphere","player_choice":"Fight","floor":41.0,"gold_loss":0.0,"damage_taken":0.0},{"damage_healed":0,"gold_gain":0,"player_choice":"Paid","damage_taken":0,"relics_obtained":["Red Mask"],"max_hp_gain":0,"max_hp_loss":0,"event_name":"Tomb of Lord Red Mask","floor":46,"gold_loss":54}],"is_beta":false,"boss_relics":[{"not_picked":["Mark of Pain","Ectoplasm"],"picked":"Black Star"},{"not_picked":["Sozu","SacredBark"],"picked":"Cursed Key"}],"items_purged_floors":[],"is_endless":false,"potions_floor_spawned":[1,12,18,48],"ascension_level":7}}