{"host":"flm17o2q7bfjyna6","time":1612973345,"event":{"mods":["2.2 Compatiblity","Act Like it!","BaseMod","Better Altar","Better Match","Better Note","Better Sensory Stone","Better Skull","Better Third Choice","Better Vampires","Colored Map","Colored Powertips","DeckTracker","Fox Events","Hermit","Minty Spire (QoL Compilation)","Quick Restart","Reliquary","Replay The Spire","Reworked Bosses","Spicy Shops","StSLib","TheSwordswoman","Wandering Minibosses"],"gold_per_floor":[112,88,88,106,35,35,51,69,69,69,22,40,40,40,40,163,163,181,20,20,39,3,3,278,278,278,4,22,60,81,121,121,244,307,331,345,58,333,52,52,124,124,124,147,180,227,262,310,643,655],"floor_reached":51,"language":"ENG","playtime":3145,"items_purged":["blazmod:Strike","blazmod:Strike","blazmod:Strike","Regret"],"score":1214,"play_id":"126e5116-ad21-4774-9e8c-ea4b83014959","local_time":"20210210110905","is_ascension_mode":true,"campfire_choices":[{"data":"blazmod:Swordstorm","floor":6,"key":"SMITH"},{"floor":15,"key":"REST"},{"data":"blazmod:DawnflutterDance","floor":23,"key":"SMITH"},{"floor":32,"key":"REST"},{"data":"blazmod:FlashRock","floor":40,"key":"SMITH"},{"data":"blazmod:Observant","floor":42,"key":"SMITH"}],"circlet_count":0,"master_deck":["blazmod:Defend","blazmod:Defend","blazmod:Defend","blazmod:Defend","blazmod:ButterflyEffect+1","blazmod:Kyokasuigetsu+1","ReplayTheSpireMod:Private Reserves","blazmod:Swordstorm+1","blazmod:FlashRock+1","blazmod:BladeOfEnlightenment","blazmod:PureOfSoul+1","blazmod:FleetOfFoot+1","blazmod:Crosscut+1","blazmod:FlawlessDraw","Injury","blazmod:DawnflutterDance+1","blazmod:SureOfHand","blazmod:Trasient+1","blazmod:Observant+1","blazmod:FocusThroughFalls","blazmod:SidewaySolace+1","blazmod:ClearTheMind","blazmod:MyEverything+1","blazmod:HarmonyComplete","blazmod:BladeOfEnlightenment","blazmod:HoumatsuMugenKochouji","blazmod:Observant+1","blazmod:Trasient+1","blazmod:DevilDivine+1","blazmod:HarmonyComplete+1","blazmod:FleetingDawn+1","blazmod:Quickdraw+1","Violence","Panacea","Finesse","blazmod:Lockswords+1","Parasite","blazmod:TandenKatsu+1","blazmod:BladeOfEnlightenment+1","blazmod:TravelJournal","blazmod:FortifiedVigor+1","blazmod:MindsEye+1","blazmod:MirrorImage"],"relics":["blazmod:Venustas","betterThird:SlimedRelic","Regal Pillow","reliquary:TatteredRug","reliquary:RedCape","Omamori","WarpedTongs","reliquary:Buckler","ClockworkSouvenir","Prayer Wheel","Blue Doll","FossilizedHelix","Tiny House","BargainBundle","ReplayTheSpireMod:ShopPack","Whetstone","Replay:Bandana","Bronze Scales","White Beast Statue","Du-Vu Doll","reliquary:Boomerang","reliquary:WeakTea"],"acts_visited":["Exordium","TheCity","TheBeyond"],"potions_floor_usage":[],"damage_taken":[{"damage":7,"enemies":"Jaw Worm","floor":1,"turns":4},{"damage":0,"enemies":"Cultist","floor":4,"turns":3},{"damage":1,"enemies":"2 Louse","floor":7,"turns":3},{"damage":3,"enemies":"Looter","floor":8,"turns":4},{"damage":10,"enemies":"Large Slime","floor":12,"turns":4},{"damage":0,"enemies":"Slime Boss","floor":16,"turns":6},{"damage":13,"enemies":"Spheric Guardian","floor":18,"turns":4},{"damage":0,"enemies":"Chosen","floor":21,"turns":6},{"damage":7,"enemies":"3 Cultists","floor":28,"turns":4},{"damage":18,"enemies":"Slavers","floor":29,"turns":3},{"damage":0,"enemies":"Snake Plant","floor":30,"turns":2},{"damage":0,"enemies":"Replay:Snechameleon","floor":31,"turns":5},{"damage":0,"enemies":"bossMod:newChamp","floor":33,"turns":10},{"damage":0,"enemies":"Orb Walker","floor":35,"turns":3},{"damage":0,"enemies":"3 Shapes","floor":36,"turns":2},{"damage":0,"enemies":"Reptomancer","floor":41,"turns":4},{"damage":0,"enemies":"Writhing Mass","floor":44,"turns":6},{"damage":18,"enemies":"4 Shapes","floor":45,"turns":5},{"damage":0,"enemies":"R_Hoarder","floor":46,"turns":5},{"damage":0,"enemies":"Maw","floor":47,"turns":6},{"damage":0,"enemies":"Nemesis","floor":48,"turns":5},{"damage":0,"enemies":"bossMod:newShapes","floor":50,"turns":6}],"seed_played":"7025175230513312674","potions_obtained":[{"floor":4,"key":"Death Potion"},{"floor":8,"key":"Dexterity Potion"},{"floor":16,"key":"Energy Potion"},{"floor":18,"key":"Explosive Potion"},{"floor":21,"key":"Strength Potion"},{"floor":31,"key":"SteroidPotion"},{"floor":33,"key":"Ancient Potion"},{"floor":34,"key":"DistilledChaos"},{"floor":44,"key":"Energy Potion"},{"floor":45,"key":"Block Potion"}],"is_trial":false,"path_per_floor":["M","?","?","M","$","R","M","M","T","?","$","M","?","?","R","B",null,"M","$","?","M","$","R","?","?","T","$","M","E","M","E","R","B",null,"M","M","$","?","$","R","E","R","T","M","M","E","M","E","R_BF","B",null],"character_chosen":"THE_SWORDSWOMAN","items_purchased":["blazmod:BladeOfEnlightenment","blazmod:Crosscut","Omamori","blazmod:SureOfHand","blazmod:Observant","ClockworkSouvenir","Prayer Wheel","BargainBundle","ReplayTheSpireMod:ShopPack","blazmod:Quickdraw+1","Whetstone","GamblersBrew","Block Potion","DuplicationPotion","EntropicBrew","Replay:Bandana","Bronze Scales"],"campfire_rested":2,"item_purchase_floors":[5,11,19,19,22,27,27,37,37,37,37,37,37,37,37,39,39],"current_hp_per_floor":[33,22,22,22,22,22,21,18,18,18,18,8,5,5,32,32,40,27,27,27,27,27,27,27,27,27,27,20,2,2,2,29,29,45,45,45,45,45,45,45,45,45,45,45,27,27,27,27,27,27],"gold":655,"neow_bonus":"RANDOM_COLORLESS","is_daily":false,"chose_seed":false,"campfire_upgraded":4,"win_rate":0.0,"timestamp":1612973345,"path_taken":["M","?","?","M","$","R","?","M","T","?","$","M","?","?","R","BOSS","M","$","?","M","?","R","?","?","T","$","?","E","M","E","R","BOSS","M","?","$","?","?","R","E","R","T","M","M","E","M","E","R_BF","BOSS"],"items_purchased_type":["Card","Card","Relic","Card","Card","Relic","Relic","Relic","Relic","Card","Relic","Potion","Potion","Potion","Potion","Relic","Relic"],"build_version":"2020-12-22","purchased_purges":4,"victory":true,"max_hp_per_floor":[40,40,40,40,40,40,40,40,40,40,40,40,40,40,40,40,40,40,40,40,40,40,40,40,40,40,40,40,40,40,40,40,40,45,45,45,45,45,45,45,45,45,45,45,45,45,45,45,45,45],"card_choices":[{"not_picked":["Mind Blast","Enlightenment"],"picked":"ReplayTheSpireMod:Private Reserves","floor":0},{"not_picked":["blazmod:StanceChange","blazmod:Crosscut"],"picked":"blazmod:Swordstorm","floor":1},{"not_picked":["blazmod:TravelJournal","blazmod:Contingency"],"picked":"blazmod:FlashRock","floor":4},{"not_picked":["blazmod:StanceChange","blazmod:Trasient"],"picked":"blazmod:PureOfSoul","floor":7},{"not_picked":["blazmod:UnderPurifyingWaters","blazmod:StanceChange"],"picked":"blazmod:FleetOfFoot","floor":8},{"not_picked":["blazmod:StanceChange","blazmod:MindsEye"],"picked":"blazmod:FlawlessDraw","floor":12},{"not_picked":["blazmod:PerennialBeauty","blazmod:SeismicSlash"],"picked":"blazmod:DawnflutterDance","floor":16},{"not_picked":["blazmod:MentalFocus+1","blazmod:BoulderFlash","blazmod:FlashRock"],"picked":"SKIP","floor":18},{"not_picked":["blazmod:SidewaySolace","blazmod:MentalFocus"],"picked":"blazmod:Trasient","floor":21},{"not_picked":["blazmod:Trasient","blazmod:FleetOfFoot"],"picked":"blazmod:FocusThroughFalls","floor":28},{"not_picked":["blazmod:Valiance+1","blazmod:StanceChange"],"picked":"blazmod:SidewaySolace+1","floor":28},{"not_picked":["blazmod:FleetOfFoot+1","blazmod:FortifiedVigor"],"picked":"blazmod:ClearTheMind","floor":29},{"not_picked":["blazmod:FlashRock+1","blazmod:Observant+1"],"picked":"blazmod:MyEverything+1","floor":30},{"not_picked":["blazmod:BoulderFlash","blazmod:Contingency"],"picked":"blazmod:HarmonyComplete","floor":30},{"not_picked":["blazmod:Trasient","blazmod:KatanaStrike"],"picked":"blazmod:BladeOfEnlightenment","floor":31},{"not_picked":["blazmod:ButterflyBlade","blazmod:MirrorImage"],"picked":"blazmod:HoumatsuMugenKochouji","floor":33},{"not_picked":["blazmod:DrippingWaterHollowsStone","blazmod:OpenSpirit"],"picked":"blazmod:Observant+1","floor":34},{"not_picked":["blazmod:DrippingWaterHollowsStone+1","blazmod:FortifiedVigor"],"picked":"blazmod:Trasient+1","floor":35},{"not_picked":["blazmod:FlyFlyAgain+1","blazmod:BlindBlade+1"],"picked":"blazmod:DevilDivine+1","floor":35},{"not_picked":["blazmod:ButterFlutter+1","blazmod:Crosscut+1"],"picked":"blazmod:HarmonyComplete","floor":36},{"not_picked":["blazmod:StanceChange","blazmod:OpenSpirit+1"],"picked":"blazmod:FleetingDawn+1","floor":36},{"not_picked":["Secret Weapon","Master of Strategy"],"picked":"Violence","floor":37},{"not_picked":["Poisoned Strike","Forethought"],"picked":"Panacea","floor":37},{"not_picked":["Chrysalis","Trip"],"picked":"Finesse","floor":37},{"not_picked":["blazmod:SecondSight+1","blazmod:PhysicalEndurance+1"],"picked":"blazmod:Lockswords+1","floor":41},{"not_picked":["blazmod:KatanaStrike+1","blazmod:SidewaySolace"],"picked":"blazmod:TandenKatsu+1","floor":44},{"not_picked":["blazmod:BoulderFlash","blazmod:ClearTheMind+1"],"picked":"blazmod:BladeOfEnlightenment+1","floor":44},{"not_picked":["blazmod:Valiance+1","blazmod:PhysicalEndurance"],"picked":"blazmod:TravelJournal","floor":45},{"not_picked":["blazmod:BoulderFlash+1","blazmod:FlashRock+1"],"picked":"blazmod:FortifiedVigor+1","floor":45},{"not_picked":["blazmod:FortifiedVigor","blazmod:FleetOfFoot+1"],"picked":"blazmod:MindsEye+1","floor":46},{"not_picked":["blazmod:TandenKatsu+1","blazmod:Valiance"],"picked":"blazmod:MirrorImage","floor":47},{"not_picked":["blazmod:BoulderFlash","blazmod:KatanaStrike+1","blazmod:Valiance"],"picked":"SKIP","floor":47},{"not_picked":["blazmod:ForgeWays","blazmod:FlashRock+1","blazmod:StanceChange"],"picked":"SKIP","floor":48}],"player_experience":1750917,"relics_obtained":[{"floor":9,"key":"Regal Pillow"},{"floor":26,"key":"reliquary:Buckler"},{"floor":29,"key":"Blue Doll"},{"floor":31,"key":"FossilizedHelix"},{"floor":41,"key":"White Beast Statue"},{"floor":43,"key":"Du-Vu Doll"},{"floor":46,"key":"reliquary:Boomerang"},{"floor":48,"key":"reliquary:WeakTea"}],"event_choices":[{"damage_healed":0,"gold_gain":0,"player_choice":"Slimed","damage_taken":11,"max_hp_gain":0,"max_hp_loss":0,"event_name":"betterThird:BetterGoop","floor":2,"gold_loss":24},{"damage_healed":0,"gold_gain":0,"player_choice":"Upgraded","damage_taken":0,"max_hp_gain":0,"max_hp_loss":0,"event_name":"Upgrade Shrine","floor":3,"gold_loss":0,"cards_upgraded":["blazmod:ButterflyEffect"]},{"damage_healed":0,"gold_gain":0,"player_choice":"Grow","damage_taken":0,"max_hp_gain":0,"max_hp_loss":0,"event_name":"Living Wall","floor":10,"gold_loss":0,"cards_upgraded":["blazmod:PureOfSoul"]},{"damage_healed":0,"gold_gain":1,"player_choice":"Relic ","damage_taken":3,"max_hp_gain":0,"max_hp_loss":0,"event_name":"betterThird:BetterScrap","floor":13,"gold_loss":0,"cards_obtained":["Catalyst"]},{"damage_healed":0,"gold_gain":0,"player_choice":"Take Wound","damage_taken":0,"relics_obtained":["Golden Idol"],"max_hp_gain":0,"max_hp_loss":0,"event_name":"Golden Idol","floor":14,"gold_loss":0,"cards_obtained":["Injury"]},{"cards_removed":["blazmod:Strike"],"damage_healed":0,"gold_gain":0,"player_choice":"Purged","damage_taken":0,"max_hp_gain":0,"max_hp_loss":0,"event_name":"Purifier","floor":20,"gold_loss":0},{"damage_healed":0,"gold_gain":275,"player_choice":"Desecrate","damage_taken":0,"max_hp_gain":0,"max_hp_loss":0,"event_name":"Golden Shrine","floor":24,"gold_loss":0,"cards_obtained":["Regret"]},{"damage_healed":0,"gold_gain":0,"player_choice":"Rummage","damage_taken":0,"relics_obtained":["WarpedTongs"],"max_hp_gain":0,"max_hp_loss":0,"event_name":"Accursed Blacksmith","floor":25,"gold_loss":0,"cards_obtained":["Pain"]},{"damage_healed":0,"gold_gain":275,"player_choice":"Desecrate","damage_taken":0,"max_hp_gain":0,"max_hp_loss":0,"event_name":"Golden Shrine","floor":38,"gold_loss":0,"cards_obtained":["Regret"]},{"damage_healed":0,"gold_gain":333,"player_choice":"Gave Idol","damage_taken":0,"max_hp_gain":0,"max_hp_loss":0,"event_name":"The Moai Head","floor":49,"relics_lost":["Golden Idol"],"gold_loss":0}],"is_beta":false,"boss_relics":[{"not_picked":["Sozu","Painkiller Herb"],"picked":"reliquary:RedCape"},{"not_picked":["reliquary:KinkedSpring","Snecko Heart"],"picked":"Tiny House"}],"items_purged_floors":[19,27,37,39],"is_endless":false,"potions_floor_spawned":[4,8,16,18,21,31,33,36,44,45,46,47,48],"ascension_level":2}}