{"host":"7108daw7adv7mxyd","time":1612917941,"event":{"mods":["BaseMod","Minty Spire (QoL Compilation)","StSLib"],"gold_per_floor":[109,284,295,77,77,112,112,138,138,171,171,0,0,13,13,113,113,132,132,132,142,155,155,55,72,72,23,23,54,67,80,80,80,80],"floor_reached":33,"language":"ENG","playtime":1362,"items_purged":["Doubt","Strike_P"],"score":383,"play_id":"bec5ec83-4744-4538-8dc8-d5a189ee37dd","local_time":"20210209194541","is_ascension_mode":true,"campfire_choices":[{"data":"Devotion","floor":7,"key":"SMITH"},{"floor":11,"key":"REST"},{"floor":15,"key":"REST"},{"floor":23,"key":"REST"},{"floor":28,"key":"REST"},{"floor":32,"key":"REST"}],"circlet_count":0,"master_deck":["Strike_P","Strike_P","Strike_P","Defend_P","Defend_P","Defend_P","Defend_P","Eruption","Vigilance","Consecrate","Devotion+1","Brilliance","DeusExMachina","EmptyBody","Prostrate","Brilliance","CurseOfTheBell","FlurryOfBlows+1","FlurryOfBlows","Prostrate","FlurryOfBlows"],"relics":["PureWater","NeowsBlessing","Darkstone Periapt","Blue Candle","Girya","Blood Vial","Potion Belt","Damaru","Calling Bell","Bag of Preparation","Sundial","Unceasing Top","Mummified Hand","Boot","Matryoshka"],"acts_visited":["Exordium","TheCity"],"potions_floor_usage":[10,16,21,29,31,33,33],"damage_taken":[{"damage":0,"enemies":"Jaw Worm","floor":1,"turns":1},{"damage":0,"enemies":"Cultist","floor":3,"turns":1},{"damage":0,"enemies":"3 Sentries","floor":6,"turns":2},{"damage":20,"enemies":"Lagavulin","floor":8,"turns":7},{"damage":32,"enemies":"Gremlin Nob","floor":10,"turns":4},{"damage":0,"enemies":"2 Louse","floor":14,"turns":3},{"damage":42,"enemies":"The Guardian","floor":16,"turns":8},{"damage":18,"enemies":"2 Thieves","floor":18,"turns":4},{"damage":0,"enemies":"3 Byrds","floor":21,"turns":5},{"damage":11,"enemies":"3 Cultists","floor":22,"turns":4},{"damage":16,"enemies":"Centurion and Healer","floor":25,"turns":4},{"damage":21,"enemies":"Book of Stabbing","floor":29,"turns":3},{"damage":21,"enemies":"Snake Plant","floor":30,"turns":3},{"damage":0,"enemies":"Snecko","floor":31,"turns":2},{"damage":72,"enemies":"Collector","floor":33,"turns":5}],"seed_played":"1117787639482985431","potions_obtained":[{"floor":8,"key":"DistilledChaos"},{"floor":14,"key":"GamblersBrew"},{"floor":16,"key":"DuplicationPotion"},{"floor":25,"key":"Explosive Potion"},{"floor":29,"key":"BlessingOfTheForge"},{"floor":30,"key":"EssenceOfSteel"},{"floor":31,"key":"FearPotion"}],"is_trial":false,"path_per_floor":["M","?","M","$","?","E","R","E","T","E","R","$","?","M","R","B",null,"M","?","T","M","M","R","$","M","T","$","R","E","M","M","R","B"],"character_chosen":"WATCHER","items_purchased":["Devotion","Damaru","EmptyBody","FlurryOfBlows"],"campfire_rested":5,"item_purchase_floors":[4,12,12,27],"current_hp_per_floor":[72,72,72,72,69,69,69,49,49,19,40,40,40,42,63,23,78,60,45,45,47,38,62,62,48,48,48,72,53,34,36,60,0,0],"gold":80,"neow_bonus":"THREE_ENEMY_KILL","is_daily":false,"chose_seed":false,"campfire_upgraded":1,"win_rate":0.0,"timestamp":1612917941,"path_taken":["M","?","M","$","?","E","R","E","T","E","R","$","?","M","R","BOSS","M","?","?","?","M","R","?","?","T","$","R","E","M","M","R","BOSS"],"items_purchased_type":["Card","Relic","Card","Card"],"build_version":"2020-12-22","purchased_purges":2,"victory":false,"max_hp_per_floor":[72,72,72,72,72,72,72,72,72,72,72,72,72,72,72,72,78,78,83,83,83,83,83,83,83,83,83,83,83,83,83,83,83,83],"card_choices":[{"not_picked":["SashWhip","Conclude"],"picked":"Consecrate","floor":1},{"not_picked":["FlurryOfBlows","Protect","CutThroughFate"],"picked":"SKIP","floor":3},{"not_picked":["Perseverance","CrushJoints"],"picked":"Brilliance","floor":6},{"not_picked":["InnerPeace","PathToVictory"],"picked":"DeusExMachina","floor":8},{"not_picked":["WheelKick","Halt","Collect"],"picked":"SKIP","floor":10},{"not_picked":["Crescendo","Nirvana"],"picked":"Prostrate","floor":14},{"not_picked":["Establishment","MasterReality"],"picked":"Brilliance","floor":16},{"not_picked":["Worship+1","ClearTheMind"],"picked":"FlurryOfBlows+1","floor":18},{"not_picked":["Wireheading","Sanctity","Indignation"],"picked":"SKIP","floor":21},{"not_picked":["ThirdEye+1","Protect+1"],"picked":"FlurryOfBlows","floor":22},{"not_picked":["CrushJoints","Meditate"],"picked":"Prostrate","floor":25},{"not_picked":["ClearTheMind","Evaluate+1","Adaptation"],"picked":"SKIP","floor":29},{"not_picked":["Swivel+1","Meditate","Halt+1"],"picked":"SKIP","floor":30},{"not_picked":["Consecrate","SashWhip","CrushJoints"],"picked":"SKIP","floor":31}],"player_experience":308886,"relics_obtained":[{"floor":6,"key":"Blue Candle"},{"floor":8,"key":"Girya"},{"floor":9,"key":"Blood Vial"},{"floor":10,"key":"Potion Belt"},{"floor":17,"key":"Bag of Preparation"},{"floor":17,"key":"Sundial"},{"floor":17,"key":"Unceasing Top"},{"floor":20,"key":"Mummified Hand"},{"floor":26,"key":"Boot"},{"floor":29,"key":"Matryoshka"}],"event_choices":[{"damage_healed":0,"gold_gain":175,"player_choice":"AGREE","damage_taken":0,"max_hp_gain":0,"max_hp_loss":0,"event_name":"Liars Game","floor":2,"gold_loss":0,"cards_obtained":["Doubt"]},{"damage_healed":0,"gold_gain":0,"player_choice":"Success","damage_taken":3,"relics_obtained":["Darkstone Periapt"],"max_hp_gain":0,"max_hp_loss":0,"event_name":"Scrap Ooze","floor":5,"gold_loss":0},{"damage_healed":0,"gold_gain":0,"player_choice":"Ignored","damage_taken":0,"max_hp_gain":0,"max_hp_loss":0,"event_name":"Shining Light","floor":13,"gold_loss":0},{"damage_healed":0,"gold_gain":0,"player_choice":"Shed Blood","damage_taken":20,"max_hp_gain":5,"max_hp_loss":0,"event_name":"Forgotten Altar","floor":19,"gold_loss":0}],"is_beta":false,"boss_relics":[{"not_picked":["Cursed Key","Ectoplasm"],"picked":"Calling Bell"}],"items_purged_floors":[4,24],"is_endless":false,"potions_floor_spawned":[8,14,16,25,29,30,31],"killed_by":"Collector","ascension_level":3}}