{"host":"tthpht10oetb1q7t","time":1612947701,"event":{"mods":["AchievementEnabler","BaseMod","Conspire","Dio Mod","GifTheSpireLib","Hubris","Minty Spire (QoL Compilation)","Permanent Neow","Quick Restart","Replay The Spire","StSLib","SuperFastMode","The Blackbeard","The Saiyan"],"gold_per_floor":[94,94,111,155,155,155,206,106,106,120,120,53,72,91,91,194,194,209,137,150,166,40,40,60,60,108,122,122,122],"floor_reached":28,"language":"ENG","playtime":2550,"items_purged":["Saiyan:SAIYA_Strike"],"score":210,"play_id":"e00aa1e7-dbc5-4d7f-b1e7-d093c21c4f4b","local_time":"20210210100141","is_ascension_mode":false,"campfire_choices":[{"data":"1","floor":6,"key":"LIFT"},{"data":"2","floor":15,"key":"LIFT"},{"data":"3","floor":23,"key":"LIFT"},{"data":"Saiyan:MonkeyTail","floor":25,"key":"SMITH"}],"circlet_count":0,"master_deck":["Saiyan:SAIYA_Strike","Saiyan:SAIYA_Strike+1","Saiyan:SAIYA_Defend","Saiyan:SAIYA_Defend","Saiyan:SAIYA_Defend","Saiyan:SAIYA_Defend","Saiyan:EnergyBlast+1","Saiyan:KaioKen","Saiyan:RuthlessBlow+1","Saiyan:BigBangAttack","Saiyan:MeteorDash","Saiyan:PlotArmor","Saiyan:PlotArmor","Saiyan:Planning","Saiyan:LastResort+1","Saiyan:MonkeyTail+1","Saiyan:ExtremeSpeed","Saiyan:MeteorDash","Saiyan:SolarFlare","Saiyan:BurningSoul","Saiyan:Flurry","Saiyan:Teleport+1","Saiyan:WarmUp","Saiyan:WarmUp","Saiyan:Furor"],"relics":["SaiyanSoul","SaiyanHeart","Girya","Bottled Lightning","Black Star","Replay:Mystery Machine"],"acts_visited":["Exordium","TheCity"],"potions_floor_usage":[18],"damage_taken":[{"damage":0,"enemies":"Small Slimes","floor":1,"turns":3},{"damage":0,"enemies":"Jaw Worm","floor":3,"turns":2},{"damage":0,"enemies":"2 Louse","floor":10,"turns":1},{"damage":0,"enemies":"Blue Slaver","floor":13,"turns":3},{"damage":0,"enemies":"Looter","floor":14,"turns":1},{"damage":5,"enemies":"Hexaghost","floor":16,"turns":6},{"damage":8,"enemies":"Shell Parasite","floor":18,"turns":6},{"damage":8,"enemies":"Chosen","floor":20,"turns":5},{"damage":24,"enemies":"Shelled Parasite and Fungi","floor":21,"turns":5},{"damage":13,"enemies":"Snake Plant","floor":24,"turns":4},{"damage":3,"enemies":"conspire:HollyBat","floor":27,"turns":6},{"damage":29,"enemies":"Slavers","floor":28,"turns":1}],"seed_played":"5393587618732294214","potions_obtained":[{"floor":1,"key":"Strength Potion"},{"floor":3,"key":"Adrenaline Potion"},{"floor":10,"key":"BlessingOfTheForge"},{"floor":14,"key":"FearPotion"},{"floor":21,"key":"ColorlessPotion"}],"is_trial":false,"path_per_floor":["M","?","M","?","?","R","T","$","T","M","?","$","M","M","R","B",null,"M","$","M","M","$","R","M","R","T","M","E"],"character_chosen":"SAIYAJIN","items_purchased":["Saiyan:PlotArmor","Saiyan:Planning","Saiyan:MonkeyTail","Saiyan:BurningSoul","Saiyan:WarmUp"],"campfire_rested":0,"item_purchase_floors":[8,8,12,19,22],"current_hp_per_floor":[62,55,56,41,28,28,28,28,28,29,29,29,30,30,30,26,66,58,58,52,29,29,29,19,19,19,17,0,0],"gold":122,"neow_bonus":"UPGRADE_CARD","is_daily":false,"chose_seed":false,"campfire_upgraded":1,"win_rate":0.0,"timestamp":1612947701,"path_taken":["M","?","M","?","?","R","?","$","T","?","?","$","M","M","R","BOSS","M","$","M","M","$","R","M","R","T","M","E"],"items_purchased_type":["Card","Card","Card","Card","Card"],"build_version":"2020-12-22","purchased_purges":1,"victory":false,"max_hp_per_floor":[62,62,63,63,63,63,63,63,63,64,64,64,65,65,65,66,66,66,66,68,69,69,69,72,72,72,73,73,73],"card_choices":[{"not_picked":["Saiyan:Twize","Saiyan:Scouter"],"picked":"Saiyan:BigBangAttack","floor":1},{"not_picked":["Saiyan:Planning","Saiyan:Furor"],"picked":"Saiyan:MeteorDash","floor":3},{"not_picked":["Saiyan:KiExplosion","Saiyan:Afterimage"],"picked":"Saiyan:PlotArmor","floor":4},{"not_picked":["Saiyan:SoulSpice","Saiyan:DragonRadar"],"picked":"Saiyan:LastResort","floor":10},{"not_picked":["Saiyan:DragonRadar","Saiyan:BigBangAttack"],"picked":"Saiyan:ExtremeSpeed","floor":13},{"not_picked":["Saiyan:Scouter","Saiyan:KiExplosion"],"picked":"Saiyan:MeteorDash","floor":14},{"not_picked":["Saiyan:MindBoom","Saiyan:Momentum"],"picked":"Saiyan:SolarFlare","floor":16},{"not_picked":["Saiyan:LastResort","Saiyan:KiStrike","Saiyan:Scouter+1"],"picked":"SKIP","floor":18},{"not_picked":["Saiyan:DragonFist+1","Saiyan:FingerParry"],"picked":"Saiyan:Flurry","floor":20},{"not_picked":["Saiyan:FingerParry","Saiyan:DoubleMasenko"],"picked":"Saiyan:Teleport+1","floor":21},{"not_picked":["Saiyan:MeteorDash+1","Saiyan:Scouter"],"picked":"Saiyan:Furor","floor":24},{"not_picked":["Saiyan:ThirstForFight+1","Saiyan:Scouter+1","Saiyan:PressOn+1"],"picked":"SKIP","floor":27}],"player_experience":105292,"relics_obtained":[{"floor":4,"key":"Girya"},{"floor":9,"key":"Bottled Lightning"},{"floor":26,"key":"Replay:Mystery Machine"}],"event_choices":[{"cards_removed":["Saiyan:SAIYA_Strike"],"damage_healed":0,"gold_gain":0,"player_choice":"Card Removal","damage_taken":7,"max_hp_gain":0,"max_hp_loss":0,"event_name":"Golden Wing","floor":2,"gold_loss":0},{"damage_healed":0,"gold_gain":0,"player_choice":"Entered Light","damage_taken":13,"max_hp_gain":0,"max_hp_loss":0,"event_name":"Shining Light","floor":5,"gold_loss":0,"cards_upgraded":["Saiyan:EnergyBlast","Saiyan:SAIYA_Strike"]}],"is_beta":false,"boss_relics":[{"not_picked":["hubris:HollowSoul","Busted Crown"],"picked":"Black Star"}],"items_purged_floors":[22],"is_endless":false,"potions_floor_spawned":[1,3,10,14,21,27],"killed_by":"Slavers","ascension_level":0}}