{"host":"my4gslufyvqsq7r2","time":1612991774,"event":{"mods":["BaseMod","Colored Powertips","Hubris","Infinite Spire","Minty Spire (QoL Compilation)","Replay The Spire","StSLib"],"gold_per_floor":[110,110,128,144,193,193,223,223,247,247,247,172,189,202,202,298,298,317,333,38,38,54,54,85,85,85,98,98,116,136,136,136,236,236,251,251,251,251,268,268,282,282,309,336,336,348,298,311,311,311,311],"floor_reached":50,"language":"ENG","playtime":5419,"items_purged":["Strike_P","Defend_P"],"score":542,"play_id":"7c4f8ce5-7da5-4ea5-9b15-cd226110c208","local_time":"20210210161614","is_ascension_mode":false,"campfire_choices":[{"data":"ReachHeaven","floor":6,"key":"SMITH"},{"floor":8,"key":"REST"},{"data":"ClearTheMind","floor":10,"key":"SMITH"},{"data":"FlurryOfBlows","floor":15,"key":"SMITH"},{"data":"Replay:LoomingThreat","floor":23,"key":"SMITH"},{"data":"FlurryOfBlows","floor":25,"key":"SMITH"},{"floor":32,"key":"DIG"},{"floor":40,"key":"REST"},{"floor":42,"key":"REST"},{"floor":49,"key":"REST"}],"circlet_count":0,"master_deck":["Strike_P","Strike_P","Strike_P","Defend_P","Defend_P","Defend_P","Eruption+1","Vigilance","Protect+1","ReachHeaven+1","ClearTheMind+1","Crescendo","FlurryOfBlows+1","Indignation","FlurryOfBlows+1","Replay:LoomingThreat+1","Vengeance+1","Consecrate","Consecrate+1","WindmillStrike+1","ClearTheMind","infinitespire:Collect","Adaptation+1","Ragnarok","Halt+1","LikeWater","Perseverance","EmptyFist+1","Madness","Madness","MentalFortress"],"relics":["PureWater","ReplayFunnel","ReplayTheSpireMod:Shallot","Smiling Mask","CultistMask","Painkiller Herb","Thread and Needle","Mirror","Bottled Tornado","hubris:Icosahedron","InkBottle","SlaversCollar","Regal Pillow","infinitespire:Bottled Soul"],"acts_visited":["Exordium","TheCity","TheBeyond"],"potions_floor_usage":[27,48,50,50],"damage_taken":[{"damage":0,"enemies":"Cultist","floor":1,"turns":2},{"damage":8,"enemies":"infinitespire:Voidling","floor":3,"turns":4},{"damage":3,"enemies":"Jaw Worm","floor":4,"turns":3},{"damage":14,"enemies":"3 Sentries","floor":7,"turns":6},{"damage":0,"enemies":"Red Slaver","floor":13,"turns":3},{"damage":0,"enemies":"Blue Slaver","floor":14,"turns":2},{"damage":29,"enemies":"The Guardian","floor":16,"turns":6},{"damage":2,"enemies":"3 Byrds","floor":18,"turns":5},{"damage":0,"enemies":"2 Thieves","floor":19,"turns":3},{"damage":0,"enemies":"Snecko","floor":22,"turns":4},{"damage":0,"enemies":"Gremlin Leader","floor":24,"turns":3},{"damage":16,"enemies":"3 Cultists","floor":27,"turns":4},{"damage":11,"enemies":"Snake Plant","floor":29,"turns":3},{"damage":0,"enemies":"Centurion and Healer","floor":30,"turns":3},{"damage":4,"enemies":"Automaton","floor":33,"turns":5},{"damage":8,"enemies":"3 Darklings","floor":35,"turns":3},{"damage":19,"enemies":"3 Shapes","floor":39,"turns":4},{"damage":19,"enemies":"Writhing Mass","floor":41,"turns":4},{"damage":0,"enemies":"Giant Head","floor":44,"turns":6},{"damage":39,"enemies":"4 Shapes","floor":46,"turns":4},{"damage":7,"enemies":"Maw","floor":48,"turns":5},{"damage":58,"enemies":"hubris:GrandSnecko","floor":50,"turns":11}],"seed_played":"1719777275247255719","potions_obtained":[{"floor":1,"key":"SteroidPotion"},{"floor":4,"key":"PowerPotion"},{"floor":14,"key":"Strength Potion"},{"floor":27,"key":"StancePotion"}],"is_trial":false,"path_per_floor":["M","?","M","M","T","R","E","R","T","R","?","$","M","M","R","B",null,"?","?","T","?","?","T","E","T","T","?","AVR","?","?","?","T","B",null,"?","?","?","?","?","T","?","T","T","E","?","?","T","?","T","B"],"character_chosen":"WATCHER","items_purchased":["FlurryOfBlows","Thread and Needle"],"campfire_rested":4,"item_purchase_floors":[12,20],"current_hp_per_floor":[72,72,64,61,61,61,47,68,68,68,68,68,68,68,68,39,72,70,70,70,70,70,70,70,70,70,54,54,43,43,43,43,39,72,64,64,64,64,45,66,47,68,68,68,59,20,20,13,49,0,0],"gold":311,"neow_bonus":"UPGRADE_CARD","is_daily":false,"chose_seed":false,"campfire_upgraded":5,"win_rate":0.0,"timestamp":1612991774,"path_taken":["M","?","M","?","?","R","E","R","T","R","?","$","M","M","R","BOSS","?","?","T","?","?","T","E","T","T","?","AVR","?","?","?","T","BOSS","?","?","?","?","?","T","?","T","T","E","?","?","T","?","T","BOSS"],"items_purchased_type":["Card","Relic"],"build_version":"2020-12-22","purchased_purges":2,"victory":false,"max_hp_per_floor":[72,72,72,72,72,72,72,72,72,72,72,72,72,72,72,72,72,72,72,72,72,72,72,72,72,72,72,72,72,72,72,72,72,72,72,72,72,72,72,72,72,72,72,72,72,72,72,72,72,72,72],"card_choices":[{"not_picked":["FlyingSleeves","Sanctity"],"picked":"Protect","floor":1},{"not_picked":["SashWhip","Protect"],"picked":"ReachHeaven","floor":3},{"not_picked":["Collect","ThirdEye"],"picked":"ClearTheMind","floor":4},{"not_picked":["PathToVictory","Halt"],"picked":"Crescendo","floor":7},{"not_picked":["LessonLearned","Fasting2"],"picked":"Indignation","floor":13},{"not_picked":["LikeWater","FollowUp"],"picked":"FlurryOfBlows","floor":14},{"not_picked":["Ragnarok","Scrawl"],"picked":"Replay:LoomingThreat","floor":16},{"not_picked":["CrushJoints","Crescendo"],"picked":"Vengeance+1","floor":18},{"not_picked":["FlurryOfBlows","FollowUp"],"picked":"Consecrate","floor":19},{"not_picked":["InnerPeace","Prostrate"],"picked":"Consecrate+1","floor":22},{"not_picked":["DevaForm","JustLucky"],"picked":"WindmillStrike+1","floor":24},{"not_picked":["Collect","Consecrate"],"picked":"ClearTheMind","floor":27},{"not_picked":["Replay:ManipulateFuture+1","Fasting2","CutThroughFate"],"picked":"SKIP","floor":29},{"not_picked":["FlyingSleeves","EmptyMind"],"picked":"Adaptation+1","floor":30},{"not_picked":["MasterReality","Alpha"],"picked":"Ragnarok","floor":33},{"not_picked":["PathToVictory+1","ClearTheMind+1"],"picked":"Halt+1","floor":35},{"not_picked":["TalkToTheHand+1","FlyingSleeves"],"picked":"LikeWater","floor":39},{"not_picked":["Replay:ManipulateFuture","SignatureMove+1"],"picked":"Perseverance","floor":41},{"not_picked":["Replay:DivineShield","Prostrate+1"],"picked":"EmptyFist+1","floor":44},{"not_picked":["Replay:ManipulateFuture+1","CutThroughFate","Brilliance"],"picked":"SKIP","floor":46},{"not_picked":["Indignation+1","Meditate+1"],"picked":"MentalFortress","floor":48}],"player_experience":450053,"relics_obtained":[{"floor":5,"key":"ReplayFunnel"},{"floor":7,"key":"ReplayTheSpireMod:Shallot"},{"floor":9,"key":"Smiling Mask"},{"floor":24,"key":"Mirror"},{"floor":26,"key":"Bottled Tornado"},{"floor":32,"key":"InkBottle"},{"floor":43,"key":"Regal Pillow"},{"floor":44,"key":"infinitespire:Bottled Soul"}],"event_choices":[{"damage_healed":0,"gold_gain":0,"player_choice":"Forge","damage_taken":0,"max_hp_gain":0,"max_hp_loss":0,"event_name":"Accursed Blacksmith","floor":2,"gold_loss":0,"cards_upgraded":["Protect"]},{"damage_healed":0,"gold_gain":0,"player_choice":"Trade","damage_taken":0,"relics_obtained":["CultistMask"],"max_hp_gain":0,"max_hp_loss":0,"event_name":"FaceTrader","floor":11,"gold_loss":0},{"damage_healed":0,"gold_gain":0,"player_choice":"Embrace Madness","damage_taken":9,"max_hp_gain":0,"max_hp_loss":0,"event_name":"Winding Halls","floor":45,"gold_loss":0,"cards_obtained":["Madness","Madness"]}],"is_beta":false,"boss_relics":[{"not_picked":["hubris:Stopwatch","Runic Pyramid"],"picked":"Painkiller Herb"},{"not_picked":["Busted Crown","SacredBark"],"picked":"SlaversCollar"}],"items_purged_floors":[12,47],"is_endless":false,"potions_floor_spawned":[1,4,14,16,19,27,29,30,39,46],"killed_by":"hubris:GrandSnecko","ascension_level":0}}