{"host":"ewn058xs2vaj5uc6","time":1612948648,"event":{"mods":["ATMod(??Mod)","Act Like it!","Aspiration","BaseMod","Better Vampires","BetterRewards","Bossed Relics","Colored Map","Colored Powertips","Downfall","Fox Events","Highlight Path","Minty Spire (QoL Compilation)","MostiFishMod","Quick Restart","Red Circlet Mod","Relic Filter Mod","Reliquary","Replay The Spire","Shop Mod","StSLib","SuperFastMode","TestMod","TheWitcher","??????REMEMod","????"],"gold_per_floor":[99,116,131,131,131,215,215,249,262,74,103,115,24,59,70,165,165,13,31,42,42,42,76,76,1,28,41,75,83,102,502,517,617,617,139,156,28,128,148,148,148,148,174,186,240,268,119,145,155,155],"floor_reached":51,"language":"ZHS","playtime":1709,"items_purged":["hexamod:Float"],"score":1679,"play_id":"6ccfd389-2c06-47d5-a9bf-f404760d7033","local_time":"20210210171728","is_ascension_mode":true,"campfire_choices":[{"data":"AT_ShrugMaster","floor":1,"key":"SMITH"}],"circlet_count":0,"master_deck":["champ:VampiricStrike","AT_ShrugMaster+1","hexamod:NightmareStrike","hexamod:GhostLash","hexamod:NightmareGuise+1","hexamod:StepThrough","hexamod:VolcanoVisage","hexamod:WildfireWeapon","Necronomicurse","hexamod:EmpoweredFlame","hexamod:RadiantFlame+1","hexamod:ForkedFlame","hexamod:Incineration+1","Pot Of Greed","Pot Of Greed","hexamod:FlameSwitch","hexamod:UnleashSpirits","hexamod:ThermalTransfer+1","hexamod:Hexaguard+1","hexamod:VolcanoVisage+1","hexamod:GiftsFromTheDead+1"],"relics":["testmod-TestBox","AT_ATBox","DaveBox","MostiFishMod:AdaptiveDefenses","testmod-PortableAltar","ReplayTheSpireMod:Ring of Exchange","Ring of Fury","Toy Ornithopter","AT_BellowingDragoncrestRing","reliquary:PrincelyHelmet","MerchantsRug","ReplayTheSpireMod:TigerMarble","testmod-InfectionSource","BirthdayGift-Icosahedron","AT_SpeedBoots","Necronomicon","AT_BladeRuinedKing","Mummified Hand","Anchor","reliquary:WritOfMandamus","downfall:HeartBlessingGreen","Frozen Egg 2","Orichalcum","aspiration:HatOfInfinitePower","Grinning Jar","Replay:WaspNest","Replay:Bottled Eggs","AT_ForceNature","testmod-BouquetWithThorns","testmod-LifeArmor","Medical Kit","SnafuTest:BearRelic"],"acts_visited":["Exordium","TheCity","TheBeyond"],"potions_floor_usage":[8,8,8,15,50,50,50],"damage_taken":[{"damage":10,"enemies":"Jaw Worm","floor":2,"turns":3},{"damage":3,"enemies":"Cultist","floor":3,"turns":3},{"damage":1,"enemies":"Small Slimes","floor":5,"turns":2},{"damage":3,"enemies":"3 Sentries","floor":8,"turns":2},{"damage":12,"enemies":"3 Louse","floor":9,"turns":2},{"damage":2,"enemies":"downfall:FleeingMerchant","floor":10,"turns":4},{"damage":0,"enemies":"Gremlin Nob","floor":11,"turns":2},{"damage":9,"enemies":"Red Slaver","floor":12,"turns":3},{"damage":1,"enemies":"Lagavulin","floor":14,"turns":3},{"damage":3,"enemies":"Exordium Thugs","floor":15,"turns":3},{"damage":0,"enemies":"IC_STATUS_ARCHETYPE","floor":16,"turns":3},{"damage":0,"enemies":"3 Byrds","floor":19,"turns":1},{"damage":0,"enemies":"Spheric Guardian","floor":20,"turns":1},{"damage":0,"enemies":"Gremlin Leader","floor":23,"turns":2},{"damage":0,"enemies":"Slavers","floor":26,"turns":1},{"damage":0,"enemies":"Snecko","floor":27,"turns":1},{"damage":0,"enemies":"Gremlin Leader","floor":28,"turns":1},{"damage":0,"enemies":"Cultist and Chosen","floor":30,"turns":1},{"damage":0,"enemies":"Snake Plant","floor":32,"turns":1},{"damage":0,"enemies":"WA_ARCHETYPE_CALM","floor":33,"turns":1},{"damage":0,"enemies":"Orb Walker","floor":36,"turns":1},{"damage":0,"enemies":"downfall:FleeingMerchant","floor":37,"turns":1},{"damage":0,"enemies":"downfall:FleeingMerchant","floor":38,"turns":1},{"damage":0,"enemies":"3 Shapes","floor":39,"turns":1},{"damage":0,"enemies":"R_Hoarder","floor":43,"turns":2},{"damage":0,"enemies":"3 Darklings","floor":44,"turns":1},{"damage":0,"enemies":"2 Orb Walkers","floor":45,"turns":1},{"damage":0,"enemies":"Reptomancer","floor":46,"turns":1},{"damage":0,"enemies":"R_Hoarder","floor":48,"turns":2},{"damage":0,"enemies":"Writhing Mass","floor":49,"turns":1},{"damage":0,"enemies":"SI_POISON_ARCHETYPE","floor":50,"turns":2}],"seed_played":"6791961379326618390","potions_obtained":[{"floor":3,"key":"Fire Potion"},{"floor":6,"key":"bronze:BurnAndBuffPotion"},{"floor":6,"key":"SteroidPotion"},{"floor":8,"key":"SpeedPotion"},{"floor":14,"key":"Guardian:BlockOnCardUsePotion"},{"floor":15,"key":"Fruit Juice"},{"floor":16,"key":"Venom Potion"},{"floor":23,"key":"Energy Potion"},{"floor":30,"key":"Fire Potion"},{"floor":32,"key":"EssenceOfSteel"},{"floor":38,"key":"CultistPotion"},{"floor":39,"key":"Block Potion"}],"is_trial":false,"path_per_floor":["R","M","M","?","M","?","T","E","M","$","E","M","R","E","M","B",null,"R","M","M","?","?","E","T","R","E","M","E","R","M","?","M","B",null,"R_BF","M","$","?","M","T","T","?","E","M","?","E","R","E","M","B",null],"character_chosen":"THE_SPIRIT","items_purchased":["MerchantsRug","Strawberry","Replay:Baseball","AT_SpeedBoots","War Paint","Frozen Egg 2","Orichalcum","aspiration:HatOfInfinitePower","Grinning Jar","Medical Kit"],"campfire_rested":0,"item_purchase_floors":[10,10,13,18,29,35,35,37,37,47],"current_hp_per_floor":[69,59,56,56,55,55,55,59,53,58,58,56,56,55,62,62,65,64,63,62,45,45,47,47,47,49,51,53,53,52,51,50,49,48,47,46,45,44,43,42,41,40,39,38,37,36,35,34,33,32],"gold":155,"neow_bonus":"BOSS_RELIC","is_daily":false,"chose_seed":false,"campfire_upgraded":1,"win_rate":0.0,"timestamp":1612948648,"path_taken":["R","M","M","?","M","?","T","E","M","?","E","?","R","E","M","BOSS","R","M","M","?","?","E","T","R","E","M","E","R","M","?","M","BOSS","R_BF","M","$","?","?","?","T","?","E","M","?","E","R","E","M","BOSS"],"items_purchased_type":["Relic","Relic","Relic","Relic","Relic","Relic","Relic","Relic","Relic","Relic"],"build_version":"2020-12-22","purchased_purges":1,"victory":true,"max_hp_per_floor":[69,68,67,66,65,64,63,62,61,67,66,65,64,63,67,66,65,64,63,62,61,60,59,58,57,56,55,54,53,52,51,50,49,48,47,46,45,44,43,42,41,40,39,38,37,36,35,34,33,32],"card_choices":[{"not_picked":["hexamod:CatchUp","hexamod:RetreatToShadows"],"picked":"hexamod:NightmareStrike","floor":2},{"not_picked":["hexamod:BurningTouch","hexamod:SkipABeat"],"picked":"hexamod:Firestarter","floor":3},{"not_picked":["hexamod:HeatCrush","hexamod:Hexaguard","hexamod:GhostShield"],"picked":"SKIP","floor":5},{"not_picked":["hexamod:Haunt","hexamod:Firestarter"],"picked":"hexamod:GhostLash","floor":6},{"not_picked":["hexamod:FlamesFromBeyond","hexamod:Firestarter"],"picked":"hexamod:NightmareGuise","floor":8},{"not_picked":["hexamod:Again","hexamod:HeatMetal"],"picked":"hexamod:StepThrough","floor":9},{"not_picked":["hexamod:HeatMetal","hexamod:DynamicBlow"],"picked":"hexamod:VolcanoVisage","floor":10},{"not_picked":["hexamod:Rewind","hexamod:CatchUp","hexamod:ChargedBarrage"],"picked":"SKIP","floor":11},{"not_picked":["hexamod:HeatMetal","hexamod:GhostflameBarrier","hexamod:Firestarter"],"picked":"SKIP","floor":12},{"not_picked":["hexamod:StepThrough","hexamod:Haunt","hexamod:FirstSeal"],"picked":"SKIP","floor":14},{"not_picked":["hexamod:ThirdSeal","hexamod:DynamicBlow","hexamod:ExtraCrispy"],"picked":"SKIP","floor":15},{"not_picked":["hexamod:GhostOfSpirePresent","hexamod:HexaLevel"],"picked":"hexamod:WildfireWeapon","floor":16},{"not_picked":["hexamod:SpectralAdrenaline","hexamod:FastForward","hexamod:SpectersWail+1"],"picked":"SKIP","floor":19},{"not_picked":["hexamod:HeatMetal+1","hexamod:ThermalTransfer","hexamod:ShieldOfDarkness+1"],"picked":"SKIP","floor":20},{"not_picked":["hexamod:GhostLash+1","hexamod:InspiringFlames+1","hexamod:ChargedBarrage"],"picked":"SKIP","floor":23},{"not_picked":["hexamod:FlamesFromBeyond","hexamod:TurnItUp","hexamod:SpectersWail"],"picked":"SKIP","floor":26},{"not_picked":["hexamod:PhantomCloak","hexamod:SwordOfDarkness","hexamod:SuperheatedStrike"],"picked":"SKIP","floor":27},{"not_picked":["hexamod:PhantomCloak","hexamod:SwordOfDarkness","hexamod:SuperheatedStrike"],"picked":"SKIP","floor":27},{"not_picked":["hexamod:PhantomCloak","hexamod:SwordOfDarkness","hexamod:SuperheatedStrike"],"picked":"SKIP","floor":27},{"not_picked":["hexamod:FlamesFromBeyond","hexamod:FirstSeal","hexamod:Firestarter"],"picked":"SKIP","floor":28},{"not_picked":["hexamod:GhostShield+1","hexamod:Firestarter"],"picked":"hexamod:EmpoweredFlame","floor":30},{"not_picked":["hexamod:BurningTouch","hexamod:Haunt"],"picked":"hexamod:RadiantFlame+1","floor":32},{"not_picked":["hexamod:GhostflameInferno","hexamod:SearingWound"],"picked":"hexamod:ForkedFlame","floor":33},{"not_picked":["hexamod:SoulSteal+1","hexamod:HauntingEcho","hexamod:SuperheatedStrike"],"picked":"SKIP","floor":36},{"not_picked":["hexamod:ThirdSeal","hexamod:Hexaguard"],"picked":"hexamod:Incineration+1","floor":37},{"not_picked":["hexamod:HauntingEcho","hexamod:FlamesFromBeyond+1"],"picked":"hexamod:FlameSwitch","floor":38},{"not_picked":["hexamod:ShieldOfDarkness+1","hexamod:SpectersWail+1","hexamod:RecurringNightmare"],"picked":"SKIP","floor":39},{"not_picked":["hexamod:SwordOfDarkness","hexamod:SuperheatedStrike"],"picked":"hexamod:UnleashSpirits","floor":43},{"not_picked":["hexamod:Rewind","hexamod:Firestarter+1"],"picked":"hexamod:ThermalTransfer+1","floor":44},{"not_picked":["hexamod:GhostShield","hexamod:HeatMetal"],"picked":"hexamod:Hexaguard+1","floor":45},{"not_picked":["hexamod:SuperheatedStrike+1","hexamod:BurningTouch"],"picked":"hexamod:VolcanoVisage+1","floor":46},{"not_picked":["hexamod:ThermalTransfer+1","hexamod:ShieldOfDarkness"],"picked":"hexamod:GiftsFromTheDead+1","floor":48},{"not_picked":["hexamod:SpectersWail","hexamod:BurningTouch","hexamod:BacktrackSmack+1"],"picked":"SKIP","floor":49}],"player_experience":144476,"relics_obtained":[{"floor":4,"key":"ReplayTheSpireMod:Ring of Exchange"},{"floor":4,"key":"Ring of Fury"},{"floor":6,"key":"Toy Ornithopter"},{"floor":7,"key":"AT_BellowingDragoncrestRing"},{"floor":8,"key":"reliquary:PrincelyHelmet"},{"floor":11,"key":"ReplayTheSpireMod:TigerMarble"},{"floor":14,"key":"testmod-InfectionSource"},{"floor":21,"key":"Necronomicon"},{"floor":23,"key":"AT_BladeRuinedKing"},{"floor":24,"key":"Mummified Hand"},{"floor":26,"key":"Anchor"},{"floor":28,"key":"AT_ImmortalShieldbow"},{"floor":40,"key":"Replay:WaspNest"},{"floor":41,"key":"Replay:Bottled Eggs"},{"floor":43,"key":"AT_ForceNature"},{"floor":45,"key":"testmod-BouquetWithThorns"},{"floor":46,"key":"testmod-LifeArmor"},{"floor":48,"key":"SnafuTest:BearRelic"}],"event_choices":[{"damage_healed":0,"gold_gain":400,"player_choice":"Sell","damage_taken":0,"max_hp_gain":0,"max_hp_loss":0,"event_name":"??????","floor":31,"relics_lost":["REME_ComplimentaryCards"],"gold_loss":0},{"damage_healed":0,"gold_gain":0,"player_choice":"Fight","damage_taken":0,"max_hp_gain":0,"max_hp_loss":0,"event_name":"Mysterious Sphere","floor":45,"gold_loss":0}],"is_beta":false,"boss_relics":[{"not_picked":["PrismaticShard","Pandora\u0027s Box"],"picked":"BirthdayGift-Icosahedron"},{"not_picked":["aspiration:Nostalgia","bronze:MakeshiftBattery"],"picked":"reliquary:WritOfMandamus"}],"items_purged_floors":[25],"is_endless":false,"potions_floor_spawned":[3,8,14,15,16,23,27,30,32,38,39,43,46,49],"ascension_level":2}}