{"host":"mhzgc0zma59jtmoj","time":1612935932,"event":{"mods":["BaseMod","BetterRewards","Custom Start","Glutton Mod","Ironclad Rager","Minty Spire (QoL Compilation)","Replay The Spire","Somnambulant","StSLib","The Cursed","The Hierophant","The Jungle","Treasure Hunter"],"gold_per_floor":[33,33,33,53,63,73,105,127,127,52,64,83,96,96,96,191,191,210,221,221,231,251,251,262,273,273,306,165,165,179,213,213,318,318,331,347,347,125,125,125,0,17,17,34,58,80,94,111,111,116,116,116,116,21,21],"floor_reached":54,"language":"ENG","playtime":3177,"items_purged":["Replay:Hysterical Blindness","Masterful Stab","Spreading Infection","Dodge and Roll"],"score":687,"play_id":"462edbda-7527-4f10-a50e-6a68d68da599","local_time":"20210210004532","is_ascension_mode":false,"campfire_choices":[{"data":"Footwork","floor":15,"key":"SMITH"},{"data":"TH:CursedSword","floor":23,"key":"SMITH"},{"floor":32,"key":"REST"},{"data":"Adrenaline","floor":40,"key":"SMITH"},{"floor":49,"key":"RECALL"},{"data":"Dodge and Roll","floor":52,"key":"SMITH"}],"circlet_count":0,"master_deck":["Poisoned Stab+1","Poisoned Stab+1","Poisoned Stab+1","Poisoned Stab+1","Poisoned Stab+1","Dodge and Roll+1","Dodge and Roll+1","Dodge and Roll+1","Dodge and Roll","TH:CursedSword+1","Footwork+1","TH:EnergyPotion","Caltrops+1","Calculated Gamble","TH:CopperCoins+1","Backstab+1","Footwork+1","Dodge and Roll+1","TH:CursedSword+1","Adrenaline+1","TH:TreasureMap","Quick Slash+1","Parasite","Dash+1","Acrobatics+1","ReplayTheSpireMod:IOU"],"relics":["Sizzling Blood","Vampiric Spirits","Odd Mushroom","Runic Pyramid","The Courier","Molten Egg 2","Eternal Feather","Sozu","Ring of Chaos","ReplayTheSpireMod:Ring of Collecting","Guide Book","Red Mask","Ring of Misfortune","Replay:Bottled Eggs","Replay:Wax Seal"],"acts_visited":["Exordium","TheCity","TheBeyond","TheEnding"],"potions_floor_usage":[7,16,22,27,31,33,33],"damage_taken":[{"damage":0,"enemies":"2 Louse","floor":1,"turns":2},{"damage":0,"enemies":"Cultist","floor":4,"turns":3},{"damage":0,"enemies":"Jaw Worm","floor":5,"turns":4},{"damage":7,"enemies":"3 Louse","floor":6,"turns":4},{"damage":0,"enemies":"Replay:BlueRogue","floor":7,"turns":4},{"damage":7,"enemies":"The Mushroom Lair","floor":8,"turns":5},{"damage":3,"enemies":"Exordium Thugs","floor":11,"turns":4},{"damage":10,"enemies":"Gremlin Gang","floor":12,"turns":6},{"damage":0,"enemies":"Red Slaver","floor":13,"turns":3},{"damage":14,"enemies":"Slime Boss","floor":16,"turns":15},{"damage":14,"enemies":"3 Byrds","floor":18,"turns":7},{"damage":11,"enemies":"Shell Parasite","floor":19,"turns":6},{"damage":1,"enemies":"Shelled Parasite and Fungi","floor":21,"turns":6},{"damage":11,"enemies":"Centurion and Healer","floor":22,"turns":7},{"damage":5,"enemies":"Snake Plant","floor":24,"turns":5},{"damage":0,"enemies":"Snecko","floor":25,"turns":5},{"damage":38,"enemies":"Slavers","floor":27,"turns":7},{"damage":11,"enemies":"Chosen and Byrds","floor":30,"turns":5},{"damage":12,"enemies":"Book of Stabbing","floor":31,"turns":6},{"damage":31,"enemies":"Automaton","floor":33,"turns":14},{"damage":8,"enemies":"3 Darklings","floor":35,"turns":7},{"damage":9,"enemies":"3 Shapes","floor":36,"turns":8},{"damage":22,"enemies":"Spire Growth","floor":42,"turns":6},{"damage":6,"enemies":"Writhing Mass","floor":44,"turns":6},{"damage":6,"enemies":"Sphere and 2 Shapes","floor":45,"turns":8},{"damage":0,"enemies":"Maw","floor":46,"turns":7},{"damage":11,"enemies":"Writhing Mass","floor":48,"turns":7},{"damage":14,"enemies":"Time Eater","floor":50,"turns":13},{"damage":71,"enemies":"Shield and Spear","floor":54,"turns":6}],"seed_played":"7644617623995761101","potions_obtained":[{"floor":1,"key":"SteroidPotion"},{"floor":4,"key":"Ancient Potion"},{"floor":5,"key":"LifebloodPotion"},{"floor":12,"key":"Elixir"},{"floor":13,"key":"AttackPotion"},{"floor":16,"key":"Energy Potion"},{"floor":22,"key":"Weak Potion"},{"floor":30,"key":"Swift Potion"},{"floor":31,"key":"LiquidBronze"}],"is_trial":false,"path_per_floor":["M","?","?","M","M","M","E","?","T","$","M","M","M","?","R","B",null,"M","M","?","M","M","R","M","M","T","E","$","?","M","E","R","B",null,"M","M","?","$","?","R","?","M","T","M","M","M","$","M","R","B",null,"R","$","E"],"character_chosen":"THE_SILENT","items_purchased":["Backstab+1","Guide Book","Replay:Wax Seal"],"campfire_rested":1,"item_purchase_floors":[28,38,47],"current_hp_per_floor":[45,49,49,53,57,54,58,58,58,58,62,56,60,60,60,52,67,57,51,51,58,53,53,52,60,60,28,28,28,25,20,52,28,67,63,61,61,61,61,67,67,49,49,51,49,56,56,52,67,57,67,67,67,0,0],"gold":21,"neow_bonus":"SILENT_ASSASSIN","is_daily":false,"chose_seed":false,"campfire_upgraded":4,"win_rate":0.0,"timestamp":1612935932,"path_taken":["M","?","?","?","M","M","E","?","T","$","M","M","M","?","R","BOSS","M","M","?","M","M","R","M","?","T","E","?","?","M","E","R","BOSS","M","M","?","$","?","R","?","M","T","M","M","M","$","M","R","BOSS","R","$","E"],"items_purchased_type":["Card","Relic","Relic"],"build_version":"2020-12-22","purchased_purges":4,"victory":false,"max_hp_per_floor":[63,67,67,67,67,67,67,67,67,67,67,67,67,67,67,67,67,67,67,67,67,67,67,67,67,67,67,67,67,67,67,67,67,67,67,67,67,67,67,67,67,67,67,67,67,67,67,67,67,67,67,67,67,67,67],"card_choices":[{"not_picked":["Distraction","Flying Knee","PiercingWail"],"picked":"SKIP","floor":1},{"not_picked":["Prepared","Concentrate","Fluid Movement"],"picked":"SKIP","floor":4},{"not_picked":["Infinite Blades","Heel Hook"],"picked":"Masterful Stab","floor":5},{"not_picked":["Outmaneuver","Dodge and Roll","Blade Dance"],"picked":"SKIP","floor":6},{"not_picked":["TH:PixieDust"],"picked":"TH:CursedSword","floor":7},{"not_picked":["Predator","Dagger Throw","Heel Hook"],"picked":"SKIP","floor":7},{"not_picked":["TH:PixieDust","TH:EnergyPotion"],"picked":"SKIP","floor":9},{"not_picked":["Dagger Throw","Tactician","Dodge and Roll"],"picked":"SKIP","floor":11},{"not_picked":["Underhanded Strike","Cloak And Dagger"],"picked":"Footwork","floor":12},{"not_picked":["ReplayTheSpireMod:Shiv Toss","ReplayTheSpireMod:Scrap Shanks","Sucker Punch"],"picked":"SKIP","floor":13},{"not_picked":["TH:DeckOfManyThings"],"picked":"TH:EnergyPotion","floor":16},{"not_picked":["Finisher","Dodge and Roll","Underhanded Strike"],"picked":"SKIP","floor":18},{"not_picked":["Reflex","Underhanded Strike"],"picked":"Caltrops+1","floor":19},{"not_picked":["Hidden Blade","Poisoned Stab","Deadly Poison"],"picked":"SKIP","floor":21},{"not_picked":["Acrobatics","Slice","Dodge and Roll"],"picked":"SKIP","floor":22},{"not_picked":["Dodge and Roll","Blade Dance+1","ReplayTheSpireMod:Necrosis"],"picked":"SKIP","floor":24},{"not_picked":["Accuracy","ICR:Cloudkill","ReplayTheSpireMod:The Works"],"picked":"SKIP","floor":25},{"not_picked":["TH:PixieDust","TH:BikiniMail"],"picked":"SKIP","floor":26},{"not_picked":["TH:EnergyPotion"],"picked":"TH:CopperCoins","floor":27},{"not_picked":["Expertise","Flying Knee+1","Acrobatics"],"picked":"SKIP","floor":27},{"not_picked":["Cloak And Dagger","Setup+1"],"picked":"Dodge and Roll+1","floor":30},{"not_picked":["TH:PixieDust"],"picked":"TH:CursedSword","floor":31},{"not_picked":["Expertise+1","Reflex","Flying Knee+1"],"picked":"SKIP","floor":31},{"not_picked":["Malaise","Venomology"],"picked":"Adrenaline","floor":33},{"not_picked":["TH:BikiniMail"],"picked":"TH:TreasureMap","floor":33},{"not_picked":["Deflect+1","Dodge and Roll+1"],"picked":"Quick Slash+1","floor":35},{"not_picked":["Backflip","Reflex","Poisoned Stab+1"],"picked":"SKIP","floor":36},{"not_picked":["Crippling Poison+1","Concentrate","Calculated Gamble"],"picked":"SKIP","floor":42},{"not_picked":["TH:ArmorSpikes","TH:BikiniMail"],"picked":"SKIP","floor":43},{"not_picked":["Catalyst","Sneak Up+1"],"picked":"Dash+1","floor":44},{"not_picked":["Dodge and Roll+1","Slice+1"],"picked":"Acrobatics+1","floor":45},{"not_picked":["Cloak And Dagger+1","Replay:Poison Smokescreen","Poisoned Stab+1"],"picked":"SKIP","floor":46},{"not_picked":["Crippling Poison","Slice+1","Underhanded Strike+1"],"picked":"SKIP","floor":48}],"player_experience":252553,"relics_obtained":[{"floor":7,"key":"Vampiric Spirits"},{"floor":8,"key":"Odd Mushroom"},{"floor":26,"key":"The Courier"},{"floor":27,"key":"Molten Egg 2"},{"floor":31,"key":"Eternal Feather"},{"floor":37,"key":"Ring of Chaos"},{"floor":37,"key":"ReplayTheSpireMod:Ring of Collecting"},{"floor":43,"key":"Ring of Misfortune"},{"floor":43,"key":"Replay:Bottled Eggs"}],"event_choices":[{"damage_healed":0,"gold_gain":0,"player_choice":"Forge","damage_taken":0,"max_hp_gain":0,"max_hp_loss":0,"event_name":"Accursed Blacksmith","floor":3,"gold_loss":0,"cards_upgraded":["Dodge and Roll"]},{"damage_healed":0,"gold_gain":0,"player_choice":"Fought Mushrooms","damage_taken":0,"max_hp_gain":0,"max_hp_loss":0,"event_name":"Mushrooms","floor":8,"gold_loss":0},{"damage_healed":0,"gold_gain":0,"player_choice":"Upgraded","damage_taken":0,"max_hp_gain":0,"max_hp_loss":0,"event_name":"Upgrade Shrine","floor":14,"gold_loss":0,"cards_upgraded":["Dodge and Roll"]},{"damage_healed":0,"gold_gain":0,"cards_transformed":["Survivor"],"player_choice":"Transformed","damage_taken":0,"max_hp_gain":0,"max_hp_loss":0,"event_name":"Transmorgrifier","floor":20,"gold_loss":0,"cards_obtained":["Calculated Gamble"]},{"damage_healed":0,"gold_gain":0,"player_choice":"Copied","damage_taken":0,"max_hp_gain":0,"max_hp_loss":0,"event_name":"Duplicator","floor":29,"gold_loss":0,"cards_obtained":["Footwork"]},{"cards_removed":["Neutralize"],"damage_healed":0,"gold_gain":0,"player_choice":"Removed Attack","damage_taken":0,"max_hp_gain":0,"max_hp_loss":0,"event_name":"Falling","floor":39,"gold_loss":0},{"damage_healed":0,"gold_gain":0,"player_choice":"Paid","damage_taken":0,"relics_obtained":["Red Mask"],"max_hp_gain":0,"max_hp_loss":0,"event_name":"Tomb of Lord Red Mask","floor":41,"gold_loss":125}],"is_beta":false,"boss_relics":[{"not_picked":["Runic Dome","WristBlade"],"picked":"Runic Pyramid"},{"not_picked":["Coffee Dripper","Astrolabe"],"picked":"Sozu"}],"items_purged_floors":[10,28,38,47],"is_endless":false,"potions_floor_spawned":[1,4,5,12,13,16,18,22,30,31,35,44,45,46],"killed_by":"Shield and Spear","ascension_level":0}}