{"host":"soyfmymeou4emntr","time":1612986947,"event":{"mods":["BaseMod","Minty Spire (QoL Compilation)","Permanent Neow","Relic Sorter","Relic Stats","StSLib"],"gold_per_floor":[115,115,131,131,48,48,48,48],"floor_reached":7,"language":"ENG","playtime":433,"items_purged":[],"score":78,"play_id":"d26575d1-506d-4024-a380-ae36eb88411b","local_time":"20210210125547","is_ascension_mode":true,"campfire_choices":[{"data":"Night Terror","floor":6,"key":"SMITH"}],"circlet_count":0,"master_deck":["AscendersBane","Strike_G","Strike_G","Strike_G","Strike_G","Strike_G","Defend_G","Defend_G","Defend_G","Defend_G","Defend_G","Survivor","Neutralize","Night Terror+1","Dagger Throw","Sucker Punch"],"relics":["Ring of the Snake","Pantograph","Golden Idol"],"acts_visited":["Exordium"],"potions_floor_usage":[7,7],"damage_taken":[{"damage":13,"enemies":"Small Slimes","floor":1,"turns":7},{"damage":0,"enemies":"Jaw Worm","floor":3,"turns":6},{"damage":20,"enemies":"Lagavulin","floor":7,"turns":8}],"seed_played":"7441727705092577939","potions_obtained":[{"floor":1,"key":"Fire Potion"}],"is_trial":false,"path_per_floor":["M","?","M","?","$","R","E"],"character_chosen":"THE_SILENT","items_purchased":["DistilledChaos"],"campfire_rested":0,"item_purchase_floors":[5],"current_hp_per_floor":[46,20,20,20,20,20,0,0],"gold":48,"neow_bonus":"ONE_RANDOM_RARE_CARD","is_daily":false,"chose_seed":false,"campfire_upgraded":1,"win_rate":0.0,"timestamp":1612986947,"path_taken":["M","?","M","?","$","R","E"],"items_purchased_type":["Potion"],"build_version":"2020-12-22","purchased_purges":0,"victory":false,"max_hp_per_floor":[66,66,66,60,60,60,60,60],"relic_stats":{"counters":[3,21],"Golden Idol":0,"Pantograph":0,"obtain_stats":[{"Golden Idol":4,"Pantograph":2,"Ring of the Snake":0},{"Golden Idol":2,"Pantograph":1,"Ring of the Snake":0},{"Golden Idol":13,"Pantograph":7,"Ring of the Snake":0}],"Ring of the Snake":[6]},"card_choices":[{"not_picked":["Caltrops","Leg Sweep"],"picked":"Dagger Throw","floor":1},{"not_picked":["Finisher","Deflect"],"picked":"Sucker Punch","floor":3}],"player_experience":3200544,"relics_obtained":[],"event_choices":[{"damage_healed":0,"gold_gain":0,"player_choice":"Success","damage_taken":26,"relics_obtained":["Pantograph"],"max_hp_gain":0,"max_hp_loss":0,"event_name":"Scrap Ooze","floor":2,"gold_loss":0},{"damage_healed":0,"gold_gain":0,"player_choice":"Lose Max HP","damage_taken":0,"relics_obtained":["Golden Idol"],"max_hp_gain":0,"max_hp_loss":6,"event_name":"Golden Idol","floor":4,"gold_loss":0}],"is_beta":false,"boss_relics":[],"items_purged_floors":[],"is_endless":false,"potions_floor_spawned":[1],"killed_by":"Lagavulin","ascension_level":20}}