{"host":"ttx8tv95o5vka1nm","time":1612921224,"event":{"mods":["AchievementEnabler","BaseMod","BetterRewards","Colored Map","Evolution","Hermit","Hubris","Infinite Spire","Jorbs\u0027s Wanderer Trilogy","Minty Spire (QoL Compilation)","Relic Filter Mod","Reliquary","Robot Space Explorer","Shop Mod","Spicy Shops","StSLib","The Blue Laboratory","The Bug Knight","The Construct","The Cursed","The Disciple","The Forsaken","The Hierophant","The Necromancer","The Runesmith","TheBandit"],"gold_per_floor":[114,132,132,146,162,191,191,225,225,64,84,84,84,101,101,198,198,213,213,213,228,248,273,292,292,318,433,433,18,18,30,30,129,129,147,147,147,171,197,240,9,9,9,43,60,71,81,81,81,81,81],"floor_reached":50,"language":"ENG","playtime":6062,"items_purged":["Strike_W","Strike_W","Strike_W","Defend_W"],"score":611,"play_id":"babad593-e1de-41bd-8bf7-c8d9e8376919","local_time":"20210210114024","is_ascension_mode":false,"campfire_choices":[{"data":"Bones_to_Steel","floor":7.0,"key":"SMITH"},{"floor":12.0,"key":"REST"},{"floor":15.0,"key":"REST"},{"floor":25,"key":"REST"},{"floor":30,"key":"REST"},{"floor":32,"key":"REST"},{"floor":42,"key":"REST"},{"data":"Bone_Armory","floor":49,"key":"SMITH"}],"circlet_count":0,"master_deck":["Defend_W","Defend_W","Defend_W","Negative_Energy_Arrows","Bone_Wall","Bone_Bullets+1","Bone_Spikes","Summon_Undead","Blood_Curse","Bones_to_Steel+1","Bone_Armory+1","Slay_Living","Death_March_Dance","Blood_for_Blood","Blood_Is_Power+1","Grasp_Heart","Consume_Illness","Blood_Whip","Scare+1","infinitespire:Collect","Bone_Bullets","Blood_Magic","Summon_Undead_Army","Bone_Armor","infinitespire:TheBestDefense","Summon_Lich","Siphon_Strength","Bone_Armor","Negative_Energy_Mist+1","Thousand_Bone_Knives","Hellfire","Bone_Shift","Vampiric_Strike","infinitespire:SealOfDarkness+","Grasp_Heart","Negative_Energy_Javelin+1","Stop_Heart+1","Blood_Shield","Bones_to_Steel+1"],"relics":["Vampire_Amulet","EVO:Axolotl","reliquary:QuartzCube","hubris:Icosahedron","Dream Catcher","Regal Pillow","hubris:RunicObelisk","Bag of Preparation","reliquary:RedPaperclip","infinitespire:WardingShard","MerchantsRug","Incense Burner","Gremlin Horn","Peace Pipe"],"acts_visited":["Exordium","TheCity","TheBeyond"],"potions_floor_usage":[16,22,23,33,35,38,46,50,50,50],"damage_taken":[{"damage":0.0,"enemies":"2 Louse","floor":1.0,"turns":3.0},{"damage":0.0,"enemies":"Small Slimes","floor":2.0,"turns":4.0},{"damage":1.0,"enemies":"Jaw Worm","floor":4.0,"turns":3.0},{"damage":2.0,"enemies":"Looter","floor":5.0,"turns":4.0},{"damage":25.0,"enemies":"Lagavulin","floor":6.0,"turns":6.0},{"damage":53.0,"enemies":"Gremlin Nob","floor":8.0,"turns":5.0},{"damage":7.0,"enemies":"Exordium Thugs","floor":11.0,"turns":15.0},{"damage":4.0,"enemies":"Red Slaver","floor":14.0,"turns":5.0},{"damage":52,"enemies":"The Guardian","floor":16,"turns":9},{"damage":21,"enemies":"Spheric Guardian","floor":18,"turns":4},{"damage":2,"enemies":"3 Byrds","floor":21,"turns":5},{"damage":27,"enemies":"Snake Plant","floor":22,"turns":4},{"damage":43,"enemies":"Nightmare","floor":23,"turns":7},{"damage":21,"enemies":"Sentry and Sphere","floor":24,"turns":7},{"damage":30,"enemies":"Snecko","floor":27,"turns":5},{"damage":25,"enemies":"Cultist and Chosen","floor":31,"turns":6},{"damage":31,"enemies":"Champ","floor":33,"turns":9},{"damage":0,"enemies":"Orb Walker","floor":35,"turns":3},{"damage":17,"enemies":"3 Darklings","floor":38,"turns":5},{"damage":26,"enemies":"Transient","floor":39,"turns":5},{"damage":18,"enemies":"Nightmare","floor":40,"turns":8},{"damage":14,"enemies":"HollowMod:StalkingDevout","floor":44,"turns":7},{"damage":32,"enemies":"4 Shapes","floor":45,"turns":4},{"damage":20,"enemies":"Spire Growth","floor":46,"turns":5},{"damage":2,"enemies":"Jaw Worm Horde","floor":47,"turns":5},{"damage":73,"enemies":"infinitespire:MassOfShapes","floor":50,"turns":7}],"seed_played":"-1161199543190836211","potions_obtained":[{"floor":5.0,"key":"blueLaboratory:TrueEctoplasm"},{"floor":8.0,"key":"blueLaboratory:HummingbirdPotion"},{"floor":11.0,"key":"Regen Potion"},{"floor":21,"key":"blueLaboratory:FruitPunch"},{"floor":27,"key":"FearPotion"},{"floor":33,"key":"blueLaboratory:StoneskinPotion"},{"floor":35,"key":"blueLaboratory:FruitPunch"},{"floor":39,"key":"blueLaboratory:BottleOfRum"},{"floor":40,"key":"SteroidPotion"},{"floor":45,"key":"PowerPotion"},{"floor":47,"key":"blueLaboratory:LouseDecoction"}],"is_trial":false,"path_per_floor":["M","M","?","M","M","E","R","E","T","$","M","R","?","M","R","B",null,"M","?","?","M","M","NM","M","R","T","M","AVR","$","R","M","R","B",null,"M","?","AVR","M","M","NM","$","R","T","E","M","M","M","?","R","B"],"character_chosen":"NECROMANCER","items_purchased":["Slay_Living","Death_March_Dance","Summon_Lich","Siphon_Strength","Bag of Preparation","MerchantsRug","Incense Burner"],"campfire_rested":6,"item_purchase_floors":[10,10,29,29,29,41,41],"current_hp_per_floor":[82,82,82,82,82,68,68,17,17,17,14,38,38,39,63,28,82,63,63,63,67,56,15,10,35,35,7,7,7,47,26,66,40,84,84,84,84,71,51,39,39,79,79,81,59,50,54,54,54,0,0],"gold":81,"neow_bonus":"TEN_PERCENT_HP_BONUS","is_daily":false,"chose_seed":false,"campfire_upgraded":2,"win_rate":0.0,"timestamp":1612921224,"path_taken":["M","M","?","M","M","E","R","E","T","$","M","R","?","M","R","BOSS","M","?","?","M","M","NM","M","R","T","M","AVR","?","R","M","R","BOSS","M","?","AVR","M","M","NM","$","R","T","E","?","M","M","?","R","BOSS"],"items_purchased_type":["Card","Card","Card","Card","Relic","Relic","Relic"],"build_version":"2020-12-22","purchased_purges":4,"victory":false,"max_hp_per_floor":[82,82,82,82,82,82,82,82,82,82,82,82,82,82,82,82,82,82,82,82,82,84,84,84,84,84,84,84,84,84,84,84,84,84,84,84,84,86,86,86,86,86,86,86,86,86,86,86,86,86,86],"card_choices":[{"not_picked":["Bone_Shift","Bone_Armor"],"picked":"Bone_Bullets","floor":1.0},{"not_picked":["Shackles_Of_Pain","Blood_Whip"],"picked":"Bone_Spikes","floor":2.0},{"not_picked":["Necromantic_Selection","Bone_Armor"],"picked":"Summon_Undead","floor":4.0},{"not_picked":["Reap_The_Weak","Bone_Armor"],"picked":"Blood_Curse","floor":5.0},{"not_picked":["Cloudkill","Death_March_Dance"],"picked":"Bones_to_Steel","floor":6.0},{"not_picked":["Epidemic","Negative_Energy_Mist"],"picked":"Bone_Armory","floor":8.0},{"not_picked":["Violent_Necrosis","Bone_Shift"],"picked":"Blood_for_Blood","floor":11.0},{"not_picked":["Consume_Illness","Shackles_Of_Pain"],"picked":"Blood_Is_Power","floor":14.0},{"not_picked":["Summon_Death_Knight","Summon_Vampire_Lady"],"picked":"Grasp_Heart","floor":16},{"not_picked":["Bone_Bullets","Death_March_Dance"],"picked":"Consume_Illness","floor":18},{"not_picked":["Bone_Spikes","Bone_Prison"],"picked":"Blood_Whip","floor":21},{"not_picked":["Negative_Energy_Mist","Bone_Armor"],"picked":"Scare+1","floor":22},{"not_picked":["infinitespire:Gouge","infinitespire:SealOfDarkness+"],"picked":"infinitespire:Collect","floor":23},{"not_picked":["Scare","Bones_to_Steel"],"picked":"Bone_Bullets","floor":23},{"not_picked":["Bones_to_Steel+1","Blood_Whip"],"picked":"Blood_Magic","floor":24},{"not_picked":["Violent_Necrosis+1","Bone_Spikes"],"picked":"Summon_Undead_Army","floor":25},{"not_picked":["Toxic_Smoke_Screen","Blood_Whip"],"picked":"Bone_Armor","floor":27},{"not_picked":["Blood_Curse","Negative_Energy_Javelin"],"picked":"Bone_Armor","floor":30},{"not_picked":["Reap_The_Weak","Negative_Energy_Javelin+1"],"picked":"Negative_Energy_Mist+1","floor":31},{"not_picked":["Pandemic","Bone_Shift"],"picked":"Thousand_Bone_Knives","floor":32},{"not_picked":["Detonate_Bones","Reap_The_Weak"],"picked":"Hellfire","floor":33},{"not_picked":["Necromantic_Selection","Necrotic_Claws"],"picked":"Bone_Shift","floor":35},{"not_picked":["Blood_Whip+1","Vampiric_Strike+1","Bone_Shift+1"],"picked":"SKIP","floor":38},{"not_picked":["Violent_Necrosis","Whirlwind_of_Bones+1","Bone_Spikes"],"picked":"SKIP","floor":39},{"not_picked":["Toxic_Smoke_Screen+1","Bone_Shift+1"],"picked":"Grasp_Heart","floor":40},{"not_picked":["Violent_Necrosis+1","Chill_Blood"],"picked":"Negative_Energy_Javelin+1","floor":42},{"not_picked":["Vampiric_Strike+1","Hellfire","Bone_Bullets+1"],"picked":"SKIP","floor":44},{"not_picked":["Scare","Summon_Lich"],"picked":"Stop_Heart+1","floor":45},{"not_picked":["Summon_Undead","Strike_from_Beyond+1"],"picked":"Blood_Shield","floor":46},{"not_picked":["Blood_Whip+1","Bone_Bullets+1","Slay_Living+1"],"picked":"SKIP","floor":47}],"player_experience":845455,"relics_obtained":[{"floor":6.0,"key":"Art of War"},{"floor":8.0,"key":"reliquary:QuartzCube"},{"floor":9.0,"key":"StrikeDummy"},{"floor":23,"key":"Dream Catcher"},{"floor":26,"key":"Regal Pillow"},{"floor":40,"key":"infinitespire:WardingShard"},{"floor":43,"key":"Gremlin Horn"},{"floor":44,"key":"Peace Pipe"}],"event_choices":[{"damage_healed":0.0,"max_hp_gain":0.0,"max_hp_loss":0.0,"gold_gain":0.0,"event_name":"Living Wall","player_choice":"Grow","floor":3.0,"gold_loss":0.0,"damage_taken":0.0,"cards_upgraded":["Bone_Bullets"]},{"damage_healed":0,"gold_gain":0,"cards_transformed":["Strike_W"],"player_choice":"Transformed","damage_taken":0,"max_hp_gain":0,"max_hp_loss":0,"event_name":"Transmorgrifier","floor":36,"gold_loss":0,"cards_obtained":["Vampiric_Strike"]},{"damage_healed":0,"gold_gain":0,"player_choice":"Copied","damage_taken":0,"max_hp_gain":0,"max_hp_loss":0,"event_name":"Duplicator","floor":48,"gold_loss":0,"cards_obtained":["Bones_to_Steel"]}],"is_beta":false,"boss_relics":[{"not_picked":["reliquary:KinkedSpring","theForsaken:PaleLantern"],"picked":"Runesmith:UraniumAnvil"},{"not_picked":["hubris:BlackHole","hubris:VirtuousBlindfold"],"picked":"reliquary:RedPaperclip"}],"items_purged_floors":[10,28,29,37],"is_endless":true,"potions_floor_spawned":[5,8,11,21,27,33,35,39,40,45,47],"killed_by":"infinitespire:MassOfShapes","ascension_level":0}}