{"host":"lxu17chzujqn8whl","time":1612939445,"event":{"mods":["BaseMod","Minty Spire (QoL Compilation)","Relic Stats","StSLib"],"gold_per_floor":[118,118,131,144,144,183,183,207,233,264,287,307,307,307,307,412,412,412],"floor_reached":17,"language":"ENG","playtime":496,"items_purged":[],"score":167,"play_id":"e3d3f8df-b8e3-4ffe-b3ac-ca9c06f66ffa","local_time":"20210209224405","is_ascension_mode":false,"campfire_choices":[{"data":"Cloak And Dagger","floor":7,"key":"SMITH"},{"floor":13,"key":"REST"},{"floor":15,"key":"REST"}],"circlet_count":0,"master_deck":["Strike_G","Strike_G","Strike_G","Strike_G","Strike_G","Defend_G","Defend_G","Defend_G","Defend_G","Defend_G","Survivor","Neutralize","Poisoned Stab","Regret","Cloak And Dagger+1","Caltrops+1","Dagger Spray","Dagger Spray","Sucker Punch","Crippling Poison","Bullet Time"],"relics":["Ring of the Serpent","Vajra","CeramicFish","Ornamental Fan","Bag of Preparation","Bottled Lightning"],"acts_visited":["Exordium","TheCity"],"potions_floor_usage":[6,6,16],"damage_taken":[{"damage":0,"enemies":"Small Slimes","floor":1,"turns":4},{"damage":0,"enemies":"2 Louse","floor":3,"turns":2},{"damage":4,"enemies":"Cultist","floor":4,"turns":4},{"damage":6,"enemies":"3 Sentries","floor":6,"turns":9},{"damage":8,"enemies":"Red Slaver","floor":8,"turns":4},{"damage":18,"enemies":"Lagavulin","floor":10,"turns":7},{"damage":7,"enemies":"Gremlin Gang","floor":11,"turns":4},{"damage":0,"enemies":"3 Louse","floor":12,"turns":2},{"damage":44,"enemies":"The Guardian","floor":16,"turns":9}],"seed_played":"9166757271322705330","potions_obtained":[{"floor":1,"key":"Block Potion"},{"floor":3,"key":"LiquidMemories"},{"floor":11,"key":"CultistPotion"},{"floor":12,"key":"Fire Potion"},{"floor":16,"key":"CultistPotion"}],"is_trial":false,"path_per_floor":["M","?","M","M","?","E","R","M","T","E","M","M","R","?","R","B",null],"character_chosen":"THE_SILENT","items_purchased":[],"campfire_rested":2,"item_purchase_floors":[],"current_hp_per_floor":[77,77,77,73,66,60,60,52,52,34,27,27,50,50,73,29,77,77],"gold":412,"neow_bonus":"TEN_PERCENT_HP_BONUS","is_daily":false,"chose_seed":false,"campfire_upgraded":1,"win_rate":0.0,"timestamp":1612939445,"path_taken":["M","?","M","M","?","E","R","M","T","E","M","M","R","?","R","BOSS"],"items_purchased_type":[],"build_version":"2020-12-22","purchased_purges":0,"victory":false,"max_hp_per_floor":[77,77,77,77,77,77,77,77,77,77,77,77,77,77,77,77,77,77],"relic_stats":{"counters":[9,45],"Ornamental Fan":[40],"CeramicFish":45,"Bag of Preparation":[8],"obtain_stats":[{"Ornamental Fan":6,"CeramicFish":5,"Vajra":2,"Bag of Preparation":9,"Bottled Lightning":10,"Ring of the Serpent":17,"Ring of the Snake":0},{"Ornamental Fan":4,"CeramicFish":3,"Vajra":1,"Bag of Preparation":5,"Bottled Lightning":6,"Ring of the Serpent":9,"Ring of the Snake":0},{"Ornamental Fan":19,"CeramicFish":10,"Vajra":4,"Bag of Preparation":23,"Bottled Lightning":30,"Ring of the Serpent":45,"Ring of the Snake":0}]},"card_choices":[{"not_picked":["Tactician","Deflect"],"picked":"Poisoned Stab","floor":1},{"not_picked":["Slice","PiercingWail"],"picked":"Cloak And Dagger","floor":3},{"not_picked":["Tactician","Dodge and Roll"],"picked":"Caltrops","floor":4},{"not_picked":["Tactician","Eviscerate"],"picked":"Dagger Spray","floor":6},{"not_picked":["PiercingWail","Flechettes"],"picked":"Dagger Spray","floor":8},{"not_picked":["Slice","Riddle With Holes","After Image"],"picked":"SKIP","floor":10},{"not_picked":["Masterful Stab","Quick Slash"],"picked":"Sucker Punch","floor":11},{"not_picked":["Blade Dance","Deadly Poison"],"picked":"Crippling Poison","floor":12},{"not_picked":["Venomology","Envenom"],"picked":"Bullet Time","floor":16}],"player_experience":657422,"relics_obtained":[{"floor":6,"key":"Ornamental Fan"},{"floor":9,"key":"Bag of Preparation"},{"floor":10,"key":"Bottled Lightning"}],"event_choices":[{"damage_healed":0,"gold_gain":0,"player_choice":"Box","damage_taken":0,"relics_obtained":["Vajra"],"max_hp_gain":0,"max_hp_loss":0,"event_name":"Big Fish","floor":2,"gold_loss":0,"cards_obtained":["Regret"]},{"damage_healed":0,"gold_gain":0,"player_choice":"Success","damage_taken":7,"relics_obtained":["CeramicFish"],"max_hp_gain":0,"max_hp_loss":0,"event_name":"Scrap Ooze","floor":5,"gold_loss":0},{"damage_healed":0,"gold_gain":0,"player_choice":"Forge","damage_taken":0,"max_hp_gain":0,"max_hp_loss":0,"event_name":"Accursed Blacksmith","floor":14,"gold_loss":0,"cards_upgraded":["Caltrops"]}],"is_beta":false,"boss_relics":[{"not_picked":["Fusion Hammer","Runic Dome"],"picked":"Ring of the Serpent"}],"items_purged_floors":[],"is_endless":false,"potions_floor_spawned":[1,3,11,12,16],"ascension_level":0}}