{"host":"kh6fvhxn285ncg0o","time":1612929287,"event":{"mods":["Act Like it!","BaseMod","Colored Map","Friendly Minions","Keyboard Shortcuts","Minty Spire (QoL Compilation)","Quick Restart","Relic Stats","StSLib","SuperFastMode","UnlockEverythingMod"],"gold_per_floor":[116,136,147,147,147,147,178,13,13,13,30,30,59,76,76,149,149,161,141,153,170,195,230,230,259,283,315,335,335,366,382,382,460,460,475,415,434,656,675,710,710,738,738,752,752,338,348,361,361,361,361,361,361,86,117,117],"floor_reached":57,"language":"KOR","playtime":2153,"items_purged":["Choke","Glass Knife","Slice"],"score":3084,"play_id":"1f03b080-7720-40b1-b9c0-c672366681fc","local_time":"20210210125447","is_ascension_mode":true,"campfire_choices":[{"data":"Bouncing Flask","floor":6,"key":"SMITH"},{"data":"Neutralize","floor":10,"key":"SMITH"},{"data":"Crippling Poison","floor":12,"key":"SMITH"},{"data":"Catalyst","floor":15,"key":"SMITH"},{"data":"Well Laid Plans","floor":29,"key":"SMITH"},{"data":"Bullet Time","floor":32,"key":"SMITH"},{"data":"Prepared","floor":41,"key":"SMITH"},{"floor":49,"key":"RECALL"},{"data":"Escape Plan","floor":53,"key":"SMITH"}],"circlet_count":0,"master_deck":["AscendersBane","Survivor","Neutralize+1","Deadly Poison","Bouncing Flask+1","Deflect","Corpse Explosion","Crippling Poison+1","PiercingWail","Catalyst+1","Bullet Time+1","Doppelganger","Poisoned Stab+1","Prepared+1","Heel Hook+1","After Image","Doppelganger","Blur","PiercingWail","Night Terror","Catalyst+1","Backflip","Well Laid Plans+1","Escape Plan+1","Backflip+1","PiercingWail+1"],"relics":["Ring of the Snake","NeowsBlessing","Mercury Hourglass","Medical Kit","Meat on the Bone","Odd Mushroom","Pandora\u0027s Box","Red Mask","Whetstone","The Courier","Bag of Preparation","Lantern","Happy Flower","Philosopher\u0027s Stone","Smiling Mask","Eternal Feather","Bronze Scales","CaptainsWheel","Frozen Eye","Bottled Tornado"],"acts_visited":["Exordium","TheCity","TheBeyond","TheEnding"],"potions_floor_usage":[19,40,56],"damage_taken":[{"damage":0,"enemies":"Cultist","floor":1,"turns":1},{"damage":0,"enemies":"Small Slimes","floor":2,"turns":1},{"damage":0,"enemies":"Jaw Worm","floor":3,"turns":1},{"damage":29,"enemies":"3 Sentries","floor":7,"turns":9},{"damage":0,"enemies":"Lots of Slimes","floor":11,"turns":1},{"damage":11,"enemies":"The Mushroom Lair","floor":13,"turns":3},{"damage":0,"enemies":"Large Slime","floor":14,"turns":4},{"damage":0,"enemies":"Hexaghost","floor":16,"turns":6},{"damage":0,"enemies":"3 Byrds","floor":18,"turns":2},{"damage":0,"enemies":"Chosen","floor":20,"turns":2},{"damage":18,"enemies":"Centurion and Healer","floor":21,"turns":6},{"damage":22,"enemies":"Masked Bandits","floor":22,"turns":3},{"damage":31,"enemies":"Book of Stabbing","floor":23,"turns":5},{"damage":3,"enemies":"Slavers","floor":25,"turns":2},{"damage":0,"enemies":"Gremlin Leader","floor":27,"turns":3},{"damage":0,"enemies":"Shelled Parasite and Fungi","floor":28,"turns":3},{"damage":5,"enemies":"Slavers","floor":30,"turns":4},{"damage":1,"enemies":"Chosen and Byrds","floor":31,"turns":3},{"damage":3,"enemies":"Champ","floor":33,"turns":7},{"damage":0,"enemies":"Orb Walker","floor":35,"turns":2},{"damage":1,"enemies":"3 Shapes","floor":37,"turns":2},{"damage":0,"enemies":"Maw","floor":39,"turns":3},{"damage":12,"enemies":"Nemesis","floor":40,"turns":5},{"damage":0,"enemies":"Giant Head","floor":42,"turns":4},{"damage":0,"enemies":"Transient","floor":44,"turns":6},{"damage":0,"enemies":"Writhing Mass","floor":47,"turns":2},{"damage":0,"enemies":"Maw","floor":48,"turns":3},{"damage":40,"enemies":"Time Eater","floor":50,"turns":5},{"damage":0,"enemies":"Donu and Deca","floor":51,"turns":5},{"damage":13,"enemies":"Shield and Spear","floor":55,"turns":4},{"damage":70,"enemies":"The Heart","floor":56,"turns":7}],"seed_played":"4809593154273634667","potions_obtained":[{"floor":3,"key":"FearPotion"},{"floor":11,"key":"Ancient Potion"},{"floor":13,"key":"PowerPotion"},{"floor":18,"key":"Fruit Juice"},{"floor":19,"key":"EssenceOfSteel"},{"floor":20,"key":"Explosive Potion"},{"floor":25,"key":"Dexterity Potion"},{"floor":30,"key":"Poison Potion"},{"floor":35,"key":"Swift Potion"},{"floor":40,"key":"DistilledChaos"},{"floor":47,"key":"ColorlessPotion"}],"is_trial":false,"path_per_floor":["M","M","M","?","?","R","E","$","T","R","M","R","?","M","R","B",null,"M","?","M","M","?","E","?","E","T","E","M","R","E","M","R","B",null,"M","$","M","?","M","E","R","E","T","M","?","$","M","M","R","B","B",null,"R","$","E","B",null],"character_chosen":"THE_SILENT","items_purchased":["Medical Kit","Bronze Scales","CaptainsWheel","Frozen Eye","FairyPotion"],"campfire_rested":0,"item_purchase_floors":[8,46,46,54,54],"current_hp_per_floor":[59,59,59,52,57,57,28,28,28,28,40,40,41,41,41,41,64,64,69,69,51,41,22,22,31,31,43,43,43,50,49,49,46,69,69,69,68,68,68,56,56,56,56,56,56,56,56,56,71,43,43,65,72,72,59,33],"gold":117,"neow_bonus":"THREE_ENEMY_KILL","is_daily":false,"chose_seed":false,"campfire_upgraded":8,"win_rate":0.0,"timestamp":1612929287,"path_taken":["M","?","M","?","?","R","E","$","T","R","M","R","?","M","R","BOSS","M","?","M","?","?","E","?","E","T","E","M","R","E","M","R","BOSS","M","$","?","?","M","E","R","E","T","M","?","$","M","M","R","BOSS","BOSS","R","$","E","BOSS"],"items_purchased_type":["Relic","Relic","Relic","Relic","Potion"],"build_version":"2020-12-22","purchased_purges":3,"victory":true,"max_hp_per_floor":[66,66,66,66,71,71,71,71,71,71,71,71,71,71,71,71,71,71,76,76,76,76,76,76,76,76,76,76,76,76,76,76,76,76,76,76,76,76,76,76,76,76,76,76,72,72,72,72,72,72,72,72,72,72,72,72],"relic_stats":{"Happy Flower":[19],"counters":[31,114],"Eternal Feather":22,"Bag of Preparation":[34],"Whetstone":["Heel Hook","Poisoned Stab"],"Medical Kit":[11],"Smiling Mask":80,"Mercury Hourglass":[420],"Bronze Scales":[116],"Pandora\u0027s Box":["Doppelganger","Poisoned Stab","Slice","Prepared","Heel Hook","Glass Knife","After Image","Choke","Doppelganger"],"obtain_stats":[{"Lantern":27,"NeowsBlessing":0,"Happy Flower":30,"Eternal Feather":42,"The Courier":25,"Bag of Preparation":26,"Whetstone":23,"Odd Mushroom":13,"Bottled Tornado":55,"Medical Kit":8,"Smiling Mask":40,"Mercury Hourglass":7,"Frozen Eye":54,"CaptainsWheel":46,"Bronze Scales":46,"Pandora\u0027s Box":17,"Philosopher\u0027s Stone":34,"Red Mask":22,"Ring of the Snake":0,"Meat on the Bone":9},{"Lantern":15,"NeowsBlessing":0,"Happy Flower":17,"Eternal Feather":24,"The Courier":14,"Bag of Preparation":14,"Whetstone":13,"Odd Mushroom":6,"Bottled Tornado":30,"Medical Kit":4,"Smiling Mask":23,"Mercury Hourglass":4,"Frozen Eye":29,"CaptainsWheel":25,"Bronze Scales":25,"Pandora\u0027s Box":8,"Philosopher\u0027s Stone":19,"Red Mask":12,"Ring of the Snake":0,"Meat on the Bone":4},{"Lantern":49,"NeowsBlessing":0,"Happy Flower":56,"Eternal Feather":82,"The Courier":46,"Bag of Preparation":46,"Whetstone":44,"Odd Mushroom":16,"Bottled Tornado":107,"Medical Kit":12,"Smiling Mask":78,"Mercury Hourglass":12,"Frozen Eye":103,"CaptainsWheel":88,"Bronze Scales":88,"Pandora\u0027s Box":26,"Philosopher\u0027s Stone":66,"Red Mask":39,"Ring of the Snake":0,"Meat on the Bone":12}],"Ring of the Snake":[62],"Meat on the Bone":108},"card_choices":[{"not_picked":["Sucker Punch","Poisoned Stab"],"picked":"Deadly Poison","floor":1},{"not_picked":["Riddle With Holes","Slice"],"picked":"Bouncing Flask","floor":2},{"not_picked":["Deadly Poison","Finisher"],"picked":"Deflect","floor":3},{"not_picked":["Prepared","Cloak And Dagger"],"picked":"Corpse Explosion","floor":7},{"not_picked":["Sucker Punch","Dodge and Roll"],"picked":"Crippling Poison","floor":11},{"not_picked":["Cloak And Dagger","Acrobatics"],"picked":"PiercingWail","floor":13},{"not_picked":["Acrobatics","Blade Dance"],"picked":"Catalyst","floor":14},{"not_picked":["Envenom","Grand Finale"],"picked":"Bullet Time","floor":16},{"not_picked":["Poisoned Stab","Setup","Skewer"],"picked":"SKIP","floor":18},{"not_picked":["Dagger Spray+1","Dagger Throw"],"picked":"Blur","floor":20},{"not_picked":["Slice+1","Sucker Punch"],"picked":"PiercingWail","floor":21},{"not_picked":["Acrobatics","Deflect"],"picked":"Night Terror","floor":22},{"not_picked":["Eviscerate","Cloak And Dagger","Poisoned Stab"],"picked":"SKIP","floor":23},{"not_picked":["Prepared","PiercingWail"],"picked":"Backflip","floor":25},{"not_picked":["Cloak And Dagger","Underhanded Strike"],"picked":"Well Laid Plans","floor":27},{"not_picked":["Quick Slash","Bane"],"picked":"Escape Plan","floor":28},{"not_picked":["Caltrops","Envenom","Infinite Blades"],"picked":"SKIP","floor":30},{"not_picked":["Dagger Spray","Underhanded Strike","Slice"],"picked":"SKIP","floor":31},{"not_picked":["Deflect","Dagger Spray"],"picked":"Backflip+1","floor":35},{"not_picked":["Bane+1","Masterful Stab","Reflex"],"picked":"SKIP","floor":37},{"not_picked":["Deflect","Deadly Poison"],"picked":"PiercingWail+1","floor":39},{"not_picked":["Terror","Finisher+1","Cloak And Dagger"],"picked":"SKIP","floor":40},{"not_picked":["Terror","Finisher+1","Cloak And Dagger"],"picked":"SKIP","floor":40},{"not_picked":["Bane","Tools of the Trade","Quick Slash"],"picked":"SKIP","floor":42},{"not_picked":["Sucker Punch","Outmaneuver","Poisoned Stab"],"picked":"SKIP","floor":44},{"not_picked":["Dagger Spray","All Out Attack","Outmaneuver"],"picked":"SKIP","floor":47},{"not_picked":["Poisoned Stab+1","Outmaneuver","Infinite Blades"],"picked":"SKIP","floor":48},{"not_picked":["Prepared","Acrobatics","Cloak And Dagger+1"],"picked":"SKIP","floor":55}],"player_experience":1353651,"relics_obtained":[{"floor":7,"key":"Mercury Hourglass"},{"floor":9,"key":"Meat on the Bone"},{"floor":13,"key":"Odd Mushroom"},{"floor":22,"key":"Red Mask"},{"floor":23,"key":"Whetstone"},{"floor":25,"key":"The Courier"},{"floor":26,"key":"Bag of Preparation"},{"floor":27,"key":"Lantern"},{"floor":30,"key":"Happy Flower"},{"floor":40,"key":"Smiling Mask"},{"floor":42,"key":"Eternal Feather"},{"floor":55,"key":"Bottled Tornado"}],"event_choices":[{"cards_removed":["Strike_G"],"damage_healed":0,"gold_gain":0,"player_choice":"Card Removal","damage_taken":7,"max_hp_gain":0,"max_hp_loss":0,"event_name":"Golden Wing","floor":4,"gold_loss":0},{"damage_healed":0,"gold_gain":0,"player_choice":"Donut","damage_taken":0,"max_hp_gain":5,"max_hp_loss":0,"event_name":"Big Fish","floor":5,"gold_loss":0},{"damage_healed":0,"gold_gain":0,"player_choice":"Fought Mushrooms","damage_taken":0,"max_hp_gain":0,"max_hp_loss":0,"event_name":"Mushrooms","floor":13,"gold_loss":0},{"damage_healed":0,"gold_gain":0,"player_choice":"Bought 1 Potion","damage_taken":0,"max_hp_gain":0,"max_hp_loss":0,"event_name":"The Woman in Blue","floor":19,"gold_loss":0},{"damage_healed":0,"gold_gain":0,"player_choice":"Fought Bandits","damage_taken":0,"max_hp_gain":0,"max_hp_loss":0,"event_name":"Masked Bandits","floor":22,"gold_loss":0},{"damage_healed":0,"gold_gain":0,"player_choice":"Copied","damage_taken":0,"max_hp_gain":0,"max_hp_loss":0,"event_name":"Duplicator","floor":24,"gold_loss":0,"cards_obtained":["Catalyst"]},{"damage_healed":0,"gold_gain":222,"player_choice":"Wore Mask","damage_taken":0,"max_hp_gain":0,"max_hp_loss":0,"event_name":"Tomb of Lord Red Mask","floor":38,"gold_loss":0},{"damage_healed":0,"gold_gain":0,"player_choice":"Max HP","damage_taken":0,"max_hp_gain":0,"max_hp_loss":4,"event_name":"Winding Halls","floor":45,"gold_loss":0}],"is_beta":false,"boss_relics":[{"not_picked":["Ring of the Serpent","Velvet Choker"],"picked":"Pandora\u0027s Box"},{"not_picked":["Black Star","Empty Cage"],"picked":"Philosopher\u0027s Stone"}],"items_purged_floors":[36,46,54],"is_endless":false,"potions_floor_spawned":[3,11,13,18,20,22,23,25,30,35,40,47,48,55],"ascension_level":20}}