{"host":"r458oihlpg8cxtvp","time":1612973993,"event":{"mods":["Act Like it!","Arknights","Aspiration","BaseMod","Challenge The Spire","Colored Powertips","Conspire","Dota2Spire","Hallownest","Minty Spire (QoL Compilation)","Relic Stats","Replay The Spire","Spicy Shops","StSLib","Wide Potions","[GremlinLeader]The Maniac","¡¾ÒÅÎï¿¨ÅÆ¡¿REMEMod"],"gold_per_floor":[115,115,127,141,153,153,153],"floor_reached":6,"language":"ZHS","playtime":654,"items_purged":[],"score":38,"play_id":"6807b913-d0af-486f-955e-9bd1d730df9a","local_time":"20210211001953","is_ascension_mode":false,"campfire_choices":[],"circlet_count":0,"master_deck":["Strike_R","Strike_R","Strike_R","Strike_R","Strike_R","Defend_R","Defend_R","Defend_R","Defend_R","Bash","Shrug It Off","Shrug It Off"],"relics":["Burning Blood","REME_ComplimentaryCards"],"acts_visited":["Exordium"],"potions_floor_usage":[6,6],"damage_taken":[{"damage":2,"enemies":"2_ Uuma","floor":1,"turns":6},{"damage":10,"enemies":"Hallownest:monsterHuskGuard","floor":3,"turns":5},{"damage":8,"enemies":"Hallownest:2_Tiktiks_and_1_Crawlid","floor":4,"turns":6},{"damage":3,"enemies":"Hallownest:monsterMossCharger","floor":5,"turns":14},{"damage":103,"enemies":"Hallownest:eliteVengeflyKing","floor":6,"turns":14}],"seed_played":"-8038945026087093163","potions_obtained":[{"floor":3,"key":"LifebloodPotion"},{"floor":4,"key":"conspire:TimeTravelPotion"}],"is_trial":false,"path_per_floor":["M","?","M","M","M","E"],"character_chosen":"IRONCLAD","items_purchased":[],"campfire_rested":0,"item_purchase_floors":[],"current_hp_per_floor":[88,88,84,82,85,2,2],"gold":153,"neow_bonus":"TEN_PERCENT_HP_BONUS","is_daily":false,"chose_seed":false,"campfire_upgraded":0,"win_rate":0.0,"timestamp":1612973993,"path_taken":["M","?","M","?","M","E"],"items_purchased_type":[],"build_version":"2020-12-22","purchased_purges":0,"victory":false,"max_hp_per_floor":[88,88,88,88,88,88,88],"relic_stats":{"counters":[5,45],"obtain_stats":[{"Burning Blood":0,"REME_ComplimentaryCards":0},{"Burning Blood":0,"REME_ComplimentaryCards":0},{"Burning Blood":0,"REME_ComplimentaryCards":0}],"Burning Blood":20},"card_choices":[{"not_picked":["Flame Barrier","conspire:ExplosiveBarrier"],"picked":"Shrug It Off","floor":1},{"not_picked":["Armaments","Replay:Undeath\u0027s Touch","Warcry"],"picked":"SKIP","floor":3},{"not_picked":["Clash","Warcry","ReplayTheSpireMod:Strike From Hell"],"picked":"SKIP","floor":4},{"not_picked":["Flex","Wild Strike"],"picked":"Shrug It Off","floor":5}],"player_experience":80125,"relics_obtained":[],"event_choices":[],"is_beta":false,"boss_relics":[],"items_purged_floors":[],"is_endless":false,"potions_floor_spawned":[3,4],"killed_by":"Hallownest:eliteVengeflyKing","ascension_level":0}}