{"host":"it04jaz8eul1eh3d","time":1612936511,"event":{"mods":["AchievementEnabler","BaseMod","Colored Map","DeckTracker","Keyboard Shortcuts","Minty Spire (QoL Compilation)","SuperFastMode"],"gold_per_floor":[110,35,210,226,226,256,256,275,322,422,422,439,459,469,469,572,572,589,601,615,615,615,615,174,174,174,49,62,62,82,96,96,96,96],"floor_reached":33,"language":"KOR","playtime":669,"items_purged":["Strike_R","Doubt","Parasite"],"score":274,"play_id":"96a33eeb-8d0f-4771-9201-b6dec1b663dd","local_time":"20210210145511","is_ascension_mode":false,"campfire_choices":[{"data":"Juggernaut","floor":7,"key":"SMITH"},{"data":"Heavy Blade","floor":11,"key":"SMITH"},{"data":"Dual Wield","floor":15,"key":"SMITH"},{"floor":23,"key":"REST"},{"floor":29,"key":"REST"},{"floor":32,"key":"REST"}],"circlet_count":0,"master_deck":["Strike_R","Strike_R","Strike_R","Strike_R","Defend_R","Defend_R","Defend_R","Defend_R","Bash","Inflame","Juggernaut+1","Heavy Blade+1","Heavy Blade","Dual Wield+1","Feed","Spot Weakness+1","Battle Trance","Dual Wield+1","Inflame","Clumsy","Immolate","Heavy Blade"],"relics":["Burning Blood","NeowsBlessing","Vajra","Art of War","Cursed Key","White Beast Statue","MutagenicStrength","Gambling Chip","Paper Frog","Ice Cream"],"acts_visited":["Exordium","TheCity"],"potions_floor_usage":[16,20,31],"damage_taken":[{"damage":0,"enemies":"2 Louse","floor":1,"turns":1},{"damage":0,"enemies":"Small Slimes","floor":4,"turns":2},{"damage":0,"enemies":"Lagavulin","floor":6,"turns":2},{"damage":1,"enemies":"Cultist","floor":8,"turns":4},{"damage":18,"enemies":"3 Louse","floor":12,"turns":4},{"damage":16,"enemies":"Lots of Slimes","floor":13,"turns":5},{"damage":12,"enemies":"Gremlin Gang","floor":14,"turns":6},{"damage":44,"enemies":"Hexaghost","floor":16,"turns":9},{"damage":21,"enemies":"Shell Parasite","floor":18,"turns":5},{"damage":31,"enemies":"Spheric Guardian","floor":19,"turns":5},{"damage":31,"enemies":"Shelled Parasite and Fungi","floor":20,"turns":4},{"damage":31,"enemies":"Centurion and Healer","floor":28,"turns":4},{"damage":23,"enemies":"Snecko","floor":30,"turns":4},{"damage":24,"enemies":"Shelled Parasite and Fungi","floor":31,"turns":3},{"damage":38,"enemies":"Champ","floor":33,"turns":3}],"seed_played":"-2306964505430634473","potions_obtained":[{"floor":1,"key":"Energy Potion"},{"floor":4,"key":"DistilledChaos"},{"floor":6,"key":"Fire Potion"},{"floor":19,"key":"DuplicationPotion"},{"floor":28,"key":"SpeedPotion"},{"floor":30,"key":"Block Potion"},{"floor":31,"key":"BlessingOfTheForge"}],"is_trial":false,"path_per_floor":["M","$","?","M","?","E","R","M","T","?","R","M","M","M","R","B",null,"M","M","M","T","?","R","$","T","T","$","M","R","M","M","R","B"],"character_chosen":"IRONCLAD","items_purchased":["Inflame","Gambling Chip"],"campfire_rested":3,"item_purchase_floors":[24,24],"current_hp_per_floor":[80,80,80,80,80,80,80,80,80,80,80,68,58,52,52,14,80,65,40,15,15,15,39,39,39,39,39,17,41,24,9,33,0,0],"gold":96,"neow_bonus":"THREE_ENEMY_KILL","is_daily":false,"chose_seed":false,"campfire_upgraded":3,"win_rate":0.0,"timestamp":1612936511,"path_taken":["M","$","?","M","?","E","R","?","T","?","R","M","M","?","R","BOSS","M","?","M","?","?","R","$","?","T","?","M","R","M","M","R","BOSS"],"items_purchased_type":["Card","Relic"],"build_version":"2020-12-22","purchased_purges":3,"victory":false,"max_hp_per_floor":[80,80,80,80,80,80,80,80,80,80,80,80,80,80,80,80,80,80,80,80,80,80,80,80,80,80,77,80,80,80,83,83,83,83],"card_choices":[{"not_picked":["Evolve","Reckless Charge","Clash"],"picked":"SKIP","floor":1},{"not_picked":["Sword Boomerang","Hemokinesis"],"picked":"Inflame","floor":4},{"not_picked":["Entrench","Cleave"],"picked":"Juggernaut","floor":6},{"not_picked":["Wild Strike","Perfected Strike"],"picked":"Heavy Blade","floor":8},{"not_picked":["Anger","Twin Strike","Clash"],"picked":"SKIP","floor":12},{"not_picked":["Flame Barrier","Pummel"],"picked":"Heavy Blade","floor":13},{"not_picked":["Havoc","Perfected Strike"],"picked":"Dual Wield","floor":14},{"not_picked":["Offering","Juggernaut"],"picked":"Feed","floor":16},{"not_picked":["Ghostly Armor+1","True Grit"],"picked":"Spot Weakness+1","floor":18},{"not_picked":["Infernal Blade","Disarm"],"picked":"Battle Trance","floor":19},{"not_picked":["Havoc","Flex+1"],"picked":"Dual Wield+1","floor":20},{"not_picked":["Ghostly Armor","Perfected Strike+1","Fire Breathing"],"picked":"SKIP","floor":28},{"not_picked":["Flex","Warcry"],"picked":"Immolate","floor":30},{"not_picked":["Intimidate","Armaments"],"picked":"Heavy Blade","floor":31}],"player_experience":152041,"relics_obtained":[{"floor":6,"key":"Vajra"},{"floor":9,"key":"Art of War"},{"floor":21,"key":"White Beast Statue"},{"floor":25,"key":"Paper Frog"},{"floor":26,"key":"Ice Cream"}],"event_choices":[{"damage_healed":0,"gold_gain":175,"player_choice":"AGREE","damage_taken":0,"max_hp_gain":0,"max_hp_loss":0,"event_name":"Liars Game","floor":3,"gold_loss":0,"cards_obtained":["Doubt"]},{"cards_removed":["Doubt"],"damage_healed":0,"gold_gain":0,"player_choice":"Removed Curses","damage_taken":0,"max_hp_gain":0,"max_hp_loss":0,"event_name":"Fountain of Cleansing","floor":5,"gold_loss":0},{"damage_healed":0,"gold_gain":100,"player_choice":"Pray","damage_taken":0,"max_hp_gain":0,"max_hp_loss":0,"event_name":"Golden Shrine","floor":10,"gold_loss":0},{"damage_healed":0,"gold_gain":0,"player_choice":"Inject Mutagens","damage_taken":0,"relics_obtained":["MutagenicStrength"],"max_hp_gain":0,"max_hp_loss":0,"event_name":"Drug Dealer","floor":22,"gold_loss":0}],"is_beta":false,"boss_relics":[{"not_picked":["Busted Crown","Coffee Dripper"],"picked":"Cursed Key"}],"items_purged_floors":[2,24,27],"is_endless":false,"potions_floor_spawned":[1,4,6,13,19,28,30,31],"killed_by":"Champ","ascension_level":0}}