{"host":"vit9b6u76k1y61sh","time":1612936643,"event":{"mods":["BaseMod","Block Reminder","Colored Powertips","Highlight Path","Minty Spire (QoL Compilation)","Quick Restart","Rare Cards Sparkle","Relic Sorter","Relic Stats","StSLib"],"gold_per_floor":[114,125,125,79,97,125,125,153,178,25,25,39,39,67,67,162,162,175,175,175,175],"floor_reached":20,"language":"ENG","playtime":1209,"items_purged":[],"score":209,"play_id":"e0a236ec-3a8d-47b6-8169-df5120a61cd6","local_time":"20210210005723","is_ascension_mode":true,"campfire_choices":[{"data":"Armaments","floor":7.0,"key":"SMITH"},{"data":"Seeing Red","floor":13.0,"key":"SMITH"},{"floor":15.0,"key":"REST"}],"circlet_count":0,"master_deck":["Strike_R","Strike_R","Strike_R+1","Defend_R","Defend_R","Defend_R","Bash","Anger","Demon Form","Armaments+1","Anger","Flame Barrier","Flame Barrier","Inflame","Flex","Shrug It Off","Injury","Bandage Up","Pummel","Seeing Red+1","Pommel Strike+1","Double Tap","Limit Break+1","Rampage+1","Reckless Charge+1","Iron Wave"],"relics":["Burning Blood","NeowsBlessing","GremlinMask","Blood Vial","Happy Flower","Centennial Puzzle","Whetstone","Astrolabe"],"acts_visited":["Exordium","TheCity"],"potions_floor_usage":[],"damage_taken":[{"damage":0.0,"enemies":"Jaw Worm","floor":1.0,"turns":1.0},{"damage":0.0,"enemies":"Cultist","floor":2.0,"turns":1.0},{"damage":0.0,"enemies":"Small Slimes","floor":5.0,"turns":1.0},{"damage":35.0,"enemies":"3 Sentries","floor":6.0,"turns":6.0},{"damage":28.0,"enemies":"Gremlin Nob","floor":8.0,"turns":5.0},{"damage":26.0,"enemies":"Exordium Thugs","floor":12.0,"turns":5.0},{"damage":8.0,"enemies":"Lagavulin","floor":14.0,"turns":7.0},{"damage":28,"enemies":"The Guardian","floor":16,"turns":11},{"damage":13,"enemies":"Spheric Guardian","floor":18,"turns":4},{"damage":26,"enemies":"Chosen","floor":20,"turns":6}],"seed_played":"87390719974177739","potions_obtained":[{"floor":1.0,"key":"Strength Potion"},{"floor":2.0,"key":"LiquidBronze"}],"is_trial":false,"path_per_floor":["M","M","?","$","M","E","R","E","T","$","?","M","R","E","R","B",null,"M","?","M"],"character_chosen":"IRONCLAD","items_purchased":["Armaments","Inflame","Flex","Shrug It Off"],"campfire_rested":1,"item_purchase_floors":[4,10,10,10],"current_hp_per_floor":[80,80,80,80,80,51,51,31,31,31,31,17,17,23,47,31,80,79,64,44,44],"gold":175,"neow_bonus":"THREE_ENEMY_KILL","is_daily":false,"chose_seed":false,"campfire_upgraded":2,"win_rate":0.0,"timestamp":1612936643,"path_taken":["M","M","?","$","?","E","R","E","T","?","?","?","R","E","R","BOSS","M","?","M"],"items_purchased_type":["Card","Card","Card","Card"],"build_version":"2020-12-22","purchased_purges":0,"victory":false,"max_hp_per_floor":[80,80,80,80,80,80,80,80,80,80,80,80,80,80,80,80,80,80,85,85,85],"relic_stats":{"Blood Vial":10,"Centennial Puzzle":[15],"Happy Flower":[11],"counters":[10,47],"Astrolabe":["Limit Break","Rampage","Reckless Charge"],"Whetstone":["Strike_R","Pommel Strike"],"obtain_stats":[{"Blood Vial":6,"Centennial Puzzle":9,"NeowsBlessing":0,"Happy Flower":8,"Astrolabe":17,"GremlinMask":3,"Whetstone":14,"Burning Blood":0},{"Blood Vial":4,"Centennial Puzzle":5,"NeowsBlessing":0,"Happy Flower":5,"Astrolabe":8,"GremlinMask":2,"Whetstone":7,"Burning Blood":0},{"Blood Vial":9,"Centennial Puzzle":14,"NeowsBlessing":0,"Happy Flower":14,"Astrolabe":37,"GremlinMask":2,"Whetstone":26,"Burning Blood":0}],"Burning Blood":36},"card_choices":[{"not_picked":["Sever Soul","Perfected Strike"],"picked":"Anger","floor":1.0},{"not_picked":["Armaments","Dropkick"],"picked":"Demon Form","floor":2.0},{"not_picked":["Body Slam","Battle Trance"],"picked":"Anger","floor":5.0},{"not_picked":["Reckless Charge","Entrench"],"picked":"Flame Barrier","floor":6.0},{"not_picked":["Disarm","Power Through"],"picked":"Flame Barrier","floor":8.0},{"not_picked":["Clash","Armaments"],"picked":"Seeing Red","floor":12.0},{"not_picked":["Body Slam","Headbutt"],"picked":"Pommel Strike","floor":14.0},{"not_picked":["Bludgeon","Fiend Fire"],"picked":"Double Tap","floor":16},{"not_picked":["Combust+1","Carnage+1"],"picked":"Iron Wave","floor":18}],"player_experience":171863,"relics_obtained":[{"floor":6.0,"key":"Blood Vial"},{"floor":8.0,"key":"Happy Flower"},{"floor":9.0,"key":"Centennial Puzzle"},{"floor":14.0,"key":"Whetstone"}],"event_choices":[{"damage_healed":0.0,"max_hp_gain":0.0,"max_hp_loss":0.0,"gold_gain":0.0,"event_name":"FaceTrader","player_choice":"Trade","floor":3.0,"gold_loss":0.0,"damage_taken":0.0,"relics_obtained":["GremlinMask"]},{"damage_healed":0.0,"max_hp_gain":0.0,"max_hp_loss":0.0,"gold_gain":0.0,"event_name":"Match and Keep!","player_choice":"3 cards matched","floor":11.0,"gold_loss":0.0,"damage_taken":0.0,"cards_obtained":["Injury","Bandage Up","Pummel"]},{"damage_healed":0,"gold_gain":0,"player_choice":"Shed Blood","damage_taken":20,"max_hp_gain":5,"max_hp_loss":0,"event_name":"Forgotten Altar","floor":19,"gold_loss":0}],"is_beta":false,"boss_relics":[{"not_picked":["Snecko Eye","Tiny House"],"picked":"Astrolabe"}],"items_purged_floors":[],"is_endless":false,"potions_floor_spawned":[1,2],"killed_by":"Chosen","ascension_level":2}}