{"host":"og21o26alpnbwmz8","time":1612997624,"event":{"mods":["Act Like it!","Aspiration","BaseMod","Conspire","Downfall","Gensokyo","Halation","Hubris","Jedi Mod","Mimic Mod","Minty Spire (QoL Compilation)","Pale of the Ancients","Reliquary","Replay The Spire","Shop Mod","Spikes Relics","StSLib","The Alterego","The Blue Laboratory","The Poker Player","Waifu the Spire","Yuri Mod"],"gold_per_floor":[119,119,131,231,247,278,278,295,295,295,328,328,356,370,370,469,469,481,481,492,7,7,37,67,110,148,160,172,184,196,208,220,82,82,183,183,196,196,196,196,213,213,242,252,303,315,326,326,373,384,384,384,384,384,37,69,69],"floor_reached":58,"language":"ENG","playtime":2764,"items_purged":["PokerPlayerMod:Spade1","Unload"],"score":1343,"play_id":"c2b5ba9f-fc66-4840-93fe-7f96248cdb39","local_time":"20210210175344","is_ascension_mode":false,"metric_token":1426,"campfire_choices":[{"data":"PokerPlayerMod:Overdeal","floor":7,"key":"SMITH"},{"data":"PokerPlayerMod:SpadeStrike","floor":12,"key":"SMITH"},{"data":"PokerPlayerMod:TrumpStrike","floor":15,"key":"SMITH"},{"data":"PokerPlayerMod:Sharpen","floor":30,"key":"SMITH"},{"floor":34,"key":"RECALL"},{"data":"PokerPlayerMod:FakeSymbols","floor":42,"key":"SMITH"},{"data":"PokerPlayerMod:Harden","floor":48,"key":"SMITH"},{"data":"PokerPlayerMod:ClubShade","floor":51,"key":"SMITH"},{"data":"PokerPlayerMod:FillThePot","floor":54,"key":"SMITH"}],"circlet_count":0,"master_deck":["PokerPlayerMod:Diamond1","PokerPlayerMod:Diamond2","PokerPlayerMod:Diamond3","PokerPlayerMod:Diamond4","PokerPlayerMod:Diamond5","PokerPlayerMod:Spade1","PokerPlayerMod:Spade2","PokerPlayerMod:Spade3","PokerPlayerMod:Spade4","PokerPlayerMod:Club1","PokerPlayerMod:Club2","PokerPlayerMod:Heart2","PokerPlayerMod:TrumpStrike+1","PokerPlayerMod:BadJoker","PokerPlayerMod:Mulligan","PokerPlayerMod:Diamond3","PokerPlayerMod:Overdeal+1","PokerPlayerMod:Sharpen","PokerPlayerMod:WildCard","PokerPlayerMod:ClubShade+1","PokerPlayerMod:Heart9","Blind","PokerPlayerMod:Heart4","PokerPlayerMod:Raise","PokerPlayerMod:Raise","PokerPlayerMod:Sharpen+1","PokerPlayerMod:FlyingCard+1","PokerPlayerMod:FakeSymbols+1","PokerPlayerMod:FillThePot+1","Gensokyo:DreamlikeParadise","Flechettes","PokerPlayerMod:Heart5","PokerPlayerMod:Harden+1","PokerPlayerMod:Overdeal+1","PokerPlayerMod:ClubShade+1"],"relics":["PokerPlayerMod:DeckCase","NeowsBlessing","Torii","PokerPlayerMod:StuffedPocket","Incense Burner","aspiration:HatOfInfinitePower","Orichalcum","CosmicIsotope","halation:PinkSoulGem","BargainBundle","hubris:Zylophone","MawBank","RoseTintedShades","reliquary:PorcupineQuills","reliquary:WritOfMandamus","aspiration:ChemicalBlood","Nunchaku","yuri:PortableGlitches","reliquary:Boomerang"],"acts_visited":["Exordium","TheCity","TheCity","TheEnding"],"potions_floor_usage":[46,46,50,56,56,57,57,57,57,57],"damage_taken":[{"damage":0,"enemies":"Jaw Worm","floor":1,"turns":1},{"damage":0,"enemies":"Small Slimes","floor":3,"turns":1},{"damage":0,"enemies":"Cultist","floor":5,"turns":1},{"damage":29,"enemies":"Lagavulin","floor":6,"turns":4},{"damage":10,"enemies":"Looter","floor":8,"turns":2},{"damage":0,"enemies":"Gremlin Nob","floor":11,"turns":3},{"damage":7,"enemies":"Lagavulin","floor":13,"turns":5},{"damage":0,"enemies":"3 Louse","floor":14,"turns":3},{"damage":3,"enemies":"Hexaghost","floor":16,"turns":5},{"damage":12,"enemies":"3 Byrds","floor":18,"turns":7},{"damage":0,"enemies":"2 Thieves","floor":20,"turns":3},{"damage":3,"enemies":"Replay:Snechameleon","floor":23,"turns":4},{"damage":8,"enemies":"3 Cultists","floor":24,"turns":5},{"damage":16,"enemies":"Slavers","floor":25,"turns":4},{"damage":22,"enemies":"conspire:MysteriousRune","floor":35,"turns":5},{"damage":12,"enemies":"Gensokyo:3_Boulders","floor":37,"turns":6},{"damage":13,"enemies":"Gensokyo:3_Bats","floor":41,"turns":4},{"damage":26,"enemies":"Gensokyo:Doremy","floor":43,"turns":6},{"damage":24,"enemies":"Gensokyo:Sharpion","floor":44,"turns":8},{"damage":32,"enemies":"Gensokyo:Rafflesia","floor":46,"turns":7},{"damage":0,"enemies":"Gensokyo:3_Boulders","floor":47,"turns":1},{"damage":37,"enemies":"Gensokyo:4_Bats","floor":50,"turns":6},{"damage":0,"enemies":"Gensokyo:Yuyuko","floor":52,"turns":6},{"damage":39,"enemies":"Shield and Spear","floor":56,"turns":8},{"damage":64,"enemies":"The Heart","floor":57,"turns":8}],"seed_played":"-3528913336871482098","potions_obtained":[{"floor":3,"key":"blueLaboratory:BottledHope"},{"floor":6,"key":"blueLaboratory:PyrophylliteBrew"},{"floor":8,"key":"blueLaboratory:FrostheartPotion"},{"floor":46,"key":"blueLaboratory:Moonshine"},{"floor":46,"key":"FearPotion"},{"floor":46,"key":"blueLaboratory:BottleOfVodka"},{"floor":49,"key":"Regen Potion"},{"floor":49,"key":"Languid Potion"},{"floor":49,"key":"DuplicationPotion"},{"floor":50,"key":"hexamod:SoulburnPotion"},{"floor":50,"key":"BlessingOfTheForge"},{"floor":56,"key":"Explosive Potion"},{"floor":57,"key":"SkillPotion"},{"floor":57,"key":"SteroidPotion"},{"floor":57,"key":"PowerPotion"},{"floor":57,"key":"blueLaboratory:NullPotion"}],"is_trial":false,"path_per_floor":["M","?","M","?","M","E","R","M","T","?","E","R","E","M","R","B",null,"M","?","M","$","?","E","M","E","T","?","?","$","R","PTL","PTL","$","R","B",null,"M","?","?","?","M","R","E","M","T","M","M","R","?","M","R","B",null,"R","$","E","B",null],"character_chosen":"THE_POKER_PLAYER","items_purchased":["BargainBundle","hubris:Zylophone","PokerPlayerMod:Heart9","Blind","PokerPlayerMod:Heart4","PokerPlayerMod:ClubsClub","PokerPlayerMod:Raise","PokerPlayerMod:Sharpen","reliquary:PorcupineQuills","yuri:PortableGlitches"],"campfire_rested":0,"item_purchase_floors":[21,21,21,21,21,21,21,21,33,55],"current_hp_per_floor":[52,57,57,57,57,31,31,25,25,18,25,25,40,55,55,55,57,46,46,51,51,51,57,50,57,57,15,15,15,15,15,15,15,15,11,57,57,57,57,57,46,46,39,36,36,54,54,54,54,53,53,53,57,57,57,32,7],"gold":69,"neow_bonus":"THREE_ENEMY_KILL","is_daily":false,"chose_seed":false,"campfire_upgraded":8,"win_rate":0.0,"timestamp":1612997624,"path_taken":["M","?","M","?","M","E","R","?","T","?","E","R","E","M","R","BOSS","M","?","M","$","?","E","M","E","T","?","?","$","R","PTL","PTL","?","R","BOSS","M","?","?","?","M","R","E","?","T","M","M","R","?","M","R","BOSS","R","$","E","BOSS"],"items_purchased_type":["Relic","Relic","Card","Card","Card","Card","Card","Card","Relic","Relic"],"build_version":"2020-12-22","purchased_purges":2,"victory":true,"max_hp_per_floor":[52,57,57,57,57,57,57,57,57,57,57,57,57,57,57,57,57,57,57,57,57,57,57,57,57,57,57,57,57,57,57,57,57,57,57,57,57,57,57,57,57,57,57,57,57,57,57,57,57,57,57,57,57,57,57,57,57],"card_choices":[{"not_picked":["PokerPlayerMod:DartThrow","PokerPlayerMod:Club10+"],"picked":"PokerPlayerMod:Diamond3","floor":1},{"not_picked":["PokerPlayerMod:Fold","PokerPlayerMod:HotShotCut"],"picked":"PokerPlayerMod:Spade1","floor":3},{"not_picked":["PokerPlayerMod:Spade5","PokerPlayerMod:Raise"],"picked":"PokerPlayerMod:Overdeal","floor":5},{"not_picked":["PokerPlayerMod:HiddenCard","PokerPlayerMod:CloakAndDiamond"],"picked":"PokerPlayerMod:Sharpen","floor":6},{"not_picked":["PokerPlayerMod:Club1","PokerPlayerMod:Diamond2"],"picked":"PokerPlayerMod:SpadeStrike","floor":8},{"not_picked":["PokerPlayerMod:Spade4","PokerPlayerMod:CardBurn","PokerPlayerMod:ClubsClub"],"picked":"SKIP","floor":11},{"not_picked":["PokerPlayerMod:CardBurn","PokerPlayerMod:Spade7"],"picked":"PokerPlayerMod:DiamondStrike","floor":13},{"not_picked":["PokerPlayerMod:Spade2","PokerPlayerMod:Diamond1","PokerPlayerMod:Club1"],"picked":"SKIP","floor":14},{"not_picked":["PokerPlayerMod:Promotion","PokerPlayerMod:ChangeRules"],"picked":"PokerPlayerMod:WildCard","floor":16},{"not_picked":["PokerPlayerMod:Spade5","PokerPlayerMod:Configure"],"picked":"PokerPlayerMod:ClubShade","floor":18},{"not_picked":["PokerPlayerMod:Extraction","PokerPlayerMod:HotShotCut","PokerPlayerMod:Diamond2"],"picked":"SKIP","floor":20},{"not_picked":["PokerPlayerMod:DiamondStrike","PokerPlayerMod:Manipulation","PokerPlayerMod:JackOfSpades"],"picked":"SKIP","floor":23},{"not_picked":["PokerPlayerMod:Club1","PokerPlayerMod:ClubsClub"],"picked":"PokerPlayerMod:FlyingCard+1","floor":24},{"not_picked":["PokerPlayerMod:MagicTrick+1","PokerPlayerMod:DiamondStrike","PokerPlayerMod:Spade7"],"picked":"SKIP","floor":25},{"not_picked":["PokerPlayerMod:Diamond7","PokerPlayerMod:ChangeRules"],"picked":"PokerPlayerMod:FakeSymbols","floor":35},{"not_picked":["PokerPlayerMod:Diamond4","PokerPlayerMod:ClubsClub"],"picked":"PokerPlayerMod:FillThePot","floor":37},{"not_picked":["Gensokyo:NewMoon","Gensokyo:UnhurriedMind"],"picked":"Gensokyo:DreamlikeParadise","floor":38},{"not_picked":["PokerPlayerMod:Club4","PokerPlayerMod:ClubsClub+1"],"picked":"PokerPlayerMod:Heart5","floor":41},{"not_picked":["PokerPlayerMod:RiskyBet+1","PokerPlayerMod:Manipulation+1"],"picked":"PokerPlayerMod:Harden","floor":43},{"not_picked":["PokerPlayerMod:ChangeRules","PokerPlayerMod:DartThrow","PokerPlayerMod:ClubDance"],"picked":"SKIP","floor":44},{"not_picked":["PokerPlayerMod:Trickery+1","PokerPlayerMod:Extraction+1","PokerPlayerMod:CloakAndDiamond+1"],"picked":"SKIP","floor":46},{"not_picked":["PokerPlayerMod:Heart2","PokerPlayerMod:Diamond4","PokerPlayerMod:Raise"],"picked":"SKIP","floor":47},{"not_picked":["PokerPlayerMod:Raise+1","PokerPlayerMod:Diamond1"],"picked":"PokerPlayerMod:Overdeal+1","floor":50},{"not_picked":["PokerPlayerMod:JackOfSpades+1","PokerPlayerMod:DartThrow+1"],"picked":"PokerPlayerMod:ClubShade+1","floor":56}],"player_experience":241174,"relics_obtained":[{"floor":6,"key":"Torii"},{"floor":9,"key":"PokerPlayerMod:StuffedPocket"},{"floor":11,"key":"aspiration:HatOfInfinitePower"},{"floor":13,"key":"Orichalcum"},{"floor":23,"key":"MawBank"},{"floor":25,"key":"RoseTintedShades"},{"floor":43,"key":"aspiration:ChemicalBlood"},{"floor":45,"key":"Nunchaku"},{"floor":56,"key":"reliquary:Boomerang"}],"event_choices":[{"damage_healed":0,"gold_gain":0,"player_choice":"Donut","damage_taken":0,"max_hp_gain":5,"max_hp_loss":0,"event_name":"Big Fish","floor":2,"gold_loss":0},{"damage_healed":0,"gold_gain":100,"player_choice":"Pray","damage_taken":0,"max_hp_gain":0,"max_hp_loss":0,"event_name":"Golden Shrine","floor":4,"gold_loss":0},{"damage_healed":0,"gold_gain":0,"player_choice":"Success","damage_taken":7,"relics_obtained":["Incense Burner"],"max_hp_gain":0,"max_hp_loss":0,"event_name":"Scrap Ooze","floor":10,"gold_loss":0},{"damage_healed":0,"gold_gain":0,"player_choice":"Ignored","damage_taken":0,"max_hp_gain":0,"max_hp_loss":0,"event_name":"Cursed Tome","floor":28,"gold_loss":0}],"is_beta":false,"boss_relics":[{"not_picked":["Astrolabe","halation:Yufonium"],"picked":"CosmicIsotope"},{"not_picked":["Fusion Hammer","Ring of Chaos"],"picked":"reliquary:WritOfMandamus"}],"items_purged_floors":[21,55],"is_endless":false,"potions_floor_spawned":[3,6,8,13,35,41,43,46,50,56],"ascension_level":0}}