{"host":"h4lp0eeso8a0ssq0","time":1612931289,"event":{"mods":["2.2 Compatiblity","AchievementEnabler","BaseMod","CapriCore","Colored Map","Minty Spire (QoL Compilation)","StSLib","SuperFastMode"],"gold_per_floor":[115,125,142,122,137,137,170,185,185,185,203,225,300,315,315,315,315],"floor_reached":16,"language":"KOR","playtime":426,"items_purged":[],"score":203,"play_id":"2d3b3347-5c0a-4596-93c3-6f5bf26f030e","local_time":"20210210132809","is_ascension_mode":true,"campfire_choices":[{"floor":6.0,"key":"REST"},{"data":"Catalyst","floor":10.0,"key":"SMITH"},{"floor":15.0,"key":"REST"}],"circlet_count":0,"master_deck":["AscendersBane","Strike_G","Strike_G","Strike_G","Strike_G","Strike_G","Defend_G","Defend_G","Defend_G","Defend_G","Defend_G","Survivor","Neutralize","Blade Dance","Masterful Stab","Poisoned Stab","Quick Slash","Blade Dance","Backflip","Catalyst+1","Deadly Poison","Blur"],"relics":["Ring of the Snake","Mango","Odd Mushroom"],"acts_visited":["Exordium"],"potions_floor_usage":[16],"damage_taken":[{"damage":7.0,"enemies":"Small Slimes","floor":1.0,"turns":4.0},{"damage":0.0,"enemies":"Cultist","floor":2.0,"turns":3.0},{"damage":4.0,"enemies":"Jaw Worm","floor":3.0,"turns":3.0},{"damage":11.0,"enemies":"3 Louse","floor":5.0,"turns":5.0},{"damage":22.0,"enemies":"3 Sentries","floor":7.0,"turns":6.0},{"damage":7.0,"enemies":"Exordium Thugs","floor":8.0,"turns":3.0},{"damage":3.0,"enemies":"Blue Slaver","floor":11.0,"turns":2.0},{"damage":4.0,"enemies":"The Mushroom Lair","floor":12.0,"turns":4.0},{"damage":12.0,"enemies":"Large Slime","floor":14.0,"turns":5.0},{"damage":37,"enemies":"The Guardian","floor":16,"turns":10}],"seed_played":"-3483060678174783793","potions_obtained":[{"floor":2.0,"key":"Energy Potion"},{"floor":4.0,"key":"Strength Potion"},{"floor":7.0,"key":"Fire Potion"},{"floor":11.0,"key":"FearPotion"},{"floor":12.0,"key":"PowerPotion"}],"is_trial":false,"path_per_floor":["M","M","M","?","M","R","E","M","T","R","M","?","?","M","R","B"],"character_chosen":"THE_SILENT","items_purchased":[],"campfire_rested":2,"item_purchase_floors":[],"current_hp_per_floor":[52,52,48,48,37,56,34,27,41,41,38,34,23,11,35,0,0],"gold":315,"neow_bonus":"THREE_CARDS","is_daily":false,"chose_seed":false,"campfire_upgraded":1,"win_rate":0.0,"timestamp":1612931289,"path_taken":["M","M","M","?","M","R","E","?","T","R","M","?","?","M","R","BOSS"],"items_purchased_type":[],"build_version":"2020-12-22","purchased_purges":0,"victory":false,"max_hp_per_floor":[66,66,66,66,66,66,66,66,80,80,80,80,80,80,80,80,80],"card_choices":[{"not_picked":["Distraction","Leg Sweep"],"picked":"Blade Dance","floor":0.0},{"not_picked":["Underhanded Strike","Choke"],"picked":"Masterful Stab","floor":1.0},{"not_picked":["Distraction","Expertise"],"picked":"Poisoned Stab","floor":2.0},{"not_picked":["Leg Sweep","Masterful Stab"],"picked":"Quick Slash","floor":3.0},{"not_picked":["Sucker Punch","Acrobatics"],"picked":"Blade Dance","floor":5.0},{"not_picked":["Die Die Die","Dagger Spray"],"picked":"Backflip","floor":7.0},{"not_picked":["Dodge and Roll","Slice"],"picked":"Catalyst","floor":8.0},{"not_picked":["Expertise","Poisoned Stab"],"picked":"Deadly Poison","floor":11.0},{"not_picked":["Dagger Spray","Infinite Blades"],"picked":"Blur","floor":12.0},{"not_picked":["Outmaneuver","Caltrops","Prepared"],"picked":"SKIP","floor":14.0}],"player_experience":209613,"relics_obtained":[{"floor":9.0,"key":"Mango"},{"floor":12.0,"key":"Odd Mushroom"}],"event_choices":[{"damage_healed":0.0,"max_hp_gain":0.0,"max_hp_loss":0.0,"gold_gain":0.0,"event_name":"The Woman in Blue","player_choice":"Bought 1 Potion","floor":4.0,"gold_loss":0.0,"damage_taken":0.0},{"damage_healed":0.0,"max_hp_gain":0.0,"max_hp_loss":0.0,"gold_gain":0.0,"event_name":"Mushrooms","player_choice":"Fought Mushrooms","floor":12.0,"gold_loss":0.0,"damage_taken":0.0},{"damage_healed":0.0,"max_hp_gain":0.0,"max_hp_loss":0.0,"gold_gain":75.0,"event_name":"World of Goop","player_choice":"Gather Gold","floor":13.0,"gold_loss":0.0,"damage_taken":11.0}],"is_beta":false,"boss_relics":[],"items_purged_floors":[],"is_endless":false,"potions_floor_spawned":[2,5,7,11,12,14],"killed_by":"The Guardian","ascension_level":19}}