{"host":"flm17o2q7bfjyna6","time":1612988131,"event":{"mods":["2.2 Compatiblity","Act Like it!","BaseMod","Better Altar","Better Match","Better Note","Better Sensory Stone","Better Skull","Better Third Choice","Better Vampires","Colored Map","Colored Powertips","DeckTracker","Fox Events","Hermit","Minty Spire (QoL Compilation)","Quick Restart","Reliquary","Replay The Spire","Reworked Bosses","Spicy Shops","StSLib","TheSwordswoman","Wandering Minibosses"],"gold_per_floor":[115,115,115,115,133,133,148,182,207,219,245,263,291,33,33,136,136,136,136],"floor_reached":18,"language":"ENG","playtime":826,"items_purged":["blazmod:Strike"],"score":226,"play_id":"ed6809ba-b9d8-4234-a174-9614b67b1690","local_time":"20210210151531","is_ascension_mode":true,"campfire_choices":[{"data":"blazmod:ButterflyEffect","floor":6,"key":"SMITH"},{"floor":15,"key":"RECALL"}],"circlet_count":0,"master_deck":["blazmod:Strike","blazmod:Strike","blazmod:Strike","blazmod:Defend","blazmod:Defend","blazmod:Defend","blazmod:Defend","blazmod:ButterflyEffect+1","blazmod:Kyokasuigetsu","blazmod:ButterflyForm+1","blazmod:FortifiedVigor","blazmod:Trasient","blazmod:MyEverything","blazmod:KatanaStrike","blazmod:TrueOfHeart+1","blazmod:PhoenixPlume+1","blazmod:Setsuna","blazmod:TrueSelf"],"relics":["blazmod:Venustas","NeowsBlessing","reliquary:Stiletto","ReplayTheSpireMod:Shallot","reliquary:SharkskinSheath","reliquary:QuartzCube","reliquary:Buckler","Membership Card","Replay:Wax Seal","Simple Rune","reliquary:KinkedSpring"],"acts_visited":["Exordium","TheCity"],"potions_floor_usage":[13],"damage_taken":[{"damage":0,"enemies":"Small Slimes","floor":1,"turns":1},{"damage":0,"enemies":"2 Louse","floor":5,"turns":1},{"damage":0,"enemies":"Cultist","floor":7,"turns":1},{"damage":4,"enemies":"3 Sentries","floor":8,"turns":5},{"damage":0,"enemies":"Blue Slaver","floor":10,"turns":2},{"damage":21,"enemies":"Gremlin Nob","floor":11,"turns":4},{"damage":0,"enemies":"Looter","floor":12,"turns":3},{"damage":0,"enemies":"Lagavulin","floor":13,"turns":8},{"damage":7,"enemies":"Fading Forest","floor":16,"turns":11},{"damage":0,"enemies":"Chosen","floor":18,"turns":4}],"seed_played":"-1740882679763232033","potions_obtained":[{"floor":4,"key":"SmokeBomb"},{"floor":4,"key":"Elixir"},{"floor":4,"key":"Cursed Concoction"},{"floor":11,"key":"DuplicationPotion"},{"floor":12,"key":"AttackPotion"},{"floor":13,"key":"Fire Potion"}],"is_trial":false,"path_per_floor":["M","?","?","?","M","R","M","E","T","M","E","M","E","$","R_BF","B",null,"M"],"character_chosen":"THE_SWORDSWOMAN","items_purchased":["Membership Card","Replay:Wax Seal","Simple Rune"],"campfire_rested":0,"item_purchase_floors":[14,14,14],"current_hp_per_floor":[40,33,33,33,33,33,33,29,29,29,8,8,16,16,16,27,40,40,40],"gold":136,"neow_bonus":"THREE_ENEMY_KILL","is_daily":false,"chose_seed":false,"campfire_upgraded":1,"win_rate":0.0,"timestamp":1612988131,"path_taken":["M","?","?","?","M","R","M","E","T","?","E","M","E","$","R_BF","BOSS","M"],"items_purchased_type":["Relic","Relic","Relic"],"build_version":"2020-12-22","purchased_purges":1,"victory":false,"max_hp_per_floor":[40,40,40,40,40,40,40,40,40,40,40,40,40,40,40,40,40,40,40],"card_choices":[{"not_picked":["blazmod:Valiance","blazmod:OpenSpirit"],"picked":"blazmod:BlindingFlash","floor":1},{"not_picked":["blazmod:FleetOfFoot","blazmod:SidewaySolace"],"picked":"blazmod:FortifiedVigor","floor":5},{"not_picked":["blazmod:PhysicalEndurance","blazmod:Valiance"],"picked":"blazmod:Trasient","floor":7},{"not_picked":["blazmod:VisionsOfButterflies","blazmod:SidewaySolace"],"picked":"blazmod:MyEverything","floor":8},{"not_picked":["blazmod:FlashRock","blazmod:OpenSpirit"],"picked":"blazmod:KatanaStrike","floor":10},{"not_picked":["blazmod:FortifiedVigor","blazmod:ClearTheMind"],"picked":"blazmod:TrueOfHeart","floor":11},{"not_picked":["blazmod:Trasient","blazmod:FlashRock"],"picked":"blazmod:PhoenixPlume","floor":12},{"not_picked":["blazmod:MentalFocus","blazmod:FlashRock"],"picked":"blazmod:Setsuna","floor":13},{"not_picked":["blazmod:AlmightyPassage","blazmod:GlasswingWaltz"],"picked":"blazmod:TrueSelf","floor":16}],"player_experience":1758996,"relics_obtained":[{"floor":8,"key":"ReplayTheSpireMod:Shallot"},{"floor":9,"key":"reliquary:SharkskinSheath"},{"floor":11,"key":"reliquary:QuartzCube"},{"floor":13,"key":"reliquary:Buckler"}],"event_choices":[{"damage_healed":0,"gold_gain":0,"player_choice":"Relic ","damage_taken":7,"max_hp_gain":0,"max_hp_loss":0,"event_name":"betterThird:BetterScrap","floor":2,"gold_loss":0,"cards_obtained":["ReplayTheSpireMod:Necrosis"]},{"damage_healed":0,"gold_gain":0,"player_choice":"Got Potions","damage_taken":0,"max_hp_gain":0,"max_hp_loss":0,"event_name":"Lab","floor":4,"gold_loss":0}],"is_beta":false,"boss_relics":[{"not_picked":["Replay:Wanted Poster","reliquary:Craggleroot"],"picked":"reliquary:KinkedSpring"}],"items_purged_floors":[14],"is_endless":false,"potions_floor_spawned":[5,11,12,13],"killed_by":"Chosen","ascension_level":2}}