{"host":"qy1e0kd24tpj3i2m","time":1612976931,"event":{"mods":["Act Like it!","BaseMod","Better Skull","Better Vampires","Colored Map","Colored Powertips","Custom Start","Faster Ascension Climbing","Friendly Minions","GifTheSpireLib","Gremlin Skip","Highlight Path","Minty Spire (QoL Compilation)","Permanent Neow","Poor People Problems","Quick Restart","Red Circlet Mod","Relic Filter Mod","Relic Sorter","Reorder Act Four","SacredBarkPlus","Shop Mod","StSLib","SuperFastMode","Transform Curses","没有小屋子和绿帽子啦"],"gold_per_floor":[111,111,111,68,81,113,113,113,113],"floor_reached":8,"language":"ZHS","playtime":238,"items_purged":[],"score":108,"play_id":"cb15a682-5e7c-4201-9ccf-7cad2eeb2868","local_time":"20210211020851","is_ascension_mode":true,"campfire_choices":[{"floor":7,"key":"REST"}],"circlet_count":0,"master_deck":["AscendersBane","Strike_R","Strike_R","Strike_R","Strike_R","Defend_R","Defend_R","Defend_R+1","Ghostly Armor","Pommel Strike+1","Rage","Reckless Charge","True Grit","Reaper"],"relics":["Burning Blood","Boot"],"acts_visited":["Exordium"],"potions_floor_usage":[6],"damage_taken":[{"damage":0,"enemies":"Jaw Worm","floor":1,"turns":4},{"damage":0,"enemies":"2 Louse","floor":5,"turns":2},{"damage":59,"enemies":"Gremlin Nob","floor":6,"turns":6},{"damage":27,"enemies":"Lagavulin","floor":8,"turns":7}],"seed_played":"3680437015806225159","potions_obtained":[{"floor":1,"key":"Regen Potion"}],"is_trial":false,"path_per_floor":["M","?","?","$","M","E","R","E"],"character_chosen":"IRONCLAD","items_purchased":["Reckless Charge"],"campfire_rested":1,"item_purchase_floors":[4],"current_hp_per_floor":[68,61,41,41,47,9,29,2,2],"gold":113,"neow_bonus":"TRANSFORM_TWO_CARDS","is_daily":false,"chose_seed":false,"campfire_upgraded":0,"win_rate":0.0,"timestamp":1612976931,"path_taken":["M","?","?","$","M","E","R","E"],"items_purchased_type":["Card"],"build_version":"2020-12-22","purchased_purges":0,"victory":false,"max_hp_per_floor":[68,68,68,68,68,68,68,68,68],"card_choices":[{"not_picked":["Metallicize","Sword Boomerang"],"picked":"Rage","floor":1},{"not_picked":["Rampage","Body Slam"],"picked":"True Grit","floor":5},{"not_picked":["Intimidate","Perfected Strike"],"picked":"Reaper","floor":6}],"player_experience":1012951,"relics_obtained":[{"floor":6,"key":"Boot"}],"event_choices":[{"cards_removed":["Strike_R"],"damage_healed":0,"gold_gain":0,"player_choice":"Card Removal","damage_taken":7,"max_hp_gain":0,"max_hp_loss":0,"event_name":"Golden Wing","floor":2,"gold_loss":0},{"damage_healed":0,"gold_gain":0,"player_choice":"Entered Light","damage_taken":20,"max_hp_gain":0,"max_hp_loss":0,"event_name":"Shining Light","floor":3,"gold_loss":0,"cards_upgraded":["Pommel Strike","Defend_R"]}],"is_beta":false,"boss_relics":[],"items_purged_floors":[],"is_endless":false,"potions_floor_spawned":[1],"killed_by":"Lagavulin","ascension_level":20}}