{"host":"qxeepl7ydvsgmfdb","time":1612943904,"event":{"mods":["AchievementEnabler","BaseMod","Colored Powertips","Minty Spire (QoL Compilation)","Quick Restart","slay the spire mod where everything is the same but ironclad has a cowboy hat"],"gold_per_floor":[115,115,21,41,41,66,66,76,76,90,90,104,137,147,147,248,248,258,293,293,306,119,119,129,129,210,228,228,239,265,283,283,283,283],"floor_reached":33,"language":"ENG","playtime":990,"items_purged":["Strike_B"],"score":405,"play_id":"9c3ba925-7723-4fbb-94a1-3fb3ea0f327b","local_time":"20210210025824","is_ascension_mode":true,"campfire_choices":[{"data":"Defragment","floor":7,"key":"SMITH"},{"data":"Chaos","floor":11,"key":"SMITH"},{"data":"Redo","floor":15,"key":"SMITH"},{"floor":23,"key":"REST"},{"floor":25,"key":"REST"},{"floor":28,"key":"REST"},{"floor":32,"key":"REST"}],"circlet_count":0,"master_deck":["Strike_B","Strike_B","Defend_B","Defend_B","Defend_B","Defend_B","Zap+1","Dualcast","Capacitor","Cold Snap","Redo+1","Defragment+1","Chaos+1","Conserve Battery","Cold Snap","Cold Snap+1","Sweeping Beam","Electrodynamics","Cold Snap","Defragment","BootSequence","Leap","Go for the Eyes+1"],"relics":["Cracked Core","NeowsBlessing","Pear","Symbiotic Virus","The Courier","Philosopher\u0027s Stone","Red Mask","Mummified Hand","HornCleat"],"acts_visited":["Exordium","TheCity"],"potions_floor_usage":[16,16,19,21,24,27,30,30,33],"damage_taken":[{"damage":0,"enemies":"Small Slimes","floor":1,"turns":1},{"damage":0,"enemies":"Cultist","floor":4,"turns":1},{"damage":0,"enemies":"3 Sentries","floor":6,"turns":1},{"damage":8,"enemies":"Jaw Worm","floor":8,"turns":4},{"damage":2,"enemies":"Red Slaver","floor":10,"turns":3},{"damage":0,"enemies":"Exordium Wildlife","floor":12,"turns":3},{"damage":2,"enemies":"Gremlin Nob","floor":13,"turns":3},{"damage":0,"enemies":"Large Slime","floor":14,"turns":3},{"damage":3,"enemies":"Slime Boss","floor":16,"turns":9},{"damage":20,"enemies":"Shell Parasite","floor":18,"turns":5},{"damage":46,"enemies":"Masked Bandits","floor":19,"turns":6},{"damage":10,"enemies":"2 Thieves","floor":21,"turns":4},{"damage":10,"enemies":"Snecko","floor":24,"turns":5},{"damage":2,"enemies":"Centurion and Healer","floor":27,"turns":6},{"damage":7,"enemies":"3 Cultists","floor":29,"turns":5},{"damage":17,"enemies":"Gremlin Leader","floor":30,"turns":6},{"damage":1,"enemies":"Snake Plant","floor":31,"turns":4},{"damage":71,"enemies":"Automaton","floor":33,"turns":12}],"seed_played":"-1407613170891737006","potions_obtained":[{"floor":1,"key":"FocusPotion"},{"floor":2,"key":"LiquidMemories"},{"floor":2,"key":"CultistPotion"},{"floor":16,"key":"SpeedPotion"},{"floor":18,"key":"ColorlessPotion"},{"floor":24,"key":"SkillPotion"},{"floor":29,"key":"Weak Potion"},{"floor":30,"key":"SneckoOil"}],"is_trial":false,"path_per_floor":["M","?","$","M","?","E","R","M","T","M","R","M","E","M","R","B",null,"M","?","?","M","$","R","M","R","T","M","R","M","E","M","R","B"],"character_chosen":"DEFECT","items_purchased":["Cold Snap","Redo","Defragment","BootSequence","Block Potion"],"campfire_rested":4,"item_purchase_floors":[3,3,22,22,22],"current_hp_per_floor":[75,75,75,75,75,85,85,77,77,75,75,75,73,73,73,70,81,61,15,15,5,5,30,20,45,45,43,68,61,44,43,68,0,0],"gold":283,"neow_bonus":"THREE_ENEMY_KILL","is_daily":false,"chose_seed":false,"campfire_upgraded":3,"win_rate":0.0,"timestamp":1612943904,"path_taken":["M","?","$","?","?","E","R","?","T","M","R","M","E","M","R","BOSS","M","?","?","?","?","R","M","R","T","M","R","M","E","M","R","BOSS"],"items_purchased_type":["Card","Card","Card","Card","Potion"],"build_version":"2020-12-22","purchased_purges":1,"victory":false,"max_hp_per_floor":[75,75,75,75,75,85,85,85,85,85,85,85,85,85,85,85,85,85,85,85,85,85,85,85,85,85,85,85,85,85,85,85,85,85],"card_choices":[{"not_picked":["Compile Driver","Stack"],"picked":"Capacitor","floor":1},{"not_picked":["Stack","Hello World"],"picked":"Defragment","floor":4},{"not_picked":["BootSequence","Blizzard"],"picked":"Chaos","floor":6},{"not_picked":["Streamline","Go for the Eyes"],"picked":"Conserve Battery","floor":8},{"not_picked":["Conserve Battery","Reinforced Body","Stack"],"picked":"SKIP","floor":10},{"not_picked":["Go for the Eyes","Conserve Battery","Reprogram"],"picked":"SKIP","floor":12},{"not_picked":["Seek","Sunder","Recycle"],"picked":"SKIP","floor":13},{"not_picked":["Aggregate","Beam Cell"],"picked":"Cold Snap","floor":14},{"not_picked":["Tempest+1","Coolheaded"],"picked":"Cold Snap+1","floor":18},{"not_picked":["Storm+1","Steam"],"picked":"Sweeping Beam","floor":19},{"not_picked":["Coolheaded","Sweeping Beam"],"picked":"Cold Snap","floor":21},{"not_picked":["Capacitor","Compile Driver"],"picked":"Leap","floor":24},{"not_picked":["Reboot","Redo"],"picked":"Go for the Eyes+1","floor":27},{"not_picked":["Conserve Battery","Glacier+1","Barrage"],"picked":"SKIP","floor":29},{"not_picked":["All For One","Streamline+1","Hologram"],"picked":"SKIP","floor":30},{"not_picked":["Undo+1","Hologram","Barrage"],"picked":"SKIP","floor":31}],"player_experience":141273,"relics_obtained":[{"floor":6,"key":"Pear"},{"floor":9,"key":"Symbiotic Virus"},{"floor":13,"key":"The Courier"},{"floor":19,"key":"Red Mask"},{"floor":26,"key":"Mummified Hand"},{"floor":30,"key":"HornCleat"}],"event_choices":[{"damage_healed":0,"gold_gain":0,"player_choice":"Got Potions","damage_taken":0,"max_hp_gain":0,"max_hp_loss":0,"event_name":"Lab","floor":2,"gold_loss":0},{"damage_healed":0,"gold_gain":0,"player_choice":"Upgraded","damage_taken":0,"max_hp_gain":0,"max_hp_loss":0,"event_name":"Upgrade Shrine","floor":5,"gold_loss":0,"cards_upgraded":["Zap"]},{"damage_healed":0,"gold_gain":0,"player_choice":"Fought Bandits","damage_taken":0,"max_hp_gain":0,"max_hp_loss":0,"event_name":"Masked Bandits","floor":19,"gold_loss":0},{"damage_healed":0,"gold_gain":0,"cards_transformed":["Strike_B"],"player_choice":"Transformed","damage_taken":0,"max_hp_gain":0,"max_hp_loss":0,"event_name":"Transmorgrifier","floor":20,"gold_loss":0,"cards_obtained":["Electrodynamics"]}],"is_beta":false,"boss_relics":[{"not_picked":["Cursed Key","Snecko Eye"],"picked":"Philosopher\u0027s Stone"}],"items_purged_floors":[22],"is_endless":false,"potions_floor_spawned":[1,6,16,18,24,29,30],"killed_by":"Automaton","ascension_level":5}}