{"host":"27wa8ufp4ryspt1p","time":1612922985,"event":{"mods":["2.2 Compatiblity","A Penny For Your Troubles","Abigail Mod","Act Like it!","Aspiration","BaseMod","Better Altar","Better Match","Better Note","Better Skull","Better Third Choice","Colored Map","Conspire","Curses Come First","Dota2Spire","Downfall-Rebalance","Elementarium","Energized Spire","Fox Events","Friendly Minions","Gensokyo","GifTheSpireLib","Gold Saver","Halation","Hallownest","HololiveMod","Hubris","Humility","Infinite Spire","Keyboard Shortcuts","Menagerie","Mimic Mod","Minty Spire (QoL Compilation)","Pale of the Ancients","Poor People Problems","Quarter Circle Forward PUNCH!","Reimu??????","Relic Filter Mod","Relic Sorter","Relic Stats","Reliquary","Replay The Spire","Reworked Bosses","Shop Mod","Spicy Shops","Spikes Relics","Spire Arcade","StSLib","Stuff the Spire","SuperFastMode","The Cursed","The Exalted","The Judge","The Necromancer","Trackpad","Waifu the Spire","Wandering Minibosses","[IsaacMod]????","??????REMEMod","????"],"gold_per_floor":[283,301,319,1268,1268,1268,1301,1301,1339,1339,1366,850,934,950,355,428,428,751,751,751],"floor_reached":19,"language":"SPA","playtime":1034,"items_purged":[],"score":415,"play_id":"3a38eed2-b186-4b43-9c73-eda700f7c8cd","local_time":"20210209200945","daily_mods":["SealedDeck","Colorless Cards","Heirloom","Elite Swarm","Lethality"],"is_ascension_mode":true,"campfire_choices":[{"floor":6,"key":"RECALL"},{"data":"DoctorFetus","floor":8,"key":"SMITH"},{"data":"hubris:EnhanceAbility","floor":10,"key":"SMITH"}],"circlet_count":0,"master_deck":["AscendersBane","expansioncontent:ManipulateTime","Dark Shackles","Hololive_CocoNews","Hololive_CocoNews","Hololive_CallMoonaHoshinova","Hololive_CallMomosuzuNene+11","Hololive_RevenueBasedLive","expansioncontent:TimeRipple","Hololive_FlyingPonyTail","Hololive_StrengthChampion","Bromod:Intensify","Delirium","Hololive_CallOmaruPolka","hubris:EnhanceAbility+1","DoctorFetus+1","Gensokyo:BlemishedSteel","Gensokyo:DepletedGenerator","Gensokyo:SevenSchoolMysteries","Reforge","expansioncontent:PrepareCrush","expansioncontent:Collect","Hololive_DurableLive+1","Hololive_AWSL","Hololive_Rebound","conspire:Banana","Hololive_Breathe","Hololive_DurableLive+1","ReplayUltimateDefense","Hololive_SoulCatcher"],"relics":["Hololive_TheStar","HushsDoor","REME_ComplimentaryCards","CherryCoatedStake","hubris:Towel","Orichalcum","Dota2Spire:MaskOfMadness","reliquary:RosewoodLute","aspiration:AnachronicSnailShell","BloodBag","Dota2Spire:CrimsonGuard","MerchantsRug","Juzu Bracelet","DollysMirror","Replay:Bronze Core"],"acts_visited":["Gensokyo:Gensokyo","Elementarium:Elementarium"],"potions_floor_usage":[4],"damage_taken":[{"damage":0,"enemies":"Gensokyo:Gryphon","floor":2,"turns":2},{"damage":0,"enemies":"Gensokyo:2_Kodama","floor":3,"turns":2},{"damage":0,"enemies":"Gensokyo:3_Fairies","floor":4,"turns":9},{"damage":0,"enemies":"Gensokyo:Mamizou","floor":7,"turns":6},{"damage":0,"enemies":"Gensokyo:VengefulSpirit","floor":9,"turns":5},{"damage":2,"enemies":"Gensokyo:Aya","floor":11,"turns":4},{"damage":3,"enemies":"Gensokyo:Cirno","floor":13,"turns":5},{"damage":0,"enemies":"Gensokyo:VengefulSpirit","floor":14,"turns":5},{"damage":18,"enemies":"Gensokyo:Kokoro","floor":16,"turns":10},{"damage":0,"enemies":"Elementarium:Cyclone","floor":18,"turns":5},{"damage":54,"enemies":"Elementarium:GOLDEN_STATUES","floor":19,"turns":3}],"seed_played":"-6164706152959637064","potions_obtained":[{"floor":3,"key":"REME_GoldPotion"},{"floor":11,"key":"Swift Potion"},{"floor":13,"key":"hexamod:EctoCoolerPotion"}],"is_trial":true,"path_per_floor":["?","M","M","M","?","R","E","R","MIM","R","E","COS","E","M","R","B",null,"M","?"],"character_chosen":"Hololive_HololiveCharacter","items_purchased":["MerchantsRug","Juzu Bracelet","conspire:Banana","Hololive_Breathe","DollysMirror"],"campfire_rested":0,"item_purchase_floors":[15,15,15,15,15],"current_hp_per_floor":[27,27,29,26,26,26,26,26,26,26,24,24,37,38,38,22,36,37,0,0],"gold":751,"neow_bonus":"","is_daily":false,"chose_seed":false,"campfire_upgraded":2,"win_rate":0.0,"timestamp":1612922985,"path_taken":["?","?","?","M","?","R","E","R","MIM","R","E","COS","E","M","R","BOSS","M","?"],"items_purchased_type":["Relic","Relic","Card","Card","Relic"],"build_version":"2020-12-22","purchased_purges":0,"victory":false,"max_hp_per_floor":[30,30,30,30,30,30,30,30,30,30,30,30,37,38,38,40,40,41,42,42],"relic_stats":{"counters":[11,56],"Juzu Bracelet":0,"Orichalcum":[162],"obtain_stats":[{"KeepersGift":0,"Dota2Spire:MaskOfMadness":9,"MerchantsRug":15,"CherryCoatedStake":0,"Juzu Bracelet":15,"hubris:Towel":5,"Orichalcum":7,"reliquary:RosewoodLute":9,"BloodBag":13,"Dota2Spire:CrimsonGuard":13,"DollysMirror":15,"aspiration:AnachronicSnailShell":11,"Replay:Bronze Core":17,"Hololive_TheStar":0,"HushsDoor":0,"REME_ComplimentaryCards":0,"BloodDonationMachine":1,"ReplayTheSpireMod:ShopPack":12},{"KeepersGift":0,"Dota2Spire:MaskOfMadness":5,"MerchantsRug":8,"CherryCoatedStake":0,"Juzu Bracelet":8,"hubris:Towel":3,"Orichalcum":4,"reliquary:RosewoodLute":5,"BloodBag":7,"Dota2Spire:CrimsonGuard":7,"DollysMirror":8,"aspiration:AnachronicSnailShell":6,"Replay:Bronze Core":9,"Hololive_TheStar":0,"HushsDoor":0,"REME_ComplimentaryCards":0,"BloodDonationMachine":0,"ReplayTheSpireMod:ShopPack":6},{"KeepersGift":0,"Dota2Spire:MaskOfMadness":24,"MerchantsRug":38,"CherryCoatedStake":0,"Juzu Bracelet":38,"hubris:Towel":13,"Orichalcum":19,"reliquary:RosewoodLute":24,"BloodBag":32,"Dota2Spire:CrimsonGuard":33,"DollysMirror":38,"aspiration:AnachronicSnailShell":28,"Replay:Bronze Core":48,"Hololive_TheStar":0,"HushsDoor":0,"REME_ComplimentaryCards":0,"BloodDonationMachine":0,"ReplayTheSpireMod:ShopPack":28}]},"card_choices":[{"not_picked":["Hololive_Trident","Hololive_StrengthChampion","Hololive_Breathe"],"picked":"Hololive_CallOmaruPolka","floor":2},{"not_picked":["Replay:Sssssssssshield","Hololive_CallYukihanaLamy","Hololive_Psychosis"],"picked":"hubris:EnhanceAbility","floor":3},{"not_picked":["hubris:Ssssneak","Mind Blast","Hololive_Drill","Good Instincts"],"picked":"SKIP","floor":4},{"not_picked":["REME_BattleFury","REME_AllRoundStrike","Panache"],"picked":"DoctorFetus","floor":7},{"not_picked":["Feint","Chrysalis","Midas Touch","BloodyBrimstone"],"picked":"SKIP","floor":11},{"not_picked":["Master of Strategy","BloodyBrimstone","SuicideKing"],"picked":"Reforge","floor":12},{"not_picked":["Blind","Purity","DoctorFetus"],"picked":"expansioncontent:PrepareCrush","floor":12},{"not_picked":["Secret Technique","Replay:Sssssssssshield","Good Instincts"],"picked":"expansioncontent:Collect","floor":12},{"not_picked":["hubris:EnhanceAbility+1","Sadistic Nature+1","Hololive_Nanodesu+1"],"picked":"Hololive_DurableLive+1","floor":13},{"not_picked":["Hololive_MaximGun","REME_BodyOfCthun","Secret Technique"],"picked":"Hololive_AWSL","floor":13},{"not_picked":["Blind","Hololive_Sequa","Feint"],"picked":"Hololive_Rebound","floor":14},{"not_picked":["Secret Technique","HandOfGreed","Hololive_DiamondStrike"],"picked":"ReplayUltimateDefense","floor":16},{"not_picked":["Hololive_CocoNews","Hololive_Rebound","Hololive_Drill"],"picked":"Hololive_SoulCatcher","floor":18}],"player_experience":4006695,"relics_obtained":[{"floor":7,"key":"Orichalcum"},{"floor":9,"key":"Dota2Spire:MaskOfMadness"},{"floor":9,"key":"reliquary:RosewoodLute"},{"floor":11,"key":"aspiration:AnachronicSnailShell"},{"floor":13,"key":"Dota2Spire:CrimsonGuard"}],"event_choices":[{"damage_healed":0,"gold_gain":0,"player_choice":"Fight","damage_taken":0,"max_hp_gain":0,"max_hp_loss":0,"event_name":"Elementarium:GoldenStatues","floor":19,"gold_loss":0}],"is_beta":false,"boss_relics":[{"not_picked":["Replay:Ancient Bell","energizedSpire:OgreHead"],"picked":"Replay:Bronze Core"},{"not_picked":[]}],"items_purged_floors":[],"is_endless":false,"potions_floor_spawned":[3,11,13,14],"killed_by":"Elementarium:GOLDEN_STATUES","ascension_level":20,"is_humility":true}}