{"host":"2j0mbbhh79gnud0i","time":1612986100,"event":{"mods":["BaseMod","Minty Spire (QoL Compilation)","Shop Mod","StSLib"],"gold_per_floor":[110,110,122,157,169,220,232,232],"floor_reached":7,"language":"KOR","playtime":1100,"items_purged":[],"score":49,"play_id":"b5584627-0f65-4401-8551-db4e7d7496a4","local_time":"20210211044140","daily_mods":["Diverse","Flight","DeadlyEvents","Elite Swarm","Terminal"],"is_ascension_mode":false,"campfire_choices":[],"circlet_count":1,"master_deck":["Strike_B","Strike_B","Strike_B","Strike_B","Defend_B","Defend_B","Defend_B","Zap","Dualcast","Ghostly Armor","Exhume","Slice","Adrenaline"],"relics":["Cracked Core","MawBank","Golden Idol","Circlet","Singing Bowl","Happy Flower"],"acts_visited":["Exordium"],"potions_floor_usage":[6],"damage_taken":[{"damage":0,"enemies":"Small Slimes","floor":1,"turns":4},{"damage":0,"enemies":"Cultist","floor":4,"turns":3},{"damage":20,"enemies":"3 Sentries","floor":6,"turns":12},{"damage":52,"enemies":"Gremlin Nob","floor":7,"turns":4}],"seed_played":"-6136026992636418970","potions_obtained":[{"floor":1,"key":"FocusPotion"},{"floor":4,"key":"ColorlessPotion"},{"floor":6,"key":"LiquidMemories"}],"is_trial":true,"path_per_floor":["M","?","$","M","?","E","E"],"character_chosen":"DEFECT","items_purchased":[],"campfire_rested":0,"item_purchase_floors":[],"current_hp_per_floor":[73,72,71,70,53,33,0,0],"gold":232,"neow_bonus":"","is_daily":false,"chose_seed":false,"campfire_upgraded":0,"win_rate":0.0,"timestamp":1612986100,"path_taken":["M","?","?","?","?","E","E"],"items_purchased_type":[],"build_version":"2020-12-22","purchased_purges":0,"victory":false,"max_hp_per_floor":[73,72,71,70,69,68,68,68],"card_choices":[{"not_picked":["Go for the Eyes","Burning Pact"],"picked":"Ghostly Armor","floor":1},{"not_picked":["Slice","Warcry","Deadly Poison"],"picked":"SKIP","floor":4},{"not_picked":["Warcry","Deadly Poison"],"picked":"Slice","floor":4},{"not_picked":["Limit Break","Venomology"],"picked":"Adrenaline","floor":6}],"player_experience":95377,"relics_obtained":[{"floor":6,"key":"Happy Flower"}],"event_choices":[{"damage_healed":0,"gold_gain":0,"cards_transformed":["Defend_B"],"player_choice":"Transformed","damage_taken":0,"max_hp_gain":0,"max_hp_loss":0,"event_name":"Transmorgrifier","floor":2,"gold_loss":0,"cards_obtained":["Exhume"]},{"damage_healed":0,"gold_gain":0,"player_choice":"Take Damage","damage_taken":17,"relics_obtained":["Circlet"],"max_hp_gain":0,"max_hp_loss":0,"event_name":"Golden Idol","floor":5,"gold_loss":0}],"is_beta":false,"boss_relics":[],"items_purged_floors":[],"is_endless":true,"potions_floor_spawned":[1,4,6],"killed_by":"Gremlin Nob","ascension_level":0}}