{"host":"r4ugac8ue4x1qv2l","time":1612955164,"event":{"mods":["AchievementEnabler","BaseMod","Minty Spire (QoL Compilation)","Replay The Spire","StSLib"],"gold_per_floor":[119,119,135,135,148,179,194,194,194,194,214,63,86,121,121,121,121],"floor_reached":16,"language":"ZHS","playtime":2978,"items_purged":[],"score":144,"play_id":"50b43845-00ea-4bf2-aafe-32f65f9aaf6b","local_time":"20210210190604","is_ascension_mode":true,"campfire_choices":[{"floor":8.0,"key":"REST"},{"data":"MentalFortress","floor":15.0,"key":"SMITH"}],"circlet_count":0,"master_deck":["Strike_P","Strike_P","Strike_P+1","Strike_P","Defend_P","Defend_P","Defend_P+1","Defend_P","Eruption","Vigilance","WaveOfTheHand","Pray","Conclude","Crescendo","Brilliance","FollowUp","Wallop","MentalFortress+1"],"relics":["PureWater","NeowsBlessing","HornCleat","Bottled Flame","Golden Idol","Vajra","Matryoshka"],"acts_visited":[],"potions_floor_usage":[],"damage_taken":[{"damage":0.0,"enemies":"2 Louse","floor":1.0,"turns":1.0},{"damage":0.0,"enemies":"Small Slimes","floor":3.0,"turns":1.0},{"damage":0.0,"enemies":"Jaw Worm","floor":5.0,"turns":1.0},{"damage":40.0,"enemies":"3 Sentries","floor":6.0,"turns":7.0},{"damage":5.0,"enemies":"Blue Slaver","floor":7.0,"turns":3.0},{"damage":0.0,"enemies":"Exordium Thugs","floor":11.0,"turns":3.0},{"damage":2.0,"enemies":"Looter","floor":13.0,"turns":2.0},{"damage":0.0,"enemies":"Gremlin Nob","floor":14.0,"turns":2.0},{"damage":45,"enemies":"The Guardian","floor":16,"turns":7}],"seed_played":"6924102201206123332","potions_obtained":[{"floor":5.0,"key":"SpeedPotion"},{"floor":6.0,"key":"LiquidMemories"},{"floor":14.0,"key":"EssenceOfSteel"}],"is_trial":false,"path_per_floor":["M","?","M","?","M","E","M","R","T","?","M","$","M","E","R","B"],"character_chosen":"WATCHER","items_purchased":["Vajra"],"campfire_rested":1,"item_purchase_floors":[12],"current_hp_per_floor":[72,72,72,58,58,18,13,34,34,34,34,34,32,32,32,0,0],"gold":121,"neow_bonus":"THREE_ENEMY_KILL","is_daily":false,"chose_seed":false,"campfire_upgraded":1,"win_rate":0.0,"timestamp":1612955164,"path_taken":["M","?","M","?","M","E","M","R","T","?","M","$","M","E","R","BOSS"],"items_purchased_type":["Relic"],"build_version":"2020-12-22","purchased_purges":0,"victory":false,"max_hp_per_floor":[72,72,72,72,72,72,72,72,72,67,67,67,67,67,67,67,67],"card_choices":[{"not_picked":["Prostrate","ClearTheMind"],"picked":"WaveOfTheHand","floor":1.0},{"not_picked":["FlyingSleeves","JustLucky"],"picked":"Pray","floor":3.0},{"not_picked":["EmptyFist","SignatureMove"],"picked":"Conclude","floor":5.0},{"not_picked":["EmptyFist","JustLucky"],"picked":"Crescendo","floor":6.0},{"not_picked":["CutThroughFate","FlurryOfBlows"],"picked":"Brilliance","floor":7.0},{"not_picked":["SashWhip","PathToVictory"],"picked":"FollowUp","floor":11.0},{"not_picked":["Conclude","Replay:Hum"],"picked":"Wallop","floor":13.0},{"not_picked":["BowlingBash","ClearTheMind"],"picked":"MentalFortress","floor":14.0}],"player_experience":224595,"relics_obtained":[{"floor":6.0,"key":"HornCleat"},{"floor":9.0,"key":"Bottled Flame"},{"floor":14.0,"key":"Matryoshka"}],"event_choices":[{"damage_healed":0.0,"max_hp_gain":0.0,"max_hp_loss":0.0,"gold_gain":0.0,"event_name":"Golden Wing","player_choice":"Ignored","floor":2.0,"gold_loss":0.0,"damage_taken":0.0},{"damage_healed":0.0,"max_hp_gain":0.0,"max_hp_loss":0.0,"gold_gain":0.0,"event_name":"Shining Light","player_choice":"Entered Light","floor":4.0,"gold_loss":0.0,"damage_taken":14.0,"cards_upgraded":["Strike_P","Defend_P"]},{"damage_healed":0.0,"max_hp_gain":0.0,"max_hp_loss":5.0,"gold_gain":0.0,"event_name":"Golden Idol","player_choice":"Lose Max HP","floor":10.0,"gold_loss":0.0,"damage_taken":0.0,"relics_obtained":["Golden Idol"]}],"is_beta":false,"boss_relics":[],"items_purged_floors":[],"is_endless":false,"potions_floor_spawned":[5,6,14],"killed_by":"The Guardian","ascension_level":1}}