{"host":"phniwng9zo19jwdb","time":1612995065,"event":{"mods":["AchievementEnabler","BaseMod","Colored Powertips","Dark Map","Faster Ascension Climbing","GifTheSpireLib","Minty Spire (QoL Compilation)","Permanent Neow","Rare Cards Sparkle","Relic Filter Mod","StSLib","Weighted Paths"],"gold_per_floor":[359,378,68,87,97,97,132,132,180,208,208,240,250,260,260,334,334,352,254,254,269,285,285,285],"floor_reached":23,"language":"ENG","playtime":771,"items_purged":["Strike_B"],"score":362,"play_id":"cea08282-bd37-4664-b073-dc275a242afa","local_time":"20210210231105","is_ascension_mode":true,"campfire_choices":[{"data":"Apotheosis","floor":6,"key":"SMITH"},{"data":"Defragment","floor":8,"key":"SMITH"},{"data":"Defragment","floor":15,"key":"SMITH"}],"circlet_count":0,"master_deck":["AscendersBane","Strike_B","Strike_B","Strike_B","Defend_B","Defend_B","Defend_B","Defend_B","Zap","BootSequence","Apotheosis+1","Defragment+1","Self Repair","Go for the Eyes","Machine Learning","Defragment+1","Buffer","Conserve Battery","Conserve Battery","Storm"],"relics":["Cracked Core","Lee\u0027s Waffle","Pear","Orichalcum","InkBottle","SacredBark"],"acts_visited":["Exordium","TheCity"],"potions_floor_usage":[10,18,18],"damage_taken":[{"damage":2,"enemies":"Jaw Worm","floor":1,"turns":3},{"damage":1,"enemies":"Cultist","floor":2,"turns":4},{"damage":0,"enemies":"2 Louse","floor":4,"turns":2},{"damage":4,"enemies":"Red Slaver","floor":5,"turns":4},{"damage":39,"enemies":"3 Sentries","floor":7,"turns":9},{"damage":4,"enemies":"Lagavulin","floor":10,"turns":6},{"damage":9,"enemies":"Gremlin Nob","floor":12,"turns":4},{"damage":0,"enemies":"3 Louse","floor":13,"turns":3},{"damage":22,"enemies":"Lots of Slimes","floor":14,"turns":4},{"damage":14,"enemies":"Hexaghost","floor":16,"turns":9},{"damage":24,"enemies":"3 Byrds","floor":18,"turns":3},{"damage":2,"enemies":"Shell Parasite","floor":21,"turns":7},{"damage":33,"enemies":"Cultist and Chosen","floor":22,"turns":9},{"damage":41,"enemies":"Book of Stabbing","floor":23,"turns":7}],"seed_played":"-4716782842710070014","potions_obtained":[{"floor":4,"key":"Energy Potion"},{"floor":5,"key":"SteroidPotion"},{"floor":7,"key":"Fire Potion"},{"floor":10,"key":"BlessingOfTheForge"},{"floor":16,"key":"PowerPotion"},{"floor":21,"key":"BlessingOfTheForge"}],"is_trial":false,"path_per_floor":["M","M","$","M","M","R","E","R","T","E","?","E","M","M","R","B",null,"M","$","?","M","M","E"],"character_chosen":"DEFECT","items_purchased":["Apotheosis","Lee\u0027s Waffle","Conserve Battery"],"campfire_rested":0,"item_purchase_floors":[3,3,19],"current_hp_per_floor":[44,43,78,78,74,74,45,45,45,51,51,52,62,47,47,40,76,62,62,62,67,41,0,0],"gold":285,"neow_bonus":"TWO_FIFTY_GOLD","is_daily":false,"chose_seed":false,"campfire_upgraded":3,"win_rate":0.0,"timestamp":1612995065,"path_taken":["M","M","$","M","M","R","E","R","T","E","?","E","M","M","R","BOSS","M","?","?","?","M","E"],"items_purchased_type":["Card","Relic","Card"],"build_version":"2020-12-22","purchased_purges":1,"victory":false,"max_hp_per_floor":[71,71,78,78,78,78,88,88,88,88,88,88,88,88,88,88,88,88,88,88,88,88,88,88],"card_choices":[{"not_picked":["Leap","Reprogram"],"picked":"BootSequence","floor":1},{"not_picked":["Reprogram","Blizzard","Rebound"],"picked":"SKIP","floor":2},{"not_picked":["Barrage","Redo","Turbo"],"picked":"SKIP","floor":4},{"not_picked":["Turbo","Compile Driver"],"picked":"Defragment","floor":5},{"not_picked":["Melter","Compile Driver"],"picked":"Self Repair","floor":7},{"not_picked":["Reprogram","Darkness"],"picked":"Go for the Eyes","floor":10},{"not_picked":["Multi-Cast","Doom and Gloom"],"picked":"Machine Learning","floor":12},{"not_picked":["Chaos","Beam Cell","Leap"],"picked":"SKIP","floor":13},{"not_picked":["Compile Driver","Conserve Battery"],"picked":"Defragment","floor":14},{"not_picked":["Creative AI","Amplify"],"picked":"Buffer","floor":16},{"not_picked":["Beam Cell+1","Doom and Gloom+1","Steam Power"],"picked":"SKIP","floor":18},{"not_picked":["Cold Snap","Stack"],"picked":"Conserve Battery","floor":21},{"not_picked":["Stack","Compile Driver+1"],"picked":"Storm","floor":22}],"player_experience":115390,"relics_obtained":[{"floor":7,"key":"Pear"},{"floor":10,"key":"Orichalcum"},{"floor":12,"key":"InkBottle"}],"event_choices":[{"damage_healed":0,"gold_gain":0,"player_choice":"Bought 0 Potions","damage_taken":0,"max_hp_gain":0,"max_hp_loss":0,"event_name":"The Woman in Blue","floor":11,"gold_loss":0},{"cards_removed":["Dualcast"],"damage_healed":0,"gold_gain":0,"player_choice":"Offered Basic","damage_taken":0,"max_hp_gain":0,"max_hp_loss":0,"event_name":"Bonfire Elementals","floor":20,"gold_loss":0}],"is_beta":false,"boss_relics":[{"not_picked":["Empty Cage","Busted Crown"],"picked":"SacredBark"}],"items_purged_floors":[19],"is_endless":false,"potions_floor_spawned":[4,5,7,10,12,16,21],"killed_by":"Book of Stabbing","ascension_level":14}}