{"host":"9slw7l0ws16384qq","time":1612987905,"event":{"mods":["A Penny For Your Troubles","BaseMod","Colored Map","Downfall","Evolution","Hubris","Minty Spire (QoL Compilation)","Replay The Spire","StS++","StSLib"],"gold_per_floor":[149,162,162,178,189,217,242,261,261,273,291,309,329,341,358,434,434,434,447,447,382,382,382,382,395,185,204,104,39,49,80,99,177,177,177,195,337,350,350,370,424,424,478,273,173,205,105,120,132,133,133,133,133,133],"floor_reached":52,"language":"FRA","playtime":5113,"items_purged":["Guardian:Defend_Guardian","Guardian:Strike_Guardian","Guardian:Defend_Guardian","Guardian:CurlUp","Guardian:Defend_Guardian"],"score":1403,"play_id":"4e734b16-70f1-4d9f-a1a4-900e7ca20202","local_time":"20210210211145","is_ascension_mode":true,"campfire_choices":[{"data":"Guardian:Strike_Guardian","floor":1,"key":"PURGE"},{"data":"Guardian:TwinSlam","floor":9,"key":"SMITH"},{"floor":23,"key":"RECALL"},{"data":"Guardian:AncientConstruct","floor":28,"key":"SMITH"},{"data":"Guardian:ExploitGems","floor":35,"key":"SMITH"},{"data":"Guardian:SentryBeam","floor":45,"key":"SMITH"},{"data":"Guardian:SentryBeam","floor":47,"key":"SMITH"}],"circlet_count":0,"master_deck":["AscendersBane","Guardian:Incinerate+1","Guardian:Incinerate","Guardian:Defend_Guardian+1","Guardian:TwinSlam+1","Guardian:SentryBeam+1","Guardian:ShieldCharger","Guardian:SentryBeam+1","Guardian:ExploitGems+1","CurseOfTheBell","Guardian:AncientConstruct+1"],"relics":["EVO:Axolotl","Tiny House","hubris:Zylophone","Smiling Mask","Calling Bell","StSpp:BrokenTotem","InkBottle","BranchBurnRelic","hubris:BottledHeart","ReplayFunnel","downfall:HeartBlessingRed","Chameleon Ring","Coffee Dripper","hexamod:BolsterEngine","PreservedInsect","Mercury Hourglass","Lee\u0027s Waffle","downfall:HeartBlessingBlue","Toy Ornithopter","downfall:HeartBlessingGreen"],"acts_visited":["Exordium","TheCity","TheBeyond","TheEnding"],"potions_floor_usage":[6,6,15,16,50,50],"damage_taken":[{"damage":0,"enemies":"Cultist","floor":2,"turns":3},{"damage":0,"enemies":"2 Louse","floor":4,"turns":3},{"damage":0,"enemies":"Jaw Worm","floor":5,"turns":5},{"damage":0,"enemies":"Gremlin Nob","floor":6,"turns":2},{"damage":0,"enemies":"Exordium Wildlife","floor":8,"turns":2},{"damage":8,"enemies":"Exordium Thugs","floor":10,"turns":3},{"damage":7,"enemies":"Gremlin Gang","floor":11,"turns":6},{"damage":0,"enemies":"2 Fungi Beasts","floor":12,"turns":2},{"damage":0,"enemies":"Large Slime","floor":13,"turns":3},{"damage":9,"enemies":"Blue Slaver","floor":14,"turns":2},{"damage":0,"enemies":"3 Louse","floor":15,"turns":5},{"damage":25,"enemies":"IC_STATUS_ARCHETYPE","floor":16,"turns":10},{"damage":16,"enemies":"Shell Parasite","floor":19,"turns":5},{"damage":0,"enemies":"downfall:FleeingMerchant","floor":21,"turns":4},{"damage":0,"enemies":"Snake Plant","floor":25,"turns":5},{"damage":0,"enemies":"downfall:FleeingMerchant","floor":26,"turns":4},{"damage":0,"enemies":"Snecko","floor":27,"turns":3},{"damage":0,"enemies":"downfall:FleeingMerchant","floor":29,"turns":4},{"damage":0,"enemies":"Shelled Parasite and Fungi","floor":30,"turns":3},{"damage":0,"enemies":"Gremlin Leader","floor":31,"turns":5},{"damage":0,"enemies":"Snake Plant","floor":32,"turns":5},{"damage":0,"enemies":"DF_ARCHETYPE_CLAW","floor":33,"turns":9},{"damage":0,"enemies":"3 Darklings","floor":36,"turns":6},{"damage":0,"enemies":"downfall:FleeingMerchant","floor":37,"turns":1},{"damage":0,"enemies":"3 Shapes","floor":38,"turns":4},{"damage":0,"enemies":"Maw","floor":40,"turns":5},{"damage":0,"enemies":"Reptomancer","floor":46,"turns":3},{"damage":0,"enemies":"Transient","floor":48,"turns":5},{"damage":0,"enemies":"4 Shapes","floor":49,"turns":5},{"damage":0,"enemies":"WA_ARCHETYPE_DIVINITY","floor":50,"turns":7},{"damage":1,"enemies":"downfall:CharBossMerchant","floor":52,"turns":5}],"seed_played":"-5450409251157630063","potions_obtained":[{"floor":0,"key":"ColorlessPotion"},{"floor":5,"key":"FearPotion"},{"floor":6,"key":"StSpp:SecondWindPotion"},{"floor":12,"key":"SpeedPotion"},{"floor":16,"key":"Dexterity Potion"},{"floor":19,"key":"Toxic Potion"},{"floor":33,"key":"Dexterity Potion"},{"floor":46,"key":"Venom Potion"},{"floor":48,"key":"Strength Potion"}],"is_trial":false,"path_per_floor":["R_BF","M","?","M","M","E","T","M","R","M","M","M","M","M","M","B",null,"R_BF","M","?","$","?","R","T","M","$","M","R","$","M","E","M","B",null,"R","M","$","M","?","M","T","$","?","$","R","E","R","M","M","B",null,"E"],"character_chosen":"GUARDIAN","items_purchased":["ReplayFunnel","hexamod:BolsterEngine","Lee\u0027s Waffle"],"campfire_rested":0,"item_purchase_floors":[26,37,44],"current_hp_per_floor":[77,77,77,77,77,77,77,77,77,69,62,62,62,53,53,28,71,85,74,1,1,1,1,1,1,1,1,1,1,1,1,1,1,1,1,1,1,1,1,1,1,1,1,1,1,1,1,1,1,1,1,0,0,0],"gold":133,"neow_bonus":"BOSS_RELIC","is_daily":false,"chose_seed":false,"campfire_upgraded":5,"win_rate":0.0,"timestamp":1612987905,"path_taken":["R_BF","M","?","M","M","E","T","M","R","M","M","M","M","?","M","BOSS","R_BF","M","?","$","?","R","T","M","$","M","R","$","?","E","M","BOSS","R","M","$","M","?","M","T","?","?","$","R","E","R","M","M","BOSS","E"],"items_purchased_type":["Relic","Relic","Relic"],"build_version":"2020-12-22","purchased_purges":5,"victory":false,"max_hp_per_floor":[85,85,85,85,85,85,85,85,85,85,85,85,85,85,85,85,85,85,85,1,1,1,1,1,1,1,1,1,1,1,1,1,1,1,1,1,1,1,1,1,1,1,1,1,1,1,1,1,1,1,1,1,1,1],"card_choices":[{"not_picked":["Guardian:Incinerate","Guardian:Emergency"],"picked":"Guardian:Gem_Fragmented","floor":0},{"not_picked":["Guardian:Gem_Lightblue","Guardian:Gem_Red","Guardian:Incinerate"],"picked":"SKIP","floor":2},{"not_picked":["Guardian:Gem_Lightblue","Guardian:Gem_Crimson","Guardian:PrismaticBeam"],"picked":"SKIP","floor":4},{"not_picked":["Guardian:Gem_Lightblue","Guardian:TemporalStrike","Guardian:Gem_Blue"],"picked":"SKIP","floor":5},{"not_picked":["Guardian:TimeCapacitor","Guardian:Planning"],"picked":"Guardian:SentryBeam","floor":6},{"not_picked":["Guardian:Gem_Blue","Guardian:PrimingBeam","Guardian:FastForward"],"picked":"SKIP","floor":8},{"not_picked":["Guardian:BodySlam","Guardian:Gem_Crimson"],"picked":"Guardian:ShieldCharger","floor":10},{"not_picked":["Guardian:DonusPower","Guardian:Gem_Red"],"picked":"Guardian:SentryBeam","floor":11},{"not_picked":["Guardian:Reroute","Guardian:VentSteam","Guardian:CrystalBeam"],"picked":"SKIP","floor":12},{"not_picked":["Guardian:ShieldCharger","Guardian:Reroute"],"picked":"Guardian:Gem_Cyan","floor":13},{"not_picked":["Guardian:Repulse","Guardian:StasisField"],"picked":"Guardian:Gem_Cyan","floor":14},{"not_picked":["Guardian:ShieldCharger","Guardian:Gem_Lightblue","Guardian:Suspension"],"picked":"SKIP","floor":15},{"not_picked":["Guardian:StasisEngine","Guardian:GemFire"],"picked":"Guardian:ExploitGems","floor":16},{"not_picked":["Guardian:BronzeArmor","Guardian:PrismaticBeam","Guardian:DonusPower"],"picked":"SKIP","floor":19},{"not_picked":["Guardian:Incinerate+1","Guardian:Suspension","Guardian:EvasiveProtocol+1"],"picked":"SKIP","floor":21},{"not_picked":["Guardian:VentSteam","Guardian:TemporalStrike"],"picked":"Guardian:AncientConstruct","floor":25},{"not_picked":["Guardian:Gem_Red","Guardian:WalkerClaw","Guardian:Gem_Green"],"picked":"SKIP","floor":26},{"not_picked":["Guardian:PrimingBeam","Guardian:TemporalShield"],"picked":"Guardian:Gem_Purple","floor":27},{"not_picked":["Guardian:ChargeUp","Guardian:Suspension"],"picked":"Guardian:Gem_Cyan","floor":29},{"not_picked":["Guardian:Reroute","Guardian:SentryBeam+1"],"picked":"Guardian:Gem_Purple","floor":30},{"not_picked":["Guardian:Incinerate","Guardian:CrystalBeam","Guardian:TimeCapacitor"],"picked":"SKIP","floor":31},{"not_picked":["Guardian:TimeBomb","Guardian:StasisEngine","Guardian:PolyBeam"],"picked":"SKIP","floor":32},{"not_picked":["Guardian:TimeBomb","Guardian:StasisEngine","Guardian:PolyBeam"],"picked":"SKIP","floor":32},{"not_picked":["Guardian:RollAttack","Guardian:Gem_Cyan","Guardian:WalkerClaw"],"picked":"SKIP","floor":36},{"not_picked":["Guardian:PrismaticBeam","Guardian:TemporalShield","Guardian:Gem_Blue"],"picked":"SKIP","floor":37},{"not_picked":["Guardian:Repulse","Guardian:FierceBash","Guardian:BronzeArmor"],"picked":"SKIP","floor":38},{"not_picked":["Guardian:PiercingHide","Guardian:Gem_Cyan","Guardian:Gem_Red"],"picked":"SKIP","floor":40},{"not_picked":["Guardian:DonusPower","Guardian:ArmoredProtocol","Guardian:FuturePlans+1"],"picked":"SKIP","floor":46},{"not_picked":["Guardian:PrimingBeam","Guardian:PiercingHide","Guardian:ShieldCharger"],"picked":"SKIP","floor":48},{"not_picked":["Guardian:Recover","Guardian:CrystalBeam+1","Guardian:VentSteam"],"picked":"SKIP","floor":49}],"player_experience":1689981,"relics_obtained":[{"floor":6,"key":"hubris:Zylophone"},{"floor":7,"key":"Smiling Mask"},{"floor":17,"key":"StSpp:BrokenTotem"},{"floor":17,"key":"InkBottle"},{"floor":17,"key":"Dead Branch"},{"floor":31,"key":"Chameleon Ring"},{"floor":41,"key":"PreservedInsect"},{"floor":43,"key":"Mercury Hourglass"},{"floor":46,"key":"Toy Ornithopter"}],"event_choices":[{"damage_healed":0,"gold_gain":0,"player_choice":"Read","damage_taken":0,"max_hp_gain":0,"max_hp_loss":0,"event_name":"The Library","floor":22,"gold_loss":0,"cards_obtained":["Guardian:Gem_Red"]}],"is_beta":false,"boss_relics":[{"not_picked":["StSpp:CrystalBall","Replay:Bronze Core"],"picked":"Calling Bell"},{"not_picked":["Empty Cage","ChewingGum"],"picked":"Coffee Dripper"}],"items_purged_floors":[21,26,29,37,44],"is_endless":false,"potions_floor_spawned":[5,6,12,14,16,19,27,32,33,38,40,46,48,49],"killed_by":"downfall:CharBossMerchant","ascension_level":13}}