{"host":"0cm5wy4nhuju7tij","time":1612951352,"event":{"mods":["100% Spire Juice","2.2 Compatiblity","AchievementEnabler","Aspiration","BaseMod","Better Third Choice","BetterRewards","CCEM2","CapriCore","Colored Powertips","Curses Come First","Displayed Cursed Tome","Downfall","Energized Spire","Evolution","Filter the Spire","Highlight Path","Jess\u0027s Bottle","Minty Spire (QoL Compilation)","Permanent Neow","Poor People Problems","Relic Filter Mod","Relic Stats","Shop Mod","Spicy Shops","StSLib","The Cursed","TheSurvivalist","TheVacant","Weighted Paths"],"gold_per_floor":[116,133,152,152,167,167,192,192,246,275,225,258,258,289,289,394,344,363,381,381,393,404,437,437,470,470,501,514,539,571,20,20,116,116,130,146,166,11,11,44,44,79,79,97,115,144,144,194,194,194,194,194,71,97,97],"floor_reached":56,"language":"ENG","playtime":4621,"items_purged":["theVacant:VacantStarterStrike","theVacant:VacantStarterStrike"],"score":1550,"play_id":"98d5ba79-1f9c-4432-a697-1e72fc855a90","local_time":"20210210050232","is_ascension_mode":true,"campfire_choices":[{"data":"theVacant:ShriekingBlast","floor":6.0,"key":"SMITH"},{"data":"theVacant:Release","floor":8.0,"key":"SMITH"},{"data":"theVacant:ShutAway","floor":15.0,"key":"SMITH"},{"data":"theVacant:Sneeze","floor":24.0,"key":"SMITH"},{"floor":32.0,"key":"REST"},{"floor":41.0,"key":"RECALL"}],"circlet_count":0,"master_deck":["theVacant:VacantStarterStrike","theVacant:VacantStarterStrike","theVacant:VacantStarterDefend","theVacant:VacantStarterDefend","theVacant:VacantStarterDefend","theVacant:VacantStarterDefend","theVacant:Release+1","theVacant:Crunch","theVacant:SurpriseAttack","theVacant:ShriekingBlast+1","theVacant:ShutAway+1","theVacant:CursedBlast","theVacant:GraveWave","theVacant:ShutAway","theVacant:Whip","theVacant:Voidstone","theVacant:VacantStarterStrike","theVacant:Sneeze+1","theVacant:Fling","theVacant:GraveDigger+1","theVacant:Spinshield+1","theVacant:Acceptance+1","theVacant:VoidEmbrace+1","theVacant:Whip+1","theVacant:WaitInWrath+1","theVacant:ShutAway+1","theVacant:ShutAway+1","theVacant:ForgeSoul+1","theVacant:Dig+1","theVacant:Voidstone+1","theVacant:OnSecondThought+1","theVacant:Threat+1","theVacant:LashOut+1","theVacant:VoidEmbrace+1","Trip+1","theVacant:WaitInWrath+1","theVacant:VoidEmbrace+1","theVacant:IntoTheAbyss+1","theVacant:ShriekingBlast+1","theVacant:Anguish+1","theVacant:ShriekingBlast+1","theVacant:Gloom+1","theVacant:ReaperStrike+1"],"relics":["theVacant:BrassGoblet","EVO:Axolotl","aspiration:Nostalgia","Ring of the Snake","Frozen Egg 2","Bronze Scales","CCEMRelics:Barrel","CCEMRelics:JestersCrown","TungstenRod","Potion Belt","energizedSpire:HugeHouse","CCEMRelics:WhiteRose","Lizard Tail","Turnip","CCEMRelics:Apple","Toxic Egg 2","Gremlin Horn","Molten Egg 2","Runic Pyramid","CCEMRelics:MissingSock","Smiling Mask","CCEMRelics:WarHorn","Ancient Tea Set","Thread and Needle","Blue Candle"],"acts_visited":["Exordium","TheCity","TheBeyond","TheEnding"],"potions_floor_usage":[50,54],"damage_taken":[{"damage":0.0,"enemies":"Jaw Worm","floor":1.0,"turns":5.0},{"damage":0.0,"enemies":"Small Slimes","floor":2.0,"turns":3.0},{"damage":0.0,"enemies":"2 Louse","floor":3.0,"turns":1.0},{"damage":0.0,"enemies":"Exordium Thugs","floor":5.0,"turns":2.0},{"damage":12.0,"enemies":"Lagavulin","floor":7.0,"turns":5.0},{"damage":0.0,"enemies":"Gremlin Nob","floor":10.0,"turns":2.0},{"damage":16.0,"enemies":"Lagavulin","floor":12.0,"turns":5.0},{"damage":0.0,"enemies":"3 Sentries","floor":14.0,"turns":2.0},{"damage":0.0,"enemies":"Slime Boss","floor":16.0,"turns":3.0},{"damage":0.0,"enemies":"Chosen","floor":18.0,"turns":1.0},{"damage":0.0,"enemies":"Spheric Guardian","floor":19.0,"turns":2.0},{"damage":0.0,"enemies":"Cultist and Chosen","floor":21.0,"turns":3.0},{"damage":12.0,"enemies":"Snecko","floor":22.0,"turns":6.0},{"damage":10.0,"enemies":"Book of Stabbing","floor":23.0,"turns":4.0},{"damage":27.0,"enemies":"Gremlin Leader","floor":25.0,"turns":7.0},{"damage":0.0,"enemies":"Slavers","floor":27.0,"turns":4.0},{"damage":12.0,"enemies":"Snake Plant","floor":28.0,"turns":4.0},{"damage":1.0,"enemies":"Book of Stabbing","floor":30.0,"turns":4.0},{"damage":8.0,"enemies":"Collector","floor":33.0,"turns":6.0},{"damage":0.0,"enemies":"3 Shapes","floor":35.0,"turns":1.0},{"damage":0.0,"enemies":"Orb Walker","floor":36.0,"turns":3.0},{"damage":8.0,"enemies":"4 Shapes","floor":37.0,"turns":5.0},{"damage":11.0,"enemies":"Reptomancer","floor":40.0,"turns":4.0},{"damage":5.0,"enemies":"Giant Head","floor":42.0,"turns":6.0},{"damage":6.0,"enemies":"Writhing Mass","floor":44.0,"turns":2.0},{"damage":21.0,"enemies":"3 Darklings","floor":45.0,"turns":3.0},{"damage":5.0,"enemies":"Nemesis","floor":46.0,"turns":5.0},{"damage":0.0,"enemies":"Mind Bloom Boss Battle","floor":48.0,"turns":5.0},{"damage":25,"enemies":"Awakened One","floor":50,"turns":4},{"damage":49,"enemies":"Shield and Spear","floor":54,"turns":4},{"damage":35,"enemies":"The Heart","floor":55,"turns":6}],"seed_played":"7326298850832817894","potions_obtained":[{"floor":2.0,"key":"SteroidPotion"},{"floor":7.0,"key":"Ancient Potion"},{"floor":10.0,"key":"SkillPotion"},{"floor":22.0,"key":"ColorlessPotion"},{"floor":23.0,"key":"GamblersBrew"},{"floor":28.0,"key":"DistilledChaos"},{"floor":30.0,"key":"Swift Potion"},{"floor":54,"key":"Guardian:BlockOnCardUsePotion"}],"is_trial":false,"path_per_floor":["M","M","M","?","M","R","E","R","T","E","?","E","?","E","R","B",null,"M","M","?","M","M","E","R","E","T","E","M","T","E","$","R","B",null,"M","M","M","$","?","E","R","E","T","M","M","E","R","?","R","B",null,"R","$","E","B",null],"character_chosen":"THE_VACANT","items_purchased":["theVacant:ForgeSoul+1","Molten Egg 2","FairyPotion","theVacant:Dig+1","theVacant:VoidEmbrace+1","theVacant:Gloom+1"],"campfire_rested":1,"item_purchase_floors":[31,31,31,31,38,53],"current_hp_per_floor":[80,80,80,80,80,80,68,68,68,68,68,52,52,52,52,52,75,75,75,75,75,63,53,53,26,26,29,20,20,22,22,47,47,84,84,84,76,76,76,73,73,76,76,70,49,44,44,44,44,22,87,87,87,41,9],"gold":97,"neow_bonus":"NOSTALGIA","is_daily":false,"chose_seed":false,"campfire_upgraded":4,"win_rate":0.0,"timestamp":1612951352,"path_taken":["M","M","M","?","M","R","E","R","T","E","?","E","?","E","R","BOSS","M","M","?","M","M","E","R","E","T","E","M","?","E","$","R","BOSS","M","M","M","$","?","E","R","E","T","M","M","E","R","?","R","BOSS","R","$","E","BOSS"],"items_purchased_type":["Card","Relic","Potion","Card","Card","Card"],"build_version":"2020-12-22","purchased_purges":2,"victory":true,"max_hp_per_floor":[80,80,80,80,80,80,80,80,80,80,80,80,80,80,80,80,75,75,75,75,75,75,75,75,75,75,78,81,81,84,84,84,84,84,84,84,84,84,84,84,84,84,84,84,84,84,84,84,84,87,87,87,87,90,93],"relic_stats":{"Lizard Tail":0,"Gremlin Horn":[15,15],"counters":[31,117],"Bronze Scales":[326],"Blue Candle":[0],"Turnip":[7],"Smiling Mask":50,"obtain_stats":[{"theVacant:BrassGoblet":0,"Gremlin Horn":30,"EVO:Axolotl":0,"Smiling Mask":42,"Ancient Tea Set":46,"Lizard Tail":23,"energizedSpire:HugeHouse":17,"CCEMRelics:WhiteRose":20,"Toxic Egg 2":27,"CCEMRelics:JestersCrown":10,"Ring of the Snake":0,"Runic Pyramid":34,"CCEMRelics:Barrel":9,"Potion Belt":14,"aspiration:Nostalgia":0,"Blue Candle":54,"Thread and Needle":48,"CCEMRelics:MissingSock":40,"Frozen Egg 2":4,"CCEMRelics:Apple":26,"Bronze Scales":7,"Molten Egg 2":31,"Turnip":25,"CCEMRelics:WarHorn":43,"TungstenRod":12},{"theVacant:BrassGoblet":0,"Gremlin Horn":18,"EVO:Axolotl":0,"Smiling Mask":24,"Ancient Tea Set":27,"Lizard Tail":14,"energizedSpire:HugeHouse":9,"CCEMRelics:WhiteRose":11,"Toxic Egg 2":16,"CCEMRelics:JestersCrown":6,"Ring of the Snake":0,"Runic Pyramid":19,"CCEMRelics:Barrel":5,"Potion Belt":8,"aspiration:Nostalgia":0,"Blue Candle":30,"Thread and Needle":28,"CCEMRelics:MissingSock":23,"Frozen Egg 2":3,"CCEMRelics:Apple":15,"Bronze Scales":5,"Molten Egg 2":18,"Turnip":15,"CCEMRelics:WarHorn":24,"TungstenRod":7},{"theVacant:BrassGoblet":0,"Gremlin Horn":63,"EVO:Axolotl":0,"Smiling Mask":88,"Ancient Tea Set":98,"Lizard Tail":44,"energizedSpire:HugeHouse":28,"CCEMRelics:WhiteRose":31,"Toxic Egg 2":55,"CCEMRelics:JestersCrown":18,"Ring of the Snake":0,"Runic Pyramid":69,"CCEMRelics:Barrel":16,"Potion Belt":25,"aspiration:Nostalgia":0,"Blue Candle":111,"Thread and Needle":103,"CCEMRelics:MissingSock":82,"Frozen Egg 2":9,"CCEMRelics:Apple":51,"Bronze Scales":16,"Molten Egg 2":63,"Turnip":51,"CCEMRelics:WarHorn":88,"TungstenRod":23}],"TungstenRod":69,"Ring of the Snake":[62]},"card_choices":[{"not_picked":["theVacant:FranticBlow","theVacant:GraveWave"],"picked":"theVacant:SurpriseAttack","floor":1.0},{"not_picked":["theVacant:TwistFate","theVacant:Dig"],"picked":"theVacant:ShriekingBlast","floor":2.0},{"not_picked":["theVacant:GraveWave","theVacant:Necromancy"],"picked":"theVacant:ShutAway","floor":3.0},{"not_picked":["theVacant:OnSecondThought","theVacant:GraveWave"],"picked":"theVacant:CursedBlast","floor":5.0},{"not_picked":["theVacant:GraveDigger","theVacant:Return"],"picked":"theVacant:GraveWave","floor":7.0},{"not_picked":["theVacant:VoidEmbrace+1","theVacant:EyePoke"],"picked":"theVacant:ShutAway","floor":10.0},{"not_picked":["theVacant:Husk+1","theVacant:EyePoke"],"picked":"theVacant:Whip","floor":12.0},{"not_picked":["theVacant:FromNothing","theVacant:Thoughtseize"],"picked":"theVacant:Jab","floor":14.0},{"not_picked":["theVacant:DarkStrike","theVacant:Prevent"],"picked":"theVacant:Voidstone","floor":16.0},{"not_picked":["theVacant:Jab","theVacant:FranticBlow"],"picked":"theVacant:Fling","floor":18.0},{"not_picked":["theVacant:Soothe","theVacant:Carve"],"picked":"theVacant:GraveDigger+1","floor":19.0},{"not_picked":["theVacant:Soothe","theVacant:Dig+1"],"picked":"theVacant:Spinshield+1","floor":21.0},{"not_picked":["theVacant:Whip","theVacant:BellToll"],"picked":"theVacant:Acceptance+1","floor":22.0},{"not_picked":["theVacant:ReaperStrike","theVacant:BurdenBreak+1"],"picked":"theVacant:VoidEmbrace+1","floor":23.0},{"not_picked":["theVacant:EyePoke","theVacant:DimensionTear"],"picked":"theVacant:Whip+1","floor":25.0},{"not_picked":["theVacant:Gloom+1","theVacant:Husk+1"],"picked":"theVacant:WaitInWrath+1","floor":27.0},{"not_picked":["theVacant:Dig+1","theVacant:Reconnect"],"picked":"theVacant:ShutAway+1","floor":28.0},{"not_picked":["theVacant:Showdown","theVacant:GraveWave"],"picked":"theVacant:ShutAway+1","floor":30.0},{"not_picked":["theVacant:DimensionTear+1","theVacant:FromNothing+1"],"picked":"theVacant:Voidstone+1","floor":33.0},{"not_picked":["theVacant:Husk+1","theVacant:Acceptance+1"],"picked":"theVacant:OnSecondThought+1","floor":35.0},{"not_picked":["theVacant:IntoTheAbyss+1","theVacant:Cower+1"],"picked":"theVacant:Threat+1","floor":36.0},{"not_picked":["theVacant:GraveDigger+1","theVacant:Husk+1"],"picked":"theVacant:LashOut+1","floor":37.0},{"not_picked":["Secret Technique+1","Magnetism+1"],"picked":"Trip+1","floor":39.0},{"not_picked":["theVacant:CursedBlast+1","theVacant:Thoughtseize+1"],"picked":"theVacant:WaitInWrath+1","floor":40.0},{"not_picked":["theVacant:SpiritOrb+1","theVacant:Snowball+1"],"picked":"theVacant:VoidEmbrace+1","floor":42.0},{"not_picked":["theVacant:Return+1","theVacant:FranticBlow+1"],"picked":"theVacant:IntoTheAbyss+1","floor":44.0},{"not_picked":["theVacant:Thoughtseize+1","theVacant:SpiritOrb+1"],"picked":"theVacant:ShriekingBlast+1","floor":45.0},{"not_picked":["theVacant:BattleScars+1","theVacant:ShriekingBlast+1"],"picked":"theVacant:Anguish+1","floor":46.0},{"not_picked":["theVacant:Thoughtseize+1","theVacant:Husk+1"],"picked":"theVacant:ShriekingBlast+1","floor":48.0},{"not_picked":["theVacant:EyePoke+1","theVacant:GraveDigger+1"],"picked":"theVacant:ReaperStrike+1","floor":54}],"player_experience":313381,"relics_obtained":[{"floor":7.0,"key":"Bronze Scales"},{"floor":9.0,"key":"CCEMRelics:Barrel"},{"floor":10.0,"key":"CCEMRelics:JestersCrown"},{"floor":12.0,"key":"TungstenRod"},{"floor":14.0,"key":"Potion Belt"},{"floor":23.0,"key":"Lizard Tail"},{"floor":25.0,"key":"Turnip"},{"floor":26.0,"key":"CCEMRelics:Apple"},{"floor":27.0,"key":"Toxic Egg 2"},{"floor":30.0,"key":"Gremlin Horn"},{"floor":40.0,"key":"CCEMRelics:MissingSock"},{"floor":42.0,"key":"Smiling Mask"},{"floor":43.0,"key":"CCEMRelics:WarHorn"},{"floor":46.0,"key":"Ancient Tea Set"},{"floor":48.0,"key":"Thread and Needle"},{"floor":54,"key":"Blue Candle"}],"event_choices":[{"cards_removed":["Injury"],"damage_healed":0.0,"max_hp_gain":0.0,"max_hp_loss":0.0,"gold_gain":0.0,"event_name":"The Cleric","player_choice":"Card Removal","floor":11.0,"gold_loss":50.0,"damage_taken":0.0},{"damage_healed":0.0,"max_hp_gain":0.0,"max_hp_loss":0.0,"gold_gain":0.0,"event_name":"betterThird:BetterSerpent","player_choice":"Ignored","floor":13.0,"gold_loss":0.0,"damage_taken":258.0},{"damage_healed":0.0,"max_hp_gain":0.0,"max_hp_loss":0.0,"gold_gain":0.0,"event_name":"The Mausoleum","player_choice":"Opened","floor":20.0,"gold_loss":0.0,"damage_taken":0.0,"relics_obtained":["CCEMRelics:WhiteRose"]},{"damage_healed":0.0,"max_hp_gain":0.0,"max_hp_loss":0.0,"gold_gain":0.0,"event_name":"SensoryStone","player_choice":"Memory 1","floor":39.0,"gold_loss":0.0,"damage_taken":0.0},{"damage_healed":0.0,"max_hp_gain":0.0,"max_hp_loss":0.0,"gold_gain":0.0,"event_name":"MindBloom","player_choice":"Fight","floor":48.0,"gold_loss":0.0,"damage_taken":0.0}],"is_beta":false,"boss_relics":[{"not_picked":["aspiration:RitualDagger","energizedSpire:EnergizedDie"],"picked":"energizedSpire:HugeHouse"},{"not_picked":["Calling Bell","Astrolabe"],"picked":"Runic Pyramid"}],"items_purged_floors":[38,53],"is_endless":false,"potions_floor_spawned":[2,7,10,22,23,28,30,33,35,36,37,46,54],"ascension_level":1}}