{"host":"ilhhjx796p2x2wmd","time":1612962212,"event":{"mods":["AchievementEnabler","BaseMod","BetterRewards","Colored Map","Colored Powertips","DeckTracker","Highlight Path","Minty Spire (QoL Compilation)","Permanent Neow","Rare Cards Sparkle","Shop Mod"],"gold_per_floor":[56,109,145,176,176,211,211,25,25,113,183,231,276,296,296,420,420,459,483,107,132,132],"floor_reached":21,"language":"KOR","playtime":710,"items_purged":["Defend_R","Defend_R"],"score":259,"play_id":"5e598460-2923-4284-8c23-5dc889cb6832","local_time":"20210210220332","is_ascension_mode":true,"campfire_choices":[{"data":"HandOfGreed","floor":7.0,"key":"SMITH"},{"data":"Perfected Strike","floor":15.0,"key":"SMITH"}],"circlet_count":0,"master_deck":["Strike_R","Strike_R","Strike_R","Strike_R","Strike_R","Defend_R","Defend_R","Bash","HandOfGreed+1","Perfected Strike","Clothesline","Perfected Strike+1","Shrug It Off","Limit Break","Sentinel","Demon Form","Sentinel","Armaments","Shrug It Off","Reaper","Burning Pact"],"relics":["Burning Blood","Golden Idol","Strawberry","Membership Card","Red Skull","Odd Mushroom","Runic Pyramid","HandDrill","Paper Frog"],"acts_visited":["Exordium","TheCity"],"potions_floor_usage":[],"damage_taken":[{"damage":0.0,"enemies":"2 Louse","floor":1.0,"turns":3.0},{"damage":1.0,"enemies":"Small Slimes","floor":2.0,"turns":6.0},{"damage":2.0,"enemies":"Jaw Worm","floor":3.0,"turns":3.0},{"damage":11.0,"enemies":"Looter","floor":4.0,"turns":2.0},{"damage":30.0,"enemies":"3 Sentries","floor":6.0,"turns":10.0},{"damage":12.0,"enemies":"The Mushroom Lair","floor":10.0,"turns":5.0},{"damage":7.0,"enemies":"Gremlin Gang","floor":11.0,"turns":5.0},{"damage":1.0,"enemies":"Exordium Thugs","floor":12.0,"turns":3.0},{"damage":1.0,"enemies":"Large Slime","floor":13.0,"turns":6.0},{"damage":8.0,"enemies":"Blue Slaver","floor":14.0,"turns":3.0},{"damage":34.0,"enemies":"The Guardian","floor":16.0,"turns":13.0},{"damage":12.0,"enemies":"Chosen","floor":18.0,"turns":5.0},{"damage":50.0,"enemies":"Shell Parasite","floor":19.0,"turns":7.0},{"damage":39,"enemies":"3 Cultists","floor":21,"turns":5}],"seed_played":"6075481250946015413","potions_obtained":[{"floor":1.0,"key":"SpeedPotion"},{"floor":2.0,"key":"SpeedPotion"},{"floor":6.0,"key":"LiquidBronze"},{"floor":11.0,"key":"Ancient Potion"},{"floor":13.0,"key":"Ancient Potion"}],"is_trial":false,"path_per_floor":["M","M","M","M","?","E","R","$","T","?","M","M","M","M","R","B",null,"M","M","$","M"],"character_chosen":"IRONCLAD","items_purchased":["Membership Card","HandDrill","Paper Frog","Shrug It Off","Reaper","Burning Pact"],"campfire_rested":0,"item_purchase_floors":[8,20,20,20,20,20],"current_hp_per_floor":[78,80,80,75,55,38,38,38,38,32,31,36,41,39,39,11,68,62,18,18,3,3],"gold":132,"neow_bonus":"RANDOM_COLORLESS_2","is_daily":false,"chose_seed":false,"campfire_upgraded":2,"win_rate":0.0,"timestamp":1612962212,"path_taken":["M","M","M","M","?","E","R","$","T","?","M","M","M","M","R","BOSS","M","M","$","M"],"items_purchased_type":["Relic","Relic","Relic","Card","Card","Card"],"build_version":"2020-12-22","purchased_purges":2,"victory":false,"max_hp_per_floor":[80,80,80,80,80,87,87,87,87,87,87,87,87,87,87,87,87,87,87,87,87,87],"card_choices":[{"not_picked":["Panache","Thinking Ahead"],"picked":"HandOfGreed","floor":0.0},{"not_picked":["Combust","Disarm","Iron Wave"],"picked":"SKIP","floor":1.0},{"not_picked":["Anger","Sword Boomerang"],"picked":"Perfected Strike","floor":2.0},{"not_picked":["Body Slam","Sword Boomerang"],"picked":"Clothesline","floor":3.0},{"not_picked":["Berserk","Ghostly Armor"],"picked":"Perfected Strike","floor":4.0},{"not_picked":["Anger","Havoc","Sword Boomerang"],"picked":"SKIP","floor":6.0},{"not_picked":["Twin Strike","Flex"],"picked":"Shrug It Off","floor":10.0},{"not_picked":["Fire Breathing","Flame Barrier","Disarm"],"picked":"SKIP","floor":11.0},{"not_picked":["Carnage","Clothesline","Searing Blow"],"picked":"SKIP","floor":12.0},{"not_picked":["Blood for Blood","Metallicize"],"picked":"Limit Break","floor":13.0},{"not_picked":["Body Slam","Infernal Blade"],"picked":"Sentinel","floor":14.0},{"not_picked":["Limit Break","Bludgeon"],"picked":"Demon Form","floor":16.0},{"not_picked":["Headbutt+1","Wild Strike"],"picked":"Sentinel","floor":18.0},{"not_picked":["Twin Strike","Body Slam"],"picked":"Armaments","floor":19.0}],"player_experience":337128,"relics_obtained":[{"floor":6.0,"key":"Strawberry"},{"floor":9.0,"key":"Red Skull"},{"floor":10.0,"key":"Odd Mushroom"}],"event_choices":[{"damage_healed":0.0,"max_hp_gain":0.0,"max_hp_loss":0.0,"gold_gain":0.0,"event_name":"Golden Idol","player_choice":"Take Damage","floor":5.0,"gold_loss":0.0,"damage_taken":20.0,"relics_obtained":["Golden Idol"]},{"damage_healed":0.0,"max_hp_gain":0.0,"max_hp_loss":0.0,"gold_gain":0.0,"event_name":"Mushrooms","player_choice":"Fought Mushrooms","floor":10.0,"gold_loss":0.0,"damage_taken":0.0}],"is_beta":false,"boss_relics":[{"not_picked":["Pandora\u0027s Box","Runic Cube"],"picked":"Runic Pyramid"}],"items_purged_floors":[8,20],"is_endless":false,"potions_floor_spawned":[1,2,6,11,13,18],"killed_by":"3 Cultists","ascension_level":8}}