{"host":"5h6e4l6hpn0p5lap","time":1612986715,"event":{"mods":["AchievementEnabler","BaseMod","Better Altar","Better Match","Better Sensory Stone","Better Skull","Better Third Choice","Colored Map","Filter the Spire","Minty Spire (QoL Compilation)","StSLib"],"gold_per_floor":[360,360,32,32,57,96,96,137,164,179,204,204,204,223,223,347,347,341,366,366,218,234,234,234],"floor_reached":23,"language":"ENG","playtime":921,"items_purged":["Strike_P+1"],"score":302,"play_id":"790516c2-1df0-4ba1-8f9a-510bed81fef7","local_time":"20210210145155","is_ascension_mode":true,"campfire_choices":[{"data":"Eruption","floor":7,"key":"SMITH"},{"floor":12,"key":"REST"},{"floor":15,"key":"REST"}],"circlet_count":0,"master_deck":["AscendersBane","Strike_P+1","Strike_P+1","Strike_P+1","Defend_P+1","Defend_P+1","Defend_P+1","Defend_P+1","Vigilance","Tantrum","TalkToTheHand+1","Adaptation","FearNoEvil","Prostrate","Halt","FlurryOfBlows","ThirdEye","Protect","Wallop","Devotion","Consecrate+1","CrushJoints+1","TalkToTheHand","Devotion"],"relics":["PureWater","Golden Idol","ClockworkSouvenir","CultistMask","Bag of Marbles","Mercury Hourglass","Whetstone","Sozu"],"acts_visited":["Exordium","TheCity"],"potions_floor_usage":[11,16],"damage_taken":[{"damage":2,"enemies":"Cultist","floor":1,"turns":3},{"damage":2,"enemies":"Jaw Worm","floor":5,"turns":3},{"damage":18,"enemies":"3 Sentries","floor":6,"turns":7},{"damage":25,"enemies":"Gremlin Nob","floor":8,"turns":4},{"damage":0,"enemies":"2 Louse","floor":10,"turns":1},{"damage":0,"enemies":"Lots of Slimes","floor":11,"turns":1},{"damage":0,"enemies":"Looter","floor":14,"turns":3},{"damage":45,"enemies":"The Guardian","floor":16,"turns":14},{"damage":12,"enemies":"2 Thieves","floor":18,"turns":4},{"damage":0,"enemies":"Chosen","floor":19,"turns":4},{"damage":18,"enemies":"Snake Plant","floor":22,"turns":5},{"damage":15,"enemies":"Book of Stabbing","floor":23,"turns":5}],"seed_played":"-1026336779468471374","potions_obtained":[{"floor":6,"key":"Dexterity Potion"},{"floor":14,"key":"BlessingOfTheForge"}],"is_trial":false,"path_per_floor":["M","?","$","?","M","E","R","E","T","M","M","R","?","M","R","B",null,"M","M","?","$","M","E"],"character_chosen":"WATCHER","items_purchased":["ClockworkSouvenir","TalkToTheHand","Adaptation","FearNoEvil","TalkToTheHand"],"campfire_rested":2,"item_purchase_floors":[3,3,3,3,21],"current_hp_per_floor":[63,60,60,60,58,40,40,15,15,15,15,33,33,33,51,6,47,35,35,35,35,17,2,2],"gold":234,"neow_bonus":"TWO_FIFTY_GOLD","is_daily":false,"chose_seed":false,"campfire_upgraded":1,"win_rate":0.0,"timestamp":1612986715,"path_taken":["M","?","$","?","M","E","R","E","T","?","M","R","?","?","R","BOSS","M","M","?","$","M","E"],"items_purchased_type":["Relic","Card","Card","Card","Card"],"build_version":"2020-12-22","purchased_purges":1,"victory":false,"max_hp_per_floor":[65,60,60,60,60,60,60,60,60,60,60,60,60,60,60,60,60,60,60,60,60,60,60,60],"card_choices":[{"not_picked":["Evaluate","Consecrate"],"picked":"Tantrum","floor":1},{"not_picked":["CutThroughFate","FlurryOfBlows"],"picked":"Prostrate","floor":5},{"not_picked":["Conclude","Crescendo"],"picked":"Halt","floor":6},{"not_picked":["Crescendo","Perseverance"],"picked":"FlurryOfBlows","floor":8},{"not_picked":["ClearTheMind","JustLucky"],"picked":"ThirdEye","floor":10},{"not_picked":["MasterReality","SignatureMove"],"picked":"Protect","floor":11},{"not_picked":["PathToVictory","Adaptation"],"picked":"Wallop","floor":14},{"not_picked":["MasterReality","Judgement"],"picked":"Devotion","floor":16},{"not_picked":["EmptyFist","Perseverance"],"picked":"Consecrate+1","floor":18},{"not_picked":["ClearTheMind","SashWhip"],"picked":"CrushJoints+1","floor":19},{"not_picked":["SashWhip+1","Vengeance"],"picked":"Devotion","floor":22}],"player_experience":1101285,"relics_obtained":[{"floor":6,"key":"Bag of Marbles"},{"floor":8,"key":"Mercury Hourglass"},{"floor":9,"key":"Whetstone"}],"event_choices":[{"damage_healed":0,"gold_gain":0,"player_choice":"Lose Max HP","damage_taken":0,"relics_obtained":["Golden Idol"],"max_hp_gain":0,"max_hp_loss":5,"event_name":"Golden Idol","floor":2,"gold_loss":0},{"damage_healed":0,"gold_gain":0,"player_choice":"Trade","damage_taken":0,"relics_obtained":["CultistMask"],"max_hp_gain":0,"max_hp_loss":0,"event_name":"FaceTrader","floor":4,"gold_loss":0},{"cards_removed":["Eruption"],"damage_healed":0,"gold_gain":0,"player_choice":"Offered Basic","damage_taken":0,"max_hp_gain":0,"max_hp_loss":0,"event_name":"Bonfire Elementals","floor":13,"gold_loss":0},{"damage_healed":0,"gold_gain":0,"player_choice":"Simplicity","damage_taken":0,"max_hp_gain":0,"max_hp_loss":7,"event_name":"betterThird:BetterWriting","floor":20,"gold_loss":0}],"is_beta":false,"boss_relics":[{"not_picked":["Runic Dome","Philosopher\u0027s Stone"],"picked":"Sozu"}],"items_purged_floors":[21],"is_endless":false,"potions_floor_spawned":[6,14,18],"killed_by":"Book of Stabbing","ascension_level":10}}