{"host":"pgqkv8mh62pnrbci","time":1612982738,"event":{"mods":["2.2 Compatiblity","AchievementEnabler","BaseMod","Custom Start","DeckTracker","Marisa£¨Ùöéë¡¡Øª×âÞÞ£©","Minty Spire (QoL Compilation)","StSLib","SuperFastMode","¡¼?Úª?ø«¡½REMEMod"],"gold_per_floor":[132,163,178,253,253,253,297,332,357,374,81,96,48,67,67,171,171,208,5,104,14,50,125,125,171,171,262,262,127,182,216,216,346,346,394,394,394,460,560,650,650,684,684,758,800,854,926,131,131,162],"floor_reached":51,"language":"KOR","playtime":2695,"items_purged":["Strike_MRS","Strike_MRS","Strike_MRS"],"score":1046,"play_id":"b91279ae-e2b0-4b27-b01a-631091ae952c","local_time":"20210211034538","is_ascension_mode":true,"campfire_choices":[{"data":"HandOfGreed","floor":6.0,"key":"SMITH"},{"data":"DragonMeteor","floor":15.0,"key":"SMITH"},{"data":"DarkMatter","floor":32,"key":"SMITH"},{"floor":41,"key":"DIG"},{"floor":49,"key":"REST"}],"circlet_count":0,"master_deck":["Strike_MRS+1","Defend_MRS","Defend_MRS","Defend_MRS","Defend_MRS","UpSweep","HandOfGreed+1","REME_FearOfPain","GrandCross","MeteoricShower","MagicAbsorber","SporeBomb","ManaConvection","DeepEcoloBomb","StarlightTyphoon","WitchOfGreed","DragonMeteor+1","AbsoluteMagnitude","DarkMatter+1","MilkyWay","Acceleration","ChargingUp","MachineGunSpark+1","ChargeUpSpray","PulseMagic+1","GasGiant","EscapeVelocity","ShootTheMoon","Madness","Madness","PulseMagic","MilkyWay+1","PropBag","IllusionStar","SprinkleStarSeal"],"relics":["MiniHakkero","REME_ComplimentaryCards","Bronze Scales","REME_CardOfGreed","Runic Pyramid","Toy Ornithopter","MealTicket","REME_ArchaeologicalTools","InkBottle","MutagenicStrength","Fusion Hammer","Shovel","Akabeko","Pear","REME_HandOfSuture","Art of War","Lantern","PreservedInsect","HandDrill","White Beast Statue"],"acts_visited":["Exordium","TheCity","TheBeyond"],"potions_floor_usage":[23,23,30,33,33,38,38,40,42,45,45,50],"damage_taken":[{"damage":3.0,"enemies":"2 Louse","floor":1.0,"turns":3.0},{"damage":7.0,"enemies":"Jaw Worm","floor":2.0,"turns":3.0},{"damage":12.0,"enemies":"Small Slimes","floor":3.0,"turns":2.0},{"damage":1.0,"enemies":"Exordium Thugs","floor":7.0,"turns":3.0},{"damage":6.0,"enemies":"Looter","floor":8.0,"turns":3.0},{"damage":0.0,"enemies":"3 Louse","floor":10.0,"turns":1.0},{"damage":10.0,"enemies":"Large Slime","floor":12.0,"turns":3.0},{"damage":6.0,"enemies":"Looter","floor":14.0,"turns":2.0},{"damage":0.0,"enemies":"Slime Boss","floor":16.0,"turns":5.0},{"damage":0.0,"enemies":"Spheric Guardian","floor":18.0,"turns":2.0},{"damage":28.0,"enemies":"Shell Parasite","floor":22.0,"turns":3.0},{"damage":36,"enemies":"Slavers","floor":23,"turns":5},{"damage":0,"enemies":"Snake Plant","floor":25,"turns":1},{"damage":0,"enemies":"Chosen and Byrds","floor":27,"turns":3},{"damage":0,"enemies":"3 Cultists","floor":30,"turns":1},{"damage":4,"enemies":"Snake Plant","floor":31,"turns":2},{"damage":6,"enemies":"Champ","floor":33,"turns":4},{"damage":12,"enemies":"3 Shapes","floor":35,"turns":2},{"damage":6,"enemies":"2 Orb Walkers","floor":38,"turns":2},{"damage":29,"enemies":"Giant Head","floor":40,"turns":6},{"damage":0,"enemies":"Reptomancer","floor":42,"turns":2},{"damage":9,"enemies":"Nemesis","floor":44,"turns":3},{"damage":14,"enemies":"3 Darklings","floor":45,"turns":3},{"damage":24,"enemies":"Maw","floor":46,"turns":4},{"damage":0,"enemies":"Sphere and 2 Shapes","floor":47,"turns":3},{"damage":21,"enemies":"Time Eater","floor":50,"turns":3}],"seed_played":"-1451768553201272349","potions_obtained":[{"floor":1.0,"key":"LiquidMemories"},{"floor":2.0,"key":"Explosive Potion"},{"floor":12.0,"key":"REME_GoldPotion"},{"floor":14.0,"key":"Weak Potion"},{"floor":25,"key":"PowerPotion"},{"floor":27,"key":"SmokeBomb"},{"floor":27,"key":"ColorlessPotion"},{"floor":30,"key":"SteroidPotion"},{"floor":31,"key":"FairyPotion"},{"floor":33,"key":"Strength Potion"},{"floor":33,"key":"ColorlessPotion"},{"floor":38,"key":"Ancient Potion"},{"floor":38,"key":"REME_GoldPotion"},{"floor":40,"key":"AttackPotion"},{"floor":44,"key":"AttackPotion"},{"floor":44,"key":"BlessingOfTheForge"},{"floor":46,"key":"LiquidMemories"},{"floor":47,"key":"SteroidPotion"}],"is_trial":false,"path_per_floor":["M","M","M","?","?","R","M","M","T","M","$","M","$","M","R","B",null,"M","$","?","?","M","E","T","M","T","M","?","$","M","M","R","B",null,"M","?","?","?","?","E","R","E","T","E","M","M","M","$","R","B",null],"character_chosen":"MARISA","items_purchased":["REME_CardOfGreed","DeepEcoloBomb","WitchOfGreed","Toy Ornithopter","MilkyWay","ChargeUpSpray","PreservedInsect","HandDrill","White Beast Statue","IllusionStar","SprinkleStarSeal"],"campfire_rested":1,"item_purchase_floors":[11,11,13,19,19,29,48,48,48,48,48],"current_hp_per_floor":[72,65,53,42,47,47,46,40,40,40,40,30,30,24,24,24,80,80,80,80,80,52,26,26,26,26,26,26,41,46,42,42,46,80,68,58,58,62,62,38,48,53,53,44,40,16,16,31,58,42],"gold":162,"neow_bonus":"RANDOM_COLORLESS_2","is_daily":false,"chose_seed":false,"campfire_upgraded":3,"win_rate":0.0,"timestamp":1612982738,"path_taken":["M","M","M","?","?","R","M","M","T","M","$","M","?","M","R","BOSS","M","$","?","?","?","E","?","M","T","M","?","$","M","M","R","BOSS","M","?","?","?","?","E","R","E","T","E","?","M","M","$","R","BOSS"],"items_purchased_type":["Relic","Card","Card","Relic","Card","Card","Relic","Relic","Relic","Card","Card"],"build_version":"2020-12-22","purchased_purges":3,"victory":true,"max_hp_per_floor":[75,75,75,75,80,80,80,80,80,80,80,80,80,80,80,80,80,80,80,80,80,80,80,80,80,80,80,80,80,80,80,80,80,80,80,80,80,80,80,80,90,90,90,90,90,90,90,90,90,90],"card_choices":[{"not_picked":["Chrysalis","REME_EyeOfCthun"],"picked":"HandOfGreed","floor":0.0},{"not_picked":["GalacticHalo","SporeBomb"],"picked":"GrandCross","floor":1.0},{"not_picked":["MysteriousBeam","StarBarrage"],"picked":"MeteoricShower","floor":2.0},{"not_picked":["LuminesStrike","Acceleration"],"picked":"MagicAbsorber","floor":3.0},{"not_picked":["MachineGunSpark","GalacticHalo"],"picked":"SporeBomb","floor":7.0},{"not_picked":["SporeBomb","MysteriousBeam","Occultation"],"picked":"SKIP","floor":8.0},{"not_picked":["SporeBomb","MysteriousBeam","Occultation"],"picked":"SKIP","floor":8.0},{"not_picked":["PulseMagic","NonDirectionalLaser"],"picked":"ManaConvection","floor":10.0},{"not_picked":["OneTimeOff","DC"],"picked":"StarlightTyphoon","floor":12.0},{"not_picked":["DoubleSpark","DeepEcoloBomb"],"picked":"DragonMeteor","floor":14.0},{"not_picked":["BinaryStars","SatelliteIllusion"],"picked":"AbsoluteMagnitude","floor":16.0},{"not_picked":["GalacticHalo","ShootTheMoon"],"picked":"DarkMatter","floor":18.0},{"not_picked":["MachineGunSpark","NonDirectionalLaser"],"picked":"Acceleration","floor":22.0},{"not_picked":["NonDirectionalLaser","EventHorizon+1","GalacticHalo"],"picked":"SKIP","floor":23},{"not_picked":["AsteroidBelt","6A"],"picked":"ChargingUp","floor":25},{"not_picked":["Acceleration","LuminesStrike"],"picked":"MachineGunSpark+1","floor":27},{"not_picked":["Acceleration","ShootingEcho"],"picked":"PulseMagic+1","floor":30},{"not_picked":["MilkyWay","SporeBomb"],"picked":"GasGiant","floor":31},{"not_picked":["StarDustReverie","ManaRampage"],"picked":"EscapeVelocity","floor":33},{"not_picked":["WitchLeyline+1","MachineGunSpark"],"picked":"ShootTheMoon","floor":35},{"not_picked":["ShootingEcho","MysteriousBeam+1"],"picked":"PulseMagic","floor":38},{"not_picked":["Robbery+1","PowerUp+1","WitchOfGreed"],"picked":"SKIP","floor":40},{"not_picked":["DC","MagicAbsorber+1","DoubleSpark+1"],"picked":"SKIP","floor":42},{"not_picked":["SporeBomb+1","NonDirectionalLaser"],"picked":"MilkyWay+1","floor":44},{"not_picked":["EventHorizon+1","OpenUniverse+1","NonDirectionalLaser+1"],"picked":"SKIP","floor":45},{"not_picked":["DC","PowerUp+1"],"picked":"PropBag","floor":46},{"not_picked":["LuminesStrike+1","DC+1","SuperNova"],"picked":"SKIP","floor":47}],"player_experience":657770,"relics_obtained":[{"floor":9.0,"key":"Bronze Scales"},{"floor":23,"key":"MealTicket"},{"floor":24,"key":"REME_ArchaeologicalTools"},{"floor":26,"key":"InkBottle"},{"floor":38,"key":"Shovel"},{"floor":40,"key":"Akabeko"},{"floor":41,"key":"Pear"},{"floor":42,"key":"REME_HandOfSuture"},{"floor":43,"key":"Art of War"},{"floor":44,"key":"Lantern"}],"event_choices":[{"damage_healed":0.0,"max_hp_gain":0.0,"max_hp_loss":0.0,"gold_gain":75.0,"event_name":"World of Goop","player_choice":"Gather Gold","floor":4.0,"gold_loss":0.0,"damage_taken":11.0},{"damage_healed":0.0,"max_hp_gain":5.0,"max_hp_loss":0.0,"gold_gain":0.0,"event_name":"Big Fish","player_choice":"Donut","floor":5.0,"gold_loss":0.0,"damage_taken":0.0},{"damage_healed":0.0,"max_hp_gain":0.0,"max_hp_loss":0.0,"gold_gain":99.0,"event_name":"Nest","player_choice":"Stole From Cult","floor":20.0,"gold_loss":0.0,"damage_taken":0.0},{"cards_removed":["Writhe"],"damage_healed":0.0,"max_hp_gain":0.0,"max_hp_loss":0.0,"gold_gain":0.0,"event_name":"Designer","player_choice":"Upgrade and Remove","floor":21.0,"gold_loss":90.0,"damage_taken":0.0,"cards_upgraded":["Strike_MRS"]},{"damage_healed":0,"gold_gain":0,"player_choice":"Inject Mutagens","damage_taken":0,"relics_obtained":["MutagenicStrength"],"max_hp_gain":0,"max_hp_loss":0,"event_name":"Drug Dealer","floor":28,"gold_loss":0},{"damage_healed":0,"gold_gain":0,"player_choice":"Embrace Madness","damage_taken":10,"max_hp_gain":0,"max_hp_loss":0,"event_name":"Winding Halls","floor":36,"gold_loss":0,"cards_obtained":["Madness","Madness"]},{"cards_removed":["MasterSpark"],"damage_healed":0,"gold_gain":0,"player_choice":"Removed Attack","damage_taken":0,"max_hp_gain":0,"max_hp_loss":0,"event_name":"Falling","floor":37,"gold_loss":0},{"damage_healed":0,"gold_gain":0,"player_choice":"Fight","damage_taken":0,"max_hp_gain":0,"max_hp_loss":0,"event_name":"Mysterious Sphere","floor":38,"gold_loss":0},{"damage_healed":0,"gold_gain":100,"player_choice":"Pray","damage_taken":0,"max_hp_gain":0,"max_hp_loss":0,"event_name":"Golden Shrine","floor":39,"gold_loss":0}],"is_beta":false,"boss_relics":[{"not_picked":["SlaversCollar","Busted Crown"],"picked":"Runic Pyramid"},{"not_picked":["REME_DuelDisc","REME_ChargedStone"],"picked":"Fusion Hammer"}],"items_purged_floors":[11,29,48],"is_endless":false,"potions_floor_spawned":[1,2,12,14,25,27,31,33,38,44,47],"ascension_level":3}}