{"host":"4g8vayc9pwrwu92h","time":1612952828,"event":{"mods":["Aspiration","BaseMod","Conspire","Downfall","Marked Mod","Minty Spire (QoL Compilation)","Quick Restart","StSLib","The Jungle"],"gold_per_floor":[3017,3035,3045,3078,2587,2617,2617,2650,2650,2669,2669,2698,2715,2743,2743,2847,2847,2857,2772,2772,2772,2519,2519,2534,2409,2432,2432,2450,2464,2487,2498,2498,2593,2593,2607,2607,2607,2627,2627,2627,2679,2679,2705,2705,2733,2190,2220,2240,2249,2249,2249],"floor_reached":50,"language":"ZHS","playtime":2789,"items_purged":["MarkedMod:Acupuncture","MarkedMod:NorthStar","Injury","Parasite"],"score":798,"play_id":"66b6be1e-202f-429e-bff2-0aa9ac462e6e","local_time":"20210210182708","is_ascension_mode":true,"campfire_choices":[{"floor":7,"key":"RECALL"},{"data":"Devotion","floor":15,"key":"SMITH"},{"data":"Fasting2","floor":23,"key":"SMITH"},{"data":"EmptyFist","floor":27,"key":"SMITH"},{"data":"Brilliance","floor":32,"key":"SMITH"},{"data":"ReachHeaven","floor":40,"key":"SMITH"},{"floor":49,"key":"REST"}],"circlet_count":0,"master_deck":["Strike_P+1","Strike_P+1","Strike_P+1","Strike_P+1","Defend_P+1","Defend_P+1","Defend_P+1","Eruption+1","Vigilance+1","ReachHeaven+1","Fasting2+1","SandsOfTime+1","Brilliance+1","EmptyFist+1","SashWhip","ClearTheMind+1","Prostrate+1","Devotion+1","Devotion+1","WreathOfFlame+1","Alpha+1","WheelKick+1","Pray+1","Crescendo+1"],"relics":["PureWater","Black Star","Ginger","Turnip","Nunchaku","Eternal Feather","Pear","Letter Opener","Boot","aspiration:Lifesprig","StrikeDummy","Toxic Egg 2","Question Card","Sundial","Juzu Bracelet","Tiny Chest","conspire:SpecialSausage","Damaru","Bottled Tornado","ClockworkSouvenir","Dream Catcher","VioletLotus","CeramicFish","conspire:BottledYoYo","War Paint","aspiration:HiddenCompartment","Toy Ornithopter"],"acts_visited":["TheCity","TheBeyond"],"potions_floor_usage":[10,16,16,33,33,50],"damage_taken":[{"damage":0,"enemies":"Jaw Worm","floor":1,"turns":1},{"damage":0,"enemies":"2 Louse","floor":2,"turns":2},{"damage":1,"enemies":"conspire:RoseBush","floor":3,"turns":2},{"damage":0,"enemies":"conspire:MimicChest","floor":4,"turns":3},{"damage":12,"enemies":"3 Sentries","floor":6,"turns":3},{"damage":18,"enemies":"Lagavulin","floor":8,"turns":3},{"damage":0,"enemies":"Red Slaver","floor":10,"turns":2},{"damage":0,"enemies":"Gremlin Nob","floor":12,"turns":2},{"damage":0,"enemies":"Exordium Thugs","floor":13,"turns":2},{"damage":0,"enemies":"3 Sentries","floor":14,"turns":3},{"damage":0,"enemies":"Slime Boss","floor":16,"turns":3},{"damage":0,"enemies":"Spheric Guardian","floor":18,"turns":3},{"damage":4,"enemies":"conspire:FuzzyDice","floor":24,"turns":4},{"damage":13,"enemies":"Centurion and Healer","floor":28,"turns":4},{"damage":6,"enemies":"conspire:HollyBat","floor":29,"turns":5},{"damage":0,"enemies":"Snake Plant","floor":31,"turns":2},{"damage":54,"enemies":"conspire:MysteriousRune","floor":33,"turns":4},{"damage":2,"enemies":"Orb Walker","floor":35,"turns":3},{"damage":6,"enemies":"3 Shapes","floor":38,"turns":4},{"damage":19,"enemies":"Writhing Mass","floor":45,"turns":3},{"damage":1,"enemies":"Giant Head","floor":47,"turns":4},{"damage":18,"enemies":"4 Shapes","floor":48,"turns":3},{"damage":68,"enemies":"Time Eater","floor":50,"turns":5}],"seed_played":"-5273504187624864768","potions_obtained":[{"floor":6,"key":"BlessingOfTheForge"},{"floor":8,"key":"LiquidMemories"},{"floor":12,"key":"Fire Potion"},{"floor":16,"key":"bronze:BurnAndBuffPotion"},{"floor":18,"key":"Regen Potion"},{"floor":29,"key":"Ancient Potion"},{"floor":33,"key":"PowerPotion"},{"floor":38,"key":"Fire Potion"}],"is_trial":false,"path_per_floor":["M","M","M","?","$","E","R","E","T","M","?","E","M","E","R","B",null,"M","?","T","?","$","R","M","$","T","R","M","M","T","M","R","B",null,"M","?","?","M","?","R","T","?","T","?","M","$","E","M","R","B"],"character_chosen":"WATCHER","items_purchased":["Eternal Feather","SandsOfTime","FairyPotion","ClockworkSouvenir","conspire:BottledYoYo","War Paint"],"campfire_rested":1,"item_purchase_floors":[5,5,5,22,46,46],"current_hp_per_floor":[72,72,71,71,71,69,78,60,60,60,60,60,60,60,72,72,82,82,82,82,82,82,82,78,78,78,82,69,63,63,63,75,21,82,80,80,80,74,74,82,82,78,78,78,59,59,58,40,74,7,7],"gold":2249,"neow_bonus":"THREE_CARDS","is_daily":false,"chose_seed":false,"campfire_upgraded":5,"win_rate":0.0,"timestamp":1612952828,"path_taken":["M","M","M","?","$","E","R","E","T","M","?","E","M","E","R","BOSS","M","?","?","?","$","R","M","$","T","R","M","M","?","M","R","BOSS","M","?","?","M","?","R","?","?","T","?","M","$","E","M","R","BOSS"],"items_purchased_type":["Relic","Card","Potion","Relic","Relic","Relic"],"build_version":"2020-12-22","purchased_purges":4,"victory":false,"max_hp_per_floor":[72,72,72,72,72,82,82,82,82,82,82,82,82,82,82,82,82,82,82,82,82,82,82,82,82,82,82,82,82,82,82,82,82,82,82,82,82,82,82,82,82,78,78,78,78,75,75,75,75,75,75],"card_choices":[{"not_picked":["BowlingBash","JustLucky"],"picked":"MarkedMod:Acupuncture","floor":1},{"not_picked":["CutThroughFate","BowlingBash"],"picked":"ReachHeaven","floor":2},{"not_picked":["EmptyBody","FearNoEvil"],"picked":"Fasting2","floor":3},{"not_picked":["Protect","WaveOfTheHand"],"picked":"MarkedMod:NorthStar","floor":4},{"not_picked":["Protect","Fasting2"],"picked":"Brilliance","floor":6},{"not_picked":["Sanctity","SignatureMove"],"picked":"EmptyFist","floor":8},{"not_picked":["Evaluate","MarkedMod:FirstStrike"],"picked":"SashWhip","floor":10},{"not_picked":["EmptyBody+1","BowlingBash"],"picked":"ClearTheMind+1","floor":12},{"not_picked":["ThirdEye+1","EmptyMind+1","ClearTheMind+1"],"picked":"Prostrate+1","floor":13},{"not_picked":["MarkedMod:GentlePulse+1","SpiritShield+1","SandsOfTime"],"picked":"Devotion","floor":14},{"not_picked":["Establishment","Brilliance","LessonLearned"],"picked":"Devotion","floor":16},{"not_picked":["Protect+1","FlyingSleeves+1","Evaluate+1","FollowUp"],"picked":"SKIP","floor":18},{"not_picked":["Halt+1","FlurryOfBlows","EmptyFist"],"picked":"WreathOfFlame+1","floor":24},{"not_picked":["PathToVictory+1","CutThroughFate","EmptyFist","Indignation+1"],"picked":"SKIP","floor":28},{"not_picked":["Indignation+1","CarveReality","FlurryOfBlows","Protect+1"],"picked":"SKIP","floor":29},{"not_picked":["BattleHymn+1","CutThroughFate","SashWhip+1","ThirdEye+1"],"picked":"SKIP","floor":31},{"not_picked":["Vault+1","Scrawl+1","Devotion"],"picked":"Alpha+1","floor":33},{"not_picked":["SandsOfTime+1","MarkedMod:PinPointDefense","Evaluate+1"],"picked":"WheelKick+1","floor":35},{"not_picked":["Prostrate+1","SignatureMove","Evaluate+1","ClearTheMind+1"],"picked":"SKIP","floor":38},{"not_picked":["DeceiveReality+1","MarkedMod:PinPointDefense+1","MarkedMod:GentlePulse+1"],"picked":"Pray+1","floor":45},{"not_picked":["ConjureBlade+1","MentalFortress","InnerPeace+1","WindmillStrike+1"],"picked":"SKIP","floor":47},{"not_picked":["MarkedMod:FirstStrike+1","Evaluate+1","ForeignInfluence+1","BattleHymn+1"],"picked":"SKIP","floor":48},{"not_picked":["MarkedMod:FirstStrike+1","Prostrate+1","Perseverance+1"],"picked":"Crescendo+1","floor":49}],"player_experience":443699,"relics_obtained":[{"floor":4,"key":"Nunchaku"},{"floor":6,"key":"Pear"},{"floor":6,"key":"Letter Opener"},{"floor":8,"key":"Boot"},{"floor":8,"key":"aspiration:Lifesprig"},{"floor":9,"key":"StrikeDummy"},{"floor":12,"key":"Question Card"},{"floor":12,"key":"Sundial"},{"floor":14,"key":"Juzu Bracelet"},{"floor":14,"key":"Tiny Chest"},{"floor":20,"key":"Bottled Tornado"},{"floor":30,"key":"Dream Catcher"},{"floor":43,"key":"CeramicFish"},{"floor":47,"key":"aspiration:HiddenCompartment"},{"floor":47,"key":"Toy Ornithopter"}],"event_choices":[{"damage_healed":0,"gold_gain":0,"player_choice":"Obtained Relic","damage_taken":0,"relics_obtained":["Damaru"],"max_hp_gain":0,"max_hp_loss":0,"event_name":"Addict","floor":19,"gold_loss":85},{"damage_healed":0,"gold_gain":0,"player_choice":"Upgraded","damage_taken":0,"max_hp_gain":0,"max_hp_loss":0,"event_name":"Upgrade Shrine","floor":21,"gold_loss":0,"cards_upgraded":["Devotion"]},{"damage_healed":0,"gold_gain":0,"player_choice":"Leave","damage_taken":0,"max_hp_gain":0,"max_hp_loss":0,"event_name":"conspire:Investor","floor":36,"gold_loss":0},{"damage_healed":0,"gold_gain":0,"player_choice":"Ignored","damage_taken":0,"max_hp_gain":0,"max_hp_loss":0,"event_name":"Mysterious Sphere","floor":37,"gold_loss":0},{"damage_healed":0,"gold_gain":0,"player_choice":"Forge","damage_taken":0,"max_hp_gain":0,"max_hp_loss":0,"event_name":"Accursed Blacksmith","floor":39,"gold_loss":0,"cards_upgraded":["SandsOfTime"]},{"damage_healed":0,"gold_gain":0,"player_choice":"Max HP","damage_taken":0,"max_hp_gain":0,"max_hp_loss":4,"event_name":"Winding Halls","floor":42,"gold_loss":0},{"cards_removed":["Defend_P"],"damage_healed":0,"gold_gain":0,"player_choice":"Removed Skill","damage_taken":0,"max_hp_gain":0,"max_hp_loss":0,"event_name":"Falling","floor":44,"gold_loss":0}],"is_beta":false,"boss_relics":[{"not_picked":["aspiration:RitualDagger","aspiration:SecretTechniqueScroll"],"picked":"conspire:SpecialSausage"},{"not_picked":["aspiration:RunicSpoon","SacredBark"],"picked":"VioletLotus"}],"items_purged_floors":[5,22,25,46],"is_endless":false,"potions_floor_spawned":[6,8,12,13,14,16,18,28,29,33,38,47,48],"killed_by":"Time Eater","ascension_level":4}}