{"host":"p7cjtxxrilhp4dw7","time":1612928251,"event":{"mods":["BaseMod","Block Reminder","Colored Map","Curses Come First","Highlight Path","Minty Spire (QoL Compilation)","Replay The Spire","StSLib"],"gold_per_floor":[113,113,188,76,91,123,123,151,204,230,246,246,273,273,273,41,41,136,136,149,169,224,235,235,268,283,283,283,36,66,66,84,123,123,233,233,258,286,338,353,372,372,402,420,420,420,479,519,74,74,74,74,74],"floor_reached":52,"language":"ENG","playtime":4400,"items_purged":["Regret","Looming Evil"],"score":1009,"play_id":"6ba2efa3-914c-40d0-86cf-ac701103f891","local_time":"20210209203731","is_ascension_mode":true,"campfire_choices":[{"data":"Bash","floor":7,"key":"SMITH"},{"floor":12,"key":"REST"},{"data":"Clothesline","floor":17,"key":"SMITH"},{"floor":27,"key":"REST"},{"floor":31,"key":"REST"},{"data":"Bludgeon","floor":34,"key":"SMITH"},{"data":"Demon Form","floor":42,"key":"SMITH"},{"floor":46,"key":"REST"},{"data":"ReplayTheSpireMod:LeadingStrike","floor":51,"key":"SMITH"}],"circlet_count":0,"master_deck":["AscendersBane","Strike_R","Strike_R","Strike_R","Strike_R+1","Strike_R","Defend_R","Defend_R+1","Defend_R","Defend_R","Bash+1","Clothesline+1","Run Through+1","Intimidate","Twin Strike+1","Disarm+1","ReplayTheSpireMod:Muscle Training+1","Cleave","Shockwave+1","Bludgeon+1","Infernal Blade+1","ReplayTheSpireMod:Splinters","Rage+1","Dropkick","Seeing Red+1","Pummel+1","ReplayTheSpireMod:Corrosion Curse+1","Ghostly Armor+1","Limit Break+1","ReplayTheSpireMod:LeadingStrike+1","Carnage+1","Demon Form+1","Madness+1","Madness+1","Demonic Infusion+1","Armaments+1"],"relics":["Burning Blood","NeowsBlessing","Strawberry","Art of War","Pantograph","ReplayTheSpireMod:Spearhead","Toxic Egg 2","Ornamental Fan","Simple Rune","Divine Protection","Mercury Hourglass","White Beast Statue","Onion Ring","Another Sword","CeramicFish","Mark of Pain","FossilizedHelix","Oddly Smooth Stone","StrikeDummy","ReplayTheSpireMod:Ring of Collecting","Ring of Greed","Smiling Mask","Iron Hammer","Ice Cream"],"acts_visited":["Exordium","TheCity","TheBeyond"],"potions_floor_usage":[8,10,25,25,33,35,39,43,48,48,52],"damage_taken":[{"damage":0,"enemies":"2 Louse","floor":1,"turns":1},{"damage":0,"enemies":"Jaw Worm","floor":5,"turns":1},{"damage":0,"enemies":"Lagavulin","floor":6,"turns":1},{"damage":16,"enemies":"Gremlin Nob","floor":8,"turns":3},{"damage":27,"enemies":"3 Sentries","floor":10,"turns":7},{"damage":0,"enemies":"Cultist","floor":11,"turns":3},{"damage":15,"enemies":"Lagavulin","floor":13,"turns":6},{"damage":21,"enemies":"The Guardian","floor":18,"turns":11},{"damage":7,"enemies":"Chosen","floor":20,"turns":4},{"damage":13,"enemies":"Shell Parasite","floor":21,"turns":4},{"damage":3,"enemies":"Snake Plant","floor":23,"turns":4},{"damage":15,"enemies":"Slavers","floor":25,"turns":6},{"damage":32,"enemies":"Shelled Parasite and Fungi","floor":26,"turns":5},{"damage":18,"enemies":"Replay:Snechameleon","floor":30,"turns":4},{"damage":0,"enemies":"3 Cultists","floor":32,"turns":4},{"damage":2,"enemies":"Slavers","floor":33,"turns":4},{"damage":33,"enemies":"Champ","floor":35,"turns":10},{"damage":0,"enemies":"3 Shapes","floor":37,"turns":2},{"damage":0,"enemies":"Orb Walker","floor":38,"turns":3},{"damage":6,"enemies":"2 Orb Walkers","floor":39,"turns":4},{"damage":10,"enemies":"4 Shapes","floor":40,"turns":4},{"damage":0,"enemies":"Transient","floor":41,"turns":5},{"damage":27,"enemies":"Giant Head","floor":43,"turns":7},{"damage":2,"enemies":"Reptomancer","floor":48,"turns":7},{"damage":102,"enemies":"Replay:Hell Engine","floor":52,"turns":9}],"seed_played":"-3843242156444191476","potions_obtained":[{"floor":5,"key":"SteroidPotion"},{"floor":8,"key":"Explosive Potion"},{"floor":10,"key":"Elixir"},{"floor":18,"key":"Elixir"},{"floor":21,"key":"Adrenaline Potion"},{"floor":23,"key":"PowerPotion"},{"floor":30,"key":"Reflective Coating"},{"floor":32,"key":"SteroidPotion"},{"floor":33,"key":"LifebloodPotion"},{"floor":35,"key":"SteroidPotion"},{"floor":37,"key":"PowerPotion"},{"floor":39,"key":"Languid Potion"},{"floor":43,"key":"EssenceOfSteel"},{"floor":48,"key":"ElixirPotion"}],"is_trial":false,"path_per_floor":["M","?","?","$","M","E","R","E","T","E","M","R","E","PTL","PTL","$","R","B",null,"M","M","?","M","?","E","M","R","T","$","E","R","M","E","R","B",null,"M","M","?","M","M","R","E","?","T","R","?","E","$","?","R_BF","B"],"character_chosen":"IRONCLAD","items_purchased":["Run Through+1","Shockwave+1","Simple Rune","Onion Ring","Armaments+1","Ice Cream","DuplicationPotion"],"campfire_rested":4,"item_purchase_floors":[4,16,16,29,49,49,49],"current_hp_per_floor":[78,85,74,74,80,86,86,76,76,55,61,87,78,78,78,78,78,72,83,82,75,75,78,78,69,43,69,69,69,57,83,87,87,87,60,80,86,87,87,83,87,87,66,55,55,81,81,85,85,85,85,0,0],"gold":74,"neow_bonus":"THREE_ENEMY_KILL","is_daily":false,"chose_seed":false,"campfire_upgraded":5,"win_rate":0.0,"timestamp":1612928251,"path_taken":["M","?","?","$","M","E","R","E","T","E","M","R","E","PTL","PTL","?","R","BOSS","M","M","?","?","?","E","M","R","T","$","E","R","M","E","R","BOSS","M","M","?","M","M","R","E","?","T","R","?","E","$","?","R_BF","BOSS"],"items_purchased_type":["Card","Card","Relic","Relic","Card","Relic","Potion"],"build_version":"2020-12-22","purchased_purges":2,"victory":false,"max_hp_per_floor":[80,87,87,87,87,87,87,87,87,87,87,87,87,87,87,87,87,87,87,87,87,87,87,87,87,87,87,87,87,87,87,87,87,87,87,87,87,87,87,87,87,87,87,87,87,87,87,87,87,87,87,87,87],"card_choices":[{"not_picked":["Pommel Strike","Havoc"],"picked":"Clothesline","floor":1},{"not_picked":["Fire Breathing","Flex"],"picked":"Intimidate","floor":5},{"not_picked":["Perfected Strike","Fire Breathing","Shockwave"],"picked":"SKIP","floor":6},{"not_picked":["Body Slam","Reckless Charge"],"picked":"Twin Strike","floor":8},{"not_picked":["Intimidate+1","Eclipse+1"],"picked":"Disarm+1","floor":10},{"not_picked":["Searing Blow","Abandon+1"],"picked":"ReplayTheSpireMod:Muscle Training+1","floor":11},{"not_picked":["Searing Blow","Body Slam"],"picked":"Cleave","floor":13},{"not_picked":["Eclipse+1","Offering+1"],"picked":"Bludgeon","floor":18},{"not_picked":["Dual Wield+1","Ghostly Armor+1"],"picked":"Infernal Blade+1","floor":20},{"not_picked":["Run Through","Clash","Warcry+1"],"picked":"SKIP","floor":21},{"not_picked":["Burning Pact+1","Flex+1"],"picked":"Rage+1","floor":22},{"not_picked":["Pommel Strike+1","True Grit+1"],"picked":"Dropkick","floor":23},{"not_picked":["Abandon+1","Cleave"],"picked":"Seeing Red+1","floor":25},{"not_picked":["Feel No Pain","ReplayTheSpireMod:Muscle Training+1","Warcry+1"],"picked":"SKIP","floor":26},{"not_picked":["Intimidate+1","Uppercut"],"picked":"Pummel+1","floor":30},{"not_picked":["Clothesline","Replay:Undeath\u0027s Touch"],"picked":"ReplayTheSpireMod:Corrosion Curse+1","floor":32},{"not_picked":["Bludgeon","Defy Death+1"],"picked":"Ghostly Armor+1","floor":33},{"not_picked":["Barricade","Berserk"],"picked":"Limit Break+1","floor":35},{"not_picked":["Body Slam+1","Sword Boomerang"],"picked":"ReplayTheSpireMod:LeadingStrike","floor":37},{"not_picked":["Wild Strike","Havoc+1"],"picked":"Carnage+1","floor":38},{"not_picked":["Whirlwind+1","Clash","Entrench+1"],"picked":"SKIP","floor":40},{"not_picked":["Sword Boomerang+1","Headbutt+1"],"picked":"Demon Form","floor":41},{"not_picked":["Cleave","Limit Break+1","Spot Weakness+1"],"picked":"SKIP","floor":43},{"not_picked":["Demon Form","ReplayTheSpireMod:LeadingStrike"],"picked":"Demonic Infusion+1","floor":48}],"player_experience":603967,"relics_obtained":[{"floor":6,"key":"Art of War"},{"floor":8,"key":"Pantograph"},{"floor":9,"key":"ReplayTheSpireMod:Spearhead"},{"floor":10,"key":"Toxic Egg 2"},{"floor":13,"key":"Ornamental Fan"},{"floor":22,"key":"Divine Protection"},{"floor":25,"key":"Mercury Hourglass"},{"floor":28,"key":"White Beast Statue"},{"floor":30,"key":"Another Sword"},{"floor":33,"key":"CeramicFish"},{"floor":39,"key":"FossilizedHelix"},{"floor":43,"key":"Oddly Smooth Stone"},{"floor":45,"key":"StrikeDummy"},{"floor":47,"key":"ReplayTheSpireMod:Ring of Collecting"},{"floor":47,"key":"Ring of Greed"},{"floor":47,"key":"Smiling Mask"},{"floor":48,"key":"Iron Hammer"}],"event_choices":[{"damage_healed":0,"gold_gain":0,"player_choice":"Box","damage_taken":0,"relics_obtained":["Strawberry"],"max_hp_gain":0,"max_hp_loss":0,"event_name":"Big Fish","floor":2,"gold_loss":0,"cards_obtained":["Regret"]},{"damage_healed":0,"gold_gain":75,"player_choice":"Gather Gold","damage_taken":11,"max_hp_gain":0,"max_hp_loss":0,"event_name":"World of Goop","floor":3,"gold_loss":0},{"damage_healed":0,"gold_gain":0,"player_choice":"Ignored","damage_taken":0,"max_hp_gain":0,"max_hp_loss":0,"event_name":"Ghosts","floor":24,"gold_loss":0},{"damage_healed":0,"gold_gain":0,"player_choice":"Fight","damage_taken":0,"max_hp_gain":0,"max_hp_loss":0,"event_name":"Mysterious Sphere","floor":39,"gold_loss":0},{"damage_healed":0,"gold_gain":0,"player_choice":"Embrace Madness","damage_taken":11,"max_hp_gain":0,"max_hp_loss":0,"event_name":"Winding Halls","floor":44,"gold_loss":0,"cards_obtained":["Madness","Madness"]},{"damage_healed":0,"gold_gain":0,"player_choice":"Forge","damage_taken":0,"max_hp_gain":0,"max_hp_loss":0,"event_name":"Accursed Blacksmith","floor":50,"gold_loss":0,"cards_upgraded":["Twin Strike"]}],"is_beta":false,"boss_relics":[{"not_picked":["Velvet Choker","Coffee Dripper","Replay:Wanted Poster"]},{"not_picked":["Tiny House","ChewingGum"],"picked":"Mark of Pain"}],"items_purged_floors":[4,49],"is_endless":false,"potions_floor_spawned":[5,8,10,18,21,23,30,32,33,35,37,38,39,40,41,43,48],"killed_by":"Replay:Hell Engine","ascension_level":11}}