{"host":"5mo0809oo9tcrmpl","time":1612921213,"event":{"mods":["BaseMod","Highlight Path","Minty Spire (QoL Compilation)","Relic Stats","Slay the Relics Exporter"],"gold_per_floor":[110,120,135,150,160,160,172,205,205,234,248,248,262,278,278,355,355,365,384,63,79,90,90,90,90],"floor_reached":24,"language":"ENG","playtime":1198,"items_purged":[],"score":482,"play_id":"6bb72193-76f5-4257-af0f-c3005ecd8d6e","local_time":"20210209194013","is_ascension_mode":true,"campfire_choices":[{"data":"TalkToTheHand","floor":6.0,"key":"SMITH"},{"data":"LikeWater","floor":15.0,"key":"SMITH"},{"data":"ClearTheMind","floor":23,"key":"SMITH"}],"circlet_count":0,"master_deck":["AscendersBane","Strike_P","Strike_P","Strike_P","Defend_P","Defend_P","Defend_P","Defend_P","Eruption","Vigilance","WindmillStrike","Wallop","FollowUp","PathToVictory","TalkToTheHand+1","JustLucky","Conclude","EmptyBody","LikeWater+1","ClearTheMind+1","EmptyFist","Judgement","Evaluate+1","FlurryOfBlows"],"relics":["PureWater","Peace Pipe","Eternal Feather","GoldenEye","Busted Crown","Kunai"],"acts_visited":["Exordium","TheCity"],"potions_floor_usage":[21,24],"damage_taken":[{"damage":0.0,"enemies":"Cultist","floor":1.0,"turns":2.0},{"damage":0.0,"enemies":"2 Louse","floor":2.0,"turns":3.0},{"damage":7.0,"enemies":"Small Slimes","floor":3.0,"turns":4.0},{"damage":1.0,"enemies":"2 Fungi Beasts","floor":4.0,"turns":2.0},{"damage":3.0,"enemies":"Blue Slaver","floor":5.0,"turns":2.0},{"damage":4.0,"enemies":"Exordium Thugs","floor":7.0,"turns":6.0},{"damage":0.0,"enemies":"Gremlin Nob","floor":8.0,"turns":2.0},{"damage":30.0,"enemies":"3 Sentries","floor":10.0,"turns":7.0},{"damage":0.0,"enemies":"Red Slaver","floor":11.0,"turns":3.0},{"damage":12.0,"enemies":"Exordium Wildlife","floor":13.0,"turns":2.0},{"damage":4.0,"enemies":"Large Slime","floor":14.0,"turns":5.0},{"damage":16.0,"enemies":"The Guardian","floor":16.0,"turns":12.0},{"damage":5.0,"enemies":"Chosen","floor":18.0,"turns":6.0},{"damage":15,"enemies":"3 Byrds","floor":19,"turns":5},{"damage":0,"enemies":"Snake Plant","floor":21,"turns":2},{"damage":23,"enemies":"Chosen and Byrds","floor":22,"turns":7},{"damage":25,"enemies":"Book of Stabbing","floor":24,"turns":2}],"seed_played":"8640342834785641983","potions_obtained":[{"floor":1.0,"key":"SteroidPotion"},{"floor":7.0,"key":"Dexterity Potion"},{"floor":13.0,"key":"SpeedPotion"},{"floor":16.0,"key":"FearPotion"},{"floor":19,"key":"DuplicationPotion"},{"floor":21,"key":"Strength Potion"}],"is_trial":false,"path_per_floor":["M","M","M","M","M","R","M","E","T","E","M","?","M","M","R","B",null,"M","M","$","M","M","R","E"],"character_chosen":"WATCHER","items_purchased":["FlurryOfBlows","Kunai"],"campfire_rested":0,"item_purchase_floors":[20,20],"current_hp_per_floor":[61,61,54,53,50,50,46,46,46,16,16,21,9,5,17,1,55,50,35,35,35,12,24,0,0],"gold":90,"neow_bonus":"TRANSFORM_CARD","is_daily":false,"chose_seed":false,"campfire_upgraded":3,"win_rate":0.0,"timestamp":1612921213,"path_taken":["M","M","?","M","M","R","?","E","T","E","M","?","M","M","R","BOSS","M","M","$","M","M","R","E"],"items_purchased_type":["Card","Relic"],"build_version":"2020-12-22","purchased_purges":0,"victory":false,"max_hp_per_floor":[68,68,68,68,68,68,68,68,68,68,68,73,73,73,73,73,73,73,73,73,73,73,73,73,73],"relic_stats":{"Peace Pipe":0,"Busted Crown":8,"counters":[17,72],"Eternal Feather":24,"Kunai":[4],"GoldenEye":[17],"obtain_stats":[{"Peace Pipe":8,"Busted Crown":17,"Eternal Feather":9,"Kunai":20,"PureWater":0,"GoldenEye":10},{"Peace Pipe":7,"Busted Crown":12,"Eternal Feather":7,"Kunai":14,"PureWater":0,"GoldenEye":8},{"Peace Pipe":21,"Busted Crown":50,"Eternal Feather":21,"Kunai":61,"PureWater":0,"GoldenEye":28}]},"card_choices":[{"not_picked":["WaveOfTheHand","Halt"],"picked":"Wallop","floor":1.0},{"not_picked":["CutThroughFate","Consecrate"],"picked":"FollowUp","floor":2.0},{"not_picked":["CrushJoints","Meditate"],"picked":"PathToVictory","floor":3.0},{"not_picked":["Wallop","BowlingBash","Wireheading"],"picked":"SKIP","floor":4.0},{"not_picked":["Indignation","Halt"],"picked":"TalkToTheHand","floor":5.0},{"not_picked":["Consecrate","Tantrum"],"picked":"JustLucky","floor":7.0},{"not_picked":["FlyingSleeves","ForeignInfluence"],"picked":"Conclude","floor":8.0},{"not_picked":["DevaForm","BowlingBash"],"picked":"EmptyBody","floor":10.0},{"not_picked":["ThirdEye","CutThroughFate"],"picked":"LikeWater","floor":11.0},{"not_picked":["Halt","ReachHeaven"],"picked":"ClearTheMind","floor":13.0},{"not_picked":["Study","BowlingBash"],"picked":"EmptyFist","floor":14.0},{"not_picked":["Ragnarok","Omniscience"],"picked":"Judgement","floor":16.0},{"not_picked":["Nirvana+1"],"picked":"SKIP","floor":18.0},{"not_picked":[],"picked":"Evaluate+1","floor":19},{"not_picked":["BowlingBash"],"picked":"SKIP","floor":21},{"not_picked":["Nirvana"],"picked":"SKIP","floor":22}],"player_experience":1267895,"relics_obtained":[{"floor":8.0,"key":"Peace Pipe"},{"floor":9.0,"key":"Eternal Feather"},{"floor":10.0,"key":"GoldenEye"}],"event_choices":[{"damage_healed":0.0,"max_hp_gain":5.0,"max_hp_loss":0.0,"gold_gain":0.0,"event_name":"Big Fish","player_choice":"Donut","floor":12.0,"gold_loss":0.0,"damage_taken":0.0}],"is_beta":false,"boss_relics":[{"not_picked":["Black Star","Runic Dome"],"picked":"Busted Crown"}],"items_purged_floors":[],"is_endless":false,"potions_floor_spawned":[1,7,13,16,19,21,22],"killed_by":"Book of Stabbing","ascension_level":20}}