{"host":"ekyl8r8j8fco3zlk","time":1612976540,"event":{"mods":["Act Like it!","Arknights","BaseMod","CapriCore","Decade(王小明)","Dota2Spire","Friendly Minions","Gensokyo","Marisa（F雨　魔理沙）","Minty Spire (QoL Compilation)","READ ME - Guardian Mod","Rare Cards Sparkle","Reimu（博丽灵梦）","StSLib","The Alterego","The Immortal","The Jungle","The Senshi","TheWitcher","Waifu the Spire","WarShipGirlsR/战舰少女R mod","Yakumo Yukari mod","【遗物卡牌】REMEMod"],"gold_per_floor":[217,217,227,244,261,296,296,314,314,340,340,369,383,395,395,496,496,507,522,126,126,144,144,144,144],"floor_reached":24,"language":"ZHS","playtime":807,"items_purged":[],"score":220,"play_id":"bbbddc97-4d26-4d2a-ac75-e20fbbab3dfc","local_time":"20210211010220","is_ascension_mode":false,"campfire_choices":[{"data":"True Grit","floor":7.0,"key":"SMITH"},{"floor":11.0,"key":"REST"},{"data":"Limit Break","floor":15.0,"key":"SMITH"},{"data":"Havoc","floor":23,"key":"SMITH"}],"circlet_count":0,"master_deck":["Strike_R","Strike_R","Strike_R","Strike_R","Strike_R","Defend_R","Defend_R","Defend_R","Defend_R","Bash","Cleave","Sentinel","Shrug It Off","True Grit+1","Limit Break+1","Wild Strike","Rage","Inflame","Demon Form","Havoc+1","Havoc+1","Heavy Blade+1"],"relics":["Burning Blood","REME_ComplimentaryCards","Dota2Spire:MaskOfMadness","REME_LimitBreaker","Happy Flower","Dota2Spire:DivineRapier","SlaversCollar","Dota2Spire:MonkeyKingBar","Brimstone"],"acts_visited":["Exordium","TheCity"],"potions_floor_usage":[16,22,22],"damage_taken":[{"damage":5.0,"enemies":"Small Slimes","floor":1.0,"turns":4.0},{"damage":6.0,"enemies":"Jaw Worm","floor":3.0,"turns":3.0},{"damage":6.0,"enemies":"Cultist","floor":4.0,"turns":3.0},{"damage":28.0,"enemies":"Lots of Slimes","floor":5.0,"turns":4.0},{"damage":14.0,"enemies":"3 Sentries","floor":6.0,"turns":6.0},{"damage":5.0,"enemies":"Exordium Wildlife","floor":8.0,"turns":3.0},{"damage":48.0,"enemies":"Gremlin Nob","floor":10.0,"turns":6.0},{"damage":18.0,"enemies":"Lagavulin","floor":12.0,"turns":6.0},{"damage":15.0,"enemies":"Looter","floor":13.0,"turns":2.0},{"damage":6.0,"enemies":"2 Fungi Beasts","floor":14.0,"turns":2.0},{"damage":6,"enemies":"Slime Boss","floor":16,"turns":8},{"damage":35,"enemies":"Shell Parasite","floor":18,"turns":6},{"damage":27,"enemies":"Spheric Guardian","floor":19,"turns":4},{"damage":6,"enemies":"Snecko","floor":22,"turns":4},{"damage":42,"enemies":"Gremlin Leader","floor":24,"turns":2}],"seed_played":"952016924901578079","potions_obtained":[{"floor":2.0,"key":"MagicPotion:ReiMu"},{"floor":2.0,"key":"ZuzhouPotion:ReiMu"},{"floor":2.0,"key":"Explosive Potion"},{"floor":3.0,"key":"Energy Potion"},{"floor":6.0,"key":"Dota2Spire:Clarity"},{"floor":10.0,"key":"Fire Potion"},{"floor":13.0,"key":"Dexterity Potion"},{"floor":14.0,"key":"SpeedPotion"},{"floor":19,"key":"SpeedPotion"}],"is_trial":false,"path_per_floor":["M","?","M","M","M","E","R","M","T","E","R","E","M","M","R","B",null,"M","M","$","?","M","R","E"],"character_chosen":"IRONCLAD","items_purchased":["Dota2Spire:MonkeyKingBar","Brimstone"],"campfire_rested":1,"item_purchase_floors":[20,20],"current_hp_per_floor":[80,80,80,80,58,50,50,53,53,11,35,23,23,23,23,31,80,51,30,30,30,40,40,0,0],"gold":144,"neow_bonus":"HUNDRED_GOLD","is_daily":false,"chose_seed":false,"campfire_upgraded":3,"win_rate":0.0,"timestamp":1612976540,"path_taken":["M","?","M","M","M","E","R","M","T","E","R","E","M","M","R","BOSS","M","M","$","?","M","R","E"],"items_purchased_type":["Relic","Relic"],"build_version":"2020-12-22","purchased_purges":0,"victory":false,"max_hp_per_floor":[80,80,80,80,80,80,80,80,80,80,80,80,80,80,80,80,80,80,80,80,80,80,80,80,80],"card_choices":[{"not_picked":["Shrug It Off","Warcry"],"picked":"Cleave","floor":1.0},{"not_picked":["Second Wind","Sever Soul"],"picked":"Sentinel","floor":3.0},{"not_picked":["Uppercut","Body Slam"],"picked":"Shrug It Off","floor":4.0},{"not_picked":["Clothesline","Iron Wave"],"picked":"True Grit","floor":5.0},{"not_picked":["Clothesline","REME_SingleHolding"],"picked":"Limit Break","floor":6.0},{"not_picked":["Heavy Blade","Clothesline"],"picked":"Wild Strike","floor":8.0},{"not_picked":["Corruption","Sword Boomerang","Flame Barrier"],"picked":"SKIP","floor":10.0},{"not_picked":["Seeing Red","Flame Barrier"],"picked":"Rage","floor":12.0},{"not_picked":["Flex","Clothesline"],"picked":"Inflame","floor":13.0},{"not_picked":["Warcry","Armaments","Havoc"],"picked":"SKIP","floor":14.0},{"not_picked":["Bludgeon","REME_TheLastStrike"],"picked":"Demon Form","floor":16},{"not_picked":["Sentinel","True Grit","Wild Strike"],"picked":"SKIP","floor":18},{"not_picked":["Perfected Strike","Dual Wield"],"picked":"Havoc","floor":19},{"not_picked":["Bloodletting+1","Whirlwind"],"picked":"Heavy Blade+1","floor":22}],"player_experience":611383,"relics_obtained":[{"floor":6.0,"key":"Dota2Spire:MaskOfMadness"},{"floor":9.0,"key":"REME_LimitBreaker"},{"floor":10.0,"key":"Happy Flower"},{"floor":12.0,"key":"Dota2Spire:DivineRapier"}],"event_choices":[{"damage_healed":0.0,"max_hp_gain":0.0,"max_hp_loss":0.0,"gold_gain":0.0,"event_name":"Lab","player_choice":"Got Potions","floor":2.0,"gold_loss":0.0,"damage_taken":0.0}],"is_beta":false,"boss_relics":[{"not_picked":["REME_DemonsWealth","Busted Crown"],"picked":"SlaversCollar"}],"items_purged_floors":[],"is_endless":false,"potions_floor_spawned":[3,5,6,10,13,14,19],"killed_by":"Gremlin Leader","ascension_level":0}}