{"host":"2zu58scgr3ekv4lr","time":1612915596,"event":{"mods":["AchievementEnabler","BaseMod","Minty Spire (QoL Compilation)","Quick Restart","StSLib","The Cursed"],"gold_per_floor":[116,41,52,62,62,89,100,100,127,87,87,114,127,144,144,248,248,264,354,373,373,390,390,402,402,402,414,414,434,463,311,311,411,411,423,423,423,470,345,345,345,345,345,360,375,375,68,79,79,79],"floor_reached":51,"language":"ENG","playtime":2404,"items_purged":["Strike_R","Strike_R","Strike_R","Strike_R"],"score":702,"play_id":"93cc1486-7b23-446f-8b00-5e5f090b5a69","local_time":"20210210010636","is_ascension_mode":false,"campfire_choices":[{"floor":8,"key":"REST"},{"data":"Inflame","floor":11,"key":"SMITH"},{"floor":15,"key":"REST"},{"data":"Limit Break","floor":23,"key":"SMITH"},{"floor":32,"key":"REST"},{"data":"Limit Break","floor":40,"key":"SMITH"},{"floor":42,"key":"REST"},{"data":"Armaments","floor":46,"key":"SMITH"},{"floor":49,"key":"REST"}],"circlet_count":0,"master_deck":["Defend_R","Defend_R","Bash","Headbutt","Rampage+1","Shrug It Off","Headbutt","Inflame+1","Limit Break+1","Flex+1","Armaments+1","Pommel Strike","Flex","Limit Break+1","Armaments"],"relics":["Burning Blood","NeowsBlessing","Juzu Bracelet","Happy Flower","Centennial Puzzle","Sozu","Mango","Pantograph","Potion Belt","Busted Crown","Ancient Tea Set","Eternal Feather","Anchor"],"acts_visited":["Exordium","TheCity","TheBeyond"],"potions_floor_usage":[30,30,30],"damage_taken":[{"damage":0,"enemies":"Cultist","floor":1,"turns":1},{"damage":0,"enemies":"Jaw Worm","floor":3,"turns":1},{"damage":0,"enemies":"Small Slimes","floor":4,"turns":1},{"damage":30,"enemies":"3 Sentries","floor":6,"turns":9},{"damage":14,"enemies":"Exordium Wildlife","floor":7,"turns":4},{"damage":20,"enemies":"Gremlin Nob","floor":12,"turns":4},{"damage":16,"enemies":"Exordium Thugs","floor":13,"turns":4},{"damage":6,"enemies":"3 Louse","floor":14,"turns":3},{"damage":21,"enemies":"The Guardian","floor":16,"turns":9},{"damage":17,"enemies":"Spheric Guardian","floor":18,"turns":4},{"damage":0,"enemies":"Chosen","floor":20,"turns":3},{"damage":19,"enemies":"Snake Plant","floor":22,"turns":3},{"damage":14,"enemies":"Chosen and Byrds","floor":24,"turns":6},{"damage":21,"enemies":"Centurion and Healer","floor":27,"turns":4},{"damage":24,"enemies":"Snake Plant","floor":29,"turns":4},{"damage":31,"enemies":"Book of Stabbing","floor":30,"turns":5},{"damage":64,"enemies":"Collector","floor":33,"turns":7},{"damage":23,"enemies":"3 Darklings","floor":35,"turns":4},{"damage":20,"enemies":"3 Shapes","floor":44,"turns":4},{"damage":22,"enemies":"Maw","floor":45,"turns":6},{"damage":15,"enemies":"Transient","floor":48,"turns":5},{"damage":42,"enemies":"Awakened One","floor":50,"turns":6}],"seed_played":"8698510794729696247","potions_obtained":[{"floor":4,"key":"AttackPotion"},{"floor":6,"key":"SpeedPotion"},{"floor":14,"key":"PowerPotion"},{"floor":16,"key":"GamblersBrew"}],"is_trial":false,"path_per_floor":["M","$","M","M","?","E","M","R","T","$","R","E","M","M","R","B",null,"M","?","M","?","M","R","M","?","T","M","T","M","E","$","R","B",null,"M","?","?","T","$","R","?","R","T","M","M","R","$","M","R","B",null],"character_chosen":"IRONCLAD","items_purchased":["Inflame","Flex","Anchor"],"campfire_rested":5,"item_purchase_floors":[10,31,47],"current_hp_per_floor":[80,80,80,80,80,56,48,72,72,72,72,58,48,48,72,57,80,69,57,63,80,67,67,59,59,73,58,58,40,15,15,43,10,94,77,77,77,77,77,77,77,94,94,80,64,73,73,64,94,58],"gold":79,"neow_bonus":"THREE_ENEMY_KILL","is_daily":false,"chose_seed":false,"campfire_upgraded":4,"win_rate":0.0,"timestamp":1612915596,"path_taken":["M","$","M","?","?","E","M","R","T","$","R","E","M","M","R","BOSS","M","?","M","?","M","R","M","?","T","M","?","M","E","$","R","BOSS","M","?","?","?","$","R","?","R","T","M","M","R","$","M","R","BOSS"],"items_purchased_type":["Card","Card","Relic"],"build_version":"2020-12-22","purchased_purges":4,"victory":true,"max_hp_per_floor":[80,80,80,80,80,80,80,80,80,80,80,80,80,80,80,80,80,80,80,80,80,80,80,80,80,94,94,94,94,94,94,94,94,94,94,94,94,94,94,94,94,94,94,94,94,94,94,94,94,94],"card_choices":[{"not_picked":["Twin Strike","Whirlwind"],"picked":"Headbutt","floor":1},{"not_picked":["Thunderclap","Sword Boomerang"],"picked":"Rampage","floor":3},{"not_picked":["Body Slam","Rage"],"picked":"Shrug It Off","floor":4},{"not_picked":["Body Slam","Sever Soul","Blood for Blood"],"picked":"SKIP","floor":6},{"not_picked":["Anger","Iron Wave"],"picked":"Headbutt","floor":7},{"not_picked":["Pommel Strike","Clothesline"],"picked":"Limit Break","floor":12},{"not_picked":["Clothesline","Cleave","Thunderclap"],"picked":"SKIP","floor":13},{"not_picked":["Twin Strike","Power Through","Pummel"],"picked":"SKIP","floor":14},{"not_picked":["Anger","Reckless Charge"],"picked":"Flex+1","floor":18},{"not_picked":["Warcry+1","Heavy Blade","Ghostly Armor+1"],"picked":"SKIP","floor":20},{"not_picked":["Perfected Strike+1","Feel No Pain"],"picked":"Armaments","floor":22},{"not_picked":["Warcry","Cleave"],"picked":"Pommel Strike","floor":24},{"not_picked":["Heavy Blade+1","Anger+1","True Grit"],"picked":"SKIP","floor":27},{"not_picked":["Entrench","Impervious","Anger"],"picked":"SKIP","floor":29},{"not_picked":["Disarm+1","Fire Breathing","Iron Wave"],"picked":"SKIP","floor":30},{"not_picked":["Corruption","Impervious"],"picked":"Limit Break","floor":33},{"not_picked":[],"picked":"Armaments","floor":35},{"not_picked":["Uppercut"],"picked":"SKIP","floor":44},{"not_picked":["True Grit+1"],"picked":"SKIP","floor":45},{"not_picked":["Warcry"],"picked":"SKIP","floor":48}],"player_experience":36645,"relics_obtained":[{"floor":6,"key":"Juzu Bracelet"},{"floor":9,"key":"Happy Flower"},{"floor":12,"key":"Centennial Puzzle"},{"floor":26,"key":"Mango"},{"floor":28,"key":"Pantograph"},{"floor":30,"key":"Potion Belt"},{"floor":38,"key":"Ancient Tea Set"},{"floor":43,"key":"Eternal Feather"}],"event_choices":[{"damage_healed":0,"gold_gain":0,"player_choice":"Grow","damage_taken":0,"max_hp_gain":0,"max_hp_loss":0,"event_name":"Living Wall","floor":5,"gold_loss":0,"cards_upgraded":["Rampage"]},{"damage_healed":0,"gold_gain":90,"player_choice":"GOLD ","damage_taken":12,"max_hp_gain":0,"max_hp_loss":0,"event_name":"Knowing Skull","floor":19,"potions_obtained":[],"gold_loss":0,"cards_obtained":[]},{"damage_healed":26,"gold_gain":0,"player_choice":"Heal","damage_taken":0,"max_hp_gain":0,"max_hp_loss":0,"event_name":"The Library","floor":21,"gold_loss":0},{"cards_removed":["Defend_R"],"damage_healed":0,"gold_gain":0,"player_choice":"Elegance","damage_taken":0,"max_hp_gain":0,"max_hp_loss":0,"event_name":"Back to Basics","floor":25,"gold_loss":0},{"cards_removed":["Defend_R"],"damage_healed":0,"gold_gain":0,"player_choice":"Removed Skill","damage_taken":0,"max_hp_gain":0,"max_hp_loss":0,"event_name":"Falling","floor":36,"gold_loss":0},{"damage_healed":0,"gold_gain":0,"player_choice":"Memory 1","damage_taken":0,"max_hp_gain":0,"max_hp_loss":0,"event_name":"SensoryStone","floor":37,"gold_loss":0},{"cards_removed":["Strike_R"],"damage_healed":0,"gold_gain":0,"player_choice":"Purged","damage_taken":0,"max_hp_gain":0,"max_hp_loss":0,"event_name":"Purifier","floor":41,"gold_loss":0}],"is_beta":false,"boss_relics":[{"not_picked":["Runic Cube","Coffee Dripper"],"picked":"Sozu"},{"not_picked":["Empty Cage","Philosopher\u0027s Stone"],"picked":"Busted Crown"}],"items_purged_floors":[2,31,39,47],"is_endless":false,"potions_floor_spawned":[4,6,14,16,18,22,27,30,45],"ascension_level":0}}