{"host":"27c7lqff1bu0ydoz","time":1612951119,"event":{"mods":["AchievementEnabler","Act Like it!","Aspiration","BaseMod","Block Reminder","CapriCore","Conspire","Energized Spire","Friendly Minions","Gensokyo","GifTheSpireLib","Hubris","Infinite Spire","Koishi","Marisa????????","Minty Spire (QoL Compilation)","Rare Cards Sparkle","Reimu??????","Remilia??????","Replay The Spire","StSLib","The Immortal","The Servant 0.9.4","yUi"],"gold_per_floor":[113,113,213,56,66,66,66,82,82,82,112,112,112,127,127,222,172,185,197,197,211,226,226,246,246,246,246,128,142,142,161,161,261,361,372,372,372,607,619,619,619,619,619,619,619,619,629,639,639,639,639,639,513,545,545,545],"floor_reached":55,"language":"ENG","playtime":3835,"items_purged":[],"score":715,"play_id":"0e18404d-8943-481f-9fe0-949001353e6f","local_time":"20210210105839","is_ascension_mode":false,"campfire_choices":[{"floor":6,"key":"REST"},{"data":"UpSweep","floor":10,"key":"SMITH"},{"data":"FinalSpark","floor":12,"key":"SMITH"},{"floor":15,"key":"REST"},{"floor":23,"key":"REST"},{"floor":25,"key":"REST"},{"floor":30,"key":"REST"},{"data":"MillisecondPulsars","floor":32,"key":"SMITH"},{"floor":40,"key":"REST"},{"floor":42,"key":"RECALL"},{"data":"FairyDestructionRay","floor":44,"key":"SMITH"},{"floor":46,"key":"REST"},{"data":"Singularity","floor":49,"key":"SMITH"},{"data":"PowerUp","floor":52,"key":"SMITH"}],"circlet_count":0,"master_deck":["Strike_MRS","Strike_MRS","Strike_MRS","Strike_MRS","Defend_MRS","Defend_MRS","Defend_MRS","Defend_MRS","MasterSpark","UpSweep+1","MilkyWay+1","SuperPerseids","MysteriousBeam","FinalSpark+1","MillisecondPulsars+1","Strike_MRS","BinaryStars","AsteroidBelt","FairyDestructionRay+1","infinitespire:SevenWalls+1","Acceleration","WitchLeyline","SporeBomb","MilkyWay+1","PowerUp+1","CasketOfStar","ManaConvection+1","RefractionSpark+1","WitchLeyline+1","DoubleSpark+1","ShootingEcho+1","GrandCross+1","Singularity+1","DeepEcoloBomb","Acceleration","Pot Of Greed","Pot Of Greed","Pot Of Greed","MilkyWay+1","Pot Of Greed"],"relics":["MiniHakkero","Vajra","Quantum Egg","Strawberry","energizedSpire:HugeHouse","Replay:Accelerometer","Replay:Wanted Poster","Prayer Wheel","Darkstone Periapt","ReplayTheSpireMod:Shallot","hubris:Towel","Grinning Jar"],"acts_visited":["Exordium","Gensokyo:Gensokyo","Gensokyo:Gensokyoer","TheEnding"],"potions_floor_usage":[50,50,55],"damage_taken":[{"damage":8,"enemies":"Gensokyo:3_Fairies","floor":1,"turns":4},{"damage":4,"enemies":"Gensokyo:Python","floor":5,"turns":3},{"damage":0,"enemies":"Gensokyo:2_Kodama","floor":8,"turns":3},{"damage":1,"enemies":"Gensokyo:Cirno","floor":11,"turns":6},{"damage":18,"enemies":"Gensokyo:CorruptedTreant","floor":14,"turns":3},{"damage":6,"enemies":"Gensokyo:Reimu","floor":16,"turns":6},{"damage":8,"enemies":"Gensokyo:AngelMirror","floor":18,"turns":2},{"damage":25,"enemies":"Gensokyo:3_Dogs","floor":19,"turns":4},{"damage":20,"enemies":"Gensokyo:Swordslinger","floor":21,"turns":4},{"damage":0,"enemies":"Gensokyo:Slime_Group","floor":22,"turns":3},{"damage":11,"enemies":"Gensokyo:3_Gloops","floor":24,"turns":4},{"damage":10,"enemies":"Gensokyo:Swordslinger","floor":29,"turns":3},{"damage":11,"enemies":"Gensokyo:Wraith","floor":31,"turns":4},{"damage":51,"enemies":"Gensokyo:Kaguya","floor":33,"turns":7},{"damage":17,"enemies":"Gensokyo:3_Bats","floor":35,"turns":4},{"damage":27,"enemies":"conspire:MimicChest","floor":38,"turns":5},{"damage":0,"enemies":"Gensokyo:AncientGuardian","floor":39,"turns":2},{"damage":0,"enemies":"Gensokyo:AtlasGolem","floor":47,"turns":3},{"damage":0,"enemies":"Gensokyo:SeedOfUnknown","floor":48,"turns":3},{"damage":71,"enemies":"Gensokyo:Shinki","floor":50,"turns":12},{"damage":30,"enemies":"Shield and Spear","floor":54,"turns":6},{"damage":62,"enemies":"The Heart","floor":55,"turns":5}],"seed_played":"-7136538166266327966","potions_obtained":[{"floor":14,"key":"ZuzhouPotion:ReiMu"},{"floor":16,"key":"Strength Potion"},{"floor":21,"key":"MagicPotion:ReiMu"},{"floor":22,"key":"SpeedPotion"},{"floor":31,"key":"PowerPotion"}],"is_trial":false,"path_per_floor":["M","?","?","$","M","R","?","M","T","R","E","R","?","M","R","B",null,"M","M","?","M","M","R","M","R","T","?","COS","M","R","M","R","B",null,"M","?","?","?","M","R","T","R","T","R","?","R","M","M","R","B",null,"R","$","E","B"],"character_chosen":"MARISA","items_purchased":["Vajra","DeepEcoloBomb","Acceleration"],"campfire_rested":7,"item_purchase_floors":[4,53,53],"current_hp_per_floor":[60,60,60,60,56,82,89,89,89,89,95,95,95,77,96,90,91,83,58,36,16,16,43,32,59,59,68,68,58,85,74,74,23,91,74,74,74,47,47,74,74,74,74,74,74,91,91,91,91,20,91,91,91,61,0,0],"gold":545,"neow_bonus":"TWENTY_PERCENT_HP_BONUS","is_daily":false,"chose_seed":false,"campfire_upgraded":6,"win_rate":0.0,"timestamp":1612951119,"path_taken":["M","?","?","$","M","R","?","?","T","R","E","R","?","M","R","BOSS","M","M","?","M","M","R","M","R","T","?","COS","?","R","M","R","BOSS","M","?","?","?","?","R","?","R","T","R","?","R","M","M","R","BOSS","R","$","E","BOSS"],"items_purchased_type":["Relic","Card","Card"],"build_version":"2020-12-22","purchased_purges":0,"victory":false,"max_hp_per_floor":[89,89,89,89,89,89,89,89,89,89,96,96,96,96,96,96,91,91,91,91,91,91,91,91,91,91,91,91,91,91,91,91,91,91,91,91,91,91,91,91,91,91,91,91,91,91,91,91,91,91,91,91,91,91,91,91],"card_choices":[{"not_picked":["6A","IllusionStar"],"picked":"MilkyWay","floor":1},{"not_picked":["WitchOfGreed","DC"],"picked":"SuperPerseids","floor":5},{"not_picked":["UnstableBomb","ChargeUpSpray"],"picked":"MysteriousBeam","floor":8},{"not_picked":["DarkMatter","ShootingEcho"],"picked":"FinalSpark","floor":11},{"not_picked":["GalacticHalo","Acceleration"],"picked":"OrrerysSun","floor":14},{"not_picked":["BigCrunch","FinalSpark"],"picked":"MillisecondPulsars","floor":16},{"not_picked":["Acceleration+1","ManaConvection"],"picked":"AsteroidBelt","floor":18},{"not_picked":["NonDirectionalLaser","Orbital+1"],"picked":"FairyDestructionRay","floor":19},{"not_picked":["hubris:Rewind","hubris:InfiniteBlow+2"],"picked":"infinitespire:SevenWalls","floor":20},{"not_picked":["AlicesGift+1","6A+1"],"picked":"Acceleration","floor":21},{"not_picked":["GrandCross","DragonMeteor"],"picked":"WitchLeyline","floor":22},{"not_picked":["NonDirectionalLaser","GravityBeat+1"],"picked":"SporeBomb","floor":24},{"not_picked":["AsteroidBelt+1","UnstableBomb"],"picked":"MilkyWay+1","floor":29},{"not_picked":["NonDirectionalLaser+1","BigCrunch"],"picked":"PowerUp","floor":31},{"not_picked":["JA","MaximisePower"],"picked":"CasketOfStar","floor":33},{"not_picked":["WitchLeyline+1","DoubleSpark+1"],"picked":"ManaConvection+1","floor":35},{"not_picked":["SprinkleStarSeal","WitchOfGreed+1"],"picked":"RefractionSpark+1","floor":38},{"not_picked":["AlicesGift+1","SuperPerseids+1"],"picked":"WitchLeyline+1","floor":39},{"not_picked":["PowerUp+1","6A+1"],"picked":"DoubleSpark+1","floor":39},{"not_picked":["WitchOfGreed+1","6A+1"],"picked":"ShootingEcho+1","floor":47},{"not_picked":["StarBarrage","PropBag","CollectingQuirk"],"picked":"SKIP","floor":47},{"not_picked":["Acceleration+1","FairyDestructionRay+1"],"picked":"GrandCross+1","floor":48},{"not_picked":["SporeBomb","MysteriousBeam"],"picked":"Singularity","floor":48},{"not_picked":["BinaryStars","Acceleration"],"picked":"MilkyWay+1","floor":54}],"player_experience":282756,"relics_obtained":[{"floor":9,"key":"Quantum Egg"},{"floor":11,"key":"Strawberry"},{"floor":26,"key":"Replay:Accelerometer"},{"floor":38,"key":"Darkstone Periapt"},{"floor":43,"key":"ReplayTheSpireMod:Shallot"},{"floor":54,"key":"Grinning Jar"}],"event_choices":[],"is_beta":false,"boss_relics":[{"not_picked":["Runic Dome","Abe\u0027s Treasure"],"picked":"energizedSpire:HugeHouse"},{"not_picked":["conspire:RunicOctahedron","hubris:TerracottaHorce"],"picked":"Replay:Wanted Poster"}],"items_purged_floors":[],"is_endless":false,"potions_floor_spawned":[14,16,21,22,31,39,48],"killed_by":"The Heart","ascension_level":0}}