{"host":"97bfbul5vt0mksxl","time":1612973646,"event":{"mods":["BaseMod","Colored Powertips","Highlight Path","Infinite Spire","Minty Spire (QoL Compilation)","Replay The Spire","Shop Mod","StSLib","SuperFastMode"],"gold_per_floor":[365,377,67,67,86,86,129,144,144,183,183,206,226,46,46,170,170,189,203,203,128,128,171,183,214,226,238,250,281,293,305,317,329,329],"floor_reached":33,"language":"ENG","playtime":1544,"items_purged":[],"score":275,"play_id":"20bd376d-574d-41ea-a647-f2d98e82648a","local_time":"20210210131406","is_ascension_mode":false,"campfire_choices":[{"data":"Replay:Undeath\u0027s Touch","floor":6,"key":"SMITH"},{"data":"Seeing Red","floor":15,"key":"SMITH"},{"floor":24,"key":"REST"},{"floor":28,"key":"REST"},{"floor":32,"key":"REST"}],"circlet_count":0,"master_deck":["Strike_R","Strike_R","Strike_R","Strike_R","Strike_R","Defend_R","Defend_R","Defend_R","Defend_R","Bash","Cleave","Replay:Undeath\u0027s Touch+1","Pommel Strike","Run Through","Seeing Red+1","ReplayTheSpireMod:Limb From Limb","Clothesline","Iron Wave","Fire Breathing","Replay:Many Hands","Evolve","Combust","Pummel","Cleave","Thunderclap+1","RitualDagger"],"relics":["Burning Blood","Blood Vial","Nunchaku","Golden Idol","Torii","Lizard Tail","infinitespire:CursedDice","Replay:Rubber Ducky","Honey Jar","MawBank","The Courier","Replay:Blank Codex","Molten Egg 2"],"acts_visited":["Exordium","TheCity"],"potions_floor_usage":[10,10,16,16,23,25,33],"damage_taken":[{"damage":8,"enemies":"Cultist","floor":1,"turns":4},{"damage":18,"enemies":"Jaw Worm","floor":2,"turns":4},{"damage":5,"enemies":"Small Slimes","floor":5,"turns":4},{"damage":53,"enemies":"3 Sentries","floor":7,"turns":8},{"damage":19,"enemies":"Blue Slaver","floor":8,"turns":3},{"damage":25,"enemies":"Replay:BlueRogue","floor":10,"turns":6},{"damage":11,"enemies":"Exordium Wildlife","floor":12,"turns":5},{"damage":7,"enemies":"2 Fungi Beasts","floor":13,"turns":3},{"damage":54,"enemies":"The Guardian","floor":16,"turns":11},{"damage":18,"enemies":"3 Byrds","floor":18,"turns":5},{"damage":31,"enemies":"2 Thieves","floor":19,"turns":4},{"damage":43,"enemies":"Book of Stabbing","floor":23,"turns":5},{"damage":40,"enemies":"Sentry and Sphere","floor":25,"turns":6},{"damage":11,"enemies":"Snake Plant","floor":29,"turns":6},{"damage":101,"enemies":"Automaton","floor":33,"turns":6}],"seed_played":"7947573914866722903","potions_obtained":[{"floor":1,"key":"Weak Potion"},{"floor":5,"key":"EssenceOfSteel"},{"floor":12,"key":"Regen Potion"},{"floor":13,"key":"BlessingOfTheForge"},{"floor":16,"key":"ColorlessPotion"},{"floor":23,"key":"Explosive Potion"},{"floor":25,"key":"Venom Potion"}],"is_trial":false,"path_per_floor":["M","M","$","?","M","R","E","M","T","E","?","M","M","$","R","B",null,"M","M","?","?","$","E","R","M","T","?","R","M","?","T","R","B"],"character_chosen":"IRONCLAD","items_purchased":["Blood Vial","Nunchaku","Replay:Rubber Ducky","Fire Breathing"],"campfire_rested":3,"item_purchase_floors":[3,3,14,14],"current_hp_per_floor":[78,66,66,66,69,69,24,13,13,42,42,39,40,40,40,9,80,68,45,45,45,45,10,34,35,35,19,43,40,34,34,58,0,0],"gold":329,"neow_bonus":"TWO_FIFTY_GOLD","is_daily":false,"chose_seed":false,"campfire_upgraded":2,"win_rate":0.0,"timestamp":1612973646,"path_taken":["M","M","$","?","M","R","E","M","T","E","?","M","M","$","R","BOSS","M","M","?","?","$","E","R","M","T","?","R","?","?","?","R","BOSS"],"items_purchased_type":["Relic","Relic","Relic","Card"],"build_version":"2020-12-22","purchased_purges":0,"victory":false,"max_hp_per_floor":[80,80,80,80,80,80,80,80,80,80,80,80,80,80,80,80,80,80,80,80,80,80,80,80,80,80,80,80,80,80,80,80,80,80],"card_choices":[{"not_picked":["Second Wind","Disarm"],"picked":"Cleave","floor":1},{"not_picked":["Dropkick","Ghostly Armor"],"picked":"Replay:Undeath\u0027s Touch","floor":2},{"not_picked":["Massacre","Shrug It Off"],"picked":"Pommel Strike","floor":5},{"not_picked":["Warcry","Dark Embrace"],"picked":"Run Through","floor":7},{"not_picked":["Clash","Wild Strike"],"picked":"Seeing Red","floor":8},{"not_picked":["Headbutt","Second Wind"],"picked":"ReplayTheSpireMod:Limb From Limb","floor":10},{"not_picked":["Spot Weakness","Shrug It Off"],"picked":"Clothesline","floor":12},{"not_picked":["Clash","Replay:Undeath\u0027s Touch"],"picked":"Iron Wave","floor":13},{"not_picked":["Eclipse","Fiend Fire"],"picked":"Replay:Many Hands","floor":16},{"not_picked":["Rampage","Cleave","Sword Boomerang"],"picked":"Evolve","floor":18},{"not_picked":["ReplayTheSpireMod:Strike From Hell","Defy Death","True Grit"],"picked":"Combust","floor":19},{"not_picked":["Iron Wave","Fiend Fire","Heavy Blade"],"picked":"Pummel","floor":23},{"not_picked":["Combust","True Grit+1","Defy Death"],"picked":"Cleave","floor":25},{"not_picked":["ReplayTheSpireMod:Limb From Limb","True Grit","Body Slam"],"picked":"Thunderclap+1","floor":29}],"player_experience":171027,"relics_obtained":[{"floor":7,"key":"Torii"},{"floor":9,"key":"Lizard Tail"},{"floor":10,"key":"infinitespire:CursedDice"},{"floor":23,"key":"MawBank"},{"floor":26,"key":"The Courier"},{"floor":27,"key":"Replay:Blank Codex"},{"floor":31,"key":"Molten Egg 2"}],"event_choices":[{"damage_healed":0,"gold_gain":0,"player_choice":"Take Wound","damage_taken":0,"relics_obtained":["Golden Idol"],"max_hp_gain":0,"max_hp_loss":0,"event_name":"Golden Idol","floor":4,"gold_loss":0,"cards_obtained":["Injury"]},{"damage_healed":0,"gold_gain":0,"player_choice":"Ignored","damage_taken":0,"max_hp_gain":0,"max_hp_loss":0,"event_name":"Ghosts","floor":20,"gold_loss":0},{"cards_removed":["Injury"],"damage_healed":0,"gold_gain":0,"player_choice":"Gave Gold","damage_taken":0,"max_hp_gain":0,"max_hp_loss":0,"event_name":"Beggar","floor":21,"gold_loss":75},{"damage_healed":0,"gold_gain":0,"player_choice":"Obtained Book","damage_taken":16,"max_hp_gain":0,"max_hp_loss":0,"event_name":"Cursed Tome","floor":27,"gold_loss":0},{"damage_healed":0,"gold_gain":0,"player_choice":"Joined the Cult","damage_taken":6,"max_hp_gain":0,"max_hp_loss":0,"event_name":"Nest","floor":30,"gold_loss":0,"cards_obtained":["RitualDagger"]}],"is_beta":false,"boss_relics":[{"not_picked":["Kintsugi","Replay:Wanted Poster"],"picked":"Honey Jar"}],"items_purged_floors":[],"is_endless":false,"potions_floor_spawned":[1,5,12,13,16,23,25],"killed_by":"Automaton","ascension_level":0}}