{"host":"m6aaltr68g9tvoay","time":1612918645,"event":{"mods":["AchievementEnabler","BaseMod","Colored Map","Downfall","Minty Spire (QoL Compilation)","Slay the Relics Exporter","StSLib"],"gold_per_floor":[99,113,128,128,208,235,259,273,63,63,75,75,108,108,118,220,220,120,140,158,158,177,177,223,252,252,252,252,252,14,25,37,37,37,37],"floor_reached":33,"language":"ENG","playtime":3148,"items_purged":["champ:Strike"],"score":420,"play_id":"2dc0dd4e-ed9a-4f53-aac2-935ea760b126","local_time":"20210209165725","is_ascension_mode":true,"campfire_choices":[{"floor":1,"key":"RECALL"},{"floor":10,"key":"REST"},{"data":"champ:Parry","floor":12,"key":"SMITH"},{"floor":18,"key":"REST"},{"floor":23,"key":"REST"},{"floor":27,"key":"REST"}],"circlet_count":0,"master_deck":["champ:Defend","champ:Defend","champ:Defend","champ:Defend","champ:Execute","champ:Taunt+1","champ:Parry+1","champ:ArenaPreparation","champ:Circumvent","champ:FlashCut","champ:PreciseThrust","champ:BringItOn","champ:ShieldSigil","champ:SetATrap","champ:Shatter","champ:SteelEdge","champ:EndlessRage+1","champ:RecklessLeap+1","champ:FocusedDefense+1","champ:StanceDance+1","champ:GutPunch","champ:PerfectedStrike","champ:UltimateStance","champ:FocusedBerserking+1","champ:Endure","champ:RapidStrikes"],"relics":["champ:ChampionCrown","Pear","Tiny Chest","MealTicket","Regal Pillow","Omamori","champ:DefensiveTrainingManual","Astrolabe","downfall:HeartBlessingRed","Bag of Marbles","PreservedInsect","Bottled Flame","Chemical X"],"acts_visited":["Exordium","TheCity"],"potions_floor_usage":[13,15,16,25,33],"damage_taken":[{"damage":24,"enemies":"Small Slimes","floor":2,"turns":6},{"damage":17,"enemies":"Jaw Worm","floor":3,"turns":3},{"damage":33,"enemies":"Lagavulin","floor":6,"turns":8},{"damage":2,"enemies":"2 Louse","floor":8,"turns":3},{"damage":4,"enemies":"downfall:FleeingMerchant","floor":9,"turns":4},{"damage":7,"enemies":"2 Fungi Beasts","floor":11,"turns":3},{"damage":1,"enemies":"Gremlin Nob","floor":13,"turns":4},{"damage":30,"enemies":"Gremlin Gang","floor":15,"turns":4},{"damage":21,"enemies":"SI_SHIV_ARCHETYPE","floor":16,"turns":7},{"damage":30,"enemies":"Chosen","floor":19,"turns":8},{"damage":16,"enemies":"Spheric Guardian","floor":20,"turns":2},{"damage":75,"enemies":"Centurion and Healer","floor":22,"turns":6},{"damage":58,"enemies":"Slavers","floor":25,"turns":7},{"damage":5,"enemies":"downfall:FleeingMerchant","floor":30,"turns":4},{"damage":104,"enemies":"Cultist and Chosen","floor":31,"turns":7},{"damage":10,"enemies":"Snake Plant","floor":32,"turns":3},{"damage":50,"enemies":"IC_MUSHROOM_ARCHETYPE","floor":33,"turns":11}],"seed_played":"-6768822450560982611","potions_obtained":[{"floor":3,"key":"bronze:BurnAndBuffPotion"},{"floor":6,"key":"AttackPotion"},{"floor":8,"key":"Fire Potion"},{"floor":13,"key":"champ:OpenerPotion"},{"floor":20,"key":"Ancient Potion"},{"floor":32,"key":"champ:UltimateStancePotion"}],"is_trial":false,"path_per_floor":["R","M","M","?","T","E","T","M","$","R","M","R","E","?","M","B",null,"R","M","M","?","M","R","T","E","?","R","T","?","$","M","M","B"],"character_chosen":"THE_CHAMP","items_purchased":["Regal Pillow","champ:BringItOn","Chemical X"],"campfire_rested":4,"item_purchase_floors":[9,9,30],"current_hp_per_floor":[81,67,60,60,70,37,37,35,46,91,84,84,83,76,56,55,89,100,80,69,100,65,100,100,57,57,100,100,100,100,51,51,1,1,1],"gold":37,"neow_bonus":"UPGRADE_CARD","is_daily":false,"chose_seed":false,"campfire_upgraded":1,"win_rate":0.0,"timestamp":1612918645,"path_taken":["R","M","M","?","?","E","T","M","$","R","M","R","E","?","M","BOSS","R","M","M","?","M","R","T","E","?","R","?","?","$","?","M","BOSS"],"items_purchased_type":["Relic","Card","Relic"],"build_version":"2020-12-22","purchased_purges":1,"victory":false,"max_hp_per_floor":[90,90,90,90,100,100,100,100,100,100,100,100,100,100,100,100,100,100,100,100,100,100,100,100,100,100,100,100,100,100,100,100,100,100,100],"card_choices":[{"not_picked":["champ:Encircle","champ:RageSigil"],"picked":"champ:Parry","floor":2},{"not_picked":["champ:EnragedBash","champ:Haymaker"],"picked":"champ:ArenaPreparation","floor":3},{"not_picked":["champ:Haymaker","champ:BerserkersShout"],"picked":"champ:Circumvent","floor":6},{"not_picked":["champ:ViciousMockery","champ:TornadoPunch"],"picked":"champ:FlashCut","floor":8},{"not_picked":["champ:EnGarde","champ:FocusedDefense"],"picked":"champ:PreciseThrust","floor":9},{"not_picked":["champ:EnchantSword","champ:AdrenalArmor"],"picked":"champ:ShieldSigil","floor":11},{"not_picked":["champ:Haymaker","champ:EnragedBash"],"picked":"champ:SetATrap","floor":13},{"not_picked":["champ:TornadoPunch","champ:PreciseThrust"],"picked":"champ:Shatter","floor":15},{"not_picked":["champ:DancingMaster","champ:GladiatorForm"],"picked":"champ:SteelEdge","floor":16},{"not_picked":["champ:BerserkersShout","champ:EnGarde"],"picked":"champ:StanceDance+1","floor":19},{"not_picked":["champ:IronFortress","champ:TornadoPunch"],"picked":"champ:GutPunch","floor":20},{"not_picked":["champ:Backstep+1","champ:FocusedBerserking"],"picked":"champ:PerfectedStrike","floor":22},{"not_picked":["champ:SetATrap","champ:CrownThrow"],"picked":"champ:UltimateStance","floor":25},{"not_picked":["champ:DeathBlow","champ:PerfectedStrike"],"picked":"champ:FocusedBerserking+1","floor":30},{"not_picked":["champ:PerfectedStrike","champ:StanceDance"],"picked":"champ:Endure","floor":31},{"not_picked":["champ:TornadoPunch","champ:FlashCut"],"picked":"champ:RapidStrikes","floor":32}],"player_experience":1887125,"relics_obtained":[{"floor":5,"key":"Pear"},{"floor":6,"key":"Tiny Chest"},{"floor":7,"key":"MealTicket"},{"floor":13,"key":"Omamori"},{"floor":24,"key":"Bag of Marbles"},{"floor":25,"key":"PreservedInsect"},{"floor":28,"key":"Bottled Flame"}],"event_choices":[{"damage_healed":0,"gold_gain":0,"player_choice":"Success","damage_taken":7,"relics_obtained":["champ:DefensiveTrainingManual"],"max_hp_gain":0,"max_hp_loss":0,"event_name":"Scrap Ooze","floor":14,"gold_loss":0},{"damage_healed":33,"gold_gain":0,"player_choice":"Heal","damage_taken":0,"max_hp_gain":0,"max_hp_loss":0,"event_name":"The Library","floor":21,"gold_loss":0},{"damage_healed":0,"gold_gain":0,"player_choice":"Ignored","damage_taken":0,"max_hp_gain":0,"max_hp_loss":0,"event_name":"Vampires","floor":26,"gold_loss":0}],"is_beta":false,"boss_relics":[{"not_picked":["Black Star","Empty Cage"],"picked":"Astrolabe"}],"items_purged_floors":[30],"is_endless":false,"potions_floor_spawned":[3,6,8,13,20,32],"killed_by":"IC_MUSHROOM_ARCHETYPE","ascension_level":8}}