{"host":"17xjy7b7ubl548g2","time":1612930426,"event":{"mods":["2.2 Compatiblity","Act Like it!","Aspiration","Astrologer","Bard","BaseMod","Challenge The Spire","ChefMod","Colored Map","Colored Powertips","Conspire","Elementarium","Energized Spire","Gensokyo","GifTheSpireLib","Halation","Hallownest","Hermit","Hubris","Infinite Spire","Jedi Mod","Jorbs\u0027s Wanderer Trilogy","Marisa（霧雨　魔理沙）","Marked Mod","Menagerie","Minty Spire (QoL Compilation)","Permanent Neow","Reliquary","Replay The Spire","Robot Space Explorer","Spicy Shops","Spire Arcade","StSLib","Stuff the Spire","The Blue Laboratory","The Bug Knight","The Construct","The Disciple","The Hayseed","The Hierophant","The Marked","The Runesmith","The Sage","TheFirefly"],"gold_per_floor":[110,110,129,129,129,164,175,175,229,239,249,249,249,262,262,341,341,356,356,373,387,36,36,64,64,134,134,149,149,149,180,180,279,279,289,78,103,103,123,123,160,160,211,225,225,257,287,334,334,354,354,354,39,71,91],"floor_reached":56,"language":"ENG","playtime":7167,"items_purged":["RobotSpaceExplorer:Strike","RobotSpaceExplorer:Strike"],"score":1700,"play_id":"82669da9-01b6-4c88-89ab-15dfaf2ac873","local_time":"20210209231346","is_ascension_mode":true,"campfire_choices":[{"data":"RobotSpaceExplorer:LaserBurst","floor":8.0,"key":"SMITH"},{"data":"RobotSpaceExplorer:MiniLasers","floor":13.0,"key":"SMITH"},{"data":"RobotSpaceExplorer:Pulsar","floor":15.0,"key":"SMITH"},{"data":"RobotSpaceExplorer:ToxicBomb","floor":23.0,"key":"SMITH"},{"data":"Elementarium:GildedForm","floor":30.0,"key":"SMITH"},{"data":"RobotSpaceExplorer:DualCore","floor":32.0,"key":"SMITH"},{"data":"RobotSpaceExplorer:DroneSwarm","floor":40.0,"key":"SMITH"},{"data":"RobotSpaceExplorer:Multitool","floor":42.0,"key":"SMITH"},{"floor":45.0,"key":"RECALL"},{"data":"RobotSpaceExplorer:Scanner","floor":49.0,"key":"SMITH"},{"data":"RobotSpaceExplorer:BigMissile","floor":52.0,"key":"SMITH"}],"circlet_count":0,"master_deck":["AscendersBane","RobotSpaceExplorer:Defend","RobotSpaceExplorer:Defend+1","RobotSpaceExplorer:Defend+2","RobotSpaceExplorer:Defend+1","RobotSpaceExplorer:Scan","RobotSpaceExplorer:MiniLasers+1","RobotSpaceExplorer:GearShield","RobotSpaceExplorer:LaserBurst+1","infinitespire:Collect+1","RobotSpaceExplorer:Probe","RobotSpaceExplorer:GearShield","RobotSpaceExplorer:IronShell","RobotSpaceExplorer:Pulsar+1","RobotSpaceExplorer:SurgingStrike","RobotSpaceExplorer:DroneSwarm+1","RobotSpaceExplorer:ToxicBomb+1","RobotSpaceExplorer:Counterblock","RobotSpaceExplorer:BigMissile+1","RobotSpaceExplorer:ChargingLaser+1","RobotSpaceExplorer:SurgingStrike","RobotSpaceExplorer:DualCore+1","Elementarium:GildedForm+1","RobotSpaceExplorer:Smokescreen","RobotSpaceExplorer:Scanner+1","RobotSpaceExplorer:Counterblock+1","RobotSpaceExplorer:IronShell+1","RobotSpaceExplorer:ShovelStrike","RobotSpaceExplorer:ScrapToss","RobotSpaceExplorer:Multitool+1","RobotSpaceExplorer:Pulsar+1","RobotSpaceExplorer:ImprovisedAttack+1","RobotSpaceExplorer:FrostMissile","RobotSpaceExplorer:FranticSearch+1","RobotSpaceExplorer:TurboDodge+1","RobotSpaceExplorer:GlueShot+1"],"relics":["RobotSpaceExplorer:TurboCore","War Paint","Meat on the Bone","Simple Rune","PreservedInsect","halation:EternalFortune","StuffTheSpire:HeavyRock","aspiration:Lifesprig","War Paint","Mirror","hubris:RunicObelisk","Elementarium:ElementariumTrophy","conspire:RunicOctahedron","reliquary:ExpiredCoupon","Thread and Needle","Oddly Smooth Stone","aspiration:TomeofQuesting","reliquary:PrincelyHelmet","StuffTheSpire:Experiment12"],"acts_visited":["Exordium","Menagerie:Menagerie","TheBeyond","TheEnding"],"potions_floor_usage":[55],"damage_taken":[{"damage":0.0,"enemies":"Menagerie:MonstrousExperiment","floor":1.0,"turns":7.0},{"damage":0.0,"enemies":"Menagerie:StygianBoar","floor":3.0,"turns":3.0},{"damage":17.0,"enemies":"Menagerie:Hydra","floor":6.0,"turns":4.0},{"damage":5.0,"enemies":"Menagerie:WhisperingWraith","floor":7.0,"turns":3.0},{"damage":6.0,"enemies":"Menagerie:KEEPER_AND_YOUNG_SUNEATER","floor":10.0,"turns":5.0},{"damage":0.0,"enemies":"Menagerie:STYGIAN_BOAR_AND_WHISPERING_WRAITH","floor":11.0,"turns":4.0},{"damage":12.0,"enemies":"Menagerie:MENAGERIE_WILDLIFE","floor":14.0,"turns":3.0},{"damage":0.0,"enemies":"Menagerie:Chimera","floor":16.0,"turns":8.0},{"damage":1.0,"enemies":"Elementarium:MUD_AND_TAR_GOLEMS","floor":18.0,"turns":5.0},{"damage":0.0,"enemies":"Elementarium:2_ELEMENTALS","floor":20.0,"turns":4.0},{"damage":16.0,"enemies":"Elementarium:RubyGolem","floor":21.0,"turns":4.0},{"damage":3.0,"enemies":"Elementarium:FIRE_NOBILITY","floor":24.0,"turns":6.0},{"damage":0.0,"enemies":"Elementarium:VOID_CORRUPTION_AND_ORB_OF_FIRE","floor":28.0,"turns":5.0},{"damage":0.0,"enemies":"Elementarium:3_ELEMENTALS","floor":31.0,"turns":4.0},{"damage":0.0,"enemies":"Elementarium:GolemEmperor","floor":33.0,"turns":13.0},{"damage":0.0,"enemies":"Orb Walker","floor":35.0,"turns":4.0},{"damage":0.0,"enemies":"Mind Bloom Boss Battle","floor":37.0,"turns":5.0},{"damage":0.0,"enemies":"3 Shapes","floor":39.0,"turns":4.0},{"damage":0.0,"enemies":"Writhing Mass","floor":41.0,"turns":6.0},{"damage":5.0,"enemies":"4 Shapes","floor":44.0,"turns":4.0},{"damage":4.0,"enemies":"R_Hoarder","floor":46.0,"turns":8.0},{"damage":0.0,"enemies":"Maw","floor":47.0,"turns":7.0},{"damage":0.0,"enemies":"Giant Head","floor":48.0,"turns":5.0},{"damage":17.0,"enemies":"Replay:Hell Engine","floor":50.0,"turns":11.0},{"damage":7.0,"enemies":"Shield and Spear","floor":54.0,"turns":3.0},{"damage":30,"enemies":"The Heart","floor":55,"turns":12}],"seed_played":"2037017450846232077","potions_obtained":[{"floor":1.0,"key":"blueLaboratory:SavagePotion"},{"floor":10.0,"key":"blueLaboratory:PhilterOfMotion"},{"floor":16.0,"key":"Energy Potion"},{"floor":18.0,"key":"SpeedPotion"},{"floor":21.0,"key":"Dexterity Potion"},{"floor":35.0,"key":"Weak Potion"},{"floor":47.0,"key":"blueLaboratory:NullPotion"}],"is_trial":false,"path_per_floor":["M","T","M","?","?","E","M","R","T","M","M","?","R","M","R","B",null,"M","?","M","M","$","R","E","?","T","AVR","M","?","R","M","R","B",null,"M","$","?","?","M","R","M","R","T","M","R","E","M","E","R","B",null,"R","$","E","B",null],"character_chosen":"RobotSpaceExplorer","items_purchased":["RobotSpaceExplorer:ChargingLaser+1","StuffTheSpire:HeavyRock","reliquary:ExpiredCoupon","RobotSpaceExplorer:IronShell+1","reliquary:PrincelyHelmet","RobotSpaceExplorer:TurboDodge+1"],"campfire_rested":0,"item_purchase_floors":[22,22,36,36,53,53],"current_hp_per_floor":[64,64,64,47,47,42,37,37,37,43,43,47,47,47,47,47,65,64,67,67,51,51,51,48,30,30,30,42,42,42,42,42,42,56,56,56,56,56,56,56,56,56,56,54,54,50,50,50,50,33,56,56,56,49,31],"gold":91,"neow_bonus":"RANDOM_COMMON_RELIC","is_daily":false,"chose_seed":false,"campfire_upgraded":10,"win_rate":0.0,"timestamp":1612930426,"path_taken":["M","?","M","?","?","E","M","R","T","M","?","?","R","M","R","BOSS","M","?","M","M","$","R","E","?","T","AVR","M","?","R","M","R","BOSS","M","$","?","?","?","R","M","R","T","M","R","E","M","E","R","BOSS","R","$","E","BOSS"],"items_purchased_type":["Card","Relic","Relic","Card","Relic","Card"],"build_version":"2020-12-22","purchased_purges":2,"victory":true,"max_hp_per_floor":[71,71,71,71,71,71,71,71,71,71,71,71,71,71,71,71,71,71,74,74,74,74,74,74,74,74,74,74,61,61,61,61,61,61,61,61,61,61,61,61,61,61,61,64,64,64,64,64,64,64,64,64,64,64,64],"card_choices":[{"not_picked":["RobotSpaceExplorer:Counterblock","RobotSpaceExplorer:SlimeMissile"],"picked":"RobotSpaceExplorer:GearShield","floor":1.0},{"not_picked":["RobotSpaceExplorer:Counterblock","RobotSpaceExplorer:BigMissile"],"picked":"RobotSpaceExplorer:LaserBurst","floor":3.0},{"not_picked":["hubris:Fate","infinitespire:Fortify"],"picked":"infinitespire:Collect","floor":4.0},{"not_picked":["RobotSpaceExplorer:MiniBoosters","RobotSpaceExplorer:SlimeMissile"],"picked":"RobotSpaceExplorer:Probe","floor":6.0},{"not_picked":["RobotSpaceExplorer:Counterblock","RobotSpaceExplorer:SlimeMissile"],"picked":"RobotSpaceExplorer:GearShield","floor":7.0},{"not_picked":["RobotSpaceExplorer:Ammunition","RobotSpaceExplorer:LaserBurst"],"picked":"RobotSpaceExplorer:IronShell","floor":10.0},{"not_picked":["RobotSpaceExplorer:GlueShot","RobotSpaceExplorer:Discharger"],"picked":"RobotSpaceExplorer:Pulsar","floor":11.0},{"not_picked":["RobotSpaceExplorer:RigExplosive","RobotSpaceExplorer:LaserBurst"],"picked":"RobotSpaceExplorer:SurgingStrike","floor":14.0},{"not_picked":["RobotSpaceExplorer:Arsenal","RobotSpaceExplorer:Autoloader"],"picked":"RobotSpaceExplorer:DroneSwarm","floor":16.0},{"not_picked":["RobotSpaceExplorer:MiniBoosters","RobotSpaceExplorer:PowerGlove"],"picked":"RobotSpaceExplorer:ToxicBomb","floor":18.0},{"not_picked":["RobotSpaceExplorer:Reload","RobotSpaceExplorer:SwiftStep"],"picked":"RobotSpaceExplorer:Counterblock","floor":20.0},{"not_picked":["RobotSpaceExplorer:ShockKick","RobotSpaceExplorer:MakeshiftVolley"],"picked":"RobotSpaceExplorer:BigMissile","floor":21.0},{"not_picked":["RobotSpaceExplorer:PowerCollector","RobotSpaceExplorer:FrostMissile"],"picked":"RobotSpaceExplorer:SurgingStrike","floor":24.0},{"not_picked":["RobotSpaceExplorer:FranticSearch","RobotSpaceExplorer:SurgingStrike"],"picked":"RobotSpaceExplorer:DualCore","floor":28.0},{"not_picked":["RobotSpaceExplorer:StunGrenade","RobotSpaceExplorer:ImprovisedAttack"],"picked":"RobotSpaceExplorer:Smokescreen","floor":31.0},{"not_picked":["RobotSpaceExplorer:Arsenal","RobotSpaceExplorer:Comet"],"picked":"RobotSpaceExplorer:Scanner","floor":33.0},{"not_picked":["RobotSpaceExplorer:Pulsar","RobotSpaceExplorer:DoubleBlock"],"picked":"RobotSpaceExplorer:Counterblock+1","floor":35.0},{"not_picked":["RobotSpaceExplorer:ScrapMissile","RobotSpaceExplorer:MakeshiftVolley"],"picked":"RobotSpaceExplorer:ShovelStrike","floor":37.0},{"not_picked":["RobotSpaceExplorer:SwiftStep","RobotSpaceExplorer:Discharger"],"picked":"RobotSpaceExplorer:ScrapToss","floor":39.0},{"not_picked":["RobotSpaceExplorer:DualCore+1","RobotSpaceExplorer:SlimeMissile"],"picked":"RobotSpaceExplorer:Multitool","floor":41.0},{"not_picked":["RobotSpaceExplorer:FranticSearch+1","RobotSpaceExplorer:Probe"],"picked":"RobotSpaceExplorer:Pulsar+1","floor":44.0},{"not_picked":["RobotSpaceExplorer:ExhaustFan+1","RobotSpaceExplorer:StunGrenade"],"picked":"RobotSpaceExplorer:ImprovisedAttack+1","floor":46.0},{"not_picked":["RobotSpaceExplorer:FranticSearch","RobotSpaceExplorer:MetalStrike"],"picked":"RobotSpaceExplorer:FrostMissile","floor":47.0},{"not_picked":["RobotSpaceExplorer:PlasmaMissile","RobotSpaceExplorer:Arsenal"],"picked":"RobotSpaceExplorer:FranticSearch+1","floor":48.0},{"not_picked":["RobotSpaceExplorer:SurgingStrike","RobotSpaceExplorer:PlasmaMissile+1"],"picked":"RobotSpaceExplorer:GlueShot+1","floor":54.0}],"player_experience":2109908,"relics_obtained":[{"floor":2.0,"key":"Meat on the Bone"},{"floor":6.0,"key":"Simple Rune"},{"floor":9.0,"key":"PreservedInsect"},{"floor":24.0,"key":"aspiration:Lifesprig"},{"floor":26.0,"key":"Mirror"},{"floor":37.0,"key":"Thread and Needle"},{"floor":44.0,"key":"halation:EternalFortune"},{"floor":46.0,"key":"Oddly Smooth Stone"},{"floor":48.0,"key":"aspiration:TomeofQuesting"},{"floor":54.0,"key":"StuffTheSpire:Experiment12"}],"event_choices":[{"cards_removed":["RobotSpaceExplorer:Strike"],"damage_healed":0.0,"max_hp_gain":0.0,"max_hp_loss":0.0,"gold_gain":0.0,"event_name":"Menagerie:ThreeAnimals","player_choice":"Snake","floor":5.0,"gold_loss":0.0,"damage_taken":0.0},{"damage_healed":0.0,"max_hp_gain":0.0,"max_hp_loss":0.0,"gold_gain":0.0,"event_name":"Elementarium:ShatteredPortal","player_choice":"Blood","floor":25.0,"gold_loss":0.0,"damage_taken":18.0,"relics_obtained":["reliquary:SculptingSteel"]},{"damage_healed":0.0,"max_hp_gain":0.0,"max_hp_loss":13.0,"gold_gain":0.0,"event_name":"Elementarium:FountainOfGold","player_choice":"Dive in","floor":29.0,"gold_loss":0.0,"damage_taken":0.0,"cards_obtained":["Elementarium:GildedForm"]},{"damage_healed":0.0,"max_hp_gain":0.0,"max_hp_loss":0.0,"gold_gain":0.0,"event_name":"MindBloom","player_choice":"Fight","floor":37.0,"gold_loss":0.0,"damage_taken":0.0},{"cards_removed":["RobotSpaceExplorer:Strike"],"damage_healed":0.0,"max_hp_gain":0.0,"max_hp_loss":0.0,"gold_gain":0.0,"event_name":"Purifier","player_choice":"Purged","floor":38.0,"gold_loss":0.0,"damage_taken":0.0}],"is_beta":false,"boss_relics":[{"not_picked":["aspiration:DefectSkillbook","Calling Bell"],"picked":"RobotSpaceExplorer:TurboCore"},{"not_picked":["halation:HeavySnake","Replay:Ancient Bell"],"picked":"conspire:RunicOctahedron"}],"items_purged_floors":[22,27],"is_endless":false,"potions_floor_spawned":[1,10,16,18,21,35,39,47],"ascension_level":15}}