{"host":"8rqsnaeml9gxb0kp","time":1612943904,"event":{"mods":["AchievementEnabler","BaseMod","Dark Map","Minty Spire (QoL Compilation)","Relic Stats","StSLib","slay the spire mod where everything is the same but ironclad has a cowboy hat"],"gold_per_floor":[118,132,150,163,5,5,22,22,22],"floor_reached":8,"language":"ENG","playtime":293,"items_purged":[],"score":98,"play_id":"cd7c071f-909d-4e26-a263-fd4b6949c3d7","local_time":"20210209235824","is_ascension_mode":true,"campfire_choices":[{"data":"Perfected Strike","floor":6,"key":"SMITH"}],"circlet_count":0,"master_deck":["AscendersBane","Strike_R","Strike_R","Strike_R","Strike_R","Strike_R","Defend_R","Defend_R","Defend_R","Defend_R","Bash","Perfected Strike+1","Perfected Strike","Twin Strike","Clothesline","Fasting2"],"relics":["Runic Cube","PrismaticShard"],"acts_visited":["Exordium"],"potions_floor_usage":[8,8],"damage_taken":[{"damage":7,"enemies":"Small Slimes","floor":1,"turns":4},{"damage":7,"enemies":"Jaw Worm","floor":2,"turns":3},{"damage":0,"enemies":"2 Louse","floor":3,"turns":2},{"damage":14,"enemies":"Exordium Wildlife","floor":4,"turns":4},{"damage":16,"enemies":"3 Louse","floor":7,"turns":3},{"damage":24,"enemies":"Gremlin Nob","floor":8,"turns":3}],"seed_played":"8964236596677760637","potions_obtained":[{"floor":2,"key":"BlessingOfTheForge"},{"floor":3,"key":"Swift Potion"}],"is_trial":false,"path_per_floor":["M","M","M","M","$","R","M","E"],"character_chosen":"IRONCLAD","items_purchased":["PrismaticShard"],"campfire_rested":0,"item_purchase_floors":[5],"current_hp_per_floor":[61,54,54,40,40,40,24,0,0],"gold":22,"neow_bonus":"BOSS_RELIC","is_daily":false,"chose_seed":false,"campfire_upgraded":1,"win_rate":0.0,"timestamp":1612943904,"path_taken":["M","M","M","M","$","R","M","E"],"items_purchased_type":["Relic"],"build_version":"2020-12-22","purchased_purges":0,"victory":false,"max_hp_per_floor":[75,75,75,75,75,75,75,75,75],"relic_stats":{"counters":[6,19],"obtain_stats":[{"PrismaticShard":5,"Burning Blood":0,"Runic Cube":0},{"PrismaticShard":4,"Burning Blood":0,"Runic Cube":0},{"PrismaticShard":13,"Burning Blood":0,"Runic Cube":0}],"Runic Cube":[10]},"card_choices":[{"not_picked":["Iron Wave","Infernal Blade"],"picked":"Perfected Strike","floor":1},{"not_picked":["Inflame","Body Slam"],"picked":"Perfected Strike","floor":2},{"not_picked":["Cleave","Ghostly Armor"],"picked":"Twin Strike","floor":3},{"not_picked":["Blood for Blood","Havoc"],"picked":"Clothesline","floor":4},{"not_picked":["Twin Strike","Prepared"],"picked":"Fasting2","floor":7}],"player_experience":190564,"relics_obtained":[],"event_choices":[],"is_beta":false,"boss_relics":[],"items_purged_floors":[],"is_endless":false,"potions_floor_spawned":[2,3,4],"killed_by":"Gremlin Nob","ascension_level":19}}