{"host":"jgqxb38yl0c1w101","time":1612993425,"event":{"mods":["2.2 Compatiblity","AchievementEnabler","BaseMod","Colored Map","Downfall","Highlight Path","Hubris","Minty Spire (QoL Compilation)","Monster B Gone","Random Character Button","Relic Stats","Replay The Spire","StSLib"],"gold_per_floor":[99,118,138,158,158,333,360,387,405,405,405],"floor_reached":10,"language":"ENG","playtime":458,"items_purged":[],"score":78,"play_id":"f7db0a98-73ae-4524-9999-0ad0fde0bf54","local_time":"20210210164345","is_ascension_mode":true,"campfire_choices":[{"data":"Double Tap","floor":1,"key":"SMITH"}],"circlet_count":0,"master_deck":["Strike_R","Strike_R","Strike_R","Strike_R","Defend_R","Defend_R","Defend_R","Defend_R","Bash","Double Tap+1","Flame Barrier","Heavy Blade","Cleave","Doubt","Searing Blow","Shrug It Off"],"relics":["Burning Blood","Question Card"],"acts_visited":["Exordium"],"potions_floor_usage":[8],"damage_taken":[{"damage":9,"enemies":"Jaw Worm","floor":2,"turns":3},{"damage":15,"enemies":"Small Slimes","floor":3,"turns":5},{"damage":1,"enemies":"2 Louse","floor":4,"turns":2},{"damage":38,"enemies":"3 Sentries","floor":8,"turns":9},{"damage":19,"enemies":"Large Slime","floor":9,"turns":7},{"damage":29,"enemies":"Gremlin Nob","floor":10,"turns":3}],"seed_played":"2391640447020054709","potions_obtained":[{"floor":2,"key":"Toxic Potion"},{"floor":3,"key":"SteroidPotion"}],"is_trial":false,"path_per_floor":["R","M","M","M","?","?","T","E","M","E"],"character_chosen":"IRONCLAD","items_purchased":[],"campfire_rested":0,"item_purchase_floors":[],"current_hp_per_floor":[80,77,68,73,73,73,73,41,28,0,0],"gold":405,"neow_bonus":"ONE_RANDOM_RARE_CARD","is_daily":false,"chose_seed":false,"campfire_upgraded":1,"win_rate":0.0,"timestamp":1612993425,"path_taken":["R","M","M","M","?","?","T","E","M","E"],"items_purchased_type":[],"build_version":"2020-12-22","purchased_purges":0,"victory":false,"max_hp_per_floor":[80,80,80,80,80,80,80,80,80,80,80],"relic_stats":{"counters":[6,29],"Question Card":1,"obtain_stats":[{"Question Card":8,"Burning Blood":0},{"Question Card":4,"Burning Blood":0},{"Question Card":19,"Burning Blood":0}],"Burning Blood":30},"card_choices":[{"not_picked":["True Grit","Rupture"],"picked":"Flame Barrier","floor":2},{"not_picked":["Warcry","Dual Wield"],"picked":"Heavy Blade","floor":3},{"not_picked":["Seeing Red","Armaments"],"picked":"Cleave","floor":4},{"not_picked":["Life Link","Rampage"],"picked":"Searing Blow","floor":8},{"not_picked":["Sword Boomerang","Flex","Havoc"],"picked":"Shrug It Off","floor":9}],"player_experience":184300,"relics_obtained":[{"floor":8,"key":"Question Card"}],"event_choices":[],"is_beta":false,"boss_relics":[],"items_purged_floors":[],"is_endless":false,"potions_floor_spawned":[2,3],"killed_by":"Gremlin Nob","ascension_level":3}}