{"host":"684z1xpuwaoqmmh1","time":1612967109,"event":{"mods":["A Magickal Journey","BaseMod","Downfall","Hermit","Jorbs\u0027s Wanderer Trilogy","Marisa????????","Minty Spire (QoL Compilation)","Robot Space Explorer","Shade Mod","StSLib","The Bug Knight","The Dragon Tamer","The Elementalist","The Hayseed","The Hierophant","The Marked","The Mystic","The Runesmith","The Saiyan","The Senshi","The Spell Scribe","The Vixen","TheBandit","TheFirefly"],"gold_per_floor":[111,123,123,123,142,170,188,221,221,221,241,241,267,81,81,183,183,196,196,208,307,327,358,369,402,402,434,449,449,475,501,501,600,600,614,624,678,697,697,723,723,945,945,311,337,337,370,381,381,381,381,381,25,50,50],"floor_reached":56,"language":"ENG","playtime":2578,"items_purged":["RobotSpaceExplorer:Strike","RobotSpaceExplorer:Strike"],"score":2098,"play_id":"5017e68f-ae69-45da-8777-5a6d6d1ab9f1","local_time":"20210210162509","is_ascension_mode":true,"campfire_choices":[{"data":"RobotSpaceExplorer:ToxicBomb","floor":10,"key":"SMITH"},{"data":"RobotSpaceExplorer:Fix","floor":12,"key":"SMITH"},{"data":"RobotSpaceExplorer:PowerCollector","floor":15,"key":"SMITH"},{"data":"RobotSpaceExplorer:Blaster","floor":29,"key":"SMITH"},{"data":"RobotSpaceExplorer:HighVoltage","floor":32,"key":"SMITH"},{"floor":41,"key":"RECALL"},{"floor":49,"key":"REST"},{"floor":52,"key":"REST"}],"circlet_count":0,"master_deck":["AscendersBane","RobotSpaceExplorer:Strike","RobotSpaceExplorer:Defend","RobotSpaceExplorer:Defend","RobotSpaceExplorer:Defend+1","RobotSpaceExplorer:Scan","RobotSpaceExplorer:MiniLasers","RobotSpaceExplorer:ToxicBomb+1","RobotSpaceExplorer:PowerGlove","RobotSpaceExplorer:MiniDrones","RobotSpaceExplorer:ScrapToss","RobotSpaceExplorer:Fix+1","RobotSpaceExplorer:MiniDrones","RobotSpaceExplorer:PowerCollector+1","RobotSpaceExplorer:JunkDive+1","RobotSpaceExplorer:Blaster+1","RobotSpaceExplorer:Jetpack","RobotSpaceExplorer:DualCore","RobotSpaceExplorer:LuckyStrike","RobotSpaceExplorer:HighVoltage+1","RobotSpaceExplorer:MiniDrones","RobotSpaceExplorer:ScrapMissile","RobotSpaceExplorer:TrailblazerForm","RobotSpaceExplorer:StarLightning","RobotSpaceExplorer:MiniBoosters+1","RobotSpaceExplorer:JunkDive","RobotSpaceExplorer:PowerCollector","RobotSpaceExplorer:PlasmaMissile","RobotSpaceExplorer:Fix","RobotSpaceExplorer:MiniBoosters+1","RobotSpaceExplorer:PowerGlove","RobotSpaceExplorer:SelfCleaning"],"relics":["RobotSpaceExplorer:RoboCore","sneckomod:BlankCard","Akabeko","theSenshi:FeatherClipsRelic","Slimebound:PreparedRelic","hexamod:CandleOfCauterizing","StrikeDummy","RobotSpaceExplorer:SearchSpecs","MutagenicStrength","Bag of Marbles","Darkstone Periapt","Anchor","bronze:DecasWashers","Red Mask","Fusion Hammer","Mango","War Paint","Runesmith:Nanobots","TheAbacus","Question Card","Ornamental Fan","Guardian:PocketSentry","Incense Burner","bronze:BronzeIdol"],"acts_visited":["Exordium","TheCity","TheBeyond","TheEnding"],"potions_floor_usage":[13,25,30,38,54,55],"damage_taken":[{"damage":0,"enemies":"Cultist","floor":1,"turns":4},{"damage":0,"enemies":"Jaw Worm","floor":2,"turns":3},{"damage":0,"enemies":"Small Slimes","floor":5,"turns":4},{"damage":14,"enemies":"3 Sentries","floor":6,"turns":7},{"damage":3,"enemies":"Looter","floor":7,"turns":3},{"damage":20,"enemies":"Gremlin Nob","floor":8,"turns":4},{"damage":0,"enemies":"Blue Slaver","floor":11,"turns":3},{"damage":2,"enemies":"HollowMod:MossKnight","floor":13,"turns":10},{"damage":8,"enemies":"The Guardian","floor":16,"turns":9},{"damage":0,"enemies":"Chosen","floor":18,"turns":3},{"damage":8,"enemies":"2 Thieves","floor":20,"turns":2},{"damage":0,"enemies":"Snake Plant","floor":22,"turns":3},{"damage":0,"enemies":"Gremlin Leader","floor":23,"turns":3},{"damage":3,"enemies":"Cultist and Chosen","floor":24,"turns":4},{"damage":0,"enemies":"Book of Stabbing","floor":25,"turns":3},{"damage":52,"enemies":"Slavers","floor":27,"turns":6},{"damage":0,"enemies":"Chosen and Byrds","floor":28,"turns":3},{"damage":0,"enemies":"Gremlin Leader","floor":30,"turns":2},{"damage":0,"enemies":"Masked Bandits","floor":31,"turns":1},{"damage":26,"enemies":"Champ","floor":33,"turns":8},{"damage":0,"enemies":"3 Darklings","floor":35,"turns":1},{"damage":1,"enemies":"3 Shapes","floor":36,"turns":1},{"damage":0,"enemies":"2 Orb Walkers","floor":37,"turns":2},{"damage":40,"enemies":"Transient","floor":38,"turns":5},{"damage":4,"enemies":"Giant Head","floor":40,"turns":4},{"damage":17,"enemies":"Nemesis","floor":45,"turns":3},{"damage":0,"enemies":"Reptomancer","floor":47,"turns":2},{"damage":0,"enemies":"Spire Growth","floor":48,"turns":3},{"damage":1,"enemies":"Awakened One","floor":50,"turns":9},{"damage":3,"enemies":"Shield and Spear","floor":54,"turns":4},{"damage":84,"enemies":"The Heart","floor":55,"turns":7}],"seed_played":"-3506351291141208934","potions_obtained":[{"floor":1,"key":"bronze:BurnAndBuffPotion"},{"floor":8,"key":"BlessingOfTheForge"},{"floor":13,"key":"PowerPotion"},{"floor":22,"key":"champ:CounterPotion"},{"floor":25,"key":"SteroidPotion"},{"floor":30,"key":"SkillPotion"},{"floor":31,"key":"LiquidMemories"},{"floor":38,"key":"sneckomod:MuddlingPotion"},{"floor":48,"key":"Block Potion"}],"is_trial":false,"path_per_floor":["M","M","?","?","M","E","M","E","T","R","M","R","E","$","R","B",null,"M","?","M","?","M","E","M","E","T","E","M","R","E","?","R","B",null,"M","M","?","M","?","E","R","?","T","$","E","T","E","M","R","B",null,"R","$","E","B",null],"character_chosen":"RobotSpaceExplorer","items_purchased":["RobotSpaceExplorer:PowerCollector","RobotSpaceExplorer:JunkDive","Runesmith:Nanobots","RobotSpaceExplorer:PowerCollector","TheAbacus","RobotSpaceExplorer:PlasmaMissile","Incense Burner","RobotSpaceExplorer:PowerGlove"],"campfire_rested":2,"item_purchase_floors":[14,14,44,44,44,44,53,53],"current_hp_per_floor":[68,68,61,61,61,47,44,24,24,24,34,34,44,44,44,48,68,75,75,75,75,75,75,75,75,75,35,47,47,59,65,65,55,70,75,75,89,55,55,63,63,63,63,63,52,52,64,80,85,85,85,85,85,85,7],"gold":50,"neow_bonus":"RANDOM_COMMON_RELIC","is_daily":false,"chose_seed":false,"campfire_upgraded":5,"win_rate":0.0,"timestamp":1612967109,"path_taken":["M","?","?","?","M","E","M","E","T","R","M","R","E","$","R","BOSS","M","?","M","?","M","E","M","E","T","E","M","R","E","?","R","BOSS","M","M","?","M","?","E","R","?","T","$","E","?","E","M","R","BOSS","R","$","E","BOSS"],"items_purchased_type":["Card","Card","Relic","Card","Relic","Card","Relic","Card"],"build_version":"2020-12-22","purchased_purges":2,"victory":true,"max_hp_per_floor":[75,75,75,75,75,75,75,75,75,75,75,75,75,75,75,75,75,75,75,75,75,75,75,75,75,75,75,75,75,75,75,75,75,75,75,75,89,89,85,85,85,85,85,85,85,85,85,85,85,85,85,85,85,85,85],"card_choices":[{"not_picked":["RobotSpaceExplorer:StunGrenade","RobotSpaceExplorer:ImprovisedAttack"],"picked":"RobotSpaceExplorer:ToxicBomb","floor":1},{"not_picked":["RobotSpaceExplorer:MetalStrike","RobotSpaceExplorer:Electroshield"],"picked":"RobotSpaceExplorer:PowerGlove","floor":2},{"not_picked":["RobotSpaceExplorer:SurgingShield","RobotSpaceExplorer:ShockKick"],"picked":"RobotSpaceExplorer:MiniDrones","floor":5},{"not_picked":["RobotSpaceExplorer:ScrapMissile","RobotSpaceExplorer:DualCore"],"picked":"RobotSpaceExplorer:ScrapToss","floor":6},{"not_picked":["RobotSpaceExplorer:ShovelStrike","RobotSpaceExplorer:Reload","RobotSpaceExplorer:GlueShot"],"picked":"SKIP","floor":7},{"not_picked":["RobotSpaceExplorer:Counterblock","RobotSpaceExplorer:FrostMissile"],"picked":"RobotSpaceExplorer:Fix","floor":8},{"not_picked":["RobotSpaceExplorer:FreezeRay","RobotSpaceExplorer:GlueShot"],"picked":"RobotSpaceExplorer:Exploration","floor":11},{"not_picked":["RobotSpaceExplorer:MetalStrike","RobotSpaceExplorer:SurgingShield"],"picked":"RobotSpaceExplorer:MiniDrones","floor":13},{"not_picked":["RobotSpaceExplorer:ShockMissile","RobotSpaceExplorer:Comet"],"picked":"RobotSpaceExplorer:Blaster","floor":16},{"not_picked":["RobotSpaceExplorer:Pulsar","RobotSpaceExplorer:Blitz"],"picked":"RobotSpaceExplorer:Jetpack","floor":18},{"not_picked":["RobotSpaceExplorer:Reload+1","RobotSpaceExplorer:BigMissile+1","RobotSpaceExplorer:Counterblock"],"picked":"SKIP","floor":20},{"not_picked":["RobotSpaceExplorer:SlimeMissile","RobotSpaceExplorer:FrostMissile"],"picked":"RobotSpaceExplorer:DualCore","floor":22},{"not_picked":["RobotSpaceExplorer:Ammunition","RobotSpaceExplorer:DoubleBlock"],"picked":"RobotSpaceExplorer:Wormhole","floor":23},{"not_picked":["RobotSpaceExplorer:FrostMissile+1","RobotSpaceExplorer:GlueShot","RobotSpaceExplorer:SlimeMissile+1"],"picked":"SKIP","floor":24},{"not_picked":["RobotSpaceExplorer:Pulsar","RobotSpaceExplorer:SlimeMissile","RobotSpaceExplorer:ShovelStrike"],"picked":"SKIP","floor":25},{"not_picked":["RobotSpaceExplorer:PlasmaMissile","RobotSpaceExplorer:SlimeMissile"],"picked":"RobotSpaceExplorer:LuckyStrike","floor":27},{"not_picked":["RobotSpaceExplorer:FranticSearch","RobotSpaceExplorer:Fix"],"picked":"RobotSpaceExplorer:HighVoltage","floor":28},{"not_picked":["RobotSpaceExplorer:Smokescreen","RobotSpaceExplorer:Reload"],"picked":"RobotSpaceExplorer:MiniDrones","floor":30},{"not_picked":["RobotSpaceExplorer:SwiftStep","RobotSpaceExplorer:SlimeMissile"],"picked":"RobotSpaceExplorer:ScrapMissile","floor":31},{"not_picked":["RobotSpaceExplorer:Autoloader","RobotSpaceExplorer:Arsenal"],"picked":"RobotSpaceExplorer:TrailblazerForm","floor":33},{"not_picked":["RobotSpaceExplorer:SurgingStrike","RobotSpaceExplorer:Probe"],"picked":"RobotSpaceExplorer:StarLightning","floor":35},{"not_picked":["RobotSpaceExplorer:FranticSearch+1","RobotSpaceExplorer:Counterblock","RobotSpaceExplorer:DoubleBlock"],"picked":"SKIP","floor":36},{"not_picked":["RobotSpaceExplorer:Reload","RobotSpaceExplorer:JunkDive"],"picked":"RobotSpaceExplorer:MiniBoosters+1","floor":37},{"not_picked":["RobotSpaceExplorer:Ammunition+1","RobotSpaceExplorer:Counterblock"],"picked":"RobotSpaceExplorer:JunkDive","floor":38},{"not_picked":["RobotSpaceExplorer:SlimeMissile","RobotSpaceExplorer:Electropulse+1","RobotSpaceExplorer:FranticSearch"],"picked":"SKIP","floor":40},{"not_picked":["RobotSpaceExplorer:MiniDrones","RobotSpaceExplorer:Blaster"],"picked":"RobotSpaceExplorer:Fix","floor":45},{"not_picked":["RobotSpaceExplorer:Blitz","RobotSpaceExplorer:SurgingShield","RobotSpaceExplorer:Probe"],"picked":"RobotSpaceExplorer:MiniBoosters+1","floor":47},{"not_picked":["RobotSpaceExplorer:Blitz+1","RobotSpaceExplorer:MetalStrike","RobotSpaceExplorer:Calculate","RobotSpaceExplorer:MakeshiftVolley"],"picked":"SKIP","floor":48},{"not_picked":["RobotSpaceExplorer:Counterblock","RobotSpaceExplorer:LaserBurst","RobotSpaceExplorer:ShockKick"],"picked":"RobotSpaceExplorer:SelfCleaning","floor":54}],"player_experience":3237626,"relics_obtained":[{"floor":6,"key":"Akabeko"},{"floor":8,"key":"theSenshi:FeatherClipsRelic"},{"floor":9,"key":"Slimebound:PreparedRelic"},{"floor":13,"key":"hexamod:CandleOfCauterizing"},{"floor":13,"key":"StrikeDummy"},{"floor":23,"key":"Bag of Marbles"},{"floor":25,"key":"Darkstone Periapt"},{"floor":26,"key":"Anchor"},{"floor":27,"key":"bronze:DecasWashers"},{"floor":31,"key":"Red Mask"},{"floor":37,"key":"Mango"},{"floor":40,"key":"War Paint"},{"floor":45,"key":"Question Card"},{"floor":46,"key":"Ornamental Fan"},{"floor":47,"key":"Guardian:PocketSentry"},{"floor":54,"key":"bronze:BronzeIdol"}],"event_choices":[{"cards_removed":["RobotSpaceExplorer:Strike"],"damage_healed":0,"gold_gain":0,"player_choice":"Card Removal","damage_taken":7,"max_hp_gain":0,"max_hp_loss":0,"event_name":"Golden Wing","floor":3,"gold_loss":0},{"damage_healed":0,"gold_gain":0,"player_choice":"Ignored","damage_taken":0,"max_hp_gain":0,"max_hp_loss":0,"event_name":"Liars Game","floor":4,"gold_loss":0},{"damage_healed":0,"gold_gain":0,"player_choice":"Inject Mutagens","damage_taken":0,"relics_obtained":["MutagenicStrength"],"max_hp_gain":0,"max_hp_loss":0,"event_name":"Drug Dealer","floor":19,"gold_loss":0},{"damage_healed":0,"gold_gain":99,"player_choice":"Stole From Cult","damage_taken":0,"max_hp_gain":0,"max_hp_loss":0,"event_name":"Nest","floor":21,"gold_loss":0},{"damage_healed":0,"gold_gain":0,"player_choice":"Fought Bandits","damage_taken":0,"max_hp_gain":0,"max_hp_loss":0,"event_name":"Masked Bandits","floor":31,"gold_loss":0},{"damage_healed":0,"gold_gain":0,"player_choice":"Fight","damage_taken":0,"max_hp_gain":0,"max_hp_loss":0,"event_name":"Mysterious Sphere","floor":37,"gold_loss":0},{"damage_healed":0,"gold_gain":0,"player_choice":"Max HP","damage_taken":0,"max_hp_gain":0,"max_hp_loss":4,"event_name":"Winding Halls","floor":39,"gold_loss":0},{"damage_healed":0,"gold_gain":222,"player_choice":"Wore Mask","damage_taken":0,"max_hp_gain":0,"max_hp_loss":0,"event_name":"Tomb of Lord Red Mask","floor":42,"gold_loss":0}],"is_beta":false,"boss_relics":[{"not_picked":["Sozu","Runic Pyramid"],"picked":"RobotSpaceExplorer:SearchSpecs"},{"not_picked":["Runesmith:UraniumAnvil","SlaversCollar"],"picked":"Fusion Hammer"}],"items_purged_floors":[14,44],"is_endless":false,"potions_floor_spawned":[1,8,13,22,25,27,30,31,37,38,47,48],"ascension_level":12}}