{"host":"Kdaddybrian","time":1612924987,"event":{"mods":["AchievementEnabler","BaseMod","Bestiary","Colored Map","Colored Powertips","Minty Spire (QoL Compilation)","Potion Indicator Mod","Quick Restart","Rare Cards Sparkle","Relic Stats","StSLib","Uncapped","Weighted Paths"],"gold_per_floor":[109,119,119,119,136,136,171,346,372,372,372,76,88,122,122,221,221,236,36,36,36,36],"floor_reached":21,"language":"ENG","playtime":1004,"items_purged":["Doubt"],"score":287,"play_id":"b8346f0c-0c7d-4d6f-a4a3-03f20af34ad1","local_time":"20210209214307","is_ascension_mode":true,"campfire_choices":[{"data":"BowlingBash","floor":6.0,"key":"SMITH"},{"floor":10.0,"key":"REST"},{"data":"Eruption","floor":15.0,"key":"SMITH"}],"circlet_count":0,"master_deck":["AscendersBane","Eruption+1","Vigilance","CurseOfTheBell","CutThroughFate","SashWhip+1","BowlingBash+1","FearNoEvil","FearNoEvil+1","WheelKick+1","ThirdEye","LikeWater","Scrawl","Vault","Evaluate","Meditate","SignatureMove+1","Consecrate+1","Indignation","Protect","Wireheading","EmptyBody","ClearTheMind","RitualDagger+1"],"relics":["Calling Bell","Tiny Chest","Pear","Lizard Tail","Centennial Puzzle","Boot","Molten Egg 2","DollysMirror","Potion Belt","Pandora\u0027s Box","TheAbacus"],"acts_visited":["Exordium","TheCity"],"potions_floor_usage":[16],"damage_taken":[{"damage":0.0,"enemies":"2 Louse","floor":1.0,"turns":4.0},{"damage":4.0,"enemies":"Small Slimes","floor":2.0,"turns":5.0},{"damage":4.0,"enemies":"Jaw Worm","floor":5.0,"turns":3.0},{"damage":24.0,"enemies":"Lagavulin","floor":7.0,"turns":6.0},{"damage":12.0,"enemies":"Exordium Wildlife","floor":13.0,"turns":3.0},{"damage":5.0,"enemies":"3 Sentries","floor":14.0,"turns":7.0},{"damage":48,"enemies":"The Guardian","floor":16,"turns":11},{"damage":22,"enemies":"Shell Parasite","floor":18,"turns":4},{"damage":59,"enemies":"3 Byrds","floor":21,"turns":2}],"seed_played":"765111068005421854","potions_obtained":[{"floor":2.0,"key":"Weak Potion"},{"floor":5.0,"key":"Strength Potion"},{"floor":13.0,"key":"EssenceOfSteel"},{"floor":14.0,"key":"Strength Potion"}],"is_trial":false,"path_per_floor":["M","M","?","?","M","R","E","?","T","R","T","$","M","E","R","B",null,"M","$","?","M"],"character_chosen":"WATCHER","items_purchased":["DollysMirror","WheelKick+1","ClearTheMind","TheAbacus"],"campfire_rested":1,"item_purchase_floors":[12,12,19,19],"current_hp_per_floor":[75,71,55,55,51,51,27,27,27,51,51,51,39,34,34,28,69,47,47,41,0,0],"gold":36,"neow_bonus":"BOSS_RELIC","is_daily":false,"chose_seed":false,"campfire_upgraded":2,"win_rate":0.0,"timestamp":1612924987,"path_taken":["M","M","?","?","M","R","E","?","T","R","?","$","?","E","R","BOSS","M","$","?","M"],"items_purchased_type":["Relic","Card","Card","Relic"],"build_version":"2020-12-18","purchased_purges":1,"victory":false,"max_hp_per_floor":[82,82,82,82,82,82,82,82,82,82,82,82,82,82,82,82,82,82,82,82,82,82],"relic_stats":{"Lizard Tail":41,"Centennial Puzzle":[15],"TheAbacus":[0],"counters":[9,45],"Tiny Chest":1,"Pandora\u0027s Box":["Vault","Evaluate","Meditate","SignatureMove","Consecrate","Indignation","Protect","Wireheading"],"Boot":[3],"obtain_stats":[{"Calling Bell":0,"Potion Belt":14,"Lizard Tail":0,"Centennial Puzzle":7,"Pear":0,"TheAbacus":19,"DollysMirror":12,"Tiny Chest":0,"Molten Egg 2":11,"Pandora\u0027s Box":17,"PureWater":0,"Boot":9},{"Calling Bell":0,"Potion Belt":6,"Lizard Tail":0,"Centennial Puzzle":4,"Pear":0,"TheAbacus":8,"DollysMirror":4,"Tiny Chest":0,"Molten Egg 2":4,"Pandora\u0027s Box":7,"PureWater":0,"Boot":4},{"Calling Bell":0,"Potion Belt":28,"Lizard Tail":0,"Centennial Puzzle":18,"Pear":0,"TheAbacus":43,"DollysMirror":18,"Tiny Chest":0,"Molten Egg 2":18,"Pandora\u0027s Box":39,"PureWater":0,"Boot":18}]},"card_choices":[{"not_picked":["Halt","Protect"],"picked":"CutThroughFate","floor":1.0},{"not_picked":["Evaluate","Swivel"],"picked":"SashWhip","floor":2.0},{"not_picked":["ClearTheMind","EmptyBody"],"picked":"BowlingBash","floor":5.0},{"not_picked":["EmptyFist","FlurryOfBlows"],"picked":"FearNoEvil","floor":7.0},{"not_picked":["JustLucky+1","Evaluate"],"picked":"ThirdEye","floor":13.0},{"not_picked":["FlurryOfBlows+1","ClearTheMind"],"picked":"LikeWater","floor":14.0},{"not_picked":["DeusExMachina","MasterReality"],"picked":"Scrawl","floor":16},{"not_picked":["Meditate+1","Halt+1"],"picked":"EmptyBody","floor":18}],"player_experience":3032995,"relics_obtained":[{"floor":0.0,"key":"Tiny Chest"},{"floor":0.0,"key":"Pear"},{"floor":0.0,"key":"Lizard Tail"},{"floor":7.0,"key":"Centennial Puzzle"},{"floor":9.0,"key":"Boot"},{"floor":11.0,"key":"Molten Egg 2"},{"floor":14.0,"key":"Potion Belt"}],"event_choices":[{"damage_healed":0.0,"max_hp_gain":0.0,"max_hp_loss":0.0,"gold_gain":0.0,"event_name":"Shining Light","player_choice":"Entered Light","floor":3.0,"gold_loss":0.0,"damage_taken":16.0,"cards_upgraded":["Strike_P","Defend_P"]},{"damage_healed":0.0,"max_hp_gain":0.0,"max_hp_loss":0.0,"gold_gain":0.0,"event_name":"Living Wall","player_choice":"Grow","floor":4.0,"gold_loss":0.0,"damage_taken":0.0,"cards_upgraded":["SashWhip"]},{"damage_healed":0.0,"max_hp_gain":0.0,"max_hp_loss":0.0,"gold_gain":175.0,"event_name":"Liars Game","player_choice":"AGREE","floor":8.0,"gold_loss":0.0,"damage_taken":0.0,"cards_obtained":["Doubt"]},{"damage_healed":0,"gold_gain":0,"player_choice":"Joined the Cult","damage_taken":6,"max_hp_gain":0,"max_hp_loss":0,"event_name":"Nest","floor":20,"gold_loss":0,"cards_obtained":["RitualDagger"]}],"is_beta":true,"boss_relics":[{"not_picked":["Ectoplasm","Runic Pyramid"],"picked":"Pandora\u0027s Box"}],"items_purged_floors":[12],"is_endless":false,"potions_floor_spawned":[2,5,13,14],"killed_by":"3 Byrds","ascension_level":11}}