{"host":"minbhrtlkaoly5f0","time":1612923674,"event":{"mods":["Act Like it!","BaseMod","Colored Map","Minty Spire (QoL Compilation)","Quick Restart","StSLib"],"gold_per_floor":[113,38,138,150,150,150,183,183,183,201,201,201,211,229,229,328,328,348,359,274,274,274,274,274],"floor_reached":23,"language":"ZHS","playtime":776,"items_purged":["Strike_B"],"score":189,"play_id":"8f575e7a-cc17-43ff-b91d-f6e1e062be8d","local_time":"20210210102114","is_ascension_mode":false,"campfire_choices":[{"data":"Echo Form","floor":6.0,"key":"SMITH"},{"floor":8.0,"key":"REST"},{"data":"Hello World","floor":11.0,"key":"SMITH"},{"floor":15.0,"key":"REST"}],"circlet_count":0,"master_deck":["Strike_B","Strike_B","Strike_B","Defend_B","Defend_B","Defend_B","Zap","Dualcast","Echo Form+1","Darkness","Hello World+1","Redo","Coolheaded","Creative AI","Decay"],"relics":["Cracked Core","Mummified Hand","Smiling Mask","SlaversCollar","Centennial Puzzle"],"acts_visited":["Exordium","TheCity"],"potions_floor_usage":[23],"damage_taken":[{"damage":10.0,"enemies":"Jaw Worm","floor":1.0,"turns":4.0},{"damage":6.0,"enemies":"Cultist","floor":4.0,"turns":4.0},{"damage":16.0,"enemies":"Gremlin Nob","floor":7.0,"turns":4.0},{"damage":10.0,"enemies":"Small Slimes","floor":10.0,"turns":3.0},{"damage":32.0,"enemies":"Exordium Thugs","floor":13.0,"turns":4.0},{"damage":20.0,"enemies":"Looter","floor":14.0,"turns":3.0},{"damage":8.0,"enemies":"The Guardian","floor":16.0,"turns":8.0},{"damage":28,"enemies":"Shell Parasite","floor":18,"turns":8},{"damage":3,"enemies":"Chosen","floor":19,"turns":6},{"damage":45,"enemies":"Book of Stabbing","floor":23,"turns":5}],"seed_played":"8072183397062903645","potions_obtained":[{"floor":4.0,"key":"Fire Potion"},{"floor":7.0,"key":"DistilledChaos"},{"floor":10.0,"key":"BlessingOfTheForge"},{"floor":13.0,"key":"FocusPotion"},{"floor":16.0,"key":"Ancient Potion"},{"floor":19,"key":"SpeedPotion"}],"is_trial":false,"path_per_floor":["M","$","?","M","?","R","E","R","T","M","R","?","M","M","R","B",null,"M","M","?","?","?","E"],"character_chosen":"DEFECT","items_purchased":[],"campfire_rested":2,"item_purchase_floors":[],"current_hp_per_floor":[65,65,65,59,59,59,43,65,65,55,55,75,43,23,45,37,75,47,44,44,44,44,0,0],"gold":274,"neow_bonus":"ONE_RANDOM_RARE_CARD","is_daily":false,"chose_seed":true,"campfire_upgraded":2,"win_rate":0.0,"timestamp":1612923674,"path_taken":["M","$","?","?","?","R","E","R","T","?","R","?","M","M","R","BOSS","M","M","?","?","?","E"],"items_purchased_type":[],"build_version":"2020-12-22","purchased_purges":1,"victory":false,"max_hp_per_floor":[75,75,75,75,75,75,75,75,75,75,75,75,75,75,75,75,75,75,75,75,75,75,75,75],"card_choices":[{"not_picked":["Hologram","Turbo"],"picked":"Darkness","floor":1.0},{"not_picked":["Turbo","Streamline","Glacier"],"picked":"SKIP","floor":4.0},{"not_picked":["Cold Snap","Melter"],"picked":"Hello World","floor":7.0},{"not_picked":["Reprogram","Melter","FTL"],"picked":"SKIP","floor":10.0},{"not_picked":["Skim","BootSequence"],"picked":"Redo","floor":13.0},{"not_picked":["Streamline","Melter"],"picked":"Coolheaded","floor":14.0},{"not_picked":["Thunder Strike","Machine Learning"],"picked":"Creative AI","floor":16.0},{"not_picked":["Cold Snap","Sweeping Beam","Beam Cell"],"picked":"SKIP","floor":18},{"not_picked":["Rip and Tear","Hello World","Glacier"],"picked":"SKIP","floor":19}],"player_experience":36258,"relics_obtained":[{"floor":7.0,"key":"Mummified Hand"},{"floor":9.0,"key":"Smiling Mask"}],"event_choices":[{"damage_healed":0.0,"max_hp_gain":0.0,"max_hp_loss":0.0,"gold_gain":100.0,"event_name":"Golden Shrine","player_choice":"Pray","floor":3.0,"gold_loss":0.0,"damage_taken":0.0},{"cards_removed":["Defend_B"],"damage_healed":0.0,"max_hp_gain":0.0,"max_hp_loss":0.0,"gold_gain":0.0,"event_name":"Wheel of Change","player_choice":"Card Removal","floor":5.0,"gold_loss":0.0,"damage_taken":0.0},{"damage_healed":25.0,"max_hp_gain":0.0,"max_hp_loss":0.0,"gold_gain":0.0,"event_name":"Big Fish","player_choice":"Banana","floor":12.0,"gold_loss":0.0,"damage_taken":0.0},{"damage_healed":0,"gold_gain":0,"player_choice":"Obtained Relic","damage_taken":0,"relics_obtained":["Centennial Puzzle"],"max_hp_gain":0,"max_hp_loss":0,"event_name":"Addict","floor":20,"gold_loss":85},{"damage_healed":0,"gold_gain":0,"player_choice":"Ignored","damage_taken":0,"max_hp_gain":0,"max_hp_loss":0,"event_name":"Vampires","floor":21,"gold_loss":0},{"damage_healed":0,"gold_gain":0,"player_choice":"Smashed Altar","damage_taken":0,"max_hp_gain":0,"max_hp_loss":0,"event_name":"Forgotten Altar","floor":22,"gold_loss":0,"cards_obtained":["Decay"]}],"is_beta":false,"boss_relics":[{"not_picked":["Runic Pyramid","Ectoplasm"],"picked":"SlaversCollar"}],"items_purged_floors":[2],"is_endless":false,"potions_floor_spawned":[4,7,10,13,16,19],"killed_by":"Book of Stabbing","ascension_level":0}}