{"host":"gh97pv908ci4ql26","time":1612945622,"event":{"mods":["AchievementEnabler","BaseMod","Block Reminder","Colored Powertips","Emptier Cage","Highlight Path","Minty Spire (QoL Compilation)","Permanent Neow","Quick Restart","Relic Sorter","StSLib","Together in Spire","everything is the same but u backflip on backflip","slay the spire mod where everything is the same but ironclad has a cowboy hat"],"gold_per_floor":[219,219,233,233,258,296,296,320,347,367,367,43,43,43,43,162,162,198,213,247,247,306,306,145,145,145,195,195,265,305,231,231,384,384,405,470,157,176,176,176],"floor_reached":39,"language":"ENG","playtime":5138,"items_purged":["Injury"],"score":408,"play_id":"f1cbc73c-d855-4691-ab36-0cebff589e90","local_time":"20210210002702","is_ascension_mode":false,"campfire_choices":[{"floor":7.0,"key":"REST"},{"floor":11.0,"key":"REST"},{"floor":13.0,"key":"REST"},{"floor":15.0,"key":"RECALL"},{"floor":23.0,"key":"REST"},{"data":"HandOfGreed","floor":25.0,"key":"SMITH"},{"data":"After Image","floor":28.0,"key":"SMITH"},{"data":"Doppelganger","floor":32,"key":"SMITH"}],"circlet_count":0,"master_deck":["Strike_G","Strike_G","Strike_G","Defend_G","Defend_G","Defend_G+1","Defend_G+1","Survivor","Neutralize","Bane","Crippling Poison","Outmaneuver","Heel Hook","Deflect","Doppelganger+1","HandOfGreed+1","Infinite Blades","Envenom","Terror+1","Slice+1","Malaise+1","Underhanded Strike+1","Slice","Flying Knee","Prepared","Well Laid Plans+1","Blind","Footwork","After Image+1","Well Laid Plans+1","Dodge and Roll","Caltrops","After Image","Underhanded Strike+1","Catalyst+1","Enlightenment","Noxious Fumes","Tactician"],"relics":["Ring of the Snake","Golden Idol","Ancient Tea Set","Lantern","Astrolabe","Red Mask","Bird Faced Urn","Philosopher\u0027s Stone","Bronze Scales"],"acts_visited":["Exordium","TheCity","TheBeyond"],"potions_floor_usage":[33,33],"damage_taken":[{"damage":0.0,"enemies":"Jaw Worm","floor":1.0,"turns":7.0},{"damage":2.0,"enemies":"Small Slimes","floor":3.0,"turns":6.0},{"damage":0.0,"enemies":"2 Louse","floor":5.0,"turns":2.0},{"damage":41.0,"enemies":"3 Sentries","floor":6.0,"turns":18.0},{"damage":4.0,"enemies":"Exordium Thugs","floor":8.0,"turns":6.0},{"damage":12.0,"enemies":"Large Slime","floor":10.0,"turns":10.0},{"damage":52.0,"enemies":"The Guardian","floor":16.0,"turns":18.0},{"damage":19.0,"enemies":"Spheric Guardian","floor":18.0,"turns":6.0},{"damage":0.0,"enemies":"Chosen","floor":19.0,"turns":4.0},{"damage":6.0,"enemies":"Snake Plant","floor":20.0,"turns":5.0},{"damage":63.0,"enemies":"Masked Bandits","floor":22.0,"turns":8.0},{"damage":11.0,"enemies":"Shelled Parasite and Fungi","floor":27.0,"turns":5.0},{"damage":0.0,"enemies":"3 Cultists","floor":29.0,"turns":6.0},{"damage":3,"enemies":"Chosen and Byrds","floor":30,"turns":7},{"damage":22,"enemies":"Automaton","floor":33,"turns":13},{"damage":9,"enemies":"3 Darklings","floor":35,"turns":8},{"damage":32,"enemies":"3 Shapes","floor":36,"turns":7},{"damage":22,"enemies":"Transient","floor":38,"turns":5},{"damage":79,"enemies":"4 Shapes","floor":39,"turns":3}],"seed_played":"-7573886397962255226","potions_obtained":[{"floor":1.0,"key":"Strength Potion"},{"floor":5.0,"key":"DuplicationPotion"},{"floor":6.0,"key":"FairyPotion"},{"floor":16.0,"key":"Fire Potion"},{"floor":18.0,"key":"Block Potion"},{"floor":19.0,"key":"GhostInAJar"},{"floor":22.0,"key":"Fruit Juice"},{"floor":30,"key":"Regen Potion"},{"floor":35,"key":"SteroidPotion"}],"is_trial":false,"path_per_floor":["M","?","M","?","M","E","R","M","T","M","R","$","R","?","R","B",null,"M","M","M","?","?","R","$","R","T","M","R","M","M","$","R","B",null,"M","M","$","M","M"],"character_chosen":"THE_SILENT","items_purchased":["HandOfGreed","Infinite Blades","Blind","Footwork","Caltrops","Enlightenment","Noxious Fumes","Bronze Scales"],"campfire_rested":4,"item_purchase_floors":[12,12,24,24,31,37,37,37],"current_hp_per_floor":[70,70,68,54,54,13,34,30,30,18,39,39,60,53,53,1,70,51,51,45,45,17,39,39,39,39,34,34,44,53,53,53,60,75,70,50,50,40,0,0],"gold":176,"neow_bonus":"HUNDRED_GOLD","is_daily":false,"chose_seed":false,"campfire_upgraded":3,"win_rate":0.0,"timestamp":1612945622,"path_taken":["M","?","M","?","M","E","R","M","T","M","R","$","R","?","R","BOSS","M","M","M","?","?","R","?","R","T","M","R","M","?","$","R","BOSS","M","M","$","M","M"],"items_purchased_type":["Card","Card","Card","Card","Card","Card","Card","Relic"],"build_version":"2020-12-22","purchased_purges":1,"victory":false,"max_hp_per_floor":[70,70,70,70,70,70,70,70,70,70,70,70,70,70,70,70,70,70,70,70,70,75,75,75,75,75,75,75,75,75,75,75,75,75,75,75,75,75,75,75],"card_choices":[{"not_picked":["Flechettes","Quick Slash"],"picked":"Bane","floor":1.0},{"not_picked":["All Out Attack","Slice"],"picked":"Crippling Poison","floor":3.0},{"not_picked":["Eviscerate","Backflip"],"picked":"Outmaneuver","floor":5.0},{"not_picked":["Eviscerate","Predator"],"picked":"Heel Hook","floor":6.0},{"not_picked":["Dodge and Roll","Backflip"],"picked":"Deflect","floor":8.0},{"not_picked":["Blur","Dagger Spray"],"picked":"Doppelganger","floor":10.0},{"not_picked":["Burst","Malaise"],"picked":"Envenom","floor":16.0},{"not_picked":["Deadly Poison","Dagger Throw"],"picked":"Underhanded Strike+1","floor":18.0},{"not_picked":["Dagger Spray","Quick Slash"],"picked":"Slice","floor":19.0},{"not_picked":["Flechettes","Outmaneuver"],"picked":"Flying Knee","floor":20.0},{"not_picked":["All Out Attack+1","Sucker Punch"],"picked":"Well Laid Plans+1","floor":22.0},{"not_picked":["Prepared","Backflip"],"picked":"After Image","floor":27.0},{"not_picked":["Eviscerate","Flying Knee+1"],"picked":"Well Laid Plans+1","floor":29.0},{"not_picked":["Dash","Terror"],"picked":"Dodge and Roll","floor":30},{"not_picked":["Doppelganger","Night Terror"],"picked":"After Image","floor":33},{"not_picked":["PiercingWail","Prepared"],"picked":"Underhanded Strike+1","floor":35},{"not_picked":["Backflip+1","Prepared"],"picked":"Catalyst+1","floor":36},{"not_picked":["Bouncing Flask+1","Backstab+1"],"picked":"Tactician","floor":38}],"player_experience":89915,"relics_obtained":[{"floor":6.0,"key":"Ancient Tea Set"},{"floor":22.0,"key":"Red Mask"},{"floor":26.0,"key":"Bird Faced Urn"}],"event_choices":[{"damage_healed":0.0,"max_hp_gain":0.0,"max_hp_loss":0.0,"gold_gain":0.0,"event_name":"Golden Idol","player_choice":"Take Wound","floor":2.0,"gold_loss":0.0,"damage_taken":0.0,"relics_obtained":["Golden Idol"],"cards_obtained":["Injury"]},{"damage_healed":0.0,"max_hp_gain":0.0,"max_hp_loss":0.0,"gold_gain":0.0,"event_name":"Shining Light","player_choice":"Entered Light","floor":4.0,"gold_loss":0.0,"damage_taken":14.0,"cards_upgraded":["Defend_G","Defend_G"]},{"damage_healed":0.0,"max_hp_gain":0.0,"max_hp_loss":0.0,"gold_gain":0.0,"event_name":"Scrap Ooze","player_choice":"Success","floor":14.0,"gold_loss":0.0,"damage_taken":7.0,"relics_obtained":["Lantern"]},{"damage_healed":0.0,"max_hp_gain":0.0,"max_hp_loss":0.0,"gold_gain":0.0,"event_name":"The Library","player_choice":"Read","floor":21.0,"gold_loss":0.0,"damage_taken":0.0,"cards_obtained":["Prepared"]},{"damage_healed":0.0,"max_hp_gain":0.0,"max_hp_loss":0.0,"gold_gain":0.0,"event_name":"Masked Bandits","player_choice":"Fought Bandits","floor":22.0,"gold_loss":0.0,"damage_taken":0.0}],"is_beta":false,"boss_relics":[{"not_picked":["Snecko Eye","Calling Bell"],"picked":"Astrolabe"},{"not_picked":["Empty Cage","Black Star"],"picked":"Philosopher\u0027s Stone"}],"items_purged_floors":[12],"is_endless":false,"potions_floor_spawned":[1,5,6,16,18,19,22,30,35],"killed_by":"4 Shapes","ascension_level":0}}