{"host":"03szyvia947otbw5","time":1612977298,"event":{"mods":["Act Like it!","BaseMod","Better Note","Dota2Spire","Hallownest","Marisa£®ÏF”Í°°ƒß¿Ì…≥£©","Minty Spire (QoL Compilation)","Replay The Spire","Ryuuou¡˙Õı","Shop Mod","StSLib","The Blue Laboratory","The Bug Knight","The Runesmith","Thieving Mod","°æ“≈ŒÔø®≈∆°øREMEMod"],"gold_per_floor":[109,109,184,61,8,8,8,79,103,103,118,118,82,82,82,184,184,195,195,195,71,71,71,23,23,23,115,115,15,15,34,34,131,131,149,5,5,21,21,21,21,21,47,47,47,47,67,78,78,78,78],"floor_reached":50,"language":"ZHS","playtime":1800,"items_purged":["Runesmith:CreatorForm","Armaments"],"score":418,"play_id":"4c437fed-be05-4332-adbd-1899bc8c85cf","local_time":"20210211011458","daily_mods":["SealedDeck","Allstar","Colorless Cards","Heirloom","Time Dilation","Flight"],"is_ascension_mode":false,"campfire_choices":[{"data":"DevaForm","floor":6,"key":"SMITH"},{"data":"Apotheosis","floor":7,"key":"SMITH"},{"data":"Echo Form","floor":10,"key":"SMITH"},{"data":"Demon Form","floor":12,"key":"SMITH"},{"data":"Inflame","floor":15,"key":"SMITH"},{"data":"Entrench","floor":23,"key":"SMITH"},{"data":"Shrug It Off","floor":25,"key":"SMITH"},{"floor":28,"key":"REST"},{"data":"Transmutation","floor":32,"key":"SMITH"},{"data":"Madness","floor":40,"key":"SMITH"},{"data":"REME_Flogging","floor":41,"key":"SMITH"},{"data":"Mind Blast","floor":42,"key":"SMITH"},{"data":"The Bomb","floor":44,"key":"SMITH"},{"data":"Forethought","floor":46,"key":"SMITH"},{"floor":49,"key":"REST"}],"circlet_count":0,"master_deck":["Demon Form+1","Wraith Form v2+1","Echo Form+1","DevaForm+1","Pommel Strike+1","Run Through","Body Slam+1","Clash","Twin Strike","Swift Strike","Inflame+1","Heavy Blade+1","Inflame+1","Strike_R","Mind Blast+1","REME_Flogging+1","Transmutation+1","Entrench+1","Shrug It Off+1","The Bomb+1","Madness+1","Forethought+1","Metallicize+1"],"relics":["Burning Blood","REME_ComplimentaryCards","StoneCalendar","Whetstone","SlaversCollar","ReplayTheSpireMod:ShopPack","Bronze Scales","Strawberry","Dota2Spire:CrimsonGuard","Runic Cube","Chemical X","Replay:Wax Seal"],"acts_visited":["Exordium","TheCity","TheBeyond"],"potions_floor_usage":[33,33,50],"damage_taken":[{"damage":7,"enemies":"Small Slimes","floor":1,"turns":3},{"damage":1,"enemies":"Jaw Worm","floor":11,"turns":2},{"damage":4,"enemies":"Slime Boss","floor":16,"turns":7},{"damage":26,"enemies":"Shell Parasite","floor":18,"turns":6},{"damage":29,"enemies":"3 Byrds","floor":27,"turns":3},{"damage":28,"enemies":"Snake Plant","floor":31,"turns":2},{"damage":5,"enemies":"Automaton","floor":33,"turns":6},{"damage":20,"enemies":"3 Shapes","floor":35,"turns":3},{"damage":19,"enemies":"3 Darklings","floor":38,"turns":3},{"damage":26,"enemies":"Writhing Mass","floor":47,"turns":5},{"damage":22,"enemies":"4 Shapes","floor":48,"turns":4},{"damage":54,"enemies":"Time Eater","floor":50,"turns":7}],"seed_played":"8109490576289593414","potions_obtained":[{"floor":16,"key":"Dota2Spire:Clarity"},{"floor":18,"key":"ColorlessPotion"},{"floor":33,"key":"ColorlessPotion"},{"floor":48,"key":"SpeedPotion"}],"is_trial":true,"path_per_floor":["M","?","?","$","$","R","R","?","T","R","M","R","$","?","R","B",null,"M","?","?","$","?","R","$","R","T","M","R","$","?","M","R","B",null,"M","$","?","M","?","R","R","R","T","R","?","R","M","M","R","B"],"character_chosen":"IRONCLAD","items_purchased":["Shrug It Off","Flex","Inflame","ReplayTheSpireMod:ShopPack","Shrug It Off","Chemical X"],"campfire_rested":2,"item_purchase_floors":[4,5,13,21,24,36],"current_hp_per_floor":[79,79,68,68,48,48,48,48,48,48,53,53,53,53,53,55,80,60,60,60,60,60,60,67,67,67,44,70,70,70,48,48,49,87,73,73,73,60,60,60,60,60,60,60,60,60,40,24,50,0,0],"gold":78,"neow_bonus":"","is_daily":false,"chose_seed":false,"campfire_upgraded":13,"win_rate":0.0,"timestamp":1612977298,"path_taken":["M","?","?","$","$","R","R","?","T","R","?","R","$","?","R","BOSS","M","?","?","$","?","R","$","R","T","?","R","$","?","M","R","BOSS","M","$","?","M","?","R","R","R","T","R","?","R","?","M","R","BOSS"],"items_purchased_type":["Card","Card","Card","Relic","Card","Relic"],"build_version":"2020-12-22","purchased_purges":2,"victory":false,"max_hp_per_floor":[80,80,80,80,80,80,80,80,80,80,80,80,80,80,80,80,80,80,80,80,80,80,80,87,87,87,87,87,87,87,87,87,87,87,87,87,87,87,87,87,87,87,87,87,87,87,87,87,87,87,87],"card_choices":[{"not_picked":["Thunderclap","Replay:Undeath\u0027s Touch"],"picked":"Pommel Strike","floor":1},{"not_picked":["Pummel","Replay:Undeath\u0027s Touch"],"picked":"Heavy Blade","floor":11},{"not_picked":["REME_TheoryOfElimination","Clash","Sword Boomerang"],"picked":"SKIP","floor":18},{"not_picked":["Transmutation","ReplayTheSpireMod:Brewmster"],"picked":"Mind Blast","floor":21},{"not_picked":["Magnetism","ReplayTheSpireMod:Brewmster"],"picked":"REME_Flogging","floor":21},{"not_picked":["Secret Weapon","REME_TwoStrings"],"picked":"Transmutation","floor":21},{"not_picked":["Battle Trance+1","Clash","Replay:Sssssssssstrike"],"picked":"SKIP","floor":27},{"not_picked":["Perfected Strike","Thunderclap","Panacea"],"picked":"SKIP","floor":31},{"not_picked":["Crow Ritual","Master of Strategy"],"picked":"The Bomb","floor":33},{"not_picked":["Headbutt+1","Replay:Sssssssssshield","Clothesline"],"picked":"SKIP","floor":35},{"not_picked":["Clash+1","Massacre+1"],"picked":"Madness","floor":38},{"not_picked":["REME_ShortnessOfBreath","Purity"],"picked":"Forethought","floor":39},{"not_picked":["Pommel Strike+1","Sword Boomerang+1"],"picked":"Metallicize+1","floor":47},{"not_picked":["Warcry+1","Wild Strike","Replay:Undeath\u0027s Touch+1"],"picked":"SKIP","floor":48}],"player_experience":228162,"relics_obtained":[{"floor":9,"key":"Whetstone"},{"floor":26,"key":"Dota2Spire:CrimsonGuard"},{"floor":43,"key":"Replay:Wax Seal"}],"event_choices":[{"damage_healed":0,"gold_gain":75,"player_choice":"Gather Gold","damage_taken":11,"max_hp_gain":0,"max_hp_loss":0,"event_name":"World of Goop","floor":3,"gold_loss":0},{"damage_healed":0,"gold_gain":71,"player_choice":"Gained Gold","damage_taken":0,"max_hp_gain":0,"max_hp_loss":0,"event_name":"Golden Wing","floor":8,"gold_loss":0},{"damage_healed":0,"gold_gain":0,"player_choice":"Grow","damage_taken":0,"max_hp_gain":0,"max_hp_loss":0,"event_name":"Living Wall","floor":14,"gold_loss":0,"cards_upgraded":["Heavy Blade"]},{"damage_healed":0,"gold_gain":0,"player_choice":"Upgraded","damage_taken":0,"max_hp_gain":0,"max_hp_loss":0,"event_name":"Upgrade Shrine","floor":19,"gold_loss":0,"cards_upgraded":["Inflame"]},{"damage_healed":0,"gold_gain":0,"player_choice":"Take","damage_taken":0,"max_hp_gain":0,"max_hp_loss":0,"event_name":"betterNote:BetterNote","floor":20,"gold_loss":0,"cards_obtained":["Strike_R"]},{"damage_healed":0,"gold_gain":0,"player_choice":"Read","damage_taken":0,"max_hp_gain":0,"max_hp_loss":0,"event_name":"The Library","floor":22,"gold_loss":0,"cards_obtained":["Entrench"]},{"damage_healed":0,"gold_gain":0,"player_choice":"Ignored","damage_taken":0,"max_hp_gain":0,"max_hp_loss":0,"event_name":"Vampires","floor":30,"gold_loss":0},{"damage_healed":0,"gold_gain":0,"player_choice":"Ignored","damage_taken":0,"max_hp_gain":0,"max_hp_loss":0,"event_name":"Mysterious Sphere","floor":37,"gold_loss":0},{"damage_healed":0,"gold_gain":0,"player_choice":"Memory 1","damage_taken":0,"max_hp_gain":0,"max_hp_loss":0,"event_name":"SensoryStone","floor":39,"gold_loss":0},{"cards_removed":["Apotheosis"],"damage_healed":0,"gold_gain":0,"player_choice":"Purged","damage_taken":0,"max_hp_gain":0,"max_hp_loss":0,"event_name":"Purifier","floor":45,"gold_loss":0}],"is_beta":false,"boss_relics":[{"not_picked":["Runic Dome","Kintsugi"],"picked":"SlaversCollar"},{"not_picked":["SacredBark","Empty Cage"],"picked":"Runic Cube"}],"items_purged_floors":[4,29],"is_endless":true,"potions_floor_spawned":[16,18,33,48],"killed_by":"Time Eater","ascension_level":0}}