{"host":"0cnf9zf1gia27zti","time":1612919311,"event":{"mods":["BaseMod","Better Third Choice","BetterRewards","Card Forge","ChefMod","Colored Map","Colored Powertips","Conspire","Downfall","Googly Eyes","Infinite Spire","Minty Spire (QoL Compilation)","Practice Mode","Quick Restart","Replay The Spire","Shade Mod","Spicy Shops","StSLib","The Marked"],"gold_per_floor":[109,109,129,129,129,129,163,179,179,204,204,204,222,222,222,299,299,310,310,327,327,327,359,359,388,388,400,417,10,26,42,42,119,169,180,194,194,194,207,236,262,107,107,107,127,127,142,161,161,161],"floor_reached":51,"language":"ENG","playtime":2171,"items_purged":["Strike_R","Defend_R","Strike_R","Bash+1"],"score":1810,"play_id":"54cafa01-7645-4982-8b08-5d0701c51b1b","local_time":"20210210010831","is_ascension_mode":true,"campfire_choices":[{"data":"Metallicize","floor":6,"key":"SMITH"},{"data":"Bash","floor":11,"key":"SMITH"},{"floor":15,"key":"REST"},{"data":"Entrench","floor":24,"key":"SMITH"},{"data":"infinitespire:Fortify","floor":32,"key":"SMITH"},{"data":"infinitespire:Fortify","floor":46,"key":"SMITH"},{"data":"Body Slam","floor":49,"key":"SMITH"}],"circlet_count":0,"master_deck":["AscendersBane","Defend_R+1","Metallicize+1","Whirlwind+1","Warcry+1","ReplayTheSpireMod:Stacked","Flame Barrier+1","Juggernaut+1","infinitespire:Fortify+1","Entrench+1","Warcry","Shrug It Off","Seeing Red+1","Shrug It Off","Flame Barrier+1","infinitespire:Fortify+1","Juggernaut+1","Body Slam+1"],"relics":["Black Blood","Hammer of Thor","Seething Fire","Anvil of the Gods","Chemical X","Thread and Needle","Lantern","Iron Hammer","BargainBundle","Medical Kit","Gremlin Food","infinitespire:Beetle Shell","Replay:PocketPolymizer","InkBottle","StrikeDummy","Counterbalance","Girya","conspire:Dentures","Chameleon Ring","infinitespire:BottledMercury","Orrery","Tiny House","WingedGreaves","Replay:Mystery Machine","Akabeko","infinitespire:Broken Mirror","DollysMirror","Blood Vial"],"acts_visited":["Exordium","TheCity","TheBeyond"],"potions_floor_usage":[7,10,16,16,18,23,33,41,50],"damage_taken":[{"damage":0,"enemies":"conspire:RoseBush","floor":1,"turns":4},{"damage":0,"enemies":"infinitespire:Voidling","floor":3,"turns":2},{"damage":2,"enemies":"3 Sentries","floor":7,"turns":6},{"damage":0,"enemies":"2 Louse","floor":8,"turns":1},{"damage":4,"enemies":"Lagavulin","floor":10,"turns":5},{"damage":0,"enemies":"2 Fungi Beasts","floor":13,"turns":1},{"damage":4,"enemies":"Hexaghost","floor":16,"turns":7},{"damage":1,"enemies":"conspire:FuzzyDice","floor":18,"turns":4},{"damage":0,"enemies":"Shell Parasite","floor":20,"turns":7},{"damage":5,"enemies":"Slavers","floor":23,"turns":4},{"damage":0,"enemies":"Gremlin Leader","floor":25,"turns":5},{"damage":0,"enemies":"Snake Plant","floor":27,"turns":2},{"damage":3,"enemies":"conspire:HollyBat","floor":28,"turns":5},{"damage":0,"enemies":"3 Cultists","floor":30,"turns":4},{"damage":0,"enemies":"Cultist and Chosen","floor":31,"turns":3},{"damage":0,"enemies":"Automaton","floor":33,"turns":5},{"damage":2,"enemies":"3 Darklings","floor":35,"turns":3},{"damage":0,"enemies":"Orb Walker","floor":36,"turns":2},{"damage":0,"enemies":"Spire Growth","floor":39,"turns":3},{"damage":0,"enemies":"Giant Head","floor":40,"turns":7},{"damage":6,"enemies":"conspire:MimicChest","floor":41,"turns":5},{"damage":0,"enemies":"Transient","floor":45,"turns":5},{"damage":0,"enemies":"3 Darklings","floor":47,"turns":2},{"damage":0,"enemies":"Maw","floor":48,"turns":4},{"damage":9,"enemies":"infinitespire:MassOfShapes","floor":50,"turns":8}],"seed_played":"-876766408793006628","potions_obtained":[{"floor":1,"key":"Weak Potion"},{"floor":7,"key":"Reflective Coating"},{"floor":13,"key":"EntropicBrew"},{"floor":18,"key":"Explosive Potion"},{"floor":23,"key":"Energy Potion"},{"floor":30,"key":"Doom Potion"},{"floor":34,"key":"Swift Potion"},{"floor":35,"key":"Flashbang"},{"floor":41,"key":"champ:CounterPotion"},{"floor":47,"key":"Block Potion"}],"is_trial":false,"path_per_floor":["M","$","M","?","$","R","E","M","T","E","R","?","M","?","R_BF","B",null,"M","$","M","AVR","?","E","R","E","T","M","M","$","M","M","R","B",null,"M","M","AVR","?","M","E","?","$","T","$","M","R","M","M","R_BF","B",null],"character_chosen":"IRONCLAD","items_purchased":["Chemical X","Thread and Needle","Metallicize","Lantern","Iron Hammer","BargainBundle","Whirlwind","Medical Kit","Gremlin Food","infinitespire:Beetle Shell","infinitespire:BottledMercury","Orrery","DollysMirror"],"campfire_rested":1,"item_purchase_floors":[0,0,0,0,0,0,0,0,0,0,29,29,42],"current_hp_per_floor":[74,74,75,75,75,75,75,75,75,75,75,52,58,58,75,75,75,75,75,75,75,75,75,75,75,75,75,75,75,75,75,75,75,80,80,80,80,80,80,80,80,80,80,80,80,80,80,80,80,80],"gold":161,"neow_bonus":"","is_daily":false,"chose_seed":false,"campfire_upgraded":6,"win_rate":0.0,"timestamp":1612919311,"path_taken":["M","$","M","?","$","R","E","?","T","E","R","?","M","?","R_BF","BOSS","M","$","M","AVR","?","E","R","E","T","M","M","$","M","M","R","BOSS","M","M","AVR","?","?","E","?","$","T","$","M","R","M","?","R_BF","BOSS"],"items_purchased_type":["Relic","Relic","Card","Relic","Relic","Relic","Card","Relic","Relic","Relic","Relic","Relic","Relic"],"build_version":"2020-12-22","purchased_purges":4,"victory":true,"max_hp_per_floor":[75,75,75,75,75,75,75,75,75,75,75,75,75,75,75,75,75,75,75,75,75,75,75,75,75,75,75,75,75,75,75,75,75,80,80,80,80,80,80,80,80,80,80,80,80,80,80,80,80,80],"card_choices":[{"not_picked":["ReplayTheSpireMod:Stacked","Clash","ReplayTheSpireMod:Strike From Hell"],"picked":"SKIP","floor":1},{"not_picked":["Headbutt","Havoc","Shockwave"],"picked":"SKIP","floor":3},{"not_picked":["Sever Soul","Run Through"],"picked":"Warcry","floor":7},{"not_picked":["Wild Strike","Anger","Body Slam"],"picked":"SKIP","floor":8},{"not_picked":["Replay:Undeath\u0027s Touch","Pommel Strike","Perfected Strike"],"picked":"SKIP","floor":10},{"not_picked":["Reckless Charge","Clash"],"picked":"ReplayTheSpireMod:Stacked","floor":13},{"not_picked":["Ghostly Armor","Havoc","Flex"],"picked":"SKIP","floor":18},{"not_picked":["Pommel Strike+1","ReplayTheSpireMod:Muscle Training","Replay:Undeath\u0027s Touch"],"picked":"SKIP","floor":20},{"not_picked":["Armaments+1","Clothesline"],"picked":"Entrench","floor":23},{"not_picked":["Fiend Fire","ReplayTheSpireMod:Muscle Training","Headbutt"],"picked":"SKIP","floor":25},{"not_picked":["conspire:Charge","Hemokinesis","ReplayTheSpireMod:Strike From Hell"],"picked":"SKIP","floor":27},{"not_picked":["Clothesline","Armaments","Headbutt"],"picked":"SKIP","floor":28},{"not_picked":["Cleave","Heavy Blade"],"picked":"Warcry","floor":29},{"not_picked":["Double Tap","Power Through"],"picked":"Shrug It Off","floor":29},{"not_picked":["Clash","Perfected Strike"],"picked":"Seeing Red","floor":30},{"not_picked":["Sword Boomerang","Clothesline","Thunderclap"],"picked":"SKIP","floor":31},{"not_picked":["Dropkick","Thunderclap"],"picked":"Shrug It Off","floor":34},{"not_picked":["Thunderclap+1","Sword Boomerang+1","Heavy Blade"],"picked":"SKIP","floor":35},{"not_picked":["Carnage","Inflame"],"picked":"Flame Barrier+1","floor":36},{"not_picked":["Thunderclap","Heavy Blade+1","Cleave"],"picked":"SKIP","floor":39},{"not_picked":["Replay:Undeath\u0027s Touch","Bloodletting","Pummel"],"picked":"SKIP","floor":40},{"not_picked":["Flame Barrier","ReplayTheSpireMod:Strike From Hell","Iron Wave"],"picked":"SKIP","floor":45},{"not_picked":["Run Through","Flex+1","Twin Strike"],"picked":"SKIP","floor":47},{"not_picked":["Rupture+1","Replay:Undeath\u0027s Touch+1"],"picked":"Body Slam","floor":48}],"player_experience":3767716,"relics_obtained":[{"floor":7,"key":"Replay:PocketPolymizer"},{"floor":9,"key":"InkBottle"},{"floor":10,"key":"StrikeDummy"},{"floor":23,"key":"Girya"},{"floor":25,"key":"conspire:Dentures"},{"floor":26,"key":"Chameleon Ring"},{"floor":38,"key":"Replay:Mystery Machine"},{"floor":40,"key":"Akabeko"},{"floor":41,"key":"infinitespire:Broken Mirror"},{"floor":43,"key":"Blood Vial"}],"event_choices":[{"cards_removed":["Strike_R"],"damage_healed":0,"gold_gain":0,"player_choice":"Offered Basic","damage_taken":0,"max_hp_gain":0,"max_hp_loss":0,"event_name":"Bonfire Elementals","floor":4,"gold_loss":0},{"damage_healed":75,"gold_gain":0,"player_choice":"Upgrade","damage_taken":23,"max_hp_gain":0,"max_hp_loss":75,"event_name":"betterThird:BetterShining","floor":12,"gold_loss":0,"cards_upgraded":["Whirlwind","Warcry"]},{"damage_healed":0,"gold_gain":0,"player_choice":"Ignored","damage_taken":0,"max_hp_gain":0,"max_hp_loss":0,"event_name":"Beggar","floor":22,"gold_loss":0},{"damage_healed":0,"gold_gain":0,"player_choice":"Relic","damage_taken":0,"max_hp_gain":0,"max_hp_loss":0,"event_name":"Wheel of Change","floor":38,"gold_loss":0}],"is_beta":false,"boss_relics":[{"not_picked":["Ectoplasm","Astrolabe"],"picked":"Black Blood"},{"not_picked":["Runic Dome","conspire:RoyalGoblet"],"picked":"Tiny House"}],"items_purged_floors":[0,0,0,37],"is_endless":false,"potions_floor_spawned":[1,7,13,18,23,30,35,41,47],"ascension_level":15}}