{"host":"am0cr9xwekqmrere","time":1612978198,"event":{"mods":["AchievementEnabler","Act Like it!","BaseMod","Better Altar","Better Match","Better Note","Better Sensory Stone","Better Skull","Better Third Choice","BetterRewards","Conspire","Downfall","Hubris","Infinite Spire","Minty Spire (QoL Compilation)","Rare Cards Sparkle","Spicy Shops","StSLib","Unceasing Turn Reminder"],"gold_per_floor":[99,115,129,149,149,165,189,20,20,54,54,79,89,121,138,237,237,37,49,49,49,49,65,111,111,131,144,157,169,79,100,117,218,218,118,132,141,185,209,234,234,261,261,274,293,126,126,145,171,171,171,198,46,46,46,46],"floor_reached":57,"language":"ENG","playtime":3057,"items_purged":["Writhe"],"score":1281,"play_id":"45581f8e-26dd-4fb4-ad63-c90013a3efc9","local_time":"20210210112958","is_ascension_mode":true,"campfire_choices":[{"data":"bronze:Replicate","floor":1.0,"key":"SMITH"},{"floor":9.0,"key":"RECALL"},{"data":"bronze:Repair","floor":11,"key":"SMITH"},{"data":"bronze:Break","floor":18,"key":"SMITH"},{"data":"bronze:FineTuning","floor":35,"key":"SMITH"},{"floor":43,"key":"REST"},{"data":"infinitespire:SevenWalls","floor":47,"key":"SMITH"},{"data":"bronze:Format","floor":54,"key":"SMITH"}],"circlet_count":0,"master_deck":["bronze:Strike","bronze:Strike","bronze:Strike","bronze:Strike","bronze:Defend","bronze:Defend","bronze:Defend","bronze:Defend","bronze:Replicate+1","bronze:Goto","bronze:Invalidate","bronze:GetLatest","bronze:Repair+1","bronze:ChosenStrike","bronze:CutThrough","bronze:Format+1","bronze:ItsAFeature","bronze:Fortify","bronze:ForceShield","bronze:Branch","bronze:OilSpill","bronze:Break+1","Secret Technique","Blind","bronze:Shell","bronze:Frontload","bronze:Flail+1","bronze:FineTuning+1","bronze:Repulsor","bronze:WhirlingStrike","bronze:Library","infinitespire:SevenWalls+1","infinitespire:Fortify","bronze:Separator+1","bronze:Constructor","bronze:Shield+1","bronze:Optimize","bronze:Repair+1"],"relics":["bronze:BronzeCore","hubris:Icosahedron","Guardian:PocketSentry","Lee\u0027s Waffle","conspire:GiftBox","infinitespire:EmpoweringShard","Vajra","bronze:ElectromagneticCoil","downfall:HeartBlessingRed","downfall:HeartBlessingGreen","MealTicket","SacredBark","Bag of Preparation","hubris:ScarierMask","downfall:HeartBlessingBlue","CeramicFish","Blood Vial","Toy Ornithopter","Happy Flower","infinitespire:BottledMercury","White Beast Statue","infinitespire:Beetle Shell","OrangePellets"],"acts_visited":["Exordium","TheCity","TheBeyond","TheEnding"],"potions_floor_usage":[10,15,16,16,30,33,40,50,55,56],"damage_taken":[{"damage":6.0,"enemies":"Cultist","floor":2.0,"turns":3.0},{"damage":5.0,"enemies":"Small Slimes","floor":3.0,"turns":4.0},{"damage":0.0,"enemies":"2 Louse","floor":4.0,"turns":2.0},{"damage":0.0,"enemies":"Exordium Wildlife","floor":6.0,"turns":2.0},{"damage":0.0,"enemies":"downfall:FleeingMerchant","floor":8.0,"turns":4.0},{"damage":13,"enemies":"3 Sentries","floor":10,"turns":7},{"damage":18,"enemies":"Gremlin Nob","floor":12,"turns":4},{"damage":12,"enemies":"Large Slime","floor":13,"turns":3},{"damage":14,"enemies":"3 Sentries","floor":14,"turns":6},{"damage":0,"enemies":"Exordium Wildlife","floor":15,"turns":3},{"damage":22,"enemies":"DF_ARCHETYPE_STREAMLINE","floor":16,"turns":8},{"damage":4,"enemies":"Chosen","floor":19,"turns":2},{"damage":0,"enemies":"Snake Plant","floor":23,"turns":2},{"damage":0,"enemies":"Cultist and Chosen","floor":26,"turns":4},{"damage":0,"enemies":"Shelled Parasite and Fungi","floor":27,"turns":3},{"damage":9,"enemies":"Sentry and Sphere","floor":28,"turns":3},{"damage":0,"enemies":"Centurion and Healer","floor":29,"turns":3},{"damage":0,"enemies":"downfall:FleeingMerchant","floor":30,"turns":4},{"damage":0,"enemies":"Cultist and Chosen","floor":31,"turns":3},{"damage":18,"enemies":"Sentry and Sphere","floor":32,"turns":5},{"damage":4,"enemies":"SI_MIRROR_ARCHETYPE","floor":33,"turns":6},{"damage":10,"enemies":"3 Darklings","floor":36,"turns":2},{"damage":25,"enemies":"conspire:MimicChest","floor":38,"turns":5},{"damage":0,"enemies":"3 Shapes","floor":39,"turns":2},{"damage":51,"enemies":"Nemesis","floor":40,"turns":7},{"damage":14,"enemies":"Transient","floor":42,"turns":5},{"damage":9,"enemies":"Jaw Worm Horde","floor":44,"turns":2},{"damage":0,"enemies":"Maw","floor":45,"turns":9},{"damage":4,"enemies":"downfall:FleeingMerchant","floor":46,"turns":3},{"damage":0,"enemies":"Spire Growth","floor":48,"turns":3},{"damage":0,"enemies":"Transient","floor":49,"turns":5},{"damage":98,"enemies":"IC_BLOCK_ARCHETYPE","floor":50,"turns":12},{"damage":133,"enemies":"downfall:CharBossMerchant","floor":52,"turns":11},{"damage":29,"enemies":"downfall:NeowBoss","floor":55,"turns":21},{"damage":25,"enemies":"downfall:NeowBossFinal","floor":56,"turns":10}],"seed_played":"-284481070742099828","potions_obtained":[{"floor":2.0,"key":"AttackPotion"},{"floor":12,"key":"bronze:FreeFunctionsPotion"},{"floor":14,"key":"SkillPotion"},{"floor":15,"key":"BlessingOfTheForge"},{"floor":16,"key":"PowerPotion"},{"floor":19,"key":"hexamod:SoulburnPotion"},{"floor":32,"key":"Swift Potion"},{"floor":36,"key":"PowerPotion"},{"floor":38,"key":"bronze:CleanCodePotion"},{"floor":44,"key":"GamblersBrew"},{"floor":52,"key":"Energy Potion"}],"is_trial":false,"path_per_floor":["R","M","M","M","?","M","T","$","R","E","R","E","M","E","M","B",null,"R","M","AVR","?","?","M","T","?","M","M","M","M","$","M","M","B",null,"R","M","AVR","?","M","E","T","M","R","M","M","?","R","M","M","B",null,"E","$","R","B","B",null],"character_chosen":"THE_AUTOMATON","items_purchased":["Lee\u0027s Waffle","infinitespire:BottledMercury","White Beast Statue","OrangePellets"],"campfire_rested":1,"item_purchase_floors":[8,46,46,53],"current_hp_per_floor":[77,71,66,66,66,73,73,84,84,71,71,63,61,57,67,55,84,84,80,80,80,80,84,84,68,78,78,69,79,89,89,71,77,89,99,99,99,74,76,37,37,35,64,68,80,88,88,99,99,1,99,83,98,98,85,84],"gold":46,"neow_bonus":"TEN_PERCENT_HP_BONUS","is_daily":false,"chose_seed":false,"campfire_upgraded":6,"win_rate":0.0,"timestamp":1612978198,"path_taken":["R","M","M","?","?","M","T","$","R","E","R","E","M","E","M","BOSS","R","M","AVR","?","?","M","T","?","M","M","M","M","$","M","M","BOSS","R","M","AVR","?","M","E","T","?","R","M","M","?","R","M","M","BOSS","E","$","R","BOSS","BOSS"],"items_purchased_type":["Relic","Relic","Relic","Relic"],"build_version":"2020-12-22","purchased_purges":1,"victory":true,"max_hp_per_floor":[77,77,77,77,77,77,77,84,84,84,84,84,84,84,84,84,84,84,84,84,84,84,84,84,89,89,89,89,89,89,89,89,89,89,99,99,99,99,99,99,99,99,99,99,99,99,99,99,99,99,99,99,99,99,99,99],"card_choices":[{"not_picked":["bronze:DelayedSlice","bronze:Safeguard"],"picked":"bronze:Invalidate","floor":2.0},{"not_picked":["bronze:CloningBeam","bronze:Allocate"],"picked":"bronze:GetLatest","floor":3.0},{"not_picked":["bronze:Shell","bronze:ChosenStrike"],"picked":"bronze:Repair","floor":4.0},{"not_picked":["bronze:Frontload","bronze:Boost"],"picked":"bronze:ChosenStrike","floor":6.0},{"not_picked":["bronze:Turbo","bronze:Refactor"],"picked":"bronze:CutThrough","floor":8.0},{"not_picked":["bronze:ShipIt","bronze:BurnOut"],"picked":"bronze:Format","floor":10},{"not_picked":["bronze:BronzeArmor","bronze:Invalidate"],"picked":"bronze:ItsAFeature","floor":10},{"not_picked":["bronze:Frontload","bronze:Philosophize"],"picked":"bronze:Fortify","floor":12},{"not_picked":["bronze:Refactor","bronze:Overload"],"picked":"bronze:ForceShield","floor":13},{"not_picked":["bronze:Refactor","bronze:BugBarrage"],"picked":"bronze:Branch","floor":14},{"not_picked":["bronze:CutThrough","bronze:Branch"],"picked":"bronze:OilSpill","floor":15},{"not_picked":["bronze:InfiniteLoop","bronze:Format"],"picked":"bronze:Break","floor":16},{"not_picked":["bronze:BitShift","bronze:ForLoop","bronze:BugBarrage+1"],"picked":"SKIP","floor":19},{"not_picked":["PanicButton","Jack Of All Trades"],"picked":"Secret Technique","floor":22},{"not_picked":["PanicButton","Jack Of All Trades"],"picked":"Blind","floor":22},{"not_picked":["bronze:Branch","bronze:WhirlingStrike"],"picked":"bronze:Shell","floor":23},{"not_picked":["bronze:BuggyMess","bronze:Shell"],"picked":"bronze:Frontload","floor":26},{"not_picked":["bronze:ClassDefault","bronze:Return"],"picked":"bronze:Flail+1","floor":27},{"not_picked":["bronze:BugBarrage","bronze:Invalidate+1"],"picked":"bronze:FineTuning","floor":28},{"not_picked":["bronze:BronzeArmor","bronze:Virus"],"picked":"bronze:Repulsor","floor":29},{"not_picked":["bronze:BitShift+1","bronze:Turbo","bronze:WhirlingStrike"],"picked":"SKIP","floor":30},{"not_picked":["bronze:Turbo","bronze:Backtrace"],"picked":"bronze:WhirlingStrike","floor":31},{"not_picked":["bronze:WildBeam","bronze:Frontload","bronze:BugBarrage"],"picked":"SKIP","floor":32},{"not_picked":["bronze:Assembly","bronze:FindAndReplace"],"picked":"bronze:Library","floor":33},{"not_picked":["bronze:Branch","bronze:OilSpill","bronze:Refactor+1"],"picked":"SKIP","floor":36},{"not_picked":["bronze:Allocate+1","bronze:Overload"],"picked":"bronze:Separator+1","floor":38},{"not_picked":["bronze:WhirlingStrike","bronze:BuggyMess"],"picked":"bronze:Constructor","floor":39},{"not_picked":["bronze:ForceShield","bronze:ChildClass","bronze:MaxOutput+1"],"picked":"SKIP","floor":40},{"not_picked":["bronze:DelayedSlice","bronze:Safeguard"],"picked":"bronze:Shield+1","floor":42},{"not_picked":["bronze:DelayedGuard","bronze:ChildClass+1","bronze:BuggyMess"],"picked":"SKIP","floor":44},{"not_picked":["bronze:DelayedGuard+1","bronze:DigitalCarnage+1","bronze:InfiniteBeams"],"picked":"SKIP","floor":45},{"not_picked":["bronze:DigitalCarnage","bronze:ChosenStrike"],"picked":"bronze:Optimize","floor":46},{"not_picked":["bronze:BugBarrage+1","bronze:CutThrough","bronze:Branch"],"picked":"SKIP","floor":48},{"not_picked":["bronze:BugBarrage+1","bronze:CutThrough","bronze:Branch"],"picked":"SKIP","floor":48},{"not_picked":["bronze:Branch+1","bronze:Repulsor"],"picked":"bronze:Repair+1","floor":49},{"not_picked":["bronze:ChosenStrike+1","bronze:CutThrough","bronze:Iterate"],"picked":"SKIP","floor":52}],"player_experience":2763669,"relics_obtained":[{"floor":7.0,"key":"Guardian:PocketSentry"},{"floor":10,"key":"conspire:GiftBox"},{"floor":12,"key":"infinitespire:EmpoweringShard"},{"floor":14,"key":"Vajra"},{"floor":38,"key":"Blood Vial"},{"floor":40,"key":"Toy Ornithopter"},{"floor":41,"key":"Happy Flower"},{"floor":52,"key":"infinitespire:Beetle Shell"}],"event_choices":[{"damage_healed":0,"gold_gain":2,"player_choice":"1","damage_taken":0,"max_hp_gain":0,"max_hp_loss":0,"event_name":"betterStone:BetterStone","floor":22,"gold_loss":0}],"is_beta":false,"boss_relics":[{"not_picked":["hubris:TerracottaHorce","Empty Cage"],"picked":"bronze:ElectromagneticCoil"},{"not_picked":["Sozu","SlaversCollar"],"picked":"hubris:ScarierMask"}],"items_purged_floors":[30],"is_endless":false,"potions_floor_spawned":[2,12,14,15,16,19,27,32,36,38,44,45,48,49,52],"ascension_level":1}}