{"host":"vlqejv0notyktumz","time":1612916111,"event":{"mods":["AchievementEnabler","BaseMod","Colored Map","Colored Powertips","Downfall","Googly Eyes","Minty Spire (QoL Compilation)","StSLib"],"gold_per_floor":[118,118,118,129,28,28,57,57,57,73,92,104,104,204,204,204,204],"floor_reached":16,"language":"ENG","playtime":372,"items_purged":["Strike_G"],"score":150,"play_id":"7e0471f2-099c-46ed-8c03-ddbde5dc09b5","local_time":"20210209181511","is_ascension_mode":true,"campfire_choices":[{"data":"Sucker Punch","floor":6,"key":"SMITH"},{"data":"Backflip","floor":8,"key":"SMITH"},{"data":"Backflip","floor":13,"key":"SMITH"},{"floor":15,"key":"REST"}],"circlet_count":0,"master_deck":["AscendersBane","Strike_G","Strike_G","Strike_G","Strike_G","Defend_G","Defend_G","Defend_G","Defend_G","Defend_G","Survivor","Neutralize","Backflip+1","Sucker Punch","Sucker Punch+1","Quick Slash","Backflip+1","Backstab","Dodge and Roll","Outmaneuver"],"relics":["Ring of the Snake","Bag of Preparation","Bottled Flame","Question Card"],"acts_visited":["Exordium"],"potions_floor_usage":[7,7,16,16],"damage_taken":[{"damage":0,"enemies":"Jaw Worm","floor":1,"turns":6},{"damage":0,"enemies":"Small Slimes","floor":4,"turns":4},{"damage":26,"enemies":"Gremlin Nob","floor":7,"turns":5},{"damage":2,"enemies":"Cultist","floor":10,"turns":4},{"damage":1,"enemies":"Exordium Wildlife","floor":11,"turns":5},{"damage":1,"enemies":"3 Louse","floor":12,"turns":5},{"damage":51,"enemies":"Hexaghost","floor":16,"turns":15}],"seed_played":"-5968183984820949905","potions_obtained":[{"floor":1,"key":"Explosive Potion"},{"floor":7,"key":"EntropicBrew"}],"is_trial":false,"path_per_floor":["M","?","?","M","$","R","E","R","T","M","M","M","R","?","R","B"],"character_chosen":"THE_SILENT","items_purchased":["Quick Slash"],"campfire_rested":1,"item_purchase_floors":[5],"current_hp_per_floor":[63,68,65,65,65,65,39,39,39,37,36,35,35,35,57,6,6],"gold":204,"neow_bonus":"THREE_CARDS","is_daily":false,"chose_seed":false,"campfire_upgraded":3,"win_rate":0.0,"timestamp":1612916111,"path_taken":["M","?","?","M","$","R","E","R","T","M","M","M","R","?","R","BOSS"],"items_purchased_type":["Card"],"build_version":"2020-12-22","purchased_purges":1,"victory":false,"max_hp_per_floor":[70,75,75,75,75,75,75,75,75,75,75,75,75,75,75,75,75],"card_choices":[{"not_picked":["Underhanded Strike","Dash"],"picked":"Backflip","floor":0},{"not_picked":["Choke","Leg Sweep"],"picked":"Sucker Punch","floor":1},{"not_picked":["Backflip","Dodge and Roll"],"picked":"Sucker Punch","floor":4},{"not_picked":["Acrobatics","Masterful Stab"],"picked":"Backflip","floor":7},{"not_picked":["Slice","Outmaneuver","Leg Sweep"],"picked":"Backstab","floor":10},{"not_picked":["Choke","Expertise","Calculated Gamble"],"picked":"Dodge and Roll","floor":11},{"not_picked":["PiercingWail","Backflip","Doppelganger"],"picked":"Outmaneuver","floor":12}],"player_experience":408584,"relics_obtained":[{"floor":7,"key":"Bottled Flame"},{"floor":9,"key":"Question Card"}],"event_choices":[{"damage_healed":0,"gold_gain":0,"player_choice":"Donut","damage_taken":0,"max_hp_gain":5,"max_hp_loss":0,"event_name":"Big Fish","floor":2,"gold_loss":0},{"damage_healed":0,"gold_gain":0,"player_choice":"Success","damage_taken":3,"relics_obtained":["Bag of Preparation"],"max_hp_gain":0,"max_hp_loss":0,"event_name":"Scrap Ooze","floor":3,"gold_loss":0},{"damage_healed":0,"gold_gain":100,"player_choice":"Pray","damage_taken":0,"max_hp_gain":0,"max_hp_loss":0,"event_name":"Golden Shrine","floor":14,"gold_loss":0}],"is_beta":false,"boss_relics":[],"items_purged_floors":[5],"is_endless":false,"potions_floor_spawned":[1,7,10],"killed_by":"Hexaghost","ascension_level":10}}