{"host":"c8qonrr5ytpjhapa","time":1612936939,"event":{"mods":["Act Like it!","BaseMod","Better Third Choice","Colored Powertips","Downfall","GifTheSpireLib","Hermit","Minty Spire (QoL Compilation)","Quick Restart","Rare Cards Sparkle","Shop Mod","Spicy Shops","StSLib","The Alterego","The Hayseed","The Poker Player"],"gold_per_floor":[118,137,154,171,171,171,202,216,216,88,88,103,103,113,113,113,113],"floor_reached":16,"language":"ENG","playtime":1850,"items_purged":["alterego_mod:PerceptionDisorder"],"score":104,"play_id":"d2d8f425-af06-4830-874e-f448a6f33a79","local_time":"20210210010219","is_ascension_mode":false,"campfire_choices":[{"data":"alterego_mod:ChallengeComplete","floor":6,"key":"SMITH"},{"floor":15,"key":"REST"}],"circlet_count":0,"master_deck":["alterego_mod:Strike","alterego_mod:Strike","alterego_mod:Strike","alterego_mod:Strike","alterego_mod:Defend","alterego_mod:Defend","alterego_mod:Defend","alterego_mod:Defend","alterego_mod:Impale","alterego_mod:BigMeatyClaws","alterego_mod:BrynhildrsRune","alterego_mod:ChallengeComplete+1","alterego_mod:SakuraFive","alterego_mod:Jiggle","alterego_mod:Nekomimi","alterego_mod:Rip","alterego_mod:Cycle","alterego_mod:SideboobHour","alterego_mod:Cushion","alterego_mod:BustOut","Decay","alterego_mod:TrashNCrash+1","alterego_mod:SideboobHour"],"relics":["alterego_mod:MasochisticConstitution","Orichalcum","Juzu Bracelet"],"acts_visited":["Exordium"],"potions_floor_usage":[4,7,16],"damage_taken":[{"damage":0,"enemies":"Cultist","floor":1,"turns":5},{"damage":21,"enemies":"Jaw Worm","floor":2,"turns":4},{"damage":0,"enemies":"2 Louse","floor":3,"turns":6},{"damage":6,"enemies":"Exordium Wildlife","floor":4,"turns":4},{"damage":42,"enemies":"3 Sentries","floor":7,"turns":10},{"damage":0,"enemies":"Large Slime","floor":8,"turns":5},{"damage":1,"enemies":"Red Slaver","floor":12,"turns":4},{"damage":0,"enemies":"2 Fungi Beasts","floor":14,"turns":5},{"damage":70,"enemies":"Hexaghost","floor":16,"turns":9}],"seed_played":"-3084418299693901131","potions_obtained":[{"floor":1,"key":"bronze:BurnAndBuffPotion"},{"floor":2,"key":"hexamod:SoulburnPotion"},{"floor":7,"key":"DistilledChaos"}],"is_trial":false,"path_per_floor":["M","M","M","M","?","R","E","M","T","$","?","M","?","M","R","B"],"character_chosen":"The_Alterego","items_purchased":["alterego_mod:BustOut"],"campfire_rested":1,"item_purchase_floors":[10],"current_hp_per_floor":[77,57,64,66,66,66,32,32,32,32,32,39,39,46,70,0,0],"gold":113,"neow_bonus":"TEN_PERCENT_HP_BONUS","is_daily":false,"chose_seed":false,"campfire_upgraded":1,"win_rate":0.0,"timestamp":1612936939,"path_taken":["M","M","?","M","?","R","E","M","T","$","?","M","?","M","R","BOSS"],"items_purchased_type":["Card"],"build_version":"2020-12-22","purchased_purges":1,"victory":false,"max_hp_per_floor":[77,78,78,79,79,79,80,80,80,80,80,81,81,81,81,81,81],"card_choices":[{"not_picked":["alterego_mod:Complex","alterego_mod:1TonWallop"],"picked":"alterego_mod:ChallengeComplete","floor":1},{"not_picked":["alterego_mod:GachaTicket","alterego_mod:BustOut","alterego_mod:DiscoLights"],"picked":"SKIP","floor":2},{"not_picked":["alterego_mod:Jiggle","alterego_mod:Belts","alterego_mod:DiscoLights"],"picked":"SKIP","floor":3},{"not_picked":["alterego_mod:Jiggle","alterego_mod:Complex"],"picked":"alterego_mod:SakuraFive","floor":4},{"not_picked":["alterego_mod:Jiggle","alterego_mod:Cycle"],"picked":"alterego_mod:SideboobHour","floor":7},{"not_picked":["alterego_mod:Cycle","alterego_mod:DestructionOfProperty"],"picked":"alterego_mod:Cushion","floor":8},{"not_picked":["alterego_mod:Bounce","alterego_mod:1TonWallop"],"picked":"alterego_mod:TrashNCrash","floor":12},{"not_picked":["alterego_mod:PurpleHair","alterego_mod:Support"],"picked":"alterego_mod:SideboobHour","floor":14}],"player_experience":94522,"relics_obtained":[{"floor":7,"key":"Orichalcum"},{"floor":9,"key":"Juzu Bracelet"}],"event_choices":[{"damage_healed":0,"gold_gain":0,"player_choice":"Cursed","damage_taken":0,"max_hp_gain":0,"max_hp_loss":0,"event_name":"Wheel of Change","floor":11,"gold_loss":0,"cards_obtained":["Decay"]},{"damage_healed":0,"gold_gain":0,"player_choice":"Grow","damage_taken":0,"max_hp_gain":0,"max_hp_loss":0,"event_name":"Living Wall","floor":13,"gold_loss":0,"cards_upgraded":["alterego_mod:TrashNCrash"]}],"is_beta":false,"boss_relics":[],"items_purged_floors":[10],"is_endless":false,"potions_floor_spawned":[1,2,7],"killed_by":"Hexaghost","ascension_level":0}}