{"host":"fnndj664xgd3vavt","time":1612983855,"event":{"mods":["AchievementEnabler","BaseMod","Colored Powertips","DeckTracker","Downfall","Highlight Path","Infinite Spire","Marisa????????","Minty Spire (QoL Compilation)","Quick Restart","Random Character Button","Replay The Spire","StSLib","The Servant 0.9.4"],"gold_per_floor":[191,206,224,149,163,163,188,188,201,151,65,81,106,21,34,138,138,88,101,121,132,152,179,179,206,45,45,45,45,79,96,107,210,210,60,71,89,89,89,89],"floor_reached":38,"language":"ENG","playtime":1968,"items_purged":[],"score":438,"play_id":"bec8d082-69f7-40fc-b69d-a24866569340","local_time":"20210210140415","is_ascension_mode":false,"campfire_choices":[{"floor":10,"key":"REST"},{"data":"Slimebound:TagTeam","floor":18,"key":"SMITH"},{"floor":29,"key":"REST"},{"floor":35,"key":"DIG"}],"circlet_count":0,"master_deck":["Slimebound:Strike_Slimebound","Slimebound:Strike_Slimebound","Slimebound:Defend_Slimebound","Slimebound:Defend_Slimebound","Slimebound:Defend_Slimebound","Slimebound:Split","Slimebound:CorrosiveSpit","Slimebound:ItLooksTasty","Slimebound:LeadByExample","Slimebound:MinionMaster+1","Slimebound:SplitMire","Slimebound:Schlurp","Slimebound:SplitAcid","Slimebound:HauntingLick","Slimebound:LevelUp","Slimebound:SelfFormingGoo","Slimebound:GoopSpray","Slimebound:SplitMire","Slimebound:SlimeTap","Slimebound:PressTheAttack","Slimebound:TagTeam+1","Slimebound:SplitAcid","Slimebound:TongueLash+1","Slimebound:SplitSpecialist","Slimebound:SplitLeeching","Slimebound:PressTheAttack+1","Slimebound:MegaLick","Slimebound:SamplingLick","Slimebound:SplitSpecialist+1","Slimebound:TagTeam","Slimebound:ServeAndProtect","Slimebound:SpikyOuterGoop+1"],"relics":["Slimebound:AbsorbEndCombat","Replay:Rubber Ducky","Slimebound:GreedOozeRelic","Boot","Toy Ornithopter","Sozu","Pen Nib","Lizard Tail","Nunchaku","Strange Spoon","HornCleat","Replay:Drink Me","downfall:HeartBlessingGreen","Tiny Chest"],"acts_visited":["Exordium","TheCity","TheBeyond"],"potions_floor_usage":[12,38],"damage_taken":[{"damage":1,"enemies":"Jaw Worm","floor":2,"turns":3},{"damage":8,"enemies":"Small Slimes","floor":3,"turns":5},{"damage":10,"enemies":"2 Louse","floor":5,"turns":2},{"damage":40,"enemies":"Gremlin Gang","floor":9,"turns":5},{"damage":0,"enemies":"downfall:FleeingMerchant","floor":11,"turns":4},{"damage":4,"enemies":"Red Slaver","floor":12,"turns":2},{"damage":5,"enemies":"Lagavulin","floor":13,"turns":6},{"damage":6,"enemies":"downfall:FleeingMerchant","floor":14,"turns":4},{"damage":1,"enemies":"Blue Slaver","floor":15,"turns":4},{"damage":7,"enemies":"SI_SHIV_ARCHETYPE","floor":16,"turns":7},{"damage":0,"enemies":"3 Byrds","floor":19,"turns":4},{"damage":0,"enemies":"Shell Parasite","floor":20,"turns":3},{"damage":35,"enemies":"Shelled Parasite and Fungi","floor":21,"turns":4},{"damage":10,"enemies":"Chosen and Byrds","floor":22,"turns":4},{"damage":20,"enemies":"Nightmare","floor":23,"turns":6},{"damage":17,"enemies":"Book of Stabbing","floor":25,"turns":4},{"damage":3,"enemies":"downfall:FleeingMerchant","floor":26,"turns":4},{"damage":24,"enemies":"Gremlin Leader","floor":30,"turns":6},{"damage":0,"enemies":"3 Cultists","floor":31,"turns":5},{"damage":0,"enemies":"Snake Plant","floor":32,"turns":4},{"damage":14,"enemies":"WA_ARCHETYPE_CALM","floor":33,"turns":7},{"damage":8,"enemies":"3 Shapes","floor":36,"turns":3},{"damage":12,"enemies":"3 Darklings","floor":37,"turns":4},{"damage":22,"enemies":"infinitespire:Three Voidlings","floor":38,"turns":3},{"damage":69,"enemies":"Nightmare_Alpha","floor":38,"turns":6}],"seed_played":"-7527887994754041369","potions_obtained":[{"floor":5,"key":"Energy Potion"},{"floor":9,"key":"BlessingOfTheForge"},{"floor":12,"key":"Slimebound:SlimedPotion"},{"floor":13,"key":"SneckoOil"}],"is_trial":false,"path_per_floor":["R","M","M","?","M","?","T","?","M","R","$","M","E","$","M","B",null,"R","M","M","M","M","NM","T","E","$","?","?","R","E","M","M","B",null,"R","M","M","?"],"character_chosen":"SLIMEBOUND","items_purchased":["Slimebound:LevelUp","Slimebound:SlimeTap","Strange Spoon"],"campfire_rested":2,"item_purchase_floors":[11,14,26],"current_hp_per_floor":[49,52,48,48,42,42,42,42,6,25,31,31,32,30,31,32,65,65,65,65,36,30,18,18,7,12,12,12,31,15,23,29,23,49,49,45,35,0,0,0],"gold":89,"neow_bonus":"ONE_RANDOM_RARE_CARD","is_daily":false,"chose_seed":false,"campfire_upgraded":1,"win_rate":0.0,"timestamp":1612983855,"path_taken":["R","M","M","?","M","?","T","?","M","R","$","M","E","$","M","BOSS","R","M","?","M","M","NM","T","E","?","?","?","R","E","M","M","BOSS","R","M","M","?"],"items_purchased_type":["Card","Card","Relic"],"build_version":"2020-12-22","purchased_purges":0,"victory":false,"max_hp_per_floor":[65,65,65,65,65,65,65,65,65,65,65,65,65,65,65,65,65,65,65,65,65,65,65,65,65,65,65,65,65,65,65,65,65,49,49,49,49,49,49,49],"card_choices":[{"not_picked":["Slimebound:ComboTackle","Slimebound:RollThrough"],"picked":"Slimebound:ItLooksTasty","floor":1},{"not_picked":["Slimebound:LivingWall","Slimebound:SplitAcid"],"picked":"Slimebound:LeadByExample","floor":1},{"not_picked":["Slimebound:PressTheAttack","Slimebound:AcidTongue"],"picked":"Slimebound:MinionMaster","floor":2},{"not_picked":["Slimebound:ComboTackle","Slimebound:GoopTackle"],"picked":"Slimebound:SplitMire","floor":3},{"not_picked":["Slimebound:AcidTongue","Slimebound:SpikyOuterGoop"],"picked":"Slimebound:Schlurp","floor":5},{"not_picked":["Slimebound:LivingWall","Slimebound:SamplingLick"],"picked":"Slimebound:SplitAcid","floor":9},{"not_picked":["Slimebound:LivingWall","Slimebound:Schlurp"],"picked":"Slimebound:HauntingLick","floor":11},{"not_picked":["Slimebound:SplitMire","Slimebound:SlimeBarrage"],"picked":"Slimebound:SelfFormingGoo","floor":12},{"not_picked":["Slimebound:SlimeBarrage","Slimebound:SlimeTap"],"picked":"Slimebound:GoopSpray","floor":13},{"not_picked":["Slimebound:GoopSpray","Slimebound:SlimeBarrage"],"picked":"Slimebound:SplitMire","floor":14},{"not_picked":["Slimebound:LeechEnergy","Slimebound:LivingWall"],"picked":"Slimebound:PressTheAttack","floor":15},{"not_picked":["Slimebound:MinionMaster","Slimebound:OozeBath"],"picked":"Slimebound:TagTeam","floor":16},{"not_picked":["Slimebound:GoopSpray","Slimebound:SplitAcid","Slimebound:ComboTackle"],"picked":"SKIP","floor":19},{"not_picked":["Slimebound:MinionMaster","Slimebound:Grow"],"picked":"Slimebound:SplitAcid","floor":20},{"not_picked":["Slimebound:GoopSpray","Slimebound:ViciousTackle"],"picked":"Slimebound:TongueLash+1","floor":21},{"not_picked":["Slimebound:FinishingTackle","Slimebound:SplitBruiser"],"picked":"Slimebound:SplitSpecialist","floor":22},{"not_picked":["Slimebound:SplitMire","Slimebound:TagTeam"],"picked":"Slimebound:SplitLeeching","floor":23},{"not_picked":["Slimebound:FormOfPuddle","Slimebound:GoopSpray"],"picked":"Slimebound:PressTheAttack+1","floor":25},{"not_picked":["Slimebound:LeechEnergy","Slimebound:RejuvenatingLick"],"picked":"Slimebound:MegaLick","floor":26},{"not_picked":["Slimebound:ProtectTheBoss","Slimebound:ItLooksTasty"],"picked":"Slimebound:SamplingLick","floor":30},{"not_picked":["Slimebound:SplitLeeching","Slimebound:RejuvenatingLick"],"picked":"Slimebound:SplitSpecialist+1","floor":31},{"not_picked":["Slimebound:ItLooksTasty","Slimebound:Darklings","Slimebound:DivideAndConquer"],"picked":"SKIP","floor":32},{"not_picked":["Slimebound:DouseInSlime","Slimebound:LeechLife"],"picked":"Slimebound:TagTeam","floor":33},{"not_picked":["Slimebound:LivingWall","Slimebound:Prepare"],"picked":"Slimebound:ServeAndProtect","floor":36},{"not_picked":["Slimebound:ItLooksTasty","Slimebound:LeechEnergy"],"picked":"Slimebound:SpikyOuterGoop+1","floor":37}],"player_experience":280971,"relics_obtained":[{"floor":1,"key":"Replay:Rubber Ducky"},{"floor":7,"key":"Boot"},{"floor":13,"key":"Toy Ornithopter"},{"floor":23,"key":"Pen Nib"},{"floor":24,"key":"Lizard Tail"},{"floor":25,"key":"Nunchaku"},{"floor":30,"key":"HornCleat"},{"floor":35,"key":"Tiny Chest"}],"event_choices":[],"is_beta":false,"boss_relics":[{"not_picked":["ReplayTheSpireMod:SealedPack","Philosopher\u0027s Stone"],"picked":"Sozu"},{"not_picked":["SacredBark","Slimebound:TarBlob"],"picked":"Replay:Drink Me"}],"items_purged_floors":[],"is_endless":true,"potions_floor_spawned":[5,9,12,13,19,21,23,30,31,33,37,38],"killed_by":"Nightmare_Alpha","ascension_level":0}}