{"host":"a81lcl2i2xcd8h5v","time":1612967546,"event":{"mods":["2.2 Compatiblity","BaseMod","Bestiary","Colored Map","Colored Powertips","Curses Come First","Highlight Path","Keyboard Shortcuts","Minty Spire (QoL Compilation)","Relic Stats","StSLib","SuperFastMode"],"gold_per_floor":[119,294,314,314,389,419,430,430,457,11,11,36,36,59,59,185,185,199,199,220,40,60,60,99,99,99],"floor_reached":25,"language":"ENG","playtime":1039,"items_purged":["Strike_R"],"score":229,"play_id":"464be2a1-a10f-450f-9447-85986643287e","local_time":"20210210123226","is_ascension_mode":false,"campfire_choices":[{"data":"Combust","floor":8.0,"key":"SMITH"},{"data":"Rupture","floor":11.0,"key":"SMITH"},{"floor":15.0,"key":"REST"},{"floor":23,"key":"REST"}],"circlet_count":0,"master_deck":["Strike_R","Strike_R","Strike_R","Strike_R","Defend_R","Defend_R","Defend_R","Defend_R","Bash","Entrench","Combust+1","Rupture+1","Intimidate","Demon Form","Injury","Seeing Red","Barricade","Iron Wave","Cleave+1","Fire Breathing","Hemokinesis+1","Ghostly Armor+1"],"relics":["Burning Blood","Blood Vial","Juzu Bracelet","Membership Card","Peace Pipe","Happy Flower","FossilizedHelix","Golden Idol","Runic Cube","Molten Egg 2","Sundial"],"acts_visited":["Exordium","TheCity"],"potions_floor_usage":[24],"damage_taken":[{"damage":16.0,"enemies":"Jaw Worm","floor":1.0,"turns":5.0},{"damage":6.0,"enemies":"Small Slimes","floor":3.0,"turns":4.0},{"damage":34.0,"enemies":"Gremlin Nob","floor":6.0,"turns":5.0},{"damage":3.0,"enemies":"Cultist","floor":7.0,"turns":3.0},{"damage":28.0,"enemies":"3 Sentries","floor":12.0,"turns":6.0},{"damage":6.0,"enemies":"2 Fungi Beasts","floor":14.0,"turns":3.0},{"damage":40,"enemies":"The Guardian","floor":16,"turns":11},{"damage":15,"enemies":"Chosen","floor":18,"turns":5},{"damage":33,"enemies":"3 Byrds","floor":20,"turns":5},{"damage":29,"enemies":"Snake Plant","floor":22,"turns":5},{"damage":20,"enemies":"Slavers","floor":24,"turns":5},{"damage":23,"enemies":"Chosen and Byrds","floor":25,"turns":5}],"seed_played":"1887136469275877611","potions_obtained":[{"floor":3.0,"key":"ColorlessPotion"},{"floor":6.0,"key":"FairyPotion"},{"floor":7.0,"key":"Explosive Potion"},{"floor":22,"key":"HeartOfIron"}],"is_trial":false,"path_per_floor":["M","?","M","?","?","E","M","R","T","$","R","E","?","M","R","B",null,"M","?","M","$","M","R","E","M"],"character_chosen":"IRONCLAD","items_purchased":["Membership Card","Peace Pipe","Happy Flower","Demon Form","Fire Breathing","Molten Egg 2","Hemokinesis+1"],"campfire_rested":2,"item_purchase_floors":[10,10,10,10,21,21,21],"current_hp_per_floor":[70,70,70,63,52,24,29,29,29,29,29,9,9,11,35,30,80,71,55,30,30,9,33,21,0,0],"gold":99,"neow_bonus":"","is_daily":false,"chose_seed":false,"campfire_upgraded":2,"win_rate":0.0,"timestamp":1612967546,"path_taken":["M","?","M","?","?","E","M","R","T","?","R","E","?","M","R","BOSS","M","?","M","$","M","R","E","M"],"items_purchased_type":["Relic","Relic","Relic","Card","Card","Relic","Card"],"build_version":"2020-12-22","purchased_purges":1,"victory":false,"max_hp_per_floor":[80,80,80,80,80,80,80,80,80,80,80,80,80,80,80,80,80,80,80,80,80,80,80,80,80,80],"relic_stats":{"Blood Vial":16,"Peace Pipe":0,"Happy Flower":[15],"counters":[12,62],"Golden Idol":49,"Sundial":[0],"Juzu Bracelet":1,"obtain_stats":[{"Blood Vial":6,"Peace Pipe":10,"Happy Flower":10,"Golden Idol":13,"Sundial":24,"Molten Egg 2":21,"Juzu Bracelet":9,"Membership Card":10,"Burning Blood":0,"FossilizedHelix":12,"Runic Cube":17},{"Blood Vial":3,"Peace Pipe":4,"Happy Flower":4,"Golden Idol":5,"Sundial":11,"Molten Egg 2":9,"Juzu Bracelet":4,"Membership Card":4,"Burning Blood":0,"FossilizedHelix":5,"Runic Cube":7},{"Blood Vial":14,"Peace Pipe":17,"Happy Flower":17,"Golden Idol":23,"Sundial":57,"Molten Egg 2":47,"Juzu Bracelet":17,"Membership Card":17,"Burning Blood":0,"FossilizedHelix":23,"Runic Cube":37}],"Burning Blood":66,"Runic Cube":[40]},"card_choices":[{"not_picked":["Warcry","Battle Trance"],"picked":"Entrench","floor":1.0},{"not_picked":["Blood for Blood","Cleave"],"picked":"Combust","floor":3.0},{"not_picked":["Body Slam","Uppercut"],"picked":"Rupture","floor":6.0},{"not_picked":["Twin Strike","Flex"],"picked":"Intimidate","floor":7.0},{"not_picked":["Pommel Strike","Battle Trance","Perfected Strike"],"picked":"SKIP","floor":12.0},{"not_picked":["Sever Soul","Clash"],"picked":"Seeing Red","floor":14.0},{"not_picked":["Reaper","Impervious"],"picked":"Barricade","floor":16},{"not_picked":["Clothesline","Perfected Strike"],"picked":"Iron Wave","floor":18},{"not_picked":["Armaments+1","Headbutt"],"picked":"Cleave+1","floor":20},{"not_picked":["Pommel Strike+1","Clothesline+1"],"picked":"Ghostly Armor+1","floor":22},{"not_picked":["Clash+1","Fire Breathing","Metallicize"],"picked":"SKIP","floor":24}],"player_experience":0,"relics_obtained":[{"floor":6.0,"key":"Blood Vial"},{"floor":9.0,"key":"Juzu Bracelet"},{"floor":12.0,"key":"FossilizedHelix"},{"floor":24,"key":"Sundial"}],"event_choices":[{"damage_healed":0.0,"max_hp_gain":0.0,"max_hp_loss":0.0,"gold_gain":175.0,"event_name":"Liars Game","player_choice":"AGREE","floor":2.0,"gold_loss":0.0,"damage_taken":0.0,"cards_obtained":["Doubt"]},{"cards_removed":["Doubt"],"damage_healed":0.0,"max_hp_gain":0.0,"max_hp_loss":0.0,"gold_gain":0.0,"event_name":"Golden Wing","player_choice":"Card Removal","floor":4.0,"gold_loss":0.0,"damage_taken":7.0},{"damage_healed":0.0,"max_hp_gain":0.0,"max_hp_loss":0.0,"gold_gain":75.0,"event_name":"World of Goop","player_choice":"Gather Gold","floor":5.0,"gold_loss":0.0,"damage_taken":11.0},{"damage_healed":0.0,"max_hp_gain":0.0,"max_hp_loss":0.0,"gold_gain":0.0,"event_name":"Golden Idol","player_choice":"Take Wound","floor":13.0,"gold_loss":0.0,"damage_taken":0.0,"relics_obtained":["Golden Idol"],"cards_obtained":["Injury"]},{"damage_healed":0,"gold_gain":0,"player_choice":"Obtained Book","damage_taken":16,"max_hp_gain":0,"max_hp_loss":0,"event_name":"Cursed Tome","floor":19,"gold_loss":0}],"is_beta":false,"boss_relics":[{"not_picked":["SlaversCollar","Runic Pyramid"],"picked":"Runic Cube"}],"items_purged_floors":[10],"is_endless":false,"potions_floor_spawned":[3,6,7,22],"killed_by":"Chosen and Byrds","ascension_level":0}}