{"host":"18wi9kpcl4eah7pe","time":1612928792,"event":{"mods":["BaseMod","Colored Powertips","Downfall","Minty Spire (QoL Compilation)","StSLib"],"gold_per_floor":[99,99,99,99,99,99,99,9,36,21,39,39,73,130,142,240,240,40,60,10,10,110,122,203,203,218,218,234,234,234,139,156,252,252,252,252,263,143,153,153,176,199,211,251,274,299,311,349,381,393],"floor_reached":51,"language":"ENG","playtime":2825,"items_purged":["downfall:Malfunctioning","Pride"],"score":976,"play_id":"2a8ae048-8386-4095-beb1-503b08d23dd9","local_time":"20210209214632","is_ascension_mode":true,"campfire_choices":[{"floor":1,"key":"RECALL"},{"floor":12,"key":"REST"},{"data":"1","floor":18,"key":"LIFT"},{"floor":25,"key":"REST"},{"floor":27,"key":"REST"},{"data":"2","floor":30,"key":"LIFT"},{"data":"3","floor":35,"key":"LIFT"},{"data":"bronze:SpaghettiCode","floor":40,"key":"SMITH"},{"floor":47,"key":"REST"}],"circlet_count":0,"master_deck":["bronze:Strike","bronze:Strike","bronze:Strike+1","bronze:Defend+1","bronze:Defend","bronze:Defend","bronze:Defend+1","bronze:Replicate","bronze:Goto","bronze:Iterate","bronze:Repulsor","bronze:ChildClass","bronze:Constructor","bronze:Terminator","bronze:Overheat","bronze:Separator","bronze:Backtrace","bronze:OilSpill","bronze:InfiniteBeams","bronze:CleanCode","bronze:GetLatest","bronze:ChosenStrike+1","bronze:Frontload","bronze:WhirlingStrike+1","bronze:FineTuning+1","bronze:FollowUp","bronze:Boost","bronze:SpaghettiCode+1","bronze:Optimize+1","bronze:WildBeam+1","expansioncontent:GuardianWhirl","bronze:Repair","bronze:Mutator+1"],"relics":["bronze:BronzeCore","downfall:HeartsMalice","Happy Flower","Omamori","MealTicket","Toy Ornithopter","Calling Bell","Lantern","HornCleat","Girya","downfall:HeartBlessingRed","downfall:HeartBlessingGreen","sneckomod:BabySnecko","Dead Branch","bronze:CableSpool","The Courier","Prayer Wheel","expansioncontent:StudyCardRelic","Mummified Hand","Frozen Egg 2","MawBank","bronze:ProtectiveGoggles","Gambling Chip"],"acts_visited":["Exordium","TheCity","TheBeyond"],"potions_floor_usage":[14,16,16,22,22,23,28,31,33,49],"damage_taken":[{"damage":0,"enemies":"Cultist","floor":2,"turns":1},{"damage":0,"enemies":"Jaw Worm","floor":3,"turns":1},{"damage":0,"enemies":"2 Louse","floor":6,"turns":1},{"damage":0,"enemies":"downfall:FleeingMerchant","floor":8,"turns":4},{"damage":46,"enemies":"Gremlin Nob","floor":9,"turns":5},{"damage":0,"enemies":"downfall:FleeingMerchant","floor":10,"turns":4},{"damage":0,"enemies":"Exordium Wildlife","floor":11,"turns":3},{"damage":4,"enemies":"3 Sentries","floor":13,"turns":8},{"damage":20,"enemies":"Lagavulin Event","floor":14,"turns":5},{"damage":5,"enemies":"Gremlin Gang","floor":15,"turns":3},{"damage":6,"enemies":"WA_ARCHETYPE_RETAIN","floor":16,"turns":4},{"damage":0,"enemies":"Shell Parasite","floor":19,"turns":2},{"damage":27,"enemies":"Colosseum Nobs","floor":22,"turns":4},{"damage":13,"enemies":"3 Cultists","floor":23,"turns":5},{"damage":24,"enemies":"Snake Plant","floor":26,"turns":3},{"damage":0,"enemies":"Snecko","floor":28,"turns":3},{"damage":6,"enemies":"downfall:FleeingMerchant","floor":31,"turns":4},{"damage":7,"enemies":"Centurion and Healer","floor":32,"turns":4},{"damage":17,"enemies":"IC_MUSHROOM_ARCHETYPE","floor":33,"turns":4},{"damage":0,"enemies":"Orb Walker","floor":37,"turns":2},{"damage":2,"enemies":"downfall:FleeingMerchant","floor":38,"turns":3},{"damage":0,"enemies":"3 Shapes","floor":39,"turns":3},{"damage":0,"enemies":"Spire Growth","floor":42,"turns":3},{"damage":2,"enemies":"Nemesis","floor":44,"turns":5},{"damage":2,"enemies":"3 Darklings","floor":45,"turns":6},{"damage":24,"enemies":"4 Shapes","floor":46,"turns":1},{"damage":10,"enemies":"Giant Head","floor":48,"turns":7},{"damage":5,"enemies":"Transient","floor":49,"turns":5},{"damage":35,"enemies":"DF_ARCHETYPE_ORBS","floor":50,"turns":5}],"seed_played":"-5192634665983010664","potions_obtained":[{"floor":9,"key":"sneckomod:MuddlingPotion"},{"floor":13,"key":"bronze:CleanCodePotion"},{"floor":14,"key":"bronze:FreeFunctionsPotion"},{"floor":15,"key":"DuplicationPotion"},{"floor":19,"key":"EntropicBrew"},{"floor":23,"key":"FearPotion"},{"floor":33,"key":"sneckomod:MuddlingPotion"},{"floor":44,"key":"bronze:CleanCodePotion"},{"floor":46,"key":"SkillPotion"},{"floor":49,"key":"SkillPotion"}],"is_trial":false,"path_per_floor":["R","M","M","?","?","M","T","$","E","$","M","R","E","?","M","B",null,"R","M","?","?","?","M","T","R","M","R","M","?","R","$","M","B",null,"R","?","M","$","M","R","T","M","?","E","M","M","R","E","M","B",null],"character_chosen":"THE_AUTOMATON","items_purchased":["Mummified Hand","Frozen Egg 2","FairyPotion"],"campfire_rested":4,"item_purchase_floors":[38,38,38],"current_hp_per_floor":[70,70,70,70,70,70,70,70,24,24,24,45,41,26,21,25,59,59,59,70,70,43,49,49,70,46,67,70,70,70,64,57,45,64,64,64,64,68,68,68,68,68,68,66,68,44,65,55,62,27],"gold":405,"neow_bonus":"THREE_ENEMY_KILL","is_daily":false,"chose_seed":false,"campfire_upgraded":1,"win_rate":0.0,"timestamp":1612928792,"path_taken":["R","M","?","?","?","M","T","?","E","$","?","R","E","?","M","BOSS","R","M","?","?","?","M","T","R","M","R","M","?","R","$","M","BOSS","R","?","M","$","M","R","T","M","?","E","M","M","R","E","M","BOSS"],"items_purchased_type":["Relic","Relic","Potion"],"build_version":"2020-12-22","purchased_purges":2,"victory":true,"max_hp_per_floor":[70,70,70,70,70,70,70,70,70,70,70,70,70,70,70,70,70,70,70,70,70,70,70,70,70,70,70,70,70,70,70,70,70,70,70,70,70,70,70,70,70,70,70,70,70,70,70,70,70,70],"card_choices":[{"not_picked":["bronze:Shell","bronze:FineTuning"],"picked":"bronze:Iterate","floor":2},{"not_picked":["bronze:Overload","bronze:Safeguard"],"picked":"bronze:Repulsor","floor":3},{"not_picked":["bronze:DarkDash","bronze:NullPointer"],"picked":"bronze:ChildClass","floor":6},{"not_picked":["bronze:RecursiveStrike","bronze:Optimize"],"picked":"bronze:Constructor","floor":8},{"not_picked":["bronze:DarkDash","bronze:ChildClass"],"picked":"bronze:Terminator","floor":9},{"not_picked":["bronze:FineTuning","bronze:Iterate"],"picked":"bronze:Overheat","floor":10},{"not_picked":["bronze:DelayedSlice","bronze:Turbo"],"picked":"bronze:Separator","floor":11},{"not_picked":["bronze:DarkDash","bronze:Overheat"],"picked":"bronze:Backtrace","floor":13},{"not_picked":["bronze:Optimize","bronze:DelayedGuard"],"picked":"bronze:OilSpill","floor":14},{"not_picked":["bronze:OilSpill","bronze:Virus"],"picked":"bronze:InfiniteBeams","floor":15},{"not_picked":["bronze:ThunderWave","bronze:Format"],"picked":"bronze:CleanCode","floor":16},{"not_picked":["bronze:Flail+1","bronze:Deprecate"],"picked":"bronze:GetLatest","floor":19},{"not_picked":["bronze:Deprecate+1","bronze:Shield+1"],"picked":"bronze:ChosenStrike+1","floor":22},{"not_picked":["bronze:WhirlingStrike","bronze:Shield"],"picked":"bronze:Frontload","floor":23},{"not_picked":["bronze:Turbo","bronze:Invalidate"],"picked":"bronze:WhirlingStrike+1","floor":26},{"not_picked":["bronze:WhirlingStrike","bronze:Deprecate"],"picked":"bronze:FineTuning+1","floor":28},{"not_picked":["bronze:Constructor","bronze:Deprecate"],"picked":"bronze:FollowUp","floor":31},{"not_picked":["bronze:Separator","bronze:Flail+1"],"picked":"bronze:Boost","floor":32},{"not_picked":["bronze:Repulsor","bronze:Separator+1","bronze:ForLoop"],"picked":"SKIP","floor":32},{"not_picked":["bronze:Virus","bronze:BurnOut"],"picked":"bronze:SpaghettiCode","floor":33},{"not_picked":["bronze:BugBarrage+1","bronze:DarkDash"],"picked":"bronze:Optimize+1","floor":37},{"not_picked":["bronze:Turbo","bronze:Iterate+1","bronze:Branch+1"],"picked":"SKIP","floor":37},{"not_picked":["bronze:Terminator+1","bronze:Invalidate+1","bronze:Verify"],"picked":"SKIP","floor":38},{"not_picked":["bronze:Boost+1","bronze:Optimize+1","bronze:FineTuning+1"],"picked":"SKIP","floor":39},{"not_picked":["bronze:WhirlingStrike+1","bronze:ChildClass","bronze:Branch+1"],"picked":"SKIP","floor":39},{"not_picked":["bronze:BitShift+1","bronze:Terminator"],"picked":"bronze:WildBeam+1","floor":42},{"not_picked":["bronze:DigitalCarnage","bronze:Separator","bronze:WhirlingStrike+1"],"picked":"SKIP","floor":42},{"not_picked":["expansioncontent:InvincibleStrength","expansioncontent:PolyBeam"],"picked":"expansioncontent:GuardianWhirl","floor":43},{"not_picked":["bronze:FindAndReplace","bronze:ItsAFeature+1"],"picked":"bronze:Repair","floor":44},{"not_picked":["bronze:ClassDefault+1","bronze:Repair","bronze:CloningBeam"],"picked":"SKIP","floor":45},{"not_picked":["bronze:Branch+1","bronze:FineTuning","bronze:Shell"],"picked":"SKIP","floor":45},{"not_picked":["bronze:Overheat","bronze:Invalidate+1","bronze:Branch+1"],"picked":"SKIP","floor":46},{"not_picked":["bronze:NullPointer","bronze:Allocate+1","bronze:DelayedGuard"],"picked":"SKIP","floor":46},{"not_picked":["bronze:Invalidate+1","bronze:Return","bronze:DelayedSlice"],"picked":"SKIP","floor":48},{"not_picked":["bronze:CutThrough","bronze:FineTuning+1"],"picked":"bronze:Mutator+1","floor":49},{"not_picked":["bronze:BitShift+1","bronze:Iterate+1","bronze:FineTuning+1"],"picked":"SKIP","floor":49}],"player_experience":1005453,"relics_obtained":[{"floor":7,"key":"Happy Flower"},{"floor":9,"key":"Omamori"},{"floor":13,"key":"MealTicket"},{"floor":17,"key":"Lantern"},{"floor":17,"key":"HornCleat"},{"floor":17,"key":"Girya"},{"floor":22,"key":"Dead Branch"},{"floor":22,"key":"bronze:CableSpool"},{"floor":24,"key":"The Courier"},{"floor":41,"key":"MawBank"},{"floor":44,"key":"bronze:ProtectiveGoggles"},{"floor":48,"key":"Gambling Chip"}],"event_choices":[{"damage_healed":0,"gold_gain":0,"player_choice":"Stole Relic","damage_taken":0,"relics_obtained":["Prayer Wheel"],"max_hp_gain":0,"max_hp_loss":0,"event_name":"Addict","floor":29,"gold_loss":0,"cards_obtained":["Pride"]},{"cards_removed":["bronze:Strike"],"damage_healed":0,"gold_gain":0,"player_choice":"Removed Attack","damage_taken":0,"max_hp_gain":0,"max_hp_loss":0,"event_name":"Falling","floor":36,"gold_loss":0}],"is_beta":false,"boss_relics":[{"not_picked":["Snecko Eye","Cursed Key"],"picked":"Calling Bell"},{"not_picked":["Sozu","Tiny House"],"picked":"expansioncontent:StudyCardRelic"}],"items_purged_floors":[8,31],"is_endless":false,"potions_floor_spawned":[9,13,14,15,19,23,33,44,46,48,49],"ascension_level":5}}