{"host":"665g8wmplxs7g59h","time":1612968520,"event":{"mods":["AchievementEnabler","BaseMod","Colored Map","DeckTracker","Minty Spire (QoL Compilation)","Permanent Neow","SuperFastMode"],"gold_per_floor":[117,137,149,3,16,16,31,51,103,103,103,127,171,194,194,313,313,331,344,358,98,111,145,145,145,145],"floor_reached":25,"language":"KOR","playtime":900,"items_purged":["Strike_G"],"score":229,"play_id":"53162165-9446-47ea-a027-f716636ec3d5","local_time":"20210210234840","is_ascension_mode":false,"campfire_choices":[{"data":"Infinite Blades","floor":6,"key":"SMITH"},{"data":"Cloak And Dagger","floor":15,"key":"SMITH"}],"circlet_count":0,"master_deck":["Strike_G","Strike_G","Defend_G","Defend_G","Defend_G","Defend_G","Defend_G","Survivor","Neutralize","Blade Dance","Infinite Blades+1","Cloak And Dagger+1","Endless Agony","Cloak And Dagger","Cloak And Dagger","Phantasmal Killer","Blade Dance"],"relics":["Ring of the Snake","NeowsBlessing","Golden Idol","Frozen Egg 2","Empty Cage","Shuriken","Bottled Lightning","CultistMask"],"acts_visited":["TheCity"],"potions_floor_usage":[14,16,16,20,22],"damage_taken":[{"damage":0,"enemies":"Cultist","floor":1,"turns":1},{"damage":0,"enemies":"Small Slimes","floor":2,"turns":1},{"damage":0,"enemies":"2 Louse","floor":3,"turns":1},{"damage":2,"enemies":"Looter","floor":5,"turns":4},{"damage":13,"enemies":"Exordium Thugs","floor":7,"turns":6},{"damage":0,"enemies":"Blue Slaver","floor":8,"turns":4},{"damage":0,"enemies":"Red Slaver","floor":12,"turns":4},{"damage":17,"enemies":"3 Sentries","floor":13,"turns":7},{"damage":0,"enemies":"Large Slime","floor":14,"turns":4},{"damage":43,"enemies":"Hexaghost","floor":16,"turns":16},{"damage":5,"enemies":"Chosen","floor":18,"turns":7},{"damage":10,"enemies":"Shell Parasite","floor":19,"turns":7},{"damage":12,"enemies":"3 Cultists","floor":20,"turns":7},{"damage":26,"enemies":"Snake Plant","floor":22,"turns":5},{"damage":36,"enemies":"Gremlin Leader","floor":23,"turns":5},{"damage":4,"enemies":"Centurion and Healer","floor":25,"turns":2}],"seed_played":"996997898599082840","potions_obtained":[{"floor":2,"key":"DistilledChaos"},{"floor":5,"key":"EssenceOfSteel"},{"floor":12,"key":"Fire Potion"},{"floor":16,"key":"SteroidPotion"},{"floor":20,"key":"Strength Potion"},{"floor":22,"key":"FairyPotion"}],"is_trial":false,"path_per_floor":["M","M","M","$","M","R","M","M","T","?","?","M","E","M","R","B",null,"M","M","M","$","M","E","?","M"],"character_chosen":"THE_SILENT","items_purchased":["Infinite Blades","Shuriken"],"campfire_rested":0,"item_purchase_floors":[4,21],"current_hp_per_floor":[70,70,70,70,68,68,55,55,55,38,61,61,44,44,44,1,70,65,55,43,43,17,3,3,0,0],"gold":145,"neow_bonus":"THREE_ENEMY_KILL","is_daily":false,"chose_seed":false,"campfire_upgraded":2,"win_rate":0.0,"timestamp":1612968520,"path_taken":["M","M","M","?","M","R","M","M","T","?","?","M","E","M","R","BOSS","M","M","M","$","M","E","?","M"],"items_purchased_type":["Card","Relic"],"build_version":"2020-12-22","purchased_purges":1,"victory":false,"max_hp_per_floor":[70,70,70,70,70,70,70,70,70,70,70,70,70,70,70,70,70,70,70,70,70,70,70,70,70,70],"card_choices":[{"not_picked":["Outmaneuver","Sucker Punch","Quick Slash"],"picked":"SKIP","floor":1},{"not_picked":["Sucker Punch","Dodge and Roll"],"picked":"Blade Dance","floor":2},{"not_picked":["Blur","Underhanded Strike","Bane"],"picked":"SKIP","floor":3},{"not_picked":["Bane","Blade Dance"],"picked":"Cloak And Dagger","floor":5},{"not_picked":["Bane","Prepared"],"picked":"Endless Agony","floor":7},{"not_picked":["Blade Dance","Reflex"],"picked":"Cloak And Dagger","floor":8},{"not_picked":["Calculated Gamble","Acrobatics","Sucker Punch"],"picked":"SKIP","floor":12},{"not_picked":["Noxious Fumes+1","Night Terror"],"picked":"Cloak And Dagger","floor":13},{"not_picked":["Tactician","Flying Knee","Underhanded Strike"],"picked":"SKIP","floor":14},{"not_picked":["Malaise","Unload"],"picked":"Phantasmal Killer","floor":16},{"not_picked":["Prepared","Heel Hook","Distraction"],"picked":"SKIP","floor":18},{"not_picked":["Poisoned Stab","Dodge and Roll","Deadly Poison"],"picked":"SKIP","floor":19},{"not_picked":["Backflip+1","Deflect+1"],"picked":"Blade Dance","floor":20},{"not_picked":["Caltrops+1","Leg Sweep","Malaise"],"picked":"SKIP","floor":22},{"not_picked":["Endless Agony","Escape Plan","Dodge and Roll"],"picked":"SKIP","floor":23}],"player_experience":85876,"relics_obtained":[{"floor":13,"key":"Frozen Egg 2"},{"floor":23,"key":"Bottled Lightning"}],"event_choices":[{"damage_healed":0,"gold_gain":0,"player_choice":"Take Damage","damage_taken":17,"relics_obtained":["Golden Idol"],"max_hp_gain":0,"max_hp_loss":0,"event_name":"Golden Idol","floor":10,"gold_loss":0},{"damage_healed":23,"gold_gain":0,"player_choice":"Banana","damage_taken":0,"max_hp_gain":0,"max_hp_loss":0,"event_name":"Big Fish","floor":11,"gold_loss":0},{"damage_healed":0,"gold_gain":0,"player_choice":"Trade","damage_taken":0,"relics_obtained":["CultistMask"],"max_hp_gain":0,"max_hp_loss":0,"event_name":"FaceTrader","floor":24,"gold_loss":0}],"is_beta":false,"boss_relics":[{"not_picked":["SacredBark","Velvet Choker"],"picked":"Empty Cage"}],"items_purged_floors":[4],"is_endless":false,"potions_floor_spawned":[2,5,12,13,16,20,22],"killed_by":"Centurion and Healer","ascension_level":0}}