{"host":"xg4r5pv6chpuampg","time":1612978816,"event":{"mods":["AchievementEnabler","BaseMod","Googly Eyes","Minty Spire (QoL Compilation)"],"gold_per_floor":[112,35,35,135,153,182,182,214,214,214,234,244,3,64,64,167,167,178,196,111,126,126,126,153,153,153,153,253,253,253,266,266,368,368,381,406,406,423,440,440,466,466,466,466,466,466,426,88,88,88,88],"floor_reached":50,"language":"ENG","playtime":2181,"items_purged":[],"score":542,"play_id":"be2b064f-7466-4e64-b64a-0cc3bb1fc9af","local_time":"20210210204016","is_ascension_mode":false,"campfire_choices":[{"floor":7,"key":"REST"},{"floor":10,"key":"REST"},{"floor":15,"key":"REST"},{"floor":23,"key":"REST"},{"floor":25,"key":"REST"},{"floor":27,"key":"RECALL"},{"floor":30,"key":"REST"},{"floor":32,"key":"REST"},{"data":"1","floor":40,"key":"LIFT"},{"floor":42,"key":"REST"},{"data":"2","floor":46,"key":"LIFT"},{"floor":49,"key":"REST"}],"circlet_count":0,"master_deck":["Strike_B","Strike_B","Strike_B+1","Strike_B","Defend_B","Defend_B+1","Defend_B","Defend_B","Zap+1","Dualcast","White Noise+1","Self Repair","Rebound","Static Discharge+1","Rainbow+1","Conserve Battery","Streamline","Buffer+1","Storm+1","Barrage+1","Capacitor+1","Machine Learning+1","Heatsinks+1","Redo","Doom and Gloom+1"],"relics":["Cracked Core","Frozen Egg 2","Shuriken","Darkstone Periapt","Blood Vial","Ornamental Fan","Inserter","Tiny Chest","War Paint","Mercury Hourglass","Girya","Pear","GremlinMask","Black Star","Happy Flower","Pen Nib","Potion Belt","Sundial","Molten Egg 2","Mummified Hand"],"acts_visited":["Exordium","TheCity","TheBeyond"],"potions_floor_usage":[8,13,31,33,33,50,50,50],"damage_taken":[{"damage":7.0,"enemies":"Small Slimes","floor":1.0,"turns":3.0},{"damage":6.0,"enemies":"Cultist","floor":5.0,"turns":3.0},{"damage":39.0,"enemies":"3 Sentries","floor":6.0,"turns":8.0},{"damage":18,"enemies":"Gremlin Nob","floor":8,"turns":3},{"damage":11,"enemies":"2 Louse","floor":11,"turns":3},{"damage":17,"enemies":"Exordium Thugs","floor":12,"turns":5},{"damage":25,"enemies":"Lagavulin Event","floor":14,"turns":5},{"damage":32,"enemies":"Hexaghost","floor":16,"turns":7},{"damage":23,"enemies":"Chosen","floor":18,"turns":6},{"damage":22,"enemies":"Spheric Guardian","floor":19,"turns":6},{"damage":39,"enemies":"Cultist and Chosen","floor":21,"turns":5},{"damage":23,"enemies":"Gremlin Leader","floor":24,"turns":4},{"damage":28,"enemies":"Colosseum Slavers","floor":28,"turns":2},{"damage":28,"enemies":"Colosseum Nobs","floor":28,"turns":3},{"damage":17,"enemies":"Snake Plant","floor":31,"turns":4},{"damage":31,"enemies":"Automaton","floor":33,"turns":10},{"damage":13,"enemies":"Orb Walker","floor":35,"turns":4},{"damage":27,"enemies":"3 Darklings","floor":38,"turns":4},{"damage":0,"enemies":"Transient","floor":39,"turns":5},{"damage":30,"enemies":"Nemesis","floor":41,"turns":6},{"damage":91,"enemies":"Awakened One","floor":50,"turns":5}],"seed_played":"-3355323765881873369","potions_obtained":[{"floor":0.0,"key":"PowerPotion"},{"floor":0.0,"key":"Strength Potion"},{"floor":0.0,"key":"LiquidMemories"},{"floor":21,"key":"FearPotion"},{"floor":24,"key":"BlessingOfTheForge"},{"floor":28,"key":"Regen Potion"},{"floor":31,"key":"EssenceOfSteel"},{"floor":33,"key":"SteroidPotion"},{"floor":38,"key":"Swift Potion"},{"floor":39,"key":"BlessingOfTheForge"},{"floor":41,"key":"LiquidBronze"}],"is_trial":false,"path_per_floor":["M","$","?","?","M","E","R","E","T","R","M","M","$","?","R","B",null,"M","M","?","M","$","R","E","R","T","R","?","?","R","M","R","B",null,"M","T","?","M","M","R","E","R","T","T","?","R","?","$","R","B"],"character_chosen":"DEFECT","items_purchased":["Self Repair","Blood Vial","Fruit Juice","Mummified Hand","Doom and Gloom+1"],"campfire_rested":9,"item_purchase_floors":[2,13,13,48,48],"current_hp_per_floor":[68,68,53,53,54,22,44,33,33,55,51,41,46,30,54,31,80,64,51,51,21,21,45,31,55,55,55,27,27,54,55,82,60,90,84,84,84,59,68,68,47,74,74,74,74,74,74,74,90,0,0],"gold":88,"neow_bonus":"THREE_SMALL_POTIONS","is_daily":false,"chose_seed":false,"campfire_upgraded":0,"win_rate":0.0,"timestamp":1612978816,"path_taken":["M","$","?","?","M","E","R","E","T","R","?","M","?","?","R","BOSS","M","M","?","M","$","R","E","R","T","R","?","?","R","?","R","BOSS","M","?","?","?","?","R","E","R","T","?","?","R","?","$","R","BOSS"],"items_purchased_type":["Card","Relic","Potion","Relic","Card"],"build_version":"2020-12-22","purchased_purges":0,"victory":false,"max_hp_per_floor":[75,75,75,75,75,75,75,75,75,75,75,75,80,80,80,80,80,80,80,80,80,80,80,80,80,80,80,90,90,90,90,90,90,90,90,90,90,90,90,90,90,90,90,90,90,90,90,90,90,90,90],"card_choices":[{"not_picked":["Turbo","Conserve Battery"],"picked":"White Noise","floor":1.0},{"not_picked":["Force Field","Ball Lightning"],"picked":"Rebound","floor":5.0},{"not_picked":["Go for the Eyes","Sweeping Beam"],"picked":"Static Discharge+1","floor":6.0},{"not_picked":["Ball Lightning","Undo"],"picked":"Rainbow","floor":8},{"not_picked":["Leap","Hologram"],"picked":"Conserve Battery","floor":11},{"not_picked":["Biased Cognition+1","Sweeping Beam"],"picked":"Streamline","floor":12},{"not_picked":["Rainbow","Hyperbeam"],"picked":"Buffer+1","floor":16},{"not_picked":["Sweeping Beam","Hello World+1","Go for the Eyes"],"picked":"SKIP","floor":18},{"not_picked":["Conserve Battery","Darkness"],"picked":"Storm+1","floor":19},{"not_picked":["Rebound","Hologram","Sweeping Beam+1"],"picked":"SKIP","floor":21},{"not_picked":["Conserve Battery","Doom and Gloom"],"picked":"Barrage+1","floor":24},{"not_picked":["Gash","Beam Cell"],"picked":"Capacitor+1","floor":28},{"not_picked":["Streamline","Gash+1","Leap"],"picked":"SKIP","floor":31},{"not_picked":["Reboot","Biased Cognition+1"],"picked":"Machine Learning+1","floor":33},{"not_picked":["Chaos","Skim"],"picked":"Heatsinks+1","floor":35},{"not_picked":["Aggregate+1","Turbo","Double Energy"],"picked":"SKIP","floor":38},{"not_picked":["Sunder","Coolheaded+1","Fusion+1"],"picked":"SKIP","floor":39},{"not_picked":["Go for the Eyes","Compile Driver"],"picked":"Redo","floor":41}],"player_experience":106486,"relics_obtained":[{"floor":6.0,"key":"Frozen Egg 2"},{"floor":8,"key":"Shuriken"},{"floor":9,"key":"Darkstone Periapt"},{"floor":14,"key":"Ornamental Fan"},{"floor":24,"key":"War Paint"},{"floor":26,"key":"Mercury Hourglass"},{"floor":28,"key":"Girya"},{"floor":28,"key":"Pear"},{"floor":41,"key":"Pen Nib"},{"floor":41,"key":"Potion Belt"},{"floor":43,"key":"Sundial"},{"floor":44,"key":"Molten Egg 2"}],"event_choices":[{"damage_healed":0.0,"max_hp_gain":0.0,"max_hp_loss":0.0,"gold_gain":0.0,"event_name":"Shining Light","player_choice":"Entered Light","floor":3.0,"gold_loss":0.0,"damage_taken":15.0,"cards_upgraded":["Strike_B","Defend_B"]},{"damage_healed":0.0,"max_hp_gain":0.0,"max_hp_loss":0.0,"gold_gain":100.0,"event_name":"Golden Shrine","player_choice":"Pray","floor":4.0,"gold_loss":0.0,"damage_taken":0.0},{"damage_healed":0,"gold_gain":0,"player_choice":"Searched \u00271\u0027 times","damage_taken":0,"max_hp_gain":0,"max_hp_loss":0,"event_name":"Dead Adventurer","floor":14,"gold_loss":0},{"damage_healed":0,"gold_gain":0,"player_choice":"Obtained Relic","damage_taken":0,"relics_obtained":["Tiny Chest"],"max_hp_gain":0,"max_hp_loss":0,"event_name":"Addict","floor":20,"gold_loss":85},{"damage_healed":0,"gold_gain":0,"player_choice":"Fight","damage_taken":0,"max_hp_gain":0,"max_hp_loss":0,"event_name":"Colosseum","floor":28,"gold_loss":0},{"damage_healed":0,"gold_gain":0,"player_choice":"Fought Nobs","damage_taken":0,"max_hp_gain":0,"max_hp_loss":0,"event_name":"Colosseum","floor":28,"gold_loss":0},{"damage_healed":0,"gold_gain":0,"player_choice":"Trade","damage_taken":0,"relics_obtained":["GremlinMask"],"max_hp_gain":0,"max_hp_loss":0,"event_name":"FaceTrader","floor":29,"gold_loss":0},{"damage_healed":0,"gold_gain":0,"player_choice":"Gave Potion","damage_taken":0,"relics_obtained":["Happy Flower"],"max_hp_gain":0,"max_hp_loss":0,"event_name":"WeMeetAgain","floor":37,"gold_loss":0},{"damage_healed":0,"gold_gain":0,"player_choice":"Ignored","damage_taken":0,"max_hp_gain":0,"max_hp_loss":0,"event_name":"Tomb of Lord Red Mask","floor":45,"gold_loss":0},{"damage_healed":0,"gold_gain":0,"player_choice":"Upgrade","damage_taken":0,"max_hp_gain":0,"max_hp_loss":0,"event_name":"Designer","floor":47,"gold_loss":40,"cards_upgraded":["Rainbow"]}],"is_beta":false,"boss_relics":[{"not_picked":["Snecko Eye","Sozu"],"picked":"Inserter"},{"not_picked":["Fusion Hammer","Busted Crown"],"picked":"Black Star"}],"items_purged_floors":[],"is_endless":false,"potions_floor_spawned":[1,5,21,24,28,31,33,38,39,41],"killed_by":"Awakened One","ascension_level":0}}