{"host":"kh91mfnoze99ny0y","time":1612972804,"event":{"mods":["Act Like it!","BaseMod","Downfall","Gensokyo","KinomotoSakuraMod(Ä¾Ö®±¾Ó£)","Lobotomy","LobotomyExtend","Minty Spire (QoL Compilation)","StSLib","The Bug Knight","The Cursed"],"gold_per_floor":[270,280,133,148,70,96,96,126,126,126,126,138,38,51,51,51,51],"floor_reached":16,"language":"ZHS","playtime":871,"items_purged":["TheCursedMod:Defend_TheCursed","TheCursedMod:Defend_TheCursed"],"score":110,"play_id":"75424167-1b0a-40c3-8b35-d54efc40f0af","local_time":"20210211000004","is_ascension_mode":false,"campfire_choices":[{"floor":11,"key":"REST"},{"floor":15,"key":"REST"}],"circlet_count":0,"master_deck":["TheCursedMod:Strike_TheCursed","TheCursedMod:Strike_TheCursed","TheCursedMod:Strike_TheCursed","TheCursedMod:Defend_TheCursed","TheCursedMod:Defend_TheCursed","TheCursedMod:CursedWand","TheCursedMod:CleanUpWorkshop","TheCursedMod:Dregs","TheCursedMod:RavingStaff","TheCursedMod:AbyssShockwave","TheCursedMod:HellsGateOpen","TheCursedMod:DoubleShield","TheCursedMod:Hemoplague","TheCursedMod:StingEye","TheCursedMod:StunningStrike","TheCursedMod:CircleOfFlame+1","TheCursedMod:SpitefulPlan"],"relics":["TheCursedMod:BlackMagic101","LetterFromLob","HollowMod:StagPassRelic","PreservedInsect","Toxic Egg 2"],"acts_visited":["Exordium"],"potions_floor_usage":[8],"damage_taken":[{"damage":4,"enemies":"Cultist","floor":1,"turns":5},{"damage":11,"enemies":"Small Slimes","floor":2,"turns":4},{"damage":6,"enemies":"Jaw Worm","floor":4,"turns":3},{"damage":39,"enemies":"Lagavulin","floor":6,"turns":7},{"damage":3,"enemies":"3 Sentries","floor":8,"turns":5},{"damage":6,"enemies":"Exordium Wildlife","floor":12,"turns":2},{"damage":2,"enemies":"Looter","floor":14,"turns":2},{"damage":50,"enemies":"Slime Boss","floor":16,"turns":8}],"seed_played":"1118999511361212544","potions_obtained":[{"floor":1,"key":"champ:CounterPotion"},{"floor":4,"key":"PowerPotion"}],"is_trial":false,"path_per_floor":["M","M","$","M","$","E","?","E","T","?","R","M","$","M","R","B"],"character_chosen":"THE_CURSED","items_purchased":["TheCursedMod:HellsGateOpen","TheCursedMod:Hemoplague"],"campfire_rested":2,"item_purchase_floors":[3,5],"current_hp_per_floor":[71,60,60,54,54,15,15,12,12,12,34,28,28,26,48,0,0],"gold":51,"neow_bonus":"","is_daily":false,"chose_seed":false,"campfire_upgraded":0,"win_rate":0.0,"timestamp":1612972804,"path_taken":["M","M","$","M","?","E","?","E","T","?","R","?","$","M","R","BOSS"],"items_purchased_type":["Card","Card"],"build_version":"2020-12-22","purchased_purges":2,"victory":false,"max_hp_per_floor":[75,75,75,75,75,75,75,75,75,75,75,75,75,75,75,75,75],"card_choices":[{"not_picked":["TheCursedMod:Evocation","TheCursedMod:BlessingInDisguise"],"picked":"TheCursedMod:RavingStaff","floor":1},{"not_picked":["TheCursedMod:RavingStaff","TheCursedMod:CircleOfWindfury"],"picked":"TheCursedMod:AbyssShockwave","floor":2},{"not_picked":["TheCursedMod:VitalStrike","TheCursedMod:TroublousMinions"],"picked":"TheCursedMod:DoubleShield","floor":4},{"not_picked":["TheCursedMod:BlessingInDisguise","TheCursedMod:WearCloak"],"picked":"TheCursedMod:StingEye","floor":6},{"not_picked":["TheCursedMod:SpreadPlague","TheCursedMod:CursedAmulet"],"picked":"TheCursedMod:StunningStrike","floor":8},{"not_picked":["TheCursedMod:FleshFromBone+1","TheCursedMod:BloodBarrier+1"],"picked":"TheCursedMod:CircleOfFlame+1","floor":12},{"not_picked":["TheCursedMod:Torture+1","TheCursedMod:FleshFromBone+1"],"picked":"TheCursedMod:SpitefulPlan","floor":14}],"player_experience":170959,"relics_obtained":[{"floor":1,"key":"LetterFromLob"},{"floor":6,"key":"HollowMod:StagPassRelic"},{"floor":8,"key":"PreservedInsect"},{"floor":9,"key":"Toxic Egg 2"}],"event_choices":[{"damage_healed":0,"gold_gain":0,"player_choice":"Ignored","damage_taken":0,"max_hp_gain":0,"max_hp_loss":0,"event_name":"Liars Game","floor":7,"gold_loss":0},{"cards_removed":["TheCursedMod:Strike_TheCursed"],"damage_healed":0,"gold_gain":0,"player_choice":"Forget","damage_taken":0,"max_hp_gain":0,"max_hp_loss":0,"event_name":"Living Wall","floor":10,"gold_loss":0}],"is_beta":false,"boss_relics":[],"items_purged_floors":[3,13],"is_endless":false,"potions_floor_spawned":[1,4],"killed_by":"Slime Boss","ascension_level":0}}