{"host":"uu4d5a1dg638aknc","time":1612934173,"event":{"mods":["BaseMod","Minty Spire (QoL Compilation)","Quick Restart","Rare Cards Sparkle","Relic Stats","StSLib","The Alterego","The Bladedancer","Waifu the Spire"],"gold_per_floor":[114,114,39,39,55,83,96,96,96,112,124,185,212,223,223,223,223],"floor_reached":16,"language":"ZHS","playtime":979,"items_purged":["blademaster:Strike"],"score":137,"play_id":"1d77adf9-bebe-47fc-858d-764a7b064be8","local_time":"20210210131613","is_ascension_mode":false,"campfire_choices":[{"data":"blademaster:RagingBlow","floor":8,"key":"SMITH"},{"floor":15,"key":"REST"}],"circlet_count":0,"master_deck":["blademaster:Strike","blademaster:Strike","blademaster:Strike","blademaster:Defend","blademaster:Defend","blademaster:Defend","blademaster:Defend","blademaster:RagingBlow+1","blademaster:HighVoltage+1","blademaster:OneTrickPony","blademaster:Flash"],"relics":["blademaster:DancersAmulet","NeowsBlessing","Darkstone Periapt","Oddly Smooth Stone","Potion Belt","Toy Ornithopter"],"acts_visited":["Exordium"],"potions_floor_usage":[13,13,16],"damage_taken":[{"damage":0,"enemies":"Small Slimes","floor":1,"turns":1},{"damage":0,"enemies":"Jaw Worm","floor":5,"turns":1},{"damage":0,"enemies":"Gremlin Nob","floor":6,"turns":1},{"damage":0,"enemies":"2 Louse","floor":7,"turns":3},{"damage":4,"enemies":"Looter","floor":10,"turns":3},{"damage":0,"enemies":"3 Louse","floor":11,"turns":4},{"damage":14,"enemies":"Gremlin Nob","floor":12,"turns":5},{"damage":12,"enemies":"3 Sentries","floor":13,"turns":9},{"damage":10,"enemies":"Exordium Thugs","floor":14,"turns":5},{"damage":72,"enemies":"Slime Boss","floor":16,"turns":11}],"seed_played":"1021923510831116569","potions_obtained":[{"floor":5,"key":"Dexterity Potion"},{"floor":6,"key":"ColorlessPotion"},{"floor":11,"key":"AttackPotion"}],"is_trial":false,"path_per_floor":["M","?","$","?","M","E","M","R","T","M","M","?","E","M","R","B"],"character_chosen":"THE_BLADEMASTER","items_purchased":[],"campfire_rested":1,"item_purchase_floors":[],"current_hp_per_floor":[75,75,75,75,75,75,75,75,75,71,71,57,51,41,63,0,0],"gold":223,"neow_bonus":"THREE_ENEMY_KILL","is_daily":false,"chose_seed":false,"campfire_upgraded":1,"win_rate":0.0,"timestamp":1612934173,"path_taken":["M","?","$","?","M","E","M","R","T","M","M","?","E","M","R","BOSS"],"items_purchased_type":[],"build_version":"2020-12-22","purchased_purges":1,"victory":false,"max_hp_per_floor":[75,75,75,75,75,75,75,75,75,75,75,75,75,75,75,75,75],"relic_stats":{"Darkstone Periapt":0,"counters":[10,43],"obtain_stats":[{"Darkstone Periapt":6,"Potion Belt":12,"NeowsBlessing":0,"blademaster:FuryEveryTurnPerk":6,"Oddly Smooth Stone":9,"blademaster:StanceHealPerk":12,"blademaster:OnAttackedChargePerk":13,"blademaster:DancersAmulet":0,"Toy Ornithopter":13},{"Darkstone Periapt":3,"Potion Belt":7,"NeowsBlessing":0,"blademaster:FuryEveryTurnPerk":3,"Oddly Smooth Stone":4,"blademaster:StanceHealPerk":7,"blademaster:OnAttackedChargePerk":8,"blademaster:DancersAmulet":0,"Toy Ornithopter":8},{"Darkstone Periapt":3,"Potion Belt":18,"NeowsBlessing":0,"blademaster:FuryEveryTurnPerk":3,"Oddly Smooth Stone":6,"blademaster:StanceHealPerk":18,"blademaster:OnAttackedChargePerk":27,"blademaster:DancersAmulet":0,"Toy Ornithopter":27}],"Toy Ornithopter":5},"card_choices":[{"not_picked":["blademaster:Frontflip","blademaster:ChargingUp"],"picked":"blademaster:OneTrickPony","floor":1},{"not_picked":["blademaster:Quickstep","blademaster:DeadlyDance","blademaster:LeechingStrike"],"picked":"SKIP","floor":5},{"not_picked":["blademaster:Discharge","blademaster:Slice"],"picked":"blademaster:Flash","floor":6},{"not_picked":["blademaster:BladeMastery","blademaster:FuriousStrike","blademaster:Stability"],"picked":"SKIP","floor":7},{"not_picked":["blademaster:Overcharge","blademaster:IcyWind","blademaster:Thrust"],"picked":"SKIP","floor":10},{"not_picked":["blademaster:ParryingStrike","blademaster:ChargingUp","blademaster:LeechingStrike"],"picked":"SKIP","floor":11},{"not_picked":["blademaster:HighVoltage","blademaster:SlyStabs","blademaster:AspectOfWind"],"picked":"SKIP","floor":13},{"not_picked":["blademaster:Discharge","blademaster:LeechingStrike","blademaster:Stability"],"picked":"SKIP","floor":14}],"player_experience":96421,"relics_obtained":[{"floor":6,"key":"Darkstone Periapt"},{"floor":6,"key":"blademaster:FuryEveryTurnPerk"},{"floor":9,"key":"Oddly Smooth Stone"},{"floor":12,"key":"Potion Belt"},{"floor":12,"key":"blademaster:StanceHealPerk"},{"floor":13,"key":"Toy Ornithopter"},{"floor":13,"key":"blademaster:OnAttackedChargePerk"}],"event_choices":[{"damage_healed":0,"gold_gain":0,"player_choice":"Grow","damage_taken":0,"max_hp_gain":0,"max_hp_loss":0,"event_name":"Living Wall","floor":2,"gold_loss":0,"cards_upgraded":["blademaster:HighVoltage"]},{"damage_healed":0,"gold_gain":0,"player_choice":"Ignored","damage_taken":0,"max_hp_gain":0,"max_hp_loss":0,"event_name":"Golden Idol","floor":4,"gold_loss":0},{"damage_healed":0,"gold_gain":0,"player_choice":"Searched \u00272\u0027 times","damage_taken":0,"max_hp_gain":0,"max_hp_loss":0,"event_name":"Dead Adventurer","floor":12,"gold_loss":0}],"is_beta":false,"boss_relics":[],"items_purged_floors":[3],"is_endless":false,"potions_floor_spawned":[5,6,11],"killed_by":"Slime Boss","ascension_level":0}}