{"host":"xp27heuvanyklt0b","time":1612935819,"event":{"mods":["100% Spire Juice","BaseMod","Lobotomy","Minty Spire (QoL Compilation)","StSLib"],"gold_per_floor":[117,31,48,64,79,79,79,96,119,132,132,144,144,177,177,280,280,293,78,91,91,102,102,102,68,68,78,105,105,117,143,143,246,296,296,296],"floor_reached":35,"language":"KOR","playtime":2478,"items_purged":[],"score":424,"play_id":"e4b9fe43-7b37-4122-9ae4-20fe61b415af","local_time":"20210210144339","is_ascension_mode":false,"campfire_choices":[{"data":"Bloodletting","floor":6,"key":"SMITH"},{"floor":11,"key":"REST"},{"data":"Infernal Blade","floor":13,"key":"SMITH"},{"data":"Whirlwind","floor":15,"key":"SMITH"},{"data":"Armaments","floor":23,"key":"SMITH"},{"data":"Inflame","floor":29,"key":"SMITH"},{"data":"Heavy Blade","floor":32,"key":"SMITH"}],"circlet_count":0,"master_deck":["Strike_R","Strike_R","Strike_R","Strike_R","Strike_R","Defend_R","Defend_R","Defend_R","Defend_R","Bash","BlueStar","Twin Strike","PanicButton","CrumblingArmor","Murderer","Bloodletting+1","ShyLook","Pummel","MeltingLove","Infernal Blade+1","Anger","BodiesMountain","MHz","Pommel Strike","Rudolta","Whirlwind+1","BlackSwan","Reaper","LongBird","Armaments+1","Heavy Blade+1","Woodsman","NakedNest","Pommel Strike+1","Inflame+1","Mercenary","Heavy Blade+1","Bloodbath","Shrug It Off+1","BlackArmy","Perfected Strike+1","SpiderBud","Seeing Red+1","LittlePrince"],"relics":["Burning Blood","CogitoBucket","TreeSap","Happy Flower","SacredBark","Sling","AdjustmentMirror","Toxic Egg 2","Orichalcum","Singing Bowl","Tiny House"],"acts_visited":["Exordium","TheCity","TheBeyond"],"potions_floor_usage":[10,20,20,20,22,22,31,31,33,35],"damage_taken":[{"damage":3,"enemies":"Cultist","floor":1,"turns":5},{"damage":6,"enemies":"Jaw Worm","floor":3,"turns":2},{"damage":3,"enemies":"Small Slimes","floor":4,"turns":3},{"damage":19,"enemies":"Exordium Wildlife","floor":5,"turns":3},{"damage":2,"enemies":"Gremlin Gang","floor":8,"turns":3},{"damage":47,"enemies":"Red Slaver","floor":10,"turns":14},{"damage":0,"enemies":"Exordium Wildlife","floor":12,"turns":2},{"damage":29,"enemies":"3 Sentries","floor":14,"turns":4},{"damage":33,"enemies":"The Guardian","floor":16,"turns":9},{"damage":23,"enemies":"Shell Parasite","floor":18,"turns":3},{"damage":98,"enemies":"Spheric Guardian","floor":20,"turns":9},{"damage":32,"enemies":"Shelled Parasite and Fungi","floor":22,"turns":5},{"damage":3,"enemies":"3 Cultists","floor":27,"turns":4},{"damage":13,"enemies":"Slavers","floor":28,"turns":2},{"damage":29,"enemies":"Snake Plant","floor":30,"turns":4},{"damage":31,"enemies":"Book of Stabbing","floor":31,"turns":4},{"damage":57,"enemies":"Champ","floor":33,"turns":8},{"damage":180,"enemies":"3 Darklings","floor":35,"turns":12}],"seed_played":"4089942410675243154","potions_obtained":[{"floor":3,"key":"Block Potion"},{"floor":10,"key":"SteroidPotion"},{"floor":12,"key":"Strength Potion"},{"floor":16,"key":"BlessingOfTheForge"},{"floor":21,"key":"Weak Potion"},{"floor":21,"key":"CultistPotion"},{"floor":21,"key":"Regen Potion"},{"floor":28,"key":"DistilledChaos"},{"floor":30,"key":"SteroidPotion"},{"floor":34,"key":"Fire Potion"}],"is_trial":false,"path_per_floor":["M","$","M","M","M","R","?","M","T","M","R","M","R","E","R","B",null,"M","$","M","?","M","R","?","$","T","M","E","R","M","E","R","B",null,"M"],"character_chosen":"IRONCLAD","items_purchased":["PanicButton","Sling","Regen Potion","Inflame"],"campfire_rested":1,"item_purchase_floors":[2,19,19,25],"current_hp_per_floor":[80,80,80,80,67,67,80,80,80,39,63,65,65,46,46,26,65,49,49,12,12,52,52,46,46,46,65,65,65,50,51,51,25,74,0,0],"gold":296,"neow_bonus":"","is_daily":false,"chose_seed":false,"campfire_upgraded":6,"win_rate":0.0,"timestamp":1612935819,"path_taken":["M","?","M","M","M","R","?","M","T","M","R","?","R","E","R","BOSS","M","$","M","?","?","R","?","$","T","M","E","R","?","E","R","BOSS","M"],"items_purchased_type":["Card","Relic","Potion","Card"],"build_version":"2020-12-22","purchased_purges":0,"victory":false,"max_hp_per_floor":[80,80,80,80,80,80,80,80,80,80,80,65,65,65,65,65,65,65,65,65,65,65,65,65,65,65,65,65,65,65,65,65,67,74,74,74],"card_choices":[{"not_picked":["Mercenary","CherryBlossoms"],"picked":"BlueStar","floor":1},{"not_picked":["Dropkick","Iron Wave"],"picked":"Twin Strike","floor":1},{"not_picked":["OSAHOGD","Bloodbath"],"picked":"CrumblingArmor","floor":3},{"not_picked":["Sword Boomerang","Wild Strike"],"picked":"Battle Trance","floor":3},{"not_picked":["Bloodbath","ShyLook"],"picked":"Murderer","floor":4},{"not_picked":["Burning Pact","Spot Weakness"],"picked":"Bloodletting","floor":4},{"not_picked":["CherryBlossoms","HeroicMonk","WhitesApple"],"picked":"Singing Bowl","floor":5},{"not_picked":["WallGazer","FairyFestival"],"picked":"ShyLook","floor":5},{"not_picked":["Entrench","Wild Strike"],"picked":"Pummel","floor":5},{"not_picked":["OSAHOGD","Bloodbath"],"picked":"MeltingLove","floor":8},{"not_picked":["Twin Strike","Clothesline"],"picked":"Infernal Blade","floor":8},{"not_picked":["Shockwave","Body Slam"],"picked":"Anger","floor":10},{"not_picked":["OldLady","Wellcheers"],"picked":"BodiesMountain","floor":10},{"not_picked":["Bloodbath","VoidDream","Variant"],"picked":"Singing Bowl","floor":12},{"not_picked":["LittlePrince","Scarecrow"],"picked":"MHz","floor":12},{"not_picked":["Twin Strike","Havoc"],"picked":"Pommel Strike","floor":12},{"not_picked":["Variant","BigBadWolf","MeatLantern"],"picked":"Singing Bowl","floor":14},{"not_picked":["BlackSwan","Variant"],"picked":"Rudolta","floor":14},{"not_picked":["Anger","Cleave"],"picked":"Whirlwind","floor":14},{"not_picked":["MeatLantern","OSAHOGD"],"picked":"BlackSwan","floor":16},{"not_picked":["Barricade","Corruption"],"picked":"Reaper","floor":16},{"not_picked":["BigBird","UniverseFragment","BeautyBeast"],"picked":"Singing Bowl","floor":18},{"not_picked":["Porccubus","Bloodbath"],"picked":"LongBird","floor":18},{"not_picked":["Combust","Entrench+1"],"picked":"Armaments","floor":18},{"not_picked":["Armaments","Second Wind"],"picked":"Heavy Blade","floor":20},{"not_picked":["Laetitia","UniverseFragment"],"picked":"Woodsman","floor":20},{"not_picked":["WallGazer","Freischutz"],"picked":"NakedNest","floor":22},{"not_picked":["Entrench","Havoc"],"picked":"Pommel Strike","floor":22},{"not_picked":["WhitesApple","CherryBlossoms"],"picked":"Mercenary","floor":27},{"not_picked":["Ghostly Armor+1","Body Slam+1"],"picked":"Heavy Blade+1","floor":27},{"not_picked":["Laetitia","Freischutz","OSAHOGD"],"picked":"Singing Bowl","floor":28},{"not_picked":["GreedKing","BeautyBeast"],"picked":"Bloodbath","floor":28},{"not_picked":["Double Tap+1","Warcry+1"],"picked":"Shrug It Off+1","floor":28},{"not_picked":["BigBird","PunishingBird"],"picked":"BlackArmy","floor":30},{"not_picked":["Fire Breathing","Feel No Pain"],"picked":"Perfected Strike+1","floor":30},{"not_picked":["Variant","BigBadWolf"],"picked":"SpiderBud","floor":31},{"not_picked":["Warcry+1","Wild Strike"],"picked":"Seeing Red+1","floor":31},{"not_picked":["WhitesApple","OSAHOGD"],"picked":"LittlePrince","floor":33},{"not_picked":["Demon Form","Double Tap+1","Exhume+1"],"picked":"Singing Bowl","floor":33},{"not_picked":["Carnage","Pommel Strike","True Grit+1"],"picked":"Singing Bowl","floor":34}],"player_experience":199353,"relics_obtained":[{"floor":14,"key":"Happy Flower"},{"floor":26,"key":"Toxic Egg 2"},{"floor":28,"key":"Orichalcum"},{"floor":31,"key":"Singing Bowl"}],"event_choices":[{"cards_removed":["Battle Trance"],"damage_healed":13,"gold_gain":0,"player_choice":"Offered Uncommon","damage_taken":0,"max_hp_gain":0,"max_hp_loss":0,"event_name":"Bonfire Elementals","floor":7,"gold_loss":0},{"damage_healed":0,"gold_gain":0,"player_choice":"Got Potions","damage_taken":0,"max_hp_gain":0,"max_hp_loss":0,"event_name":"Lab","floor":21,"gold_loss":0},{"damage_healed":0,"gold_gain":0,"player_choice":"","damage_taken":6,"max_hp_gain":0,"max_hp_loss":0,"event_name":"Knowing Skull","floor":24,"potions_obtained":[],"gold_loss":0,"cards_obtained":[]}],"is_beta":false,"boss_relics":[{"not_picked":["Runic Dome","Empty Cage"],"picked":"SacredBark"},{"not_picked":["Cursed Key","Coffee Dripper"],"picked":"Tiny House"}],"items_purged_floors":[],"is_endless":false,"potions_floor_spawned":[3,10,12,16,18,28,30],"killed_by":"3 Darklings","ascension_level":0}}