{"host":"hszimsrtxxc2k25w","time":1612987594,"event":{"mods":["AchievementEnabler","BaseMod","Colored Map","DeckTracker","Minty Spire (QoL Compilation)","Rare Cards Sparkle","SuperFastMode"],"gold_per_floor":[111,111,91,16,31,31,54,54,54,54,54],"floor_reached":10,"language":"KOR","playtime":200,"items_purged":["Strike_G"],"score":112,"play_id":"3e40dc61-6581-46c3-8a9a-dbc53e7c14dd","local_time":"20210211050634","is_ascension_mode":true,"campfire_choices":[{"data":"Cloak And Dagger","floor":6,"key":"SMITH"},{"data":"Deep Breath","floor":8,"key":"SMITH"}],"circlet_count":0,"master_deck":["AscendersBane","Strike_G","Strike_G","Strike_G","Strike_G","Defend_G","Defend_G","Defend_G","Defend_G","Defend_G","Survivor","Neutralize","Deep Breath+1","Cloak And Dagger+1","Blur"],"relics":["Ring of the Snake","Golden Idol","Prayer Wheel"],"acts_visited":["Exordium"],"potions_floor_usage":[10,10],"damage_taken":[{"damage":16,"enemies":"Jaw Worm","floor":1,"turns":7},{"damage":0,"enemies":"2 Louse","floor":5,"turns":4},{"damage":1,"enemies":"Cultist","floor":7,"turns":4},{"damage":15,"enemies":"Lagavulin","floor":10,"turns":5}],"seed_played":"2226456666787312737","potions_obtained":[{"floor":3,"key":"SkillPotion"},{"floor":5,"key":"CunningPotion"}],"is_trial":false,"path_per_floor":["M","?","?","$","M","R","M","R","T","E"],"character_chosen":"THE_SILENT","items_purchased":[],"campfire_rested":0,"item_purchase_floors":[],"current_hp_per_floor":[43,43,43,43,43,43,42,42,42,27,27],"gold":54,"neow_bonus":"RANDOM_COLORLESS","is_daily":false,"chose_seed":false,"campfire_upgraded":2,"win_rate":0.0,"timestamp":1612987594,"path_taken":["M","?","?","$","M","R","?","R","T","E"],"items_purchased_type":[],"build_version":"2020-12-22","purchased_purges":1,"victory":false,"max_hp_per_floor":[66,60,60,60,60,60,60,60,60,60,60],"card_choices":[{"not_picked":["Blind","Swift Strike"],"picked":"Deep Breath","floor":0},{"not_picked":["Terror","Footwork"],"picked":"Cloak And Dagger","floor":1},{"not_picked":["Bane","Backflip"],"picked":"Blur","floor":5},{"not_picked":["Dagger Throw","Slice","Quick Slash"],"picked":"SKIP","floor":7}],"player_experience":674052,"relics_obtained":[{"floor":9,"key":"Prayer Wheel"}],"event_choices":[{"damage_healed":0,"gold_gain":0,"player_choice":"Lose Max HP","damage_taken":0,"relics_obtained":["Golden Idol"],"max_hp_gain":0,"max_hp_loss":6,"event_name":"Golden Idol","floor":2,"gold_loss":0},{"damage_healed":0,"gold_gain":0,"player_choice":"Bought 1 Potion","damage_taken":0,"max_hp_gain":0,"max_hp_loss":0,"event_name":"The Woman in Blue","floor":3,"gold_loss":0}],"is_beta":false,"boss_relics":[],"items_purged_floors":[4],"is_endless":false,"potions_floor_spawned":[5],"killed_by":"Lagavulin","ascension_level":20}}