{"host":"bzmu8obhodshu1qd","time":1612956970,"event":{"mods":["BaseMod","BetterRewards","Colored Map","Colored Powertips","Downfall","Highlight Path","Marisa????????","Minty Spire (QoL Compilation)","Relic Stats","Replay The Spire","StSLib"],"gold_per_floor":[115,115,115,125,139,166,182,182,182,46,46,73,86,101,101,197,197,212,230,244,255,255,255,284,284,363,376,376,376],"floor_reached":28,"language":"ENG","playtime":3877,"items_purged":[],"score":277,"play_id":"ae163e80-76ba-4fea-afa8-1833cbf2f86a","local_time":"20210210113610","is_ascension_mode":false,"campfire_choices":[{"data":"Terror","floor":8,"key":"SMITH"},{"data":"Noxious Fumes","floor":11,"key":"SMITH"},{"data":"Tools of the Trade","floor":15,"key":"SMITH"},{"floor":23,"key":"REST"},{"floor":25,"key":"REST"}],"circlet_count":0,"master_deck":["Strike_G","Strike_G","Strike_G","Strike_G","Strike_G+1","Defend_G","Defend_G","Defend_G","Defend_G","Defend_G","Survivor","Neutralize","Dash","Replay:Bag of Tricks","ReplayTheSpireMod:Speed Training","Terror+1","Noxious Fumes+1","Toxin Wave","Poisoned Stab","Tools of the Trade+1","Venomology","Backflip","Poisoned Stab","Deadly Poison","Deadly Poison","Replay:Sluggish"],"relics":["Ring of Chaos","Shovel","Replay:Accelerometer","Byrd Skull","Cursed Key","Ginger","Quantum Egg"],"acts_visited":["Exordium","TheCity"],"potions_floor_usage":[12,16,16,20,21,21,24,27,27,28],"damage_taken":[{"damage":1,"enemies":"Jaw Worm","floor":1,"turns":6},{"damage":2,"enemies":"Cultist","floor":4,"turns":4},{"damage":0,"enemies":"Small Slimes","floor":5,"turns":4},{"damage":0,"enemies":"Replay:BlueRogue","floor":6,"turns":7},{"damage":0,"enemies":"Red Slaver","floor":7,"turns":4},{"damage":22,"enemies":"Gremlin Nob","floor":12,"turns":4},{"damage":2,"enemies":"Blue Slaver","floor":13,"turns":3},{"damage":2,"enemies":"3 Louse","floor":14,"turns":3},{"damage":13,"enemies":"Slime Boss","floor":16,"turns":10},{"damage":16,"enemies":"Spheric Guardian","floor":18,"turns":5},{"damage":5,"enemies":"Chosen","floor":19,"turns":4},{"damage":7,"enemies":"Centurion and Healer","floor":20,"turns":5},{"damage":2,"enemies":"Sentry and Sphere","floor":21,"turns":6},{"damage":56,"enemies":"Slavers","floor":24,"turns":6},{"damage":6,"enemies":"3 Cultists","floor":27,"turns":4},{"damage":20,"enemies":"Gremlin Leader","floor":28,"turns":4}],"seed_played":"5714678028336185587","potions_obtained":[{"floor":1,"key":"Milkshake"},{"floor":3,"key":"GamblersBrew"},{"floor":3,"key":"DuplicationPotion"},{"floor":13,"key":"champ:CounterPotion"},{"floor":14,"key":"Block Potion"},{"floor":19,"key":"Explosive Potion"},{"floor":21,"key":"Elixir"},{"floor":24,"key":"Explosive Potion"},{"floor":27,"key":"hexamod:SoulburnPotion"}],"is_trial":false,"path_per_floor":["M","?","?","M","M","E","M","R","T","$","R","E","M","M","R","B",null,"M","M","M","M","?","R","E","R","T","M","E"],"character_chosen":"THE_SILENT","items_purchased":["Noxious Fumes","Toxin Wave"],"campfire_rested":2,"item_purchase_floors":[10,10],"current_hp_per_floor":[69,69,69,67,67,67,67,67,67,67,67,45,43,41,41,28,70,54,49,42,40,40,61,5,26,26,20,0,0],"gold":376,"neow_bonus":"BOSS_RELIC","is_daily":false,"chose_seed":false,"campfire_upgraded":3,"win_rate":0.0,"timestamp":1612956970,"path_taken":["M","?","?","M","M","E","M","R","T","$","R","E","M","M","R","BOSS","M","?","M","M","?","R","E","R","T","M","E"],"items_purchased_type":["Card","Card"],"build_version":"2020-12-13","purchased_purges":0,"victory":false,"max_hp_per_floor":[70,70,70,70,70,70,70,70,70,70,70,70,70,70,70,70,70,70,70,70,70,70,70,70,70,70,70,70,70],"relic_stats":{"Shovel":0,"counters":[16,79],"Ginger":[1],"Cursed Key":1,"obtain_stats":[{"Replay:Accelerometer":9,"Shovel":6,"Quantum Egg":26,"Ring of Chaos":0,"Ginger":24,"Byrd Skull":12,"Cursed Key":17,"Ring of the Snake":0},{"Replay:Accelerometer":5,"Shovel":4,"Quantum Egg":14,"Ring of Chaos":0,"Ginger":14,"Byrd Skull":6,"Cursed Key":9,"Ring of the Snake":0},{"Replay:Accelerometer":25,"Shovel":21,"Quantum Egg":71,"Ring of Chaos":0,"Ginger":71,"Byrd Skull":29,"Cursed Key":45,"Ring of the Snake":0}]},"card_choices":[{"not_picked":["Blur","Bouncing Flask"],"picked":"Dash","floor":1},{"not_picked":["Deflect","Quick Slash","Heel Hook"],"picked":"SKIP","floor":4},{"not_picked":["Reflex","Acrobatics"],"picked":"Replay:Bag of Tricks","floor":5},{"not_picked":["Slice","Hidden Blade"],"picked":"ReplayTheSpireMod:Speed Training","floor":6},{"not_picked":["Underhanded Strike","Masterful Stab"],"picked":"Terror","floor":7},{"not_picked":["Dodge and Roll","Choke","Riddle With Holes"],"picked":"SKIP","floor":12},{"not_picked":["Masterful Stab","Underhanded Strike"],"picked":"Poisoned Stab","floor":13},{"not_picked":["Blade Dance","Underhanded Strike"],"picked":"Tools of the Trade","floor":14},{"not_picked":["ReplayTheSpireMod:From All Sides","Bullet Time"],"picked":"Venomology","floor":16},{"not_picked":["Blade Dance","Predator+1"],"picked":"Backflip","floor":18},{"not_picked":["Expertise+1","ReplayTheSpireMod:Exploit Weakness"],"picked":"Poisoned Stab","floor":19},{"not_picked":["Deflect","Terror"],"picked":"Deadly Poison","floor":20},{"not_picked":["Slice","Hidden Blade+1"],"picked":"Deadly Poison","floor":21},{"not_picked":["Infinite Blades","ReplayTheSpireMod:The Works","Terror"],"picked":"SKIP","floor":24},{"not_picked":["Slice","Doppelganger","Dodge and Roll"],"picked":"SKIP","floor":27}],"player_experience":34836,"relics_obtained":[{"floor":6,"key":"Shovel"},{"floor":9,"key":"Replay:Accelerometer"},{"floor":12,"key":"Byrd Skull"},{"floor":24,"key":"Ginger"},{"floor":26,"key":"Quantum Egg"}],"event_choices":[{"damage_healed":0,"gold_gain":0,"player_choice":"Got Potions","damage_taken":0,"max_hp_gain":0,"max_hp_loss":0,"event_name":"Lab","floor":3,"gold_loss":0},{"damage_healed":0,"gold_gain":0,"player_choice":"Bought 0 Potions","damage_taken":0,"max_hp_gain":0,"max_hp_loss":0,"event_name":"The Woman in Blue","floor":22,"gold_loss":0}],"is_beta":false,"boss_relics":[{"not_picked":["bronze:MakeshiftBattery","Astrolabe"],"picked":"Cursed Key"}],"items_purged_floors":[],"is_endless":false,"potions_floor_spawned":[1,13,14,19,21,24,27],"killed_by":"Gremlin Leader","ascension_level":0}}