{"host":"78ng8b0jg92p48rp","time":1612971073,"event":{"mods":["Aspiration","BaseMod","Minty Spire (QoL Compilation)","Quick Restart","Replay The Spire","StSLib"],"gold_per_floor":[117,117,117,117,117,117,150,164,164,185,208,224,268,287,287,412,412,431,431,455,473,487,487,487],"floor_reached":23,"language":"ZHS","playtime":1142,"items_purged":[],"score":205,"play_id":"45f1bb59-348c-4348-9400-903b1d083774","local_time":"20210210233113","is_ascension_mode":false,"campfire_choices":[{"data":"Warcry","floor":6,"key":"SMITH"},{"data":"Perfected Strike","floor":15,"key":"SMITH"}],"circlet_count":0,"master_deck":["Strike_R","Strike_R","Strike_R","Strike_R","Defend_R","Defend_R","Defend_R","Bash","Warcry+1","Perfected Strike+1","Second Wind","Pommel Strike","Armaments","Iron Wave","Perfected Strike+1","Immolate","Pommel Strike+1","Perfected Strike","ReplayTheSpireMod:LeadingStrike"],"relics":["Burning Blood","Golden Idol","Counterbalance","Charon\u0027s Ashes","Black Star"],"acts_visited":["Exordium","TheCity"],"potions_floor_usage":[16,16],"damage_taken":[{"damage":3,"enemies":"Jaw Worm","floor":1,"turns":4},{"damage":20,"enemies":"Gremlin Nob","floor":7,"turns":4},{"damage":0,"enemies":"Small Slimes","floor":8,"turns":4},{"damage":1,"enemies":"2 Louse","floor":10,"turns":2},{"damage":4,"enemies":"Exordium Wildlife","floor":11,"turns":4},{"damage":8,"enemies":"3 Louse","floor":12,"turns":5},{"damage":9,"enemies":"Replay:BlueRogue","floor":13,"turns":5},{"damage":15,"enemies":"Large Slime","floor":14,"turns":5},{"damage":17,"enemies":"Hexaghost","floor":16,"turns":5},{"damage":13,"enemies":"3 Byrds","floor":18,"turns":4},{"damage":10,"enemies":"Spheric Guardian","floor":20,"turns":3},{"damage":30,"enemies":"3 Cultists","floor":21,"turns":5},{"damage":15,"enemies":"Chosen and Byrds","floor":22,"turns":4},{"damage":37,"enemies":"Slavers","floor":23,"turns":2}],"seed_played":"699071613685435554","potions_obtained":[{"floor":7,"key":"SneckoOil"},{"floor":8,"key":"Milkshake"},{"floor":11,"key":"BloodPotion"},{"floor":21,"key":"Weak Potion"}],"is_trial":false,"path_per_floor":["M","?","?","$","?","R","E","M","T","M","M","M","E","M","R","B",null,"M","?","M","M","M","E"],"character_chosen":"IRONCLAD","items_purchased":[],"campfire_rested":0,"item_purchase_floors":[],"current_hp_per_floor":[80,73,53,53,53,53,39,45,45,50,52,50,47,38,38,43,80,73,73,69,45,36,0,0],"gold":487,"neow_bonus":"TRANSFORM_CARD","is_daily":false,"chose_seed":false,"campfire_upgraded":2,"win_rate":0.0,"timestamp":1612971073,"path_taken":["M","?","?","?","?","R","E","?","T","M","M","M","E","M","R","BOSS","M","?","M","M","M","E"],"items_purchased_type":[],"build_version":"2020-12-22","purchased_purges":0,"victory":false,"max_hp_per_floor":[80,80,80,80,80,80,80,80,80,80,80,80,80,80,80,80,80,80,80,80,80,80,80,80],"card_choices":[{"not_picked":["Heavy Blade","Rage"],"picked":"Perfected Strike","floor":1},{"not_picked":["Massacre","Disarm"],"picked":"Second Wind","floor":7},{"not_picked":["Headbutt","Massacre"],"picked":"Pommel Strike","floor":8},{"not_picked":["Thunderclap","Sever Soul"],"picked":"Armaments","floor":10},{"not_picked":["ReplayTheSpireMod:Muscle Training","Clash","Cleave"],"picked":"SKIP","floor":11},{"not_picked":["Barricade","Life Link"],"picked":"Iron Wave","floor":12},{"not_picked":["Cleave","Replay:Undeath\u0027s Touch","Headbutt"],"picked":"SKIP","floor":13},{"not_picked":["Abandon","Warcry"],"picked":"Perfected Strike","floor":14},{"not_picked":["Hemogenesis","Juggernaut"],"picked":"Immolate","floor":16},{"not_picked":["Cleave+1","Iron Wave"],"picked":"Pommel Strike+1","floor":18},{"not_picked":["Flex","ReplayTheSpireMod:Strike From Hell"],"picked":"ReplayTheSpireMod:LeadingStrike","floor":20},{"not_picked":["Combust","Heavy Blade","Spot Weakness"],"picked":"SKIP","floor":21},{"not_picked":["Blood for Blood+1","Sword Boomerang+1","Havoc"],"picked":"SKIP","floor":22}],"player_experience":83522,"relics_obtained":[{"floor":7,"key":"Counterbalance"},{"floor":13,"key":"Charon\u0027s Ashes"}],"event_choices":[{"cards_removed":["Defend_R"],"damage_healed":0,"gold_gain":0,"player_choice":"Card Removal","damage_taken":7,"max_hp_gain":0,"max_hp_loss":0,"event_name":"Golden Wing","floor":2,"gold_loss":0},{"damage_healed":0,"gold_gain":0,"player_choice":"Take Damage","damage_taken":20,"relics_obtained":["Golden Idol"],"max_hp_gain":0,"max_hp_loss":0,"event_name":"Golden Idol","floor":3,"gold_loss":0},{"damage_healed":0,"gold_gain":0,"player_choice":"Read","damage_taken":0,"max_hp_gain":0,"max_hp_loss":0,"event_name":"The Library","floor":19,"gold_loss":0,"cards_obtained":["Perfected Strike"]}],"is_beta":false,"boss_relics":[{"not_picked":["Philosopher\u0027s Stone","Velvet Choker"],"picked":"Black Star"}],"items_purged_floors":[],"is_endless":false,"potions_floor_spawned":[7,8,11,12,21],"killed_by":"Slavers","ascension_level":0}}