{"host":"1focbxb2e8qu7ccd","time":1612925804,"event":{"mods":["AchievementEnabler","BaseMod","Bestiary","Highlight Path","Minty Spire (QoL Compilation)","Relic Stats"],"gold_per_floor":[118,118,128,53,12,32,32,32,111,111,145,155,172,187,187,264,264,278,193,193,207,45,45,64,64,64,95,95,95,95],"floor_reached":29,"language":"ENG","playtime":1186,"items_purged":[],"score":486,"play_id":"5d00293f-143f-448c-a539-c96cebbaf90e","local_time":"20210209215644","is_ascension_mode":true,"campfire_choices":[{"data":"Infinite Blades","floor":8,"key":"SMITH"},{"data":"Dash","floor":10,"key":"SMITH"},{"data":"Calculated Gamble","floor":15,"key":"SMITH"},{"data":"Blade Dance","floor":23,"key":"SMITH"},{"data":"Accuracy","floor":25,"key":"SMITH"}],"circlet_count":0,"master_deck":["AscendersBane","Strike_G+1","Strike_G+1","Strike_G+1","Defend_G+1","Defend_G+1","Defend_G+1","Defend_G+1","Defend_G+1","Survivor","Neutralize","Dash+1","Accuracy+1","Infinite Blades+1","Flying Knee","Skewer","Calculated Gamble+1","Blade Dance+1","Reflex","Adrenaline","Infinite Blades","Footwork","Blade Dance","Injury"],"relics":["Ring of the Snake","NeowsBlessing","Sundial","The Courier","Cursed Key","Akabeko","Art of War","WingedGreaves"],"acts_visited":["Exordium","TheCity"],"potions_floor_usage":[11,14,16,16,27,29],"damage_taken":[{"damage":0,"enemies":"Small Slimes","floor":1,"turns":1},{"damage":0,"enemies":"2 Louse","floor":3,"turns":2},{"damage":0,"enemies":"Jaw Worm","floor":6,"turns":1},{"damage":37,"enemies":"Gremlin Nob","floor":11,"turns":5},{"damage":9,"enemies":"Lots of Slimes","floor":12,"turns":4},{"damage":0,"enemies":"Blue Slaver","floor":13,"turns":3},{"damage":0,"enemies":"3 Louse","floor":14,"turns":4},{"damage":5,"enemies":"Hexaghost","floor":16,"turns":10},{"damage":19,"enemies":"Shell Parasite","floor":18,"turns":4},{"damage":0,"enemies":"Chosen","floor":21,"turns":4},{"damage":0,"enemies":"Centurion and Healer","floor":24,"turns":4},{"damage":7,"enemies":"Book of Stabbing","floor":27,"turns":4},{"damage":29,"enemies":"Slavers","floor":29,"turns":3}],"seed_played":"305059314338825064","potions_obtained":[{"floor":1,"key":"ColorlessPotion"},{"floor":6,"key":"Fruit Juice"},{"floor":12,"key":"ColorlessPotion"},{"floor":14,"key":"GhostInAJar"},{"floor":18,"key":"LiquidMemories"}],"is_trial":false,"path_per_floor":["M","?","M","?","$","M","$","R","T","R","E","M","M","M","R","B",null,"M","?","?","M","$","R","M","R","T","E","T","E"],"character_chosen":"THE_SILENT","items_purchased":["Infinite Blades","Block Potion","Infinite Blades","Footwork"],"campfire_rested":0,"item_purchase_floors":[5,22,22,22],"current_hp_per_floor":[59,52,52,52,52,52,52,52,52,52,15,6,6,11,11,6,55,36,36,36,36,36,36,36,36,36,29,29,0,0],"gold":95,"neow_bonus":"THREE_ENEMY_KILL","is_daily":false,"chose_seed":false,"campfire_upgraded":5,"win_rate":0.0,"timestamp":1612925804,"path_taken":["M","?","M","?","$","M","?","R","T","R","E","M","?","M","R","BOSS","M","?","?","M","$","R","M","R","T","E","?","E"],"items_purchased_type":["Card","Potion","Card","Card"],"build_version":"2020-12-22","purchased_purges":0,"victory":false,"max_hp_per_floor":[66,66,66,66,66,66,66,66,66,66,66,66,66,71,71,71,71,71,71,71,71,71,71,71,71,71,71,71,71,71],"relic_stats":{"counters":[13,49],"Sundial":[6],"Art of War":[0],"Cursed Key":1,"obtain_stats":[{"NeowsBlessing":0,"Sundial":9,"The Courier":11,"WingedGreaves":28,"Art of War":27,"Cursed Key":17,"Akabeko":19,"Ring of the Snake":0},{"NeowsBlessing":0,"Sundial":3,"The Courier":4,"WingedGreaves":12,"Art of War":12,"Cursed Key":8,"Akabeko":9,"Ring of the Snake":0},{"NeowsBlessing":0,"Sundial":4,"The Courier":9,"WingedGreaves":46,"Art of War":46,"Cursed Key":30,"Akabeko":34,"Ring of the Snake":0}],"Ring of the Snake":[26]},"card_choices":[{"not_picked":["All Out Attack","Choke"],"picked":"Dash","floor":1},{"not_picked":["Underhanded Strike","Dodge and Roll"],"picked":"Accuracy","floor":3},{"not_picked":["PiercingWail","Heel Hook"],"picked":"Flying Knee","floor":6},{"not_picked":["Grand Finale","Dagger Spray"],"picked":"Skewer","floor":11},{"not_picked":["Acrobatics","Deflect"],"picked":"Calculated Gamble","floor":12},{"not_picked":["Acrobatics","Outmaneuver"],"picked":"Blade Dance","floor":13},{"not_picked":["Quick Slash","Poisoned Stab"],"picked":"Reflex","floor":14},{"not_picked":["Phantasmal Killer","Die Die Die"],"picked":"Adrenaline","floor":16},{"not_picked":["Quick Slash","Flying Knee","Deadly Poison"],"picked":"SKIP","floor":18},{"not_picked":["Deadly Poison+1","Underhanded Strike","Endless Agony"],"picked":"SKIP","floor":21},{"not_picked":["Riddle With Holes","Outmaneuver"],"picked":"Blade Dance","floor":24},{"not_picked":["Catalyst","Deflect","Underhanded Strike"],"picked":"SKIP","floor":27}],"player_experience":919792,"relics_obtained":[{"floor":9,"key":"Sundial"},{"floor":11,"key":"The Courier"},{"floor":27,"key":"Art of War"},{"floor":28,"key":"WingedGreaves"}],"event_choices":[{"cards_removed":["Strike_G"],"damage_healed":0,"gold_gain":0,"player_choice":"Card Removal","damage_taken":7,"max_hp_gain":0,"max_hp_loss":0,"event_name":"Golden Wing","floor":2,"gold_loss":0},{"cards_removed":["Strike_G"],"damage_healed":0,"gold_gain":0,"player_choice":"Card Removal","damage_taken":0,"max_hp_gain":0,"max_hp_loss":0,"event_name":"The Cleric","floor":4,"gold_loss":75},{"damage_healed":0,"gold_gain":0,"player_choice":"Obtained Relic","damage_taken":0,"relics_obtained":["Akabeko"],"max_hp_gain":0,"max_hp_loss":0,"event_name":"Addict","floor":19,"gold_loss":85},{"damage_healed":0,"gold_gain":0,"player_choice":"Simplicity","damage_taken":0,"max_hp_gain":0,"max_hp_loss":0,"event_name":"Back to Basics","floor":20,"gold_loss":0,"cards_upgraded":["Strike_G","Strike_G","Strike_G","Defend_G","Defend_G","Defend_G","Defend_G","Defend_G"]}],"is_beta":false,"boss_relics":[{"not_picked":["Ring of the Serpent","Astrolabe"],"picked":"Cursed Key"}],"items_purged_floors":[],"is_endless":false,"potions_floor_spawned":[1,6,12,14,18,24],"killed_by":"Slavers","ascension_level":20}}