{"host":"ugys05tpep779cl6","time":1612962471,"event":{"mods":["AchievementEnabler","Aspiration","BaseMod","Beaked The Cultist","CatGirl Mod","Colored Powertips","HololiveMod","Lobotomy","Minty Spire (QoL Compilation)","Quick Restart","Replay The Spire","Spicy Shops","StSLib","The Druid"],"gold_per_floor":[78,88,98,24,41,73,73,105,152,170,197,216,227,241,241,341,341,351,365,377,390,400,432,496,528,582,623,642,681,532,547,547,679,679,699,699,324,360,379,405,405,440,440,452,484,518,518,323,323,340,340],"floor_reached":50,"language":"ENG","playtime":4644,"items_purged":["Hololive_Strike","Hololive_Strike"],"score":1331,"play_id":"31427aa8-1435-48c4-8694-b8475f961211","local_time":"20210210140751","is_ascension_mode":true,"campfire_choices":[{"data":"Hololive_CallHoshimachiSuisei","floor":7.0,"key":"SMITH"},{"data":"Hololive_IdolExercise","floor":15.0,"key":"SMITH"},{"floor":32.0,"key":"RECALL"},{"floor":41.0,"key":"REST"},{"data":"Hololive_CallOzoraSubaru","floor":49.0,"key":"SMITH"}],"circlet_count":0,"master_deck":["Hololive_Defend","Hololive_Defend","Hololive_CallKiryuuCoco","Hololive_CallAkaiHaato","Hololive_CallRosalyn","Hololive_CallOkamiMio+1","Hololive_CallHoshimachiSuisei+1","Hololive_CallTokinoSora","Hololive_FlyingPonyTail","Hololive_CallFriendA","Hololive_CallYogiri","Hololive_CallRosalyn","Hololive_CallAyundaRisu","Hololive_CallMoonaHoshinova","Hololive_CallOkamiMio","Hololive_CallShirakamiFubuki","Hololive_CallHimemoriLuna","Hololive_IdolExercise+1","Hololive_FlareMind","Hololive_CallInugamiKorone","Hololive_CallOmaruPolka","Hololive_CallUsadaPekora","Hololive_CallAkiRosenthal","Hololive_CocoNews","Hololive_CallAZKi","Hololive_FlyingPonyTail","Hololive_DiamondStrike","Hololive_CallYozoraMel","Hololive_CallHoushouMarine","Hololive_CallSakuraMiko","Hololive_FlyingPonyTail+1","Hololive_CallNatsuiroMatsuri","Hololive_CallAiraniIofifteen","Hololive_IdolExercise","Hololive_RecruitS","Hololive_CallAmaneKanata+1","Hololive_CallShiroganeNoel","Hololive_CallNekomataOkayu","Hololive_CallYukihanaLamy+1","Hololive_CallNakiriAyame","Hololive_CallOzoraSubaru+1","Hololive_CallAmaneKanata+1","Hololive_FlyingPonyTail+1","Hololive_CallRoboco+1","Hololive_CandyCastle","Hololive_Spy"],"relics":["Hololive_TheStar","Art of War","Ice Cream","Pear","PreservedInsect","Question Card","Snecko Heart","Regal Pillow","Iron Hammer","Bag of Marbles","ReplayTheSpireMod:Ninjato","beaked:SacredDeck","FossilizedHelix","HornCleat","ReplayFunnel","Hololive_LightStick","Strawberry","BargainBundle"],"acts_visited":["Exordium","TheCity","TheBeyond"],"potions_floor_usage":[50],"damage_taken":[{"damage":0.0,"enemies":"Small Slimes","floor":1.0,"turns":4.0},{"damage":0.0,"enemies":"2 Louse","floor":2.0,"turns":4.0},{"damage":0.0,"enemies":"Jaw Worm","floor":3.0,"turns":5.0},{"damage":0.0,"enemies":"Large Slime","floor":5.0,"turns":5.0},{"damage":0.0,"enemies":"Gremlin Nob","floor":6.0,"turns":5.0},{"damage":0.0,"enemies":"Lagavulin","floor":8.0,"turns":5.0},{"damage":0.0,"enemies":"2 Fungi Beasts","floor":10.0,"turns":4.0},{"damage":0.0,"enemies":"3 Sentries","floor":11.0,"turns":7.0},{"damage":0.0,"enemies":"Red Slaver","floor":12.0,"turns":3.0},{"damage":0.0,"enemies":"Large Slime","floor":13.0,"turns":3.0},{"damage":0.0,"enemies":"Exordium Thugs","floor":14.0,"turns":4.0},{"damage":0.0,"enemies":"Hexaghost","floor":16.0,"turns":7.0},{"damage":0.0,"enemies":"Shell Parasite","floor":18.0,"turns":4.0},{"damage":0.0,"enemies":"2 Thieves","floor":19.0,"turns":3.0},{"damage":0.0,"enemies":"Chosen and Byrds","floor":20.0,"turns":5.0},{"damage":0.0,"enemies":"Snecko","floor":21.0,"turns":3.0},{"damage":0.0,"enemies":"3 Cultists","floor":22.0,"turns":3.0},{"damage":0.0,"enemies":"Replay:Snechameleon","floor":23.0,"turns":4.0},{"damage":0.0,"enemies":"Gremlin Leader","floor":25.0,"turns":4.0},{"damage":0.0,"enemies":"Slavers","floor":27.0,"turns":4.0},{"damage":0.0,"enemies":"Centurion and Healer","floor":28.0,"turns":3.0},{"damage":0.0,"enemies":"Sentry and Sphere","floor":29.0,"turns":3.0},{"damage":0.0,"enemies":"Shelled Parasite and Fungi","floor":31.0,"turns":4.0},{"damage":0.0,"enemies":"Collector","floor":33.0,"turns":7.0},{"damage":29.0,"enemies":"3 Shapes","floor":35.0,"turns":3.0},{"damage":0.0,"enemies":"3 Darklings","floor":38.0,"turns":5.0},{"damage":0.0,"enemies":"Sphere and 2 Shapes","floor":39.0,"turns":5.0},{"damage":0.0,"enemies":"Nemesis","floor":40.0,"turns":5.0},{"damage":0.0,"enemies":"Giant Head","floor":42.0,"turns":7.0},{"damage":0.0,"enemies":"Spire Growth","floor":44.0,"turns":6.0},{"damage":0.0,"enemies":"4 Shapes","floor":45.0,"turns":2.0},{"damage":0.0,"enemies":"Nemesis","floor":46.0,"turns":5.0},{"damage":75,"enemies":"Awakened One","floor":50,"turns":6}],"seed_played":"7208140735766835839","potions_obtained":[{"floor":3.0,"key":"Fire Potion"},{"floor":5.0,"key":"Explosive Potion"},{"floor":6.0,"key":"SteroidPotion"},{"floor":11.0,"key":"Adrenaline Potion"},{"floor":14.0,"key":"PowerPotion"},{"floor":33.0,"key":"DuplicationPotion"}],"is_trial":false,"path_per_floor":["M","M","M","$","M","E","R","E","T","M","E","M","M","M","R","B",null,"M","M","M","M","M","E","?","E","T","E","M","M","$","M","R","B",null,"M","?","$","M","M","E","R","E","T","M","M","E","?","$","R","B"],"character_chosen":"Hololive_HololiveCharacter","items_purchased":["Art of War","Hololive_CallNatsuiroMatsuri","Hololive_CallShiroganeNoel","FossilizedHelix","BargainBundle","Hololive_CandyCastle","Hololive_Spy"],"campfire_rested":1,"item_purchase_floors":[4,30,37,37,48,48,48],"current_hp_per_floor":[32,32,32,32,32,32,32,42,42,42,42,42,42,42,42,42,44,44,44,44,44,44,44,26,26,26,26,26,26,26,45,45,45,45,16,16,16,16,16,16,44,44,44,44,44,51,51,51,51,0,0],"gold":340,"neow_bonus":"UPGRADE_CARD","is_daily":false,"chose_seed":false,"campfire_upgraded":3,"win_rate":0.0,"timestamp":1612962471,"path_taken":["M","M","M","$","M","E","R","E","T","M","E","M","M","M","R","BOSS","M","M","M","M","M","E","?","E","T","E","M","M","$","M","R","BOSS","M","?","$","M","M","E","R","E","T","M","M","E","?","$","R","BOSS"],"items_purchased_type":["Relic","Card","Card","Relic","Relic","Card","Card"],"build_version":"2020-12-22","purchased_purges":2,"victory":false,"max_hp_per_floor":[35,35,35,35,35,35,35,45,45,45,45,45,45,45,45,45,45,45,45,45,45,45,45,45,45,45,45,45,45,45,45,45,45,45,45,45,45,45,45,45,45,45,45,45,45,52,52,52,52,52,52],"card_choices":[{"not_picked":["Hololive_Rebound","Hololive_LuckPotion","Hololive_CocoNews"],"picked":"Hololive_CallTokinoSora","floor":1.0},{"not_picked":["Hololive_Watashimo","Hololive_Sequa","Hololive_LuckPotion"],"picked":"Hololive_FlyingPonyTail","floor":2.0},{"not_picked":["Hololive_RevenueBasedLive","Hololive_CallMoonaHoshinova","Hololive_Breathe"],"picked":"Hololive_CallFriendA","floor":3.0},{"not_picked":["Hololive_Spy","Hololive_HuntDinosaur","Hololive_CallTokinoSora"],"picked":"Hololive_CallYogiri","floor":5.0},{"not_picked":["Hololive_CallHoshimachiSuisei","Hololive_Drill","Hololive_ManjiGathering"],"picked":"Hololive_CallRosalyn","floor":6.0},{"not_picked":["Hololive_Rebound","Hololive_Sequa","Hololive_HuntDinosaur"],"picked":"Hololive_CallAyundaRisu","floor":8.0},{"not_picked":["Hololive_HuntDinosaur","Hololive_CocoNews","Hololive_Trident"],"picked":"Hololive_CallMoonaHoshinova","floor":10.0},{"not_picked":["Hololive_Trident","Hololive_Sequa","Hololive_CallAyundaRisu"],"picked":"Hololive_CallOkamiMio","floor":11.0},{"not_picked":["Hololive_CallManoAloe","Hololive_OvertimeWork","Hololive_CallYozoraMel","Hololive_Trident"],"picked":"Hololive_CallShirakamiFubuki","floor":12.0},{"not_picked":["Hololive_HuntDinosaur","Hololive_CallMoonaHoshinova","Hololive_Psychosis","Hololive_LuckPotion"],"picked":"Hololive_CallHimemoriLuna","floor":13.0},{"not_picked":["Hololive_Rebirth","Hololive_HuntDinosaur","Hololive_Rebound","Hololive_Breathe"],"picked":"Hololive_IdolExercise","floor":14.0},{"not_picked":["Hololive_Thief","Hololive_StarCraft","Hololive_AWSL","Hololive_MaximGun"],"picked":"Hololive_FlareMind","floor":16.0},{"not_picked":["Hololive_CocoNews","Hololive_Drill","Hololive_Rebound","Hololive_CallNakiriAyame"],"picked":"Hololive_CallInugamiKorone","floor":18.0},{"not_picked":["Hololive_CallAkaiHaato","Hololive_Yoholoon","Hololive_Trident+1","Hololive_Breathe+1"],"picked":"Hololive_CallOmaruPolka","floor":19.0},{"not_picked":["Hololive_Spy","Hololive_CallOkamiMio","Hololive_StrengthChampion","Hololive_Psychosis"],"picked":"Hololive_CallUsadaPekora","floor":20.0},{"not_picked":["Hololive_BringToTrial+1","Hololive_Yoholoon","Hololive_StrengthChampion","Hololive_CallYogiri"],"picked":"Hololive_CallAkiRosenthal","floor":21.0},{"not_picked":["Hololive_OpenUp","Hololive_CallHimemoriLuna","Hololive_Trident","Hololive_CallOkamiMio+1"],"picked":"Hololive_CocoNews","floor":22.0},{"not_picked":["Hololive_CallYozoraMel","Hololive_Drill+1","Hololive_SoulCatcher+1","Hololive_Psychosis"],"picked":"Hololive_CallAZKi","floor":23.0},{"not_picked":["Hololive_Rebound","Hololive_SummonFox+1","Hololive_Spy","Hololive_CocoNews"],"picked":"Hololive_FlyingPonyTail","floor":24.0},{"not_picked":["Hololive_CocoNews","Hololive_Sequa","Hololive_Teleport+1","Hololive_Drill"],"picked":"Hololive_DiamondStrike","floor":24.0},{"not_picked":["Hololive_LuckPotion","Hololive_CallAZKi","Hololive_CallKiryuuCoco","Hololive_FlyingPonyTail"],"picked":"Hololive_CallYozoraMel","floor":25.0},{"not_picked":["Hololive_Sequa","Hololive_Trident","Hololive_Psychosis+1","Hololive_Spy"],"picked":"Hololive_CallHoushouMarine","floor":27.0},{"not_picked":["Hololive_Trident","Hololive_Thief","Hololive_Rebound","Hololive_StrengthChampion+1"],"picked":"Hololive_CallSakuraMiko","floor":28.0},{"not_picked":["Hololive_CocoNews","Hololive_HuntDinosaur","Hololive_LuckPotion","Hololive_CallRosalyn"],"picked":"Hololive_FlyingPonyTail+1","floor":29.0},{"not_picked":["Hololive_BringToTrial+1","Hololive_CocoNews","Hololive_Breathe+1","Hololive_Drill"],"picked":"Hololive_CallAiraniIofifteen","floor":31.0},{"not_picked":["Hololive_OpenUp","Hololive_StarCraft","Hololive_ASMR","Hololive_HighAtkLowDef"],"picked":"Hololive_IdolExercise","floor":33.0},{"not_picked":["Hololive_LuckPotion+1","Hololive_CandyCastle","Hololive_StrengthChampion+1","Hololive_Drill+1"],"picked":"Hololive_CallAmaneKanata+1","floor":35.0},{"not_picked":["Hololive_CallTokinoSora+1","Hololive_SummonFox","Hololive_LuckPotion+1","Hololive_OvertimeWork"],"picked":"Hololive_CallNekomataOkayu","floor":38.0},{"not_picked":["Hololive_OvertimeWork","Hololive_Drill+1","Hololive_Breathe","Hololive_HuntDinosaur+1"],"picked":"Hololive_CallYukihanaLamy+1","floor":39.0},{"not_picked":["Hololive_CallKiryuuCoco+1","Hololive_CallSakuraMiko","Hololive_CallNatsuiroMatsuri","Hololive_Recruit"],"picked":"Hololive_CallNakiriAyame","floor":40.0},{"not_picked":["Hololive_StarCraft","Hololive_Spy","Hololive_LuckPotion","Hololive_CallYogiri","Hololive_CocoNews+1"],"picked":"Hololive_CallOzoraSubaru","floor":42.0},{"not_picked":["Hololive_CocoNews","Hololive_Sequa+1","Hololive_StrengthChampion","Hololive_Psychosis","Hololive_HuntDinosaur"],"picked":"Hololive_CallAmaneKanata+1","floor":42.0},{"not_picked":["Hololive_Sequa+1","Hololive_Trident+1","Hololive_LuckPotion","Hololive_Psychosis+1","Hololive_Drill","Hololive_RevenueBasedLive"],"picked":"SKIP","floor":44.0},{"not_picked":["Hololive_Breathe+1","Hololive_OvertimeWork","Hololive_Rebound","Hololive_CallUsadaPekora","Hololive_ManjiGathering+1","Hololive_CallRoboco+1"],"picked":"SKIP","floor":44.0},{"not_picked":["Hololive_CallFriendA","Hololive_Trident+1","Hololive_Breathe","Hololive_ASMR","Hololive_CallTokinoSora+1"],"picked":"Hololive_FlyingPonyTail+1","floor":45.0},{"not_picked":["Hololive_RevenueBasedLive","Hololive_Rebound","Hololive_LuckPotion+1","Hololive_OvertimeWork","Hololive_Breathe","Hololive_CocoNews"],"picked":"SKIP","floor":45.0},{"not_picked":["Hololive_FlyingPonyTail+1","Hololive_Psychosis","Hololive_HuntDinosaur+1","Hololive_StrengthChampion","Hololive_CallAkiRosenthal"],"picked":"Hololive_CallRoboco+1","floor":46.0},{"not_picked":["Hololive_CallOkamiMio","Hololive_CocoNews+1","Hololive_Psychosis","Hololive_DiamondStrike","Hololive_Breathe+1","Hololive_Rebound+1"],"picked":"SKIP","floor":46.0}],"player_experience":740109,"relics_obtained":[{"floor":6.0,"key":"Ice Cream"},{"floor":8.0,"key":"Pear"},{"floor":9.0,"key":"PreservedInsect"},{"floor":11.0,"key":"Question Card"},{"floor":23.0,"key":"Regal Pillow"},{"floor":24.0,"key":"Iron Hammer"},{"floor":25.0,"key":"Bag of Marbles"},{"floor":27.0,"key":"ReplayTheSpireMod:Ninjato"},{"floor":40.0,"key":"HornCleat"},{"floor":42.0,"key":"ReplayFunnel"},{"floor":43.0,"key":"Hololive_LightStick"},{"floor":46.0,"key":"Strawberry"}],"event_choices":[{"cards_removed":["Hololive_ManjiGathering"],"damage_healed":0.0,"max_hp_gain":0.0,"max_hp_loss":0.0,"gold_gain":0.0,"event_name":"Falling","player_choice":"Removed Attack","floor":36.0,"gold_loss":0.0,"damage_taken":0.0},{"damage_healed":0.0,"max_hp_gain":0.0,"max_hp_loss":0.0,"gold_gain":0.0,"event_name":"SensoryStone","player_choice":"Memory 1","floor":47.0,"gold_loss":0.0,"damage_taken":0.0}],"is_beta":false,"boss_relics":[{"not_picked":["Replay:Ancient Bell","Pandora\u0027s Box"],"picked":"Snecko Heart"},{"not_picked":["aspiration:RitualDagger","Coffee Dripper"],"picked":"beaked:SacredDeck"}],"items_purged_floors":[30,48],"is_endless":false,"potions_floor_spawned":[3,5,6,11,12,13,14,18,20,23,25,33,38,39,44],"killed_by":"Awakened One","ascension_level":6}}