{"host":"2j5d0uw0vihq8b8w","time":1612927512,"event":{"mods":["2.2 Compatiblity","AchievementEnabler","BaseMod","BetterRewards","Colored Map","Colored Powertips","Custom Start","DeckTracker","Minty Spire (QoL Compilation)","Permanent Neow","Quick Restart","Rare Cards Sparkle","StSLib","SuperFastMode"],"gold_per_floor":[119,44,44,62,78,403,403,432,506,521,202,235,252,278,278,349,349,365,376,376,250,268,296,313,342,354,366,392,319,331,419,431,520,532,560,582,594,239,149,177,190,190,214,214,234,263,263,296,296,296],"floor_reached":51,"language":"KOR","playtime":3843,"items_purged":["Strike_R","Strike_R","Strike_R"],"score":1755,"play_id":"1e15bc64-0381-4607-99fa-a2fee5cfc9ed","local_time":"20210210122512","is_ascension_mode":true,"campfire_choices":[{"data":"Bash","floor":7.0,"key":"SMITH"},{"data":"Offering","floor":15,"key":"SMITH"},{"data":"Chrysalis","floor":27,"key":"SMITH"},{"data":"Spot Weakness","floor":30,"key":"SMITH"},{"data":"Flame Barrier","floor":32,"key":"SMITH"},{"data":"Demon Form","floor":42,"key":"SMITH"},{"data":"Brutality","floor":44,"key":"SMITH"},{"data":"Madness","floor":49,"key":"SMITH"}],"circlet_count":0,"master_deck":["AscendersBane","Strike_R","Defend_R+1","Defend_R","Defend_R+1","Defend_R+1","Bash+1","Shrug It Off","Whirlwind+1","Flame Barrier+1","Thunderclap","Seeing Red","Spot Weakness+1","Offering+1","Chrysalis+1","Sword Boomerang","Reaper","Pummel","Offering+1","Demon Form+1","Madness+1","Madness","Shrug It Off","Body Slam+1","Brutality+1","Pommel Strike+1"],"relics":["Burning Blood","StoneCalendar","Bird Faced Urn","Tiny Chest","Ice Cream","Incense Burner","Old Coin","Vajra","Meat on the Bone","Membership Card","Du-Vu Doll","Dream Catcher","Philosopher\u0027s Stone","Strange Spoon","Bronze Scales","MawBank","Question Card","Molten Egg 2","InkBottle","Runic Cube","Paper Frog","Nunchaku","Sling","Strawberry","War Paint","Ancient Tea Set","HornCleat","Toy Ornithopter"],"acts_visited":["Exordium","TheCity","TheBeyond"],"potions_floor_usage":[12,24,50],"damage_taken":[{"damage":1.0,"enemies":"Cultist","floor":1.0,"turns":3.0},{"damage":4.0,"enemies":"Jaw Worm","floor":4.0,"turns":4.0},{"damage":12.0,"enemies":"Small Slimes","floor":5.0,"turns":3.0},{"damage":13.0,"enemies":"Lagavulin","floor":6.0,"turns":7.0},{"damage":11.0,"enemies":"3 Sentries","floor":8.0,"turns":6.0},{"damage":5.0,"enemies":"Red Slaver","floor":10.0,"turns":4.0},{"damage":6,"enemies":"Gremlin Nob","floor":12,"turns":2},{"damage":1,"enemies":"Exordium Wildlife","floor":13,"turns":2},{"damage":18,"enemies":"Slime Boss","floor":16,"turns":6},{"damage":8,"enemies":"Chosen","floor":18,"turns":3},{"damage":4,"enemies":"Shell Parasite","floor":19,"turns":2},{"damage":12,"enemies":"Chosen and Byrds","floor":22,"turns":3},{"damage":6,"enemies":"Gremlin Leader","floor":23,"turns":3},{"damage":28,"enemies":"Snake Plant","floor":24,"turns":4},{"damage":9,"enemies":"Book of Stabbing","floor":25,"turns":3},{"damage":26,"enemies":"Shelled Parasite and Fungi","floor":28,"turns":3},{"damage":14,"enemies":"Collector","floor":33,"turns":6},{"damage":0,"enemies":"3 Darklings","floor":35,"turns":3},{"damage":29,"enemies":"3 Shapes","floor":36,"turns":5},{"damage":30,"enemies":"Nemesis","floor":40,"turns":7},{"damage":46,"enemies":"Sphere and 2 Shapes","floor":41,"turns":4},{"damage":7,"enemies":"3 Darklings","floor":45,"turns":2},{"damage":13,"enemies":"Reptomancer","floor":46,"turns":2},{"damage":11,"enemies":"Nemesis","floor":48,"turns":3},{"damage":56,"enemies":"Awakened One","floor":50,"turns":5}],"seed_played":"-4026272130380792150","potions_obtained":[{"floor":4.0,"key":"Regen Potion"},{"floor":5.0,"key":"SkillPotion"},{"floor":8.0,"key":"SkillPotion"},{"floor":10.0,"key":"GamblersBrew"},{"floor":12,"key":"Swift Potion"},{"floor":25,"key":"Weak Potion"},{"floor":28,"key":"LiquidBronze"},{"floor":48,"key":"Strength Potion"}],"is_trial":false,"path_per_floor":["M","$","?","M","M","E","R","E","T","M","$","E","M","T","R","B",null,"M","M","?","$","M","E","M","E","T","R","M","?","R","T","R","B",null,"M","M","?","$","?","E","M","R","T","R","M","E","T","E","R","B",null],"character_chosen":"IRONCLAD","items_purchased":["Shrug It Off","Tiny Chest","Whirlwind","Membership Card","Offering","Chrysalis","Strange Spoon","Paper Frog","Nunchaku","Sling","Shrug It Off"],"campfire_rested":0,"item_purchase_floors":[0,0,2,11,11,11,21,38,38,38,38],"current_hp_per_floor":[29,29,29,31,25,33,33,28,28,41,41,53,58,58,58,58,75,73,80,80,80,74,74,58,62,62,62,55,55,55,55,55,47,72,80,71,61,61,61,59,69,69,69,69,70,87,87,82,82,87],"gold":296,"neow_bonus":"","is_daily":false,"chose_seed":false,"campfire_upgraded":8,"win_rate":0.0,"timestamp":1612927512,"path_taken":["M","?","?","M","?","E","R","E","T","M","$","E","M","?","R","BOSS","M","M","?","$","M","E","?","E","T","R","M","?","R","?","R","BOSS","M","M","?","$","?","E","M","R","T","R","?","E","?","E","R","BOSS"],"items_purchased_type":["Card","Relic","Card","Relic","Card","Card","Relic","Relic","Relic","Relic","Card"],"build_version":"2020-12-22","purchased_purges":3,"victory":true,"max_hp_per_floor":[80,80,80,80,80,80,80,80,80,80,80,80,80,80,80,80,80,80,80,80,80,80,80,80,80,80,80,80,80,80,80,80,80,80,80,80,80,80,80,87,87,87,87,87,87,87,87,87,87,87],"card_choices":[{"not_picked":["Clash","Havoc","Armaments"],"picked":"SKIP","floor":1.0},{"not_picked":["Infernal Blade","Intimidate"],"picked":"Flame Barrier","floor":4.0},{"not_picked":["Clothesline","Perfected Strike","Havoc"],"picked":"SKIP","floor":5.0},{"not_picked":["Clash","Flame Barrier"],"picked":"Thunderclap","floor":6.0},{"not_picked":["Thunderclap","Dark Embrace"],"picked":"Seeing Red","floor":8.0},{"not_picked":["Headbutt","Bloodletting"],"picked":"Spot Weakness","floor":10.0},{"not_picked":["Corruption","Armaments"],"picked":"Sword Boomerang","floor":12},{"not_picked":["Armaments","Havoc","Thunderclap"],"picked":"SKIP","floor":13},{"not_picked":["Offering","Impervious"],"picked":"Reaper","floor":16},{"not_picked":["Flex","Cleave","Pommel Strike"],"picked":"SKIP","floor":18},{"not_picked":["Clash","Headbutt"],"picked":"Pummel","floor":19},{"not_picked":["Iron Wave","Twin Strike","True Grit"],"picked":"SKIP","floor":22},{"not_picked":["Corruption","Uppercut","Sever Soul"],"picked":"SKIP","floor":23},{"not_picked":["Iron Wave+1","Twin Strike","Ghostly Armor+1"],"picked":"SKIP","floor":24},{"not_picked":["Flame Barrier","Evolve","Heavy Blade"],"picked":"SKIP","floor":25},{"not_picked":["Combust","Wild Strike","Sword Boomerang","Sever Soul"],"picked":"SKIP","floor":28},{"not_picked":["Bludgeon+1","Brutality","Exhume"],"picked":"Demon Form","floor":33},{"not_picked":["Flex","Carnage+1","Shrug It Off","Shockwave+1"],"picked":"SKIP","floor":35},{"not_picked":["Sentinel","Rage","Twin Strike+1","True Grit"],"picked":"SKIP","floor":36},{"not_picked":["Heavy Blade+1","Bloodletting","Evolve+1"],"picked":"Body Slam+1","floor":40},{"not_picked":["Havoc","Sword Boomerang+1","Cleave+1"],"picked":"Brutality","floor":41},{"not_picked":["Body Slam+1","Perfected Strike+1","Heavy Blade+1","Warcry"],"picked":"SKIP","floor":45},{"not_picked":["Shrug It Off+1","Perfected Strike+1","Feed+1"],"picked":"Pommel Strike+1","floor":46},{"not_picked":["Sentinel","Sever Soul+1","Anger+1","Dual Wield"],"picked":"SKIP","floor":48}],"player_experience":686228,"relics_obtained":[{"floor":6.0,"key":"Old Coin"},{"floor":8.0,"key":"Vajra"},{"floor":9.0,"key":"Meat on the Bone"},{"floor":12,"key":"Du-Vu Doll"},{"floor":14,"key":"Dream Catcher"},{"floor":23,"key":"Bronze Scales"},{"floor":25,"key":"MawBank"},{"floor":26,"key":"Question Card"},{"floor":31,"key":"InkBottle"},{"floor":40,"key":"Strawberry"},{"floor":43,"key":"War Paint"},{"floor":46,"key":"Ancient Tea Set"},{"floor":47,"key":"HornCleat"},{"floor":48,"key":"Toy Ornithopter"}],"event_choices":[{"damage_healed":0.0,"max_hp_gain":0.0,"max_hp_loss":0.0,"gold_gain":0.0,"event_name":"Living Wall","player_choice":"Grow","floor":3.0,"gold_loss":0.0,"damage_taken":0.0,"cards_upgraded":["Whirlwind"]},{"damage_healed":0,"gold_gain":0,"player_choice":"Copied","damage_taken":0,"max_hp_gain":0,"max_hp_loss":0,"event_name":"Duplicator","floor":20,"gold_loss":0,"cards_obtained":["Offering"]},{"damage_healed":0,"gold_gain":0,"player_choice":"Obtained Relic","damage_taken":0,"relics_obtained":["Molten Egg 2"],"max_hp_gain":0,"max_hp_loss":0,"event_name":"Addict","floor":29,"gold_loss":85},{"damage_healed":0,"gold_gain":0,"player_choice":"Embrace Madness","damage_taken":10,"max_hp_gain":0,"max_hp_loss":0,"event_name":"Winding Halls","floor":37,"gold_loss":0,"cards_obtained":["Madness","Madness"]},{"cards_removed":["Strike_R"],"damage_healed":0,"gold_gain":0,"player_choice":"Upgrade and Remove","damage_taken":0,"max_hp_gain":0,"max_hp_loss":0,"event_name":"Designer","floor":39,"gold_loss":90,"cards_upgraded":["Defend_R"]}],"is_beta":false,"boss_relics":[{"not_picked":["Black Star","Black Blood"],"picked":"Philosopher\u0027s Stone"},{"not_picked":["Velvet Choker","Runic Pyramid"],"picked":"Runic Cube"}],"items_purged_floors":[11,21,38],"is_endless":false,"potions_floor_spawned":[4,5,8,10,12,18,23,25,28,36,46,48],"ascension_level":13}}