{"host":"tner83jrcdd0m6a5","time":1612933016,"event":{"mods":["AchievementEnabler","BaseMod","Bestiary","Colored Map","Colored Powertips","DeckTracker","Highlight Path","Keyboard Shortcuts","Minty Spire (QoL Compilation)","Quick Restart","Rare Cards Sparkle","Relic Stats","Slay-I","SuperFastMode"],"gold_per_floor":[110,28,28,45,45,73,173,173,173,173,208,208,225,235,235,235,235],"floor_reached":16,"language":"ENG","playtime":319,"items_purged":[],"score":153,"play_id":"20be7810-a1ff-4b55-bb59-c3acf41a169e","local_time":"20210210045656","is_ascension_mode":true,"campfire_choices":[{"data":"Survivor","floor":8.0,"key":"SMITH"},{"data":"Infinite Blades","floor":10.0,"key":"SMITH"},{"data":"Masterful Stab","floor":12.0,"key":"SMITH"},{"data":"Neutralize","floor":15.0,"key":"SMITH"}],"circlet_count":0,"master_deck":["Strike_G","Strike_G","Strike_G","Strike_G","Defend_G","Defend_G","Defend_G","Defend_G","Defend_G","Survivor+1","Neutralize+1","Masterful Stab+1","Infinite Blades+1"],"relics":["Ring of the Snake","NeowsBlessing","Happy Flower","Toy Ornithopter","Gambling Chip"],"acts_visited":["Exordium"],"potions_floor_usage":[16],"damage_taken":[{"damage":0.0,"enemies":"2 Louse","floor":1.0,"turns":1.0},{"damage":0.0,"enemies":"Small Slimes","floor":4.0,"turns":1.0},{"damage":0.0,"enemies":"Lagavulin","floor":6.0,"turns":1.0},{"damage":20.0,"enemies":"Gremlin Nob","floor":11.0,"turns":4.0},{"damage":0.0,"enemies":"Cultist","floor":13.0,"turns":3.0},{"damage":13.0,"enemies":"Exordium Thugs","floor":14.0,"turns":7.0},{"damage":8,"enemies":"Hexaghost","floor":16,"turns":3}],"seed_played":"-9214957502432220514","potions_obtained":[{"floor":6.0,"key":"AttackPotion"},{"floor":13.0,"key":"BlessingOfTheForge"},{"floor":14.0,"key":"ColorlessPotion"}],"is_trial":false,"path_per_floor":["M","$","?","M","$","E","?","R","T","R","E","R","M","M","R","B"],"character_chosen":"THE_SILENT","items_purchased":["Masterful Stab"],"campfire_rested":0,"item_purchase_floors":[2],"current_hp_per_floor":[70,70,70,70,70,70,70,70,70,70,55,55,55,42,42,39,39],"gold":235,"neow_bonus":"THREE_ENEMY_KILL","is_daily":false,"chose_seed":false,"campfire_upgraded":4,"win_rate":0.0,"timestamp":1612933016,"path_taken":["M","$","?","M","$","E","?","R","T","R","E","R","M","M","R","BOSS"],"items_purchased_type":["Card"],"build_version":"2020-12-22","purchased_purges":0,"victory":false,"max_hp_per_floor":[70,70,70,70,70,70,70,70,70,70,70,70,70,70,70,70,70],"relic_stats":{"Happy Flower":[5],"counters":[7,20],"Gambling Chip":[7],"obtain_stats":[{"NeowsBlessing":0,"Happy Flower":6,"Gambling Chip":11,"Toy Ornithopter":9,"Ring of the Snake":0},{"NeowsBlessing":0,"Happy Flower":3,"Gambling Chip":4,"Toy Ornithopter":3,"Ring of the Snake":0},{"NeowsBlessing":0,"Happy Flower":3,"Gambling Chip":7,"Toy Ornithopter":3,"Ring of the Snake":0}],"Toy Ornithopter":10,"Ring of the Snake":[14]},"card_choices":[{"not_picked":["Backflip","PiercingWail","Flying Knee"],"picked":"SKIP","floor":1.0},{"not_picked":["Acrobatics","Caltrops","Outmaneuver"],"picked":"SKIP","floor":4.0},{"not_picked":["Setup","Tactician"],"picked":"Infinite Blades","floor":6.0},{"not_picked":["Caltrops","Grand Finale","Flying Knee"],"picked":"SKIP","floor":11.0},{"not_picked":["Eviscerate","Deflect","Expertise"],"picked":"SKIP","floor":13.0},{"not_picked":["Sucker Punch","Bane","Outmaneuver"],"picked":"SKIP","floor":14.0}],"player_experience":372191,"relics_obtained":[{"floor":6.0,"key":"Happy Flower"},{"floor":9.0,"key":"Toy Ornithopter"},{"floor":11.0,"key":"Gambling Chip"}],"event_choices":[{"cards_removed":["Strike_G"],"damage_healed":0.0,"max_hp_gain":0.0,"max_hp_loss":0.0,"gold_gain":0.0,"event_name":"Living Wall","player_choice":"Forget","floor":3.0,"gold_loss":0.0,"damage_taken":0.0},{"damage_healed":0.0,"max_hp_gain":0.0,"max_hp_loss":0.0,"gold_gain":100.0,"event_name":"Wheel of Change","player_choice":"Gold","floor":7.0,"gold_loss":0.0,"damage_taken":0.0}],"is_beta":false,"boss_relics":[],"items_purged_floors":[],"is_endless":false,"potions_floor_spawned":[6,13,14],"killed_by":"Hexaghost","ascension_level":3}}