{"host":"8a3jzv7qxg3y7b6t","time":1612925909,"event":{"mods":["BaseMod","Better Third Choice","Downfall","Hermit","Minty Spire (QoL Compilation)","Relic Stats","StSLib","The Bug Knight","The Cursed"],"gold_per_floor":[113,113,113,130,147,174,174,174,197,225,236,252,280,280,280,385,385,399,8,8,8,25,58,12,12,12],"floor_reached":25,"language":"ENG","playtime":2532,"items_purged":[],"score":317,"play_id":"a796c1ea-1506-4dd3-a5ce-150028e80a2a","local_time":"20210209185829","is_ascension_mode":true,"campfire_choices":[{"floor":15,"key":"RECALL"}],"circlet_count":0,"master_deck":["Strike_G","Strike_G","Strike_G","Strike_G","Strike_G","Defend_G","Defend_G","Defend_G","Defend_G","Defend_G","Survivor","Neutralize","Dagger Spray","Fire Breathing","Finisher","Cloak And Dagger","Blade Dance","Regret","Dagger Spray","Slice","A Thousand Cuts","Infinite Blades","Panache","Noxious Fumes","Shame","Footwork","Deflect"],"relics":["Ring of the Snake","Orichalcum","Mummified Hand","Gambling Chip","CultistMask","Bag of Marbles","Vajra","SacredBark","TwistedFunnel","Centennial Puzzle","Ancient Tea Set","Akabeko"],"acts_visited":["Exordium","TheCity"],"potions_floor_usage":[6,16,16,16,23],"damage_taken":[{"damage":2,"enemies":"Small Slimes","floor":1,"turns":5},{"damage":0,"enemies":"2 Louse","floor":4,"turns":3},{"damage":0,"enemies":"Cultist","floor":5,"turns":4},{"damage":23,"enemies":"HollowMod:MossKnight","floor":6,"turns":20},{"damage":10,"enemies":"3 Sentries","floor":10,"turns":5},{"damage":17,"enemies":"Large Slime","floor":11,"turns":6},{"damage":0,"enemies":"Lots of Slimes","floor":12,"turns":1},{"damage":0,"enemies":"HollowMod:MossKnight","floor":13,"turns":2},{"damage":8,"enemies":"Hexaghost","floor":16,"turns":7},{"damage":22,"enemies":"Spheric Guardian","floor":18,"turns":4},{"damage":6,"enemies":"Chosen","floor":22,"turns":3},{"damage":26,"enemies":"Gremlin Leader","floor":23,"turns":5},{"damage":21,"enemies":"HollowMod:Nosk","floor":25,"turns":4}],"seed_played":"1073759598992476724","potions_obtained":[{"floor":5,"key":"Swift Potion"},{"floor":6,"key":"Strength Potion"},{"floor":10,"key":"Weak Potion"},{"floor":14,"key":"DistilledChaos"},{"floor":14,"key":"Fire Potion"},{"floor":22,"key":"BlessingOfTheForge"}],"is_trial":false,"path_per_floor":["M","?","?","M","M","E","?","?","T","E","M","M","E","?","R","B",null,"M","$","?","?","M","E","$","E"],"character_chosen":"THE_SILENT","items_purchased":["Panache","TwistedFunnel","Noxious Fumes","Deflect"],"campfire_rested":0,"item_purchase_floors":[19,19,19,24],"current_hp_per_floor":[75,75,67,67,67,44,44,44,44,34,17,17,17,17,17,9,77,55,55,55,55,49,23,23,2,2],"gold":12,"neow_bonus":"TEN_PERCENT_HP_BONUS","is_daily":false,"chose_seed":false,"campfire_upgraded":0,"win_rate":0.0,"timestamp":1612925909,"path_taken":["M","?","?","M","M","E","?","?","T","E","?","M","E","?","R","BOSS","M","?","?","?","?","E","?","E"],"items_purchased_type":["Card","Relic","Card","Card"],"build_version":"2020-12-22","purchased_purges":0,"victory":false,"max_hp_per_floor":[77,77,77,77,77,77,77,77,77,77,77,77,77,77,77,77,77,77,77,77,77,77,77,77,77,77],"relic_stats":{"Centennial Puzzle":[9],"counters":[13,69],"Mummified Hand":[19],"Gambling Chip":[22],"Orichalcum":[108],"obtain_stats":[{"TwistedFunnel":19,"Centennial Puzzle":20,"Mummified Hand":6,"Gambling Chip":7,"SacredBark":17,"Vajra":13,"CultistMask":8,"Bag of Marbles":10,"Orichalcum":3,"Ancient Tea Set":21,"Akabeko":23,"Ring of the Snake":0},{"TwistedFunnel":10,"Centennial Puzzle":10,"Mummified Hand":4,"Gambling Chip":4,"SacredBark":9,"Vajra":8,"CultistMask":4,"Bag of Marbles":5,"Orichalcum":1,"Ancient Tea Set":10,"Akabeko":12,"Ring of the Snake":0},{"TwistedFunnel":57,"Centennial Puzzle":57,"Mummified Hand":32,"Gambling Chip":32,"SacredBark":53,"Vajra":46,"CultistMask":32,"Bag of Marbles":37,"Orichalcum":5,"Ancient Tea Set":57,"Akabeko":65,"Ring of the Snake":0}],"Ring of the Snake":[26]},"card_choices":[{"not_picked":["Leg Sweep","Terror"],"picked":"Dagger Spray","floor":1},{"not_picked":["Calculated Gamble","PiercingWail"],"picked":"Finisher","floor":4},{"not_picked":["Accuracy","PiercingWail"],"picked":"Cloak And Dagger","floor":5},{"not_picked":["Expertise","Deflect"],"picked":"Blade Dance","floor":6},{"not_picked":["Grand Finale","Adrenaline"],"picked":"Dagger Spray","floor":10},{"not_picked":["Outmaneuver","Bane"],"picked":"Slice","floor":11},{"not_picked":["Setup","Endless Agony","Reflex"],"picked":"SKIP","floor":12},{"not_picked":["Outmaneuver","Backflip","Phantasmal Killer"],"picked":"SKIP","floor":13},{"not_picked":["Adrenaline","Tools of the Trade"],"picked":"A Thousand Cuts","floor":16},{"not_picked":["Dodge and Roll","Quick Slash"],"picked":"Infinite Blades","floor":18},{"not_picked":["Skewer+1","Flying Knee"],"picked":"Footwork","floor":22},{"not_picked":["Predator","PiercingWail","Calculated Gamble"],"picked":"SKIP","floor":23}],"player_experience":676024,"relics_obtained":[{"floor":6,"key":"Mummified Hand"},{"floor":10,"key":"Bag of Marbles"},{"floor":13,"key":"Vajra"},{"floor":23,"key":"Akabeko"}],"event_choices":[{"damage_healed":0,"gold_gain":0,"player_choice":"Ignored","damage_taken":0,"max_hp_gain":0,"max_hp_loss":0,"event_name":"Golden Wing","floor":2,"gold_loss":0},{"damage_healed":0,"gold_gain":0,"player_choice":"Box","damage_taken":0,"relics_obtained":["Gambling Chip"],"max_hp_gain":0,"max_hp_loss":0,"event_name":"Big Fish","floor":7,"gold_loss":0,"cards_obtained":["Regret"]},{"damage_healed":0,"gold_gain":0,"player_choice":"Trade","damage_taken":0,"relics_obtained":["CultistMask"],"max_hp_gain":0,"max_hp_loss":0,"event_name":"FaceTrader","floor":8,"gold_loss":0},{"damage_healed":0,"gold_gain":0,"player_choice":"Got Potions","damage_taken":0,"max_hp_gain":0,"max_hp_loss":0,"event_name":"Lab","floor":14,"gold_loss":0},{"damage_healed":0,"gold_gain":0,"player_choice":"Stole Relic","damage_taken":0,"relics_obtained":["Centennial Puzzle"],"max_hp_gain":0,"max_hp_loss":0,"event_name":"Addict","floor":20,"gold_loss":0,"cards_obtained":["Shame"]},{"damage_healed":0,"gold_gain":0,"player_choice":"Opened","damage_taken":0,"relics_obtained":["Ancient Tea Set"],"max_hp_gain":0,"max_hp_loss":0,"event_name":"The Mausoleum","floor":21,"gold_loss":0}],"is_beta":false,"boss_relics":[{"not_picked":["Pandora\u0027s Box","Velvet Choker"],"picked":"SacredBark"}],"items_purged_floors":[],"is_endless":false,"potions_floor_spawned":[5,6,10,22],"killed_by":"HollowMod:Nosk","ascension_level":4}}