{"host":"a5lz0e76zb3fcwkm","time":1612952791,"event":{"mods":["AchievementEnabler","BaseMod","Colored Map","Colored Powertips","Minty Spire (QoL Compilation)","StSLib","SuperFastMode"],"gold_per_floor":[110,260,260,279,289,317,317,317,317,317,340,360,388,43,43,116,116,131,131,131,149,49,49,67,77,77,77,94,94,120,138,138,138,138],"floor_reached":33,"language":"KOR","playtime":786,"items_purged":["Defend_G","Strike_G"],"score":699,"play_id":"c1c70314-199a-4313-acd4-f0077f490c9c","local_time":"20210210192631","is_ascension_mode":true,"campfire_choices":[{"data":"Cloak And Dagger","floor":10.0,"key":"SMITH"},{"data":"Accuracy","floor":15,"key":"SMITH"},{"floor":23,"key":"REST"},{"data":"Tactician","floor":27,"key":"SMITH"},{"data":"Adrenaline","floor":29,"key":"SMITH"},{"data":"Footwork","floor":32,"key":"SMITH"}],"circlet_count":0,"master_deck":["AscendersBane","Strike_G","Strike_G","Strike_G","Defend_G","Defend_G","Defend_G","Defend_G","Survivor","Neutralize","Tactician+1","Cloak And Dagger+1","Acrobatics","Acrobatics","Blade Dance","Accuracy+1","Blade Dance","Adrenaline+1","Footwork+1","PiercingWail","Finisher","Backflip","Concentrate"],"relics":["Ring of the Snake","NeowsBlessing","Spirit Poop","Letter Opener","Lantern","Question Card","Odd Mushroom","Incense Burner","Philosopher\u0027s Stone","Turnip","Mummified Hand"],"acts_visited":["Exordium","TheCity"],"potions_floor_usage":[13,13,16,28,30,30,33],"damage_taken":[{"damage":0.0,"enemies":"Small Slimes","floor":1.0,"turns":1.0},{"damage":0.0,"enemies":"2 Louse","floor":4.0,"turns":1.0},{"damage":0.0,"enemies":"Cultist","floor":5.0,"turns":1.0},{"damage":21.0,"enemies":"3 Sentries","floor":6.0,"turns":11.0},{"damage":12.0,"enemies":"The Mushroom Lair","floor":11.0,"turns":6.0},{"damage":0.0,"enemies":"Blue Slaver","floor":12.0,"turns":4.0},{"damage":11,"enemies":"Gremlin Nob","floor":13,"turns":3},{"damage":0,"enemies":"Hexaghost","floor":16,"turns":7},{"damage":0,"enemies":"2 Thieves","floor":18,"turns":2},{"damage":8,"enemies":"Shell Parasite","floor":21,"turns":5},{"damage":0,"enemies":"Centurion and Healer","floor":24,"turns":3},{"damage":0,"enemies":"3 Cultists","floor":25,"turns":4},{"damage":4,"enemies":"Sentry and Sphere","floor":28,"turns":4},{"damage":0,"enemies":"Slavers","floor":30,"turns":3},{"damage":7,"enemies":"Shelled Parasite and Fungi","floor":31,"turns":3},{"damage":44,"enemies":"Automaton","floor":33,"turns":8}],"seed_played":"-3622777727692027135","potions_obtained":[{"floor":1.0,"key":"DuplicationPotion"},{"floor":5.0,"key":"Strength Potion"},{"floor":6.0,"key":"PowerPotion"},{"floor":24,"key":"PowerPotion"},{"floor":28,"key":"CultistPotion"},{"floor":31,"key":"SpeedPotion"}],"is_trial":false,"path_per_floor":["M","?","?","M","M","E","?","T","T","R","?","M","E","$","R","B",null,"M","?","?","M","$","R","M","M","T","R","M","R","E","M","R","B"],"character_chosen":"THE_SILENT","items_purchased":["Accuracy","Blade Dance","FearPotion","CunningPotion"],"campfire_rested":1,"item_purchase_floors":[14,14,14,14],"current_hp_per_floor":[59,59,59,59,59,38,31,31,31,31,19,19,8,8,8,8,52,52,52,34,26,26,47,47,47,47,47,43,43,43,36,36,0,0],"gold":138,"neow_bonus":"THREE_ENEMY_KILL","is_daily":false,"chose_seed":false,"campfire_upgraded":5,"win_rate":0.0,"timestamp":1612952791,"path_taken":["M","?","?","?","M","E","?","?","T","R","?","M","E","?","R","BOSS","M","?","?","M","?","R","M","M","T","R","M","R","E","M","R","BOSS"],"items_purchased_type":["Card","Card","Potion","Potion"],"build_version":"2020-12-22","purchased_purges":2,"victory":false,"max_hp_per_floor":[66,66,66,66,66,66,66,66,66,66,66,66,66,66,66,66,66,66,66,71,71,71,71,71,71,71,71,71,71,71,71,71,71,71],"card_choices":[{"not_picked":["Reflex","Choke"],"picked":"Tactician","floor":1.0},{"not_picked":["Outmaneuver","Flechettes"],"picked":"Cloak And Dagger","floor":4.0},{"not_picked":["Sucker Punch","Poisoned Stab"],"picked":"Acrobatics","floor":5.0},{"not_picked":["Leg Sweep","Concentrate"],"picked":"Acrobatics","floor":6.0},{"not_picked":["Bane","Tactician","Crippling Poison"],"picked":"Blade Dance","floor":11.0},{"not_picked":["Dash","Deflect","Poisoned Stab","Choke"],"picked":"SKIP","floor":12.0},{"not_picked":["Die Die Die","Poisoned Stab","Slice","Endless Agony"],"picked":"SKIP","floor":13},{"not_picked":["Tools of the Trade","Grand Finale","Unload"],"picked":"Adrenaline","floor":16},{"not_picked":["Dagger Spray+1","Dagger Throw","Deadly Poison+1","Well Laid Plans"],"picked":"SKIP","floor":18},{"not_picked":["Outmaneuver","A Thousand Cuts","Blade Dance","Masterful Stab"],"picked":"SKIP","floor":21},{"not_picked":["Cloak And Dagger","Blade Dance","Acrobatics"],"picked":"PiercingWail","floor":24},{"not_picked":["Cloak And Dagger","Quick Slash+1","Poisoned Stab"],"picked":"Finisher","floor":25},{"not_picked":["Poisoned Stab","Tactician","Underhanded Strike"],"picked":"Backflip","floor":28},{"not_picked":["Dash","Endless Agony+1","Backflip"],"picked":"Concentrate","floor":30},{"not_picked":["Sucker Punch","Noxious Fumes","Dagger Throw","Poisoned Stab"],"picked":"SKIP","floor":31}],"player_experience":1855614,"relics_obtained":[{"floor":6.0,"key":"Letter Opener"},{"floor":8.0,"key":"Lantern"},{"floor":9.0,"key":"Question Card"},{"floor":11.0,"key":"Odd Mushroom"},{"floor":13,"key":"Incense Burner"},{"floor":26,"key":"Turnip"},{"floor":30,"key":"Mummified Hand"}],"event_choices":[{"damage_healed":0.0,"max_hp_gain":0.0,"max_hp_loss":0.0,"gold_gain":150.0,"event_name":"Liars Game","player_choice":"AGREE","floor":2.0,"gold_loss":0.0,"damage_taken":0.0,"cards_obtained":["Doubt"]},{"cards_removed":["Doubt"],"damage_healed":0.0,"max_hp_gain":0.0,"max_hp_loss":0.0,"gold_gain":0.0,"event_name":"Bonfire Elementals","player_choice":"Offered Curse","floor":3.0,"gold_loss":0.0,"damage_taken":0.0,"relics_obtained":["Spirit Poop"]},{"cards_removed":["Strike_G"],"damage_healed":0.0,"max_hp_gain":0.0,"max_hp_loss":0.0,"gold_gain":0.0,"event_name":"Golden Wing","player_choice":"Card Removal","floor":7.0,"gold_loss":0.0,"damage_taken":7.0},{"damage_healed":0.0,"max_hp_gain":0.0,"max_hp_loss":0.0,"gold_gain":0.0,"event_name":"Mushrooms","player_choice":"Fought Mushrooms","floor":11.0,"gold_loss":0.0,"damage_taken":0.0},{"damage_healed":0,"gold_gain":0,"player_choice":"Read","damage_taken":0,"max_hp_gain":0,"max_hp_loss":0,"event_name":"The Library","floor":19,"gold_loss":0,"cards_obtained":["Footwork"]},{"damage_healed":0,"gold_gain":0,"player_choice":"Shed Blood","damage_taken":23,"max_hp_gain":5,"max_hp_loss":0,"event_name":"Forgotten Altar","floor":20,"gold_loss":0}],"is_beta":false,"boss_relics":[{"not_picked":["Velvet Choker","Tiny House"],"picked":"Philosopher\u0027s Stone"}],"items_purged_floors":[14,22],"is_endless":false,"potions_floor_spawned":[1,5,6,12,24,28,31],"killed_by":"Automaton","ascension_level":20}}