{"host":"o3b7ow6d1xe49css","time":1612955983,"event":{"mods":["Act Like it!","Aspiration","BaseMod","Bestiary","Better Altar","Better Match","Better Note","Better Sensory Stone","Better Skull","Better Third Choice","Colored Powertips","Conspire","Energized Spire","Force Act Four","GifTheSpireLib","Halation","Hermit","Hubris","Infinite Spire","Lobotomy","Minty Spire (QoL Compilation)","Quick Restart","Rare Cards Sparkle","Relic Filter Mod","Reliquary","Replay The Spire","Spicy Shops","Spikes Relics","Spire Arcade","StSLib","Stuff the Spire","The Blue Laboratory","Wandering Minibosses"],"gold_per_floor":[119,131,148,166,11,11,42,76,76,108,172,207,207,245,245,245,245],"floor_reached":16,"language":"ENG","playtime":543,"items_purged":["Strike_R"],"score":204,"play_id":"c4d37681-c514-4049-9fb5-033ef2af0704","local_time":"20210210021943","daily_mods":["Heirloom","Flight"],"is_ascension_mode":true,"campfire_choices":[{"data":"Uppercut","floor":6,"key":"SMITH"},{"data":"Armaments","floor":13,"key":"SMITH"},{"data":"Shockwave","floor":15,"key":"SMITH"}],"circlet_count":0,"master_deck":["Strike_R","Strike_R","Defend_R","Defend_R","Defend_R","Defend_R","Bash","Armaments+1","Scorched","Uppercut+1","conspire:Purge","ReplayTheSpireMod:Muscle Training","UniverseFragment","Shockwave+1"],"relics":["Burning Blood","Ring of Chaos","halation:SwordOfLegend","CogitoBucket","Centennial Puzzle","Ornamental Fan","infinitespire:ShieldingShard","CeramicFish","reliquary:ExpiredCoupon","reliquary:PurpleTingedLeaf"],"acts_visited":["Exordium"],"potions_floor_usage":[10,10,16],"damage_taken":[{"damage":9,"enemies":"Jaw Worm","floor":1,"turns":5},{"damage":1,"enemies":"Cultist","floor":2,"turns":3},{"damage":0,"enemies":"2 Louse","floor":3,"turns":1},{"damage":18,"enemies":"2 Fungi Beasts","floor":4,"turns":5},{"damage":15,"enemies":"3 Sentries","floor":7,"turns":4},{"damage":18,"enemies":"Gremlin Nob","floor":8,"turns":3},{"damage":14,"enemies":"Lagavulin","floor":10,"turns":6},{"damage":33,"enemies":"Gremlin Nob","floor":12,"turns":5},{"damage":1,"enemies":"Replay:BlueRogue","floor":14,"turns":4},{"damage":42,"enemies":"The Guardian","floor":16,"turns":12}],"seed_played":"1170315503846877629","potions_obtained":[{"floor":7,"key":"EssenceOfSteel"},{"floor":8,"key":"ColorlessPotion"},{"floor":12,"key":"blueLaboratory:BottledHope"}],"is_trial":true,"path_per_floor":["M","M","M","M","$","R","E","E","T","E","?","E","R","E","R","B"],"character_chosen":"IRONCLAD","items_purchased":["Uppercut"],"campfire_rested":0,"item_purchase_floors":[5],"current_hp_per_floor":[77,80,80,68,68,80,71,59,59,51,51,24,36,41,44,5,5],"gold":245,"neow_bonus":"","is_daily":false,"chose_seed":false,"campfire_upgraded":3,"win_rate":0.0,"timestamp":1612955983,"path_taken":["M","M","M","M","$","R","E","E","T","E","?","E","R","E","R","BOSS"],"items_purchased_type":["Card"],"build_version":"2020-12-22","purchased_purges":1,"victory":false,"max_hp_per_floor":[80,80,80,80,80,80,80,80,80,80,80,80,80,80,80,80,80],"card_choices":[{"not_picked":["Defy Death","Flex"],"picked":"Armaments","floor":1},{"not_picked":["SingingMachine","VoidDream","BeautyBeast"],"picked":"Singing Bowl","floor":1},{"not_picked":["MeatLantern","MHz"],"picked":"Scorched","floor":1},{"not_picked":["OldLady","MeatLantern","Wellcheers"],"picked":"Singing Bowl","floor":2},{"not_picked":["Run Through","hubris:ReadiedAction","Pummel"],"picked":"SKIP","floor":2},{"not_picked":["MHz","DespairKnight","WallGazer"],"picked":"Singing Bowl","floor":3},{"not_picked":["Body Slam","Ghostly Armor","Burning Pact"],"picked":"SKIP","floor":3},{"not_picked":["Wellcheers","BeautyBeast","MeatLantern"],"picked":"Singing Bowl","floor":4},{"not_picked":["Heavy Blade","Power Through","Twin Strike"],"picked":"SKIP","floor":4},{"not_picked":["Armaments","Replay:Undeath\u0027s Touch"],"picked":"conspire:Purge","floor":7},{"not_picked":["Woodsman","VoidDream","OSAHOGD"],"picked":"Singing Bowl","floor":7},{"not_picked":["Armaments","Absolvement"],"picked":"ReplayTheSpireMod:Muscle Training","floor":8},{"not_picked":["SpiderBud","GalaxyChild","Alriune"],"picked":"Singing Bowl","floor":8},{"not_picked":["WallGazer","BeautyBeast"],"picked":"UniverseFragment","floor":8},{"not_picked":["Thunderclap","StuffTheSpire:Incineration","infinitespire:OneForAll"],"picked":"SKIP","floor":10},{"not_picked":["True Grit","StuffTheSpire:RockThrow","Ghostly Armor"],"picked":"SKIP","floor":12},{"not_picked":["Sentinel","Havoc"],"picked":"Shockwave","floor":14},{"not_picked":["PunishingBird","FairyFestival","CherryBlossoms"],"picked":"Singing Bowl","floor":14}],"player_experience":1348057,"relics_obtained":[{"floor":7,"key":"Centennial Puzzle"},{"floor":8,"key":"Ornamental Fan"},{"floor":9,"key":"infinitespire:ShieldingShard"},{"floor":10,"key":"CeramicFish"},{"floor":12,"key":"reliquary:ExpiredCoupon"},{"floor":14,"key":"reliquary:PurpleTingedLeaf"}],"event_choices":[{"damage_healed":0,"gold_gain":64,"player_choice":"Gained Gold","damage_taken":0,"max_hp_gain":0,"max_hp_loss":0,"event_name":"Golden Wing","floor":11,"gold_loss":0}],"is_beta":false,"boss_relics":[],"items_purged_floors":[5],"is_endless":false,"potions_floor_spawned":[7,8,12],"killed_by":"The Guardian","ascension_level":5}}