{"host":"5p9hybygolzp0efr","time":1612927413,"event":{"mods":["AchievementEnabler","BaseMod","Bestiary","Colored Map","Minty Spire (QoL Compilation)","Permanent Neow","Relic Stats","StSLib"],"gold_per_floor":[116,116,116,135,151,151,162,187,187,205,220,234,234,246,246,246,246],"floor_reached":16,"language":"ENG","playtime":625,"items_purged":[],"score":164,"play_id":"2448fd19-a1d8-4b19-b1c3-07635539b264","local_time":"20210210112333","is_ascension_mode":true,"campfire_choices":[{"data":"Eruption","floor":6,"key":"SMITH"},{"floor":13,"key":"REST"},{"floor":15,"key":"REST"}],"circlet_count":0,"master_deck":["AscendersBane","Strike_P","Strike_P","Strike_P+1","Strike_P","Defend_P","Defend_P","Defend_P","Defend_P+1","Eruption+1","Vigilance","Writhe","EmptyBody","JustLucky","BattleHymn","MasterReality","FlurryOfBlows","ThirdEye"],"relics":["PureWater","StoneCalendar","Gremlin Horn","Pocketwatch","Peace Pipe"],"acts_visited":["Exordium"],"potions_floor_usage":[],"damage_taken":[{"damage":7,"enemies":"Jaw Worm","floor":1,"turns":3},{"damage":0,"enemies":"Small Slimes","floor":4,"turns":3},{"damage":0,"enemies":"Cultist","floor":5,"turns":4},{"damage":0,"enemies":"Exordium Thugs","floor":7,"turns":3},{"damage":15,"enemies":"Lagavulin","floor":8,"turns":6},{"damage":8,"enemies":"3 Louse","floor":10,"turns":2},{"damage":4,"enemies":"Blue Slaver","floor":11,"turns":4},{"damage":4,"enemies":"Looter","floor":12,"turns":3},{"damage":21,"enemies":"Exordium Thugs","floor":14,"turns":3},{"damage":35,"enemies":"The Guardian","floor":16,"turns":7}],"seed_played":"4134241452972472747","potions_obtained":[{"floor":4,"key":"FearPotion"},{"floor":8,"key":"LiquidMemories"}],"is_trial":false,"path_per_floor":["M","?","?","M","M","R","M","E","T","M","M","M","R","M","R","B"],"character_chosen":"WATCHER","items_purchased":[],"campfire_rested":2,"item_purchase_floors":[],"current_hp_per_floor":[58,44,41,41,41,41,41,26,26,18,14,10,31,10,31,0,0],"gold":246,"neow_bonus":"ONE_RARE_RELIC","is_daily":false,"chose_seed":false,"campfire_upgraded":1,"win_rate":0.0,"timestamp":1612927413,"path_taken":["M","?","?","M","M","R","M","E","T","M","M","M","R","M","R","BOSS"],"items_purchased_type":[],"build_version":"2020-12-22","purchased_purges":0,"victory":false,"max_hp_per_floor":[72,72,72,72,72,72,72,72,72,72,72,72,72,72,72,72,72],"relic_stats":{"Peace Pipe":0,"Gremlin Horn":[5,5],"counters":[10,38],"StoneCalendar":[52],"obtain_stats":[{"Peace Pipe":9,"Gremlin Horn":3,"StoneCalendar":0,"PureWater":0,"Pocketwatch":8},{"Peace Pipe":5,"Gremlin Horn":1,"StoneCalendar":0,"PureWater":0,"Pocketwatch":5},{"Peace Pipe":19,"Gremlin Horn":3,"StoneCalendar":0,"PureWater":0,"Pocketwatch":19}],"Pocketwatch":[12]},"card_choices":[{"not_picked":["Swivel","Evaluate"],"picked":"EmptyBody","floor":1},{"not_picked":["FollowUp","Protect"],"picked":"JustLucky","floor":4},{"not_picked":["WindmillStrike","ClearTheMind","FlurryOfBlows"],"picked":"SKIP","floor":5},{"not_picked":["Consecrate","Weave"],"picked":"BattleHymn","floor":7},{"not_picked":["Evaluate","Nirvana"],"picked":"MasterReality","floor":8},{"not_picked":["CutThroughFate","Consecrate"],"picked":"FlurryOfBlows","floor":10},{"not_picked":["BattleHymn","LikeWater","Collect"],"picked":"SKIP","floor":11},{"not_picked":["Consecrate","LikeWater","ClearTheMind"],"picked":"SKIP","floor":12},{"not_picked":["PathToVictory","Collect"],"picked":"ThirdEye","floor":14}],"player_experience":609637,"relics_obtained":[{"floor":8,"key":"Pocketwatch"},{"floor":9,"key":"Peace Pipe"}],"event_choices":[{"damage_healed":0,"gold_gain":0,"player_choice":"Entered Light","damage_taken":14,"max_hp_gain":0,"max_hp_loss":0,"event_name":"Shining Light","floor":2,"gold_loss":0,"cards_upgraded":["Defend_P","Strike_P"]},{"damage_healed":0,"gold_gain":0,"player_choice":"Success","damage_taken":3,"relics_obtained":["Gremlin Horn"],"max_hp_gain":0,"max_hp_loss":0,"event_name":"Scrap Ooze","floor":3,"gold_loss":0}],"is_beta":false,"boss_relics":[],"items_purged_floors":[],"is_endless":false,"potions_floor_spawned":[4,8,11,12,14],"killed_by":"The Guardian","ascension_level":11}}