{"host":"3po7ngt2j61s4rmj","time":1612981283,"event":{"mods":["Act Like it!","BaseMod","Elementarium","Minty Spire (QoL Compilation)","Relic Stats","Shade Mod","StSLib","The Cursed"],"gold_per_floor":[109,125,137,151,326,326,326,326],"floor_reached":7,"language":"ENG","playtime":836,"items_purged":[],"score":73,"play_id":"9ec1f259-d6ba-4ca5-a5fb-c37d70a0eda3","local_time":"20210210112123","is_ascension_mode":true,"campfire_choices":[{"data":"Shade:CarefulCut","floor":6,"key":"SMITH"}],"circlet_count":0,"master_deck":["AscendersBane","Shade:Strike_Shade","Shade:Strike_Shade","Shade:Strike_Shade","Shade:Strike_Shade","Shade:Defend_Shade","Shade:Defend_Shade","Shade:Defend_Shade","Shade:Defend_Shade","Shade:AnimateDead","Shade:CarefulCut+1","Shade:Brains","Shade:Excise","Shade:FuneraryJewels","Shade:RitualOffering","Doubt"],"relics":["Shade:YorickSkull","Ginger"],"acts_visited":["Exordium"],"potions_floor_usage":[7],"damage_taken":[{"damage":0,"enemies":"2 Louse","floor":1,"turns":3},{"damage":0,"enemies":"Small Slimes","floor":2,"turns":3},{"damage":0,"enemies":"Cultist","floor":3,"turns":4},{"damage":5,"enemies":"Large Slime","floor":4,"turns":8},{"damage":38,"enemies":"Lagavulin","floor":7,"turns":7}],"seed_played":"-4914704158564385786","potions_obtained":[{"floor":1,"key":"Fruit Juice"}],"is_trial":false,"path_per_floor":["M","M","M","M","?","R","E"],"character_chosen":"SHADE","items_purchased":[],"campfire_rested":0,"item_purchase_floors":[],"current_hp_per_floor":[35,35,35,30,30,30,0,0],"gold":326,"neow_bonus":"ONE_RARE_RELIC","is_daily":false,"chose_seed":false,"campfire_upgraded":1,"win_rate":0.0,"timestamp":1612981283,"path_taken":["M","M","M","M","?","R","E"],"items_purchased_type":[],"build_version":"2020-12-22","purchased_purges":0,"victory":false,"max_hp_per_floor":[55,55,55,55,55,55,60,60],"relic_stats":{"counters":[5,25],"Ginger":[5],"obtain_stats":[{"Shade:YorickSkull":0,"Ginger":0},{"Shade:YorickSkull":0,"Ginger":0},{"Shade:YorickSkull":0,"Ginger":0}]},"card_choices":[{"not_picked":["Shade:CallOfTheGrave","Shade:Trample"],"picked":"Shade:Brains","floor":1},{"not_picked":["Shade:GoDigging","Shade:FeralStrike"],"picked":"Shade:Excise","floor":2},{"not_picked":["Shade:FeralStrike","Shade:FleshToFlesh"],"picked":"Shade:FuneraryJewels","floor":3},{"not_picked":["Shade:GreyBargain","Shade:LastGasp"],"picked":"Shade:RitualOffering","floor":4}],"player_experience":1097352,"relics_obtained":[],"event_choices":[{"damage_healed":0,"gold_gain":175,"player_choice":"AGREE","damage_taken":0,"max_hp_gain":0,"max_hp_loss":0,"event_name":"Liars Game","floor":5,"gold_loss":0,"cards_obtained":["Doubt"]}],"is_beta":false,"boss_relics":[],"items_purged_floors":[],"is_endless":false,"potions_floor_spawned":[1],"killed_by":"Lagavulin","ascension_level":14}}