{"host":"8is2j71l4wmybkoi","time":1612964425,"event":{"mods":["AchievementEnabler","BaseMod","Colored Map","Minty Spire (QoL Compilation)","Rare Cards Sparkle","StSLib","SuperFastMode"],"gold_per_floor":[119,119,134,134,149,149,175,19,19,19,34,34,34,48,48,121,121,140,151,201,216,216,245,261,261,339,374,385,418,432,31,31,31,31],"floor_reached":33,"language":"KOR","playtime":1256,"items_purged":["Strike_R","Strike_R"],"score":537,"play_id":"aa0dc883-0bbc-4c9b-93b7-bd67967978f7","local_time":"20210210224025","is_ascension_mode":true,"campfire_choices":[{"data":"Body Slam","floor":6,"key":"SMITH"},{"data":"Bash","floor":10,"key":"SMITH"},{"data":"Bludgeon","floor":13,"key":"SMITH"},{"data":"Evolve","floor":15,"key":"SMITH"},{"floor":25,"key":"REST"},{"floor":32,"key":"REST"}],"circlet_count":0,"master_deck":["AscendersBane","Defend_R","Defend_R","Defend_R","Defend_R","Bash+1","Swift Strike","Shrug It Off","Body Slam+1","Second Wind","Evolve+1","Bludgeon+1","Immolate","Burning Pact","Dropkick","Searing Blow","True Grit+1","Sentinel","Intimidate","Shrug It Off"],"relics":["Burning Blood","Ornamental Fan","Mark of Pain","Ginger","Frozen Egg 2","Self Forming Clay","Blue Candle","Thread and Needle"],"acts_visited":["Exordium","TheCity"],"potions_floor_usage":[7,16,19,23,28,30],"damage_taken":[{"damage":11,"enemies":"Small Slimes","floor":1,"turns":4},{"damage":2,"enemies":"Jaw Worm","floor":3,"turns":4},{"damage":4,"enemies":"2 Louse","floor":5,"turns":4},{"damage":30,"enemies":"Lagavulin","floor":7,"turns":6},{"damage":8,"enemies":"Large Slime","floor":11,"turns":6},{"damage":3,"enemies":"Exordium Wildlife","floor":14,"turns":5},{"damage":35,"enemies":"The Guardian","floor":16,"turns":12},{"damage":16,"enemies":"2 Thieves","floor":18,"turns":5},{"damage":7,"enemies":"Shell Parasite","floor":19,"turns":3},{"damage":0,"enemies":"Centurion and Healer","floor":21,"turns":5},{"damage":37,"enemies":"Gremlin Leader","floor":23,"turns":7},{"damage":0,"enemies":"Sentry and Sphere","floor":24,"turns":3},{"damage":6,"enemies":"Slavers","floor":27,"turns":5},{"damage":1,"enemies":"3 Cultists","floor":28,"turns":5},{"damage":47,"enemies":"Gremlin Leader","floor":29,"turns":6},{"damage":2,"enemies":"Centurion and Healer","floor":30,"turns":4},{"damage":95,"enemies":"Automaton","floor":33,"turns":10}],"seed_played":"603657702346906954","potions_obtained":[{"floor":3,"key":"LiquidMemories"},{"floor":14,"key":"Fire Potion"},{"floor":16,"key":"FairyPotion"},{"floor":18,"key":"Explosive Potion"},{"floor":21,"key":"BlessingOfTheForge"},{"floor":23,"key":"SpeedPotion"},{"floor":29,"key":"AttackPotion"}],"is_trial":false,"path_per_floor":["M","?","M","?","M","R","E","$","T","R","M","$","R","M","R","B",null,"M","M","?","M","?","E","M","R","T","E","M","E","M","$","R","B"],"character_chosen":"IRONCLAD","items_purchased":["Evolve","Thread and Needle"],"campfire_rested":2,"item_purchase_floors":[8,31],"current_hp_per_floor":[63,63,67,60,62,62,38,38,38,38,36,36,36,39,39,10,59,49,48,48,54,54,23,29,51,51,51,56,15,19,19,41,0,0],"gold":31,"neow_bonus":"RANDOM_COLORLESS","is_daily":false,"chose_seed":false,"campfire_upgraded":4,"win_rate":0.0,"timestamp":1612964425,"path_taken":["M","?","M","?","M","R","E","?","T","R","M","?","R","M","R","BOSS","M","M","?","M","?","E","M","R","T","E","M","E","M","$","R","BOSS"],"items_purchased_type":["Card","Relic"],"build_version":"2020-12-22","purchased_purges":2,"victory":false,"max_hp_per_floor":[75,75,75,75,75,75,75,75,75,75,75,75,75,75,75,75,75,75,75,75,75,75,75,75,75,75,75,75,75,75,75,75,75,75],"card_choices":[{"not_picked":["Deep Breath","PanicButton"],"picked":"Swift Strike","floor":0},{"not_picked":["Iron Wave","True Grit"],"picked":"Shrug It Off","floor":1},{"not_picked":["Hemokinesis","Dual Wield"],"picked":"Body Slam","floor":3},{"not_picked":["Cleave","Whirlwind"],"picked":"Second Wind","floor":5},{"not_picked":["Perfected Strike","Heavy Blade","Body Slam"],"picked":"SKIP","floor":7},{"not_picked":["Cleave","Anger"],"picked":"Bludgeon","floor":11},{"not_picked":["Hemokinesis","Clothesline","Clash"],"picked":"SKIP","floor":14},{"not_picked":["Limit Break","Demon Form"],"picked":"Immolate","floor":16},{"not_picked":["True Grit","Pommel Strike","Cleave"],"picked":"SKIP","floor":18},{"not_picked":["Berserk","Seeing Red"],"picked":"Burning Pact","floor":19},{"not_picked":["Anger","Clothesline","Wild Strike"],"picked":"SKIP","floor":21},{"not_picked":["Sever Soul+1","Havoc"],"picked":"True Grit+1","floor":23},{"not_picked":["Body Slam","Demon Form"],"picked":"Sentinel","floor":24},{"not_picked":["Second Wind","Twin Strike","Pommel Strike"],"picked":"SKIP","floor":27},{"not_picked":["Battle Trance","Havoc"],"picked":"Intimidate","floor":28},{"not_picked":["Pommel Strike","Sword Boomerang"],"picked":"Shrug It Off","floor":29},{"not_picked":["Clothesline","Perfected Strike","Havoc"],"picked":"SKIP","floor":30}],"player_experience":1112489,"relics_obtained":[{"floor":7,"key":"Ornamental Fan"},{"floor":23,"key":"Ginger"},{"floor":26,"key":"Frozen Egg 2"},{"floor":27,"key":"Self Forming Clay"},{"floor":29,"key":"Blue Candle"}],"event_choices":[{"damage_healed":0,"gold_gain":0,"player_choice":"Ignored","damage_taken":0,"max_hp_gain":0,"max_hp_loss":0,"event_name":"Liars Game","floor":2,"gold_loss":0},{"cards_removed":["Strike_R"],"damage_healed":0,"gold_gain":0,"player_choice":"Card Removal","damage_taken":7,"max_hp_gain":0,"max_hp_loss":0,"event_name":"Golden Wing","floor":4,"gold_loss":0},{"damage_healed":0,"gold_gain":50,"player_choice":"Stole From Cult","damage_taken":0,"max_hp_gain":0,"max_hp_loss":0,"event_name":"Nest","floor":20,"gold_loss":0},{"damage_healed":0,"gold_gain":0,"cards_transformed":["Strike_R","Strike_R"],"player_choice":"Became Test Subject","damage_taken":0,"max_hp_gain":0,"max_hp_loss":0,"event_name":"Drug Dealer","floor":22,"gold_loss":0,"cards_obtained":["Dropkick","Searing Blow"]}],"is_beta":false,"boss_relics":[{"not_picked":["Runic Dome","Astrolabe"],"picked":"Mark of Pain"}],"items_purged_floors":[8,31],"is_endless":false,"potions_floor_spawned":[3,14,16,18,21,23,29],"killed_by":"Automaton","ascension_level":15}}