{"host":"5rycm1ajjg5acc5q","time":1612930473,"event":{"mods":["BaseMod","Better Third Choice","Downfall","Highlight Path","Minty Spire (QoL Compilation)","Replay The Spire","StSLib"],"gold_per_floor":[99,117,292,305,305,205,505,505,561,578,578,608,620,8,23,122,122,122,135,153,168,185,85,85,34,63,63,78,89,89,117,136,231,231,231,96,96,106,152,52,52,14,79,98,29,48,14,34,54,54,54,82,34,34,34,34,34,34],"floor_reached":56,"language":"ENG","playtime":8358,"items_purged":["Doubt"],"score":764,"play_id":"80d556f2-6709-4f39-a4fc-a5c95b470b12","local_time":"20210209221433","is_ascension_mode":false,"campfire_choices":[{"data":"Slimebound:Split","floor":1,"key":"SMITH"},{"data":"Slimebound:CorrosiveSpit","floor":6,"key":"SMITH"},{"data":"Slimebound:LeechEnergy","floor":8,"key":"SMITH"},{"floor":18,"key":"RECALL"},{"data":"Slimebound:AcidTongue","floor":23,"key":"SMITH"},{"data":"Slimebound:AcidTongue","floor":23,"key":"SMITH"},{"data":"Slimebound:OozeBath","floor":27,"key":"SMITH"},{"data":"Slimebound:MinionMaster","floor":27,"key":"SMITH"},{"data":"Slimebound:DuplicatedForm","floor":35,"key":"SMITH"},{"data":"Slimebound:SplitLeeching","floor":35,"key":"SMITH"},{"data":"Slimebound:SamplingLick","floor":40,"key":"SMITH"},{"data":"Slimebound:MegaLick","floor":40,"key":"SMITH"},{"data":"Slimebound:AcidTongue","floor":54,"key":"SMITH"},{"data":"Slimebound:MegaLick","floor":54,"key":"SMITH"}],"circlet_count":0,"master_deck":["Slimebound:Strike_Slimebound","Slimebound:Strike_Slimebound","Slimebound:Tackle","Slimebound:Defend_Slimebound","Slimebound:Defend_Slimebound","Slimebound:Defend_Slimebound","Slimebound:Split+1","Slimebound:CorrosiveSpit+1","Slimebound:SplitLeeching+1","Slimebound:LeechEnergy+1","Slimebound:SplitLeeching","Slimebound:AcidTongue+1","Slimebound:MegaLick+1","Slimebound:OozeBath+1","Whirlwind","Slimebound:LeadByExample","Slimebound:RainOfGoop","Slimebound:AcidTongue+1","Slimebound:LeechLife","Slimebound:SamplingLick+1","Slimebound:SamplingLick+1","Slimebound:SplitMire","Slimebound:LeechEnergy+1","Slimebound:MinionMaster+1","Slimebound:SplitMire+1","Slimebound:AcidTongue+1","Slimebound:Schlurp+1","Slimebound:ForwardTackle","Slimebound:GoopSpray","Slimebound:DuplicatedForm+1","Slimebound:Equalize+1","Slimebound:OozeBath","Slimebound:Prepare","Languid","Slimebound:Replication","ReplayTheSpireMod:Splinters","Slimebound:LivingWall+1","Slimebound:SplitMire+1","Slimebound:AcidTongue+1","Slimebound:LeadByExample","Slimebound:MegaLick+1","Slimebound:LivingWall","Slimebound:RallyTheTroops","Slimebound:MegaLick+1"],"relics":["downfall:HeartBlessingBlue","Old Coin","Ice Cream","m_BurningSludge","Replay:Arrowhead","Medical Kit","Quantum Egg","Velvet Choker","downfall:HeartBlessingGreen","Replay:Baseball","Peace Pipe","Bottled Lightning","Cursed Key","Chemical X","Oddly Smooth Stone","Lizard Tail","downfall:HeartBlessingRed","Replay:Towering Pillar of Hats","Mummified Hand","Blue Doll"],"acts_visited":["Exordium","TheCity","TheBeyond","TheEnding"],"potions_floor_usage":[9,12,15,22,22,26,31,39,48,48,50,55],"damage_taken":[{"damage":0,"enemies":"2 Louse","floor":2,"turns":3},{"damage":1,"enemies":"Jaw Worm","floor":4,"turns":4},{"damage":14,"enemies":"3 Sentries","floor":9,"turns":10},{"damage":0,"enemies":"Small Slimes","floor":10,"turns":4},{"damage":41,"enemies":"Gremlin Nob","floor":12,"turns":6},{"damage":3,"enemies":"Exordium Wildlife","floor":13,"turns":4},{"damage":0,"enemies":"downfall:FleeingMerchant","floor":14,"turns":4},{"damage":0,"enemies":"Lots of Slimes","floor":15,"turns":2},{"damage":15,"enemies":"IC_STATUS_ARCHETYPE","floor":16,"turns":7},{"damage":12,"enemies":"Shell Parasite","floor":19,"turns":4},{"damage":0,"enemies":"3 Byrds","floor":20,"turns":4},{"damage":0,"enemies":"3 Cultists","floor":21,"turns":2},{"damage":0,"enemies":"Snake Plant","floor":22,"turns":2},{"damage":5,"enemies":"downfall:FleeingMerchant","floor":25,"turns":4},{"damage":25,"enemies":"Gremlin Leader","floor":26,"turns":5},{"damage":22,"enemies":"Centurion and Healer","floor":28,"turns":4},{"damage":5,"enemies":"Chosen and Byrds","floor":29,"turns":5},{"damage":44,"enemies":"Slavers","floor":31,"turns":5},{"damage":1,"enemies":"Cultist and Chosen","floor":32,"turns":5},{"damage":56,"enemies":"WA_ARCHETYPE_CALM","floor":33,"turns":7},{"damage":6,"enemies":"downfall:FleeingMerchant","floor":36,"turns":4},{"damage":27,"enemies":"3 Shapes","floor":38,"turns":4},{"damage":61,"enemies":"2 Orb Walkers","floor":39,"turns":5},{"damage":6,"enemies":"Orb Walker","floor":44,"turns":2},{"damage":21,"enemies":"Jaw Worm Horde","floor":46,"turns":4},{"damage":23,"enemies":"Transient","floor":48,"turns":5},{"damage":5,"enemies":"Maw","floor":49,"turns":5},{"damage":108,"enemies":"DF_ARCHETYPE_ORBS","floor":50,"turns":7},{"damage":90,"enemies":"downfall:CharBossMerchant","floor":52,"turns":7},{"damage":51,"enemies":"downfall:NeowBoss","floor":55,"turns":11},{"damage":50,"enemies":"downfall:NeowBossFinal","floor":56,"turns":3}],"seed_played":"-1937018692728162281","potions_obtained":[{"floor":4,"key":"Regen Potion"},{"floor":10,"key":"BlessingOfTheForge"},{"floor":13,"key":"Explosive Potion"},{"floor":19,"key":"AttackPotion"},{"floor":20,"key":"EssenceOfSteel"},{"floor":21,"key":"Fire Potion"},{"floor":28,"key":"bronze:BurnAndBuffPotion"},{"floor":29,"key":"Slimebound:SlimedPotion"},{"floor":43,"key":"AttackPotion"},{"floor":44,"key":"Slimebound:SlimedPotion"},{"floor":46,"key":"LifebloodPotion"}],"is_trial":false,"path_per_floor":["R","M","?","M","T","R","T","R","?","M","?","E","M","$","M","B",null,"R","M","M","M","M","R","T","$","E","R","M","M","?","E","M","B",null,"R","$","?","M","?","R","T","$","?","M","$","M","?","M","M","B",null,"E","$","R","B","B"],"character_chosen":"SLIMEBOUND","items_purchased":["Medical Kit","Slimebound:LeadByExample","Slimebound:RainOfGoop","Quantum Egg","Slimebound:SplitMire+1","Chemical X","Oddly Smooth Stone","Slimebound:OozeBath","Slimebound:Replication","Slimebound:AcidTongue","Slimebound:MegaLick","PowerPotion"],"campfire_rested":0,"item_purchase_floors":[14,14,14,14,25,36,36,36,42,45,47,53],"current_hp_per_floor":[65,65,65,65,65,75,75,75,75,75,75,40,43,49,51,42,75,75,69,75,75,75,75,75,75,75,75,66,73,65,59,64,36,75,75,75,75,75,32,32,32,32,32,45,45,75,75,73,75,38,75,24,24,24,50,0,0,0],"gold":34,"neow_bonus":"THREE_CARDS","is_daily":false,"chose_seed":false,"campfire_upgraded":13,"win_rate":0.0,"timestamp":1612930473,"path_taken":["R","M","?","M","?","R","T","R","?","M","?","E","?","$","M","BOSS","R","M","M","M","M","R","T","$","E","R","M","?","?","E","M","BOSS","R","$","?","M","?","R","T","?","?","M","$","?","?","M","M","BOSS","E","$","R","BOSS","BOSS"],"items_purchased_type":["Relic","Card","Card","Relic","Card","Relic","Relic","Card","Card","Card","Card","Potion"],"build_version":"2020-12-22","purchased_purges":1,"victory":false,"max_hp_per_floor":[65,65,65,65,65,75,75,75,75,75,75,75,75,75,75,75,75,75,75,75,75,75,75,75,75,75,75,75,75,75,75,75,75,75,75,75,75,75,75,75,75,75,75,75,75,75,75,75,75,75,75,75,75,75,75,75,75,75],"card_choices":[{"not_picked":["Slimebound:Nibble","Slimebound:ViciousTackle"],"picked":"Slimebound:SplitLeeching","floor":0},{"not_picked":["Slimebound:SlimeSpikes","Slimebound:SamplingLick"],"picked":"Slimebound:LeechEnergy","floor":2},{"not_picked":["Slimebound:RejuvenatingLick","Slimebound:Replication"],"picked":"Slimebound:SplitLeeching","floor":4},{"not_picked":["Slimebound:Nibble","Slimebound:SlimeSpikes"],"picked":"Slimebound:AcidTongue","floor":9},{"not_picked":["Slimebound:SlimeSpikes","Slimebound:LeechEnergy"],"picked":"Slimebound:MegaLick","floor":10},{"not_picked":["Slimebound:SlimeBrawl","Slimebound:PressTheAttack"],"picked":"Slimebound:OozeBath","floor":12},{"not_picked":["Slimebound:Nibble","Slimebound:SplitLeeching"],"picked":"Whirlwind","floor":13},{"not_picked":["Slimebound:SlimeSpikes","Slimebound:TongueLash","Blood for Blood"],"picked":"SKIP","floor":14},{"not_picked":["Twin Strike","Slimebound:RainOfGoop"],"picked":"Slimebound:AcidTongue","floor":15},{"not_picked":["Slimebound:SelfFormingGoo","Slimebound:OneTwoCombo"],"picked":"Slimebound:LeechLife","floor":16},{"not_picked":["Slimebound:PressTheAttack+1","Slimebound:SplitLeeching+1"],"picked":"Slimebound:SamplingLick","floor":19},{"not_picked":["Slimebound:Grow","Slimebound:SplitAcid"],"picked":"Slimebound:SamplingLick","floor":20},{"not_picked":["Slimebound:SplitAcid","Slimebound:Schlurp"],"picked":"Slimebound:SplitMire","floor":21},{"not_picked":["Slimebound:SplitMire","Slimebound:SplitLeeching"],"picked":"Slimebound:LeechEnergy+1","floor":22},{"not_picked":["Slimebound:LivingWall","Slimebound:SpikyOuterGoop"],"picked":"Slimebound:MinionMaster","floor":25},{"not_picked":["Slimebound:SplitBruiser","Slimebound:FlameTackle"],"picked":"Slimebound:AcidTongue+1","floor":26},{"not_picked":["Slimebound:SamplingLick","Slimebound:HauntingLick"],"picked":"Slimebound:Schlurp+1","floor":28},{"not_picked":["Slimebound:LeechingTouch","Slimebound:LeechEnergy","Slimebound:SplitLeeching"],"picked":"SKIP","floor":29},{"not_picked":["Slimebound:ProtectTheBoss","Slimebound:FinishingTackle"],"picked":"Slimebound:ForwardTackle","floor":31},{"not_picked":["Slimebound:ProtectTheBoss","Slimebound:Overexert"],"picked":"Slimebound:GoopSpray","floor":32},{"not_picked":["Slimebound:WasteNot","Slimebound:CheckThePlaybook"],"picked":"Slimebound:DuplicatedForm","floor":33},{"not_picked":["Slimebound:SplitLeeching+1","Slimebound:RainOfGoop"],"picked":"Slimebound:Equalize+1","floor":36},{"not_picked":["Slimebound:Nibble","Slimebound:FinishingTackle","Slimebound:ComboTackle+1"],"picked":"SKIP","floor":38},{"not_picked":["Slimebound:ItLooksTasty","Slimebound:FinishingTackle+1"],"picked":"Slimebound:Prepare","floor":39},{"not_picked":["Slimebound:Repurpose+1","Slimebound:ForwardTackle+1"],"picked":"Slimebound:LivingWall+1","floor":43},{"not_picked":["Slimebound:ComboTackle+1","Slimebound:SplitLeeching"],"picked":"Slimebound:SplitMire+1","floor":44},{"not_picked":["Slimebound:SplitLeeching","Slimebound:SelfFormingGoo"],"picked":"Slimebound:LeadByExample","floor":46},{"not_picked":["Slimebound:SplitLeeching","Slimebound:RollThrough"],"picked":"Slimebound:LivingWall","floor":48},{"not_picked":["Slimebound:RollThrough","Slimebound:ComboTackle"],"picked":"Slimebound:RallyTheTroops","floor":49},{"not_picked":["Slimebound:SlimeBrawl","Slimebound:SplitMire"],"picked":"Slimebound:MegaLick+1","floor":52}],"player_experience":385000,"relics_obtained":[{"floor":7,"key":"Old Coin"},{"floor":12,"key":"Replay:Arrowhead"},{"floor":24,"key":"Replay:Baseball"},{"floor":26,"key":"Peace Pipe"},{"floor":31,"key":"Bottled Lightning"},{"floor":39,"key":"Lizard Tail"},{"floor":41,"key":"Replay:Towering Pillar of Hats"},{"floor":43,"key":"Mummified Hand"},{"floor":52,"key":"Blue Doll"}],"event_choices":[{"cards_removed":["Slimebound:Defend_Slimebound"],"damage_healed":0,"gold_gain":0,"player_choice":"Removed Skill","damage_taken":0,"max_hp_gain":0,"max_hp_loss":0,"event_name":"Falling","floor":37,"gold_loss":0},{"damage_healed":0,"gold_gain":0,"player_choice":"Fight","damage_taken":0,"max_hp_gain":0,"max_hp_loss":0,"event_name":"Mysterious Sphere","floor":39,"gold_loss":0}],"is_beta":false,"boss_relics":[{"not_picked":["Honey Jar","Kintsugi"],"picked":"Velvet Choker"},{"not_picked":["Busted Crown","Runic Dome"],"picked":"Cursed Key"}],"items_purged_floors":[14],"is_endless":false,"potions_floor_spawned":[4,10,13,19,20,21,28,29,44,46],"killed_by":"downfall:NeowBossFinal","ascension_level":0}}