{"host":"og21o26alpnbwmz8","time":1612990094,"event":{"mods":["100% Spire Juice","Act Like it!","Aspiration","BaseMod","Conspire","Downfall","Gensokyo","Halation","Hubris","Jedi Mod","Mimic Mod","Minty Spire (QoL Compilation)","Pale of the Ancients","Reliquary","Replay The Spire","Robot Space Explorer","Shop Mod","Spikes Relics","StSLib","The Alterego","The Blue Laboratory","The Marked","Waifu the Spire"],"gold_per_floor":[118,13,13,13,13,13,28,39,69,69,83,103,118,133,13,118,118,141,141,141,141,157,177,178,178],"floor_reached":24,"language":"ENG","playtime":739,"items_purged":[],"score":242,"play_id":"8c885841-8128-4c7f-b2d1-f9d22456a3d4","local_time":"20210210154814","is_ascension_mode":false,"campfire_choices":[{"data":"Moonworks:EvilSpyWorkPreparation","floor":6,"key":"SMITH"},{"data":"Moonworks:EvilSpyWorkPreparation","floor":10,"key":"SMITH"},{"data":"Moonworks:EvilSpyWorkPreparation","floor":15,"key":"SMITH"}],"circlet_count":0,"master_deck":["Moonworks:Strike","Moonworks:Defend","Moonworks:Defend","Moonworks:Defend","Moonworks:Defend","Moonworks:Ambush","Moonworks:LongDistanceShot","Moonworks:EvilSpyWorkPreparation+1","Moonworks:WindyEnchantment","Moonworks:FullSpeedAlicianrone","Moonworks:EvilSpyWorkPreparation+1","Moonworks:PlushieMaster","Moonworks:EvilSpyWorkPreparation+1","Moonworks:StarBlastingFuse"],"relics":["Moonworks:BrokenBomb","Moonworks:Homemark","NeowsBlessing","halation:IllGainedPizza","reliquary:Ember","Iron Hammer"],"acts_visited":["Exordium","Gensokyo:Gensokyo"],"potions_floor_usage":[],"damage_taken":[{"damage":0,"enemies":"Gensokyo:Gryphon","floor":1,"turns":1},{"damage":0,"enemies":"Gensokyo:2_Kodama","floor":2,"turns":1},{"damage":0,"enemies":"Gensokyo:Python","floor":7,"turns":1},{"damage":5,"enemies":"Gensokyo:VengefulSpirit","floor":8,"turns":5},{"damage":0,"enemies":"Gensokyo:Kitsune","floor":9,"turns":4},{"damage":0,"enemies":"Gensokyo:Kitsune","floor":11,"turns":3},{"damage":5,"enemies":"Gensokyo:2_Rabbits","floor":12,"turns":3},{"damage":14,"enemies":"Gensokyo:5_Fairies","floor":13,"turns":4},{"damage":2,"enemies":"Gensokyo:3_Kodama","floor":14,"turns":2},{"damage":0,"enemies":"Gensokyo:Yukari","floor":16,"turns":7},{"damage":7,"enemies":"Gensokyo:AngelMirror","floor":18,"turns":2},{"damage":2,"enemies":"Gensokyo:Chomper","floor":22,"turns":3},{"damage":33,"enemies":"Gensokyo:Wraith","floor":23,"turns":5},{"damage":24,"enemies":"conspire:MimicChest","floor":24,"turns":2}],"seed_played":"7333993647095996997","potions_obtained":[{"floor":11,"key":"BlessingOfTheForge"},{"floor":12,"key":"blueLaboratory:BottleOfRum"},{"floor":22,"key":"blueLaboratory:FruitPunch"}],"is_trial":false,"path_per_floor":["M","M","?","?","T","R","M","M","MIM","R","M","M","M","M","R","B",null,"M","?","PTL","PTL","M","M","?"],"character_chosen":"THE_STARBREAKER","items_purchased":[],"campfire_rested":0,"item_purchase_floors":[],"current_hp_per_floor":[60,60,36,36,36,36,36,31,31,31,31,26,12,10,10,10,60,53,53,53,53,51,18,0,0],"gold":178,"neow_bonus":"THREE_ENEMY_KILL","is_daily":false,"chose_seed":false,"campfire_upgraded":3,"win_rate":0.0,"timestamp":1612990094,"path_taken":["M","M","?","?","?","R","M","M","MIM","R","M","M","?","M","R","BOSS","M","?","PTL","PTL","?","M","?"],"items_purchased_type":[],"build_version":"2020-12-22","purchased_purges":0,"victory":false,"max_hp_per_floor":[60,60,60,60,60,60,60,60,60,60,60,60,60,60,60,60,60,60,60,60,60,60,60,60,60],"card_choices":[{"not_picked":["Moonworks:SakisCookie","Moonworks:x16BigRocket"],"picked":"Moonworks:EvilSpyWorkPreparation","floor":1},{"not_picked":["Moonworks:ExtendedPhotonRifle","Moonworks:Flamethrower"],"picked":"Moonworks:WindyEnchantment","floor":2},{"not_picked":["Moonworks:x16BigRocket","Moonworks:CloudOfSeagulls"],"picked":"Moonworks:FullSpeedAlicianrone","floor":7},{"not_picked":["Moonworks:LulusLuckyEgg","Moonworks:BigMagnum"],"picked":"Moonworks:EvilSpyWorkPreparation","floor":8},{"not_picked":["Moonworks:IntelligenceOfficer","Moonworks:JonathanRush"],"picked":"Moonworks:PlushieMaster","floor":11},{"not_picked":["Moonworks:ImOnFire","Moonworks:DeployBits","Moonworks:IntelligenceOfficer"],"picked":"SKIP","floor":12},{"not_picked":["Moonworks:ImmovableObject","Moonworks:LulusLuckyEgg","Moonworks:ForcedRevival"],"picked":"SKIP","floor":13},{"not_picked":["Moonworks:BigMagnum","Moonworks:ForcedRevival"],"picked":"Moonworks:EvilSpyWorkPreparation","floor":14},{"not_picked":["Moonworks:Blazing","Moonworks:SinkOrSwim"],"picked":"Moonworks:StarBlastingFuse","floor":16},{"not_picked":["Moonworks:LulusLuckyEgg","Moonworks:CloudOfSeagulls","Moonworks:JonathanRush"],"picked":"SKIP","floor":18},{"not_picked":["Moonworks:CloudOfSeagulls+1","Moonworks:MixPhenomenon","Moonworks:JonathanRush"],"picked":"SKIP","floor":22},{"not_picked":["Moonworks:LulusLuckyEgg+1","Moonworks:BigMagnum","Moonworks:Assault"],"picked":"SKIP","floor":23}],"player_experience":249500,"relics_obtained":[{"floor":9,"key":"halation:IllGainedPizza"}],"event_choices":[],"is_beta":false,"boss_relics":[{"not_picked":["Replay:Ancient Bell","halation:Yufonium"],"picked":"reliquary:Ember"}],"items_purged_floors":[],"is_endless":false,"potions_floor_spawned":[11,12,13,22],"killed_by":"conspire:MimicChest","ascension_level":0}}