{"host":"1mv6gj0zv8k9e9tz","time":1612977926,"event":{"mods":["AchievementEnabler","BaseMod","Better Third Choice","Colored Map","DeckTracker","Highlight Path","KOR Keyword Fix","Keyboard Shortcuts","Minty Spire (QoL Compilation)","Permanent Neow","Quick Restart","Rare Cards Sparkle","StSLib","SuperFastMode","everything is the same but u backflip on backflip"],"gold_per_floor":[16,29,29,29,29,29,49,73,73,88,88,106,106,120,120,210,210,235,235,235,248,273,273,273],"floor_reached":23,"language":"KOR","playtime":499,"items_purged":[],"score":352,"play_id":"06472c0d-0f21-4e4c-9e7d-b8b6a64db875","local_time":"20210211022526","is_ascension_mode":true,"campfire_choices":[{"data":"Zap","floor":6.0,"key":"SMITH"},{"floor":11.0,"key":"REST"},{"data":"Double Energy","floor":13.0,"key":"SMITH"},{"data":"Consume","floor":15.0,"key":"SMITH"}],"circlet_count":0,"master_deck":["AscendersBane","Strike_B","Strike_B","Strike_B","Strike_B","Defend_B","Defend_B","Defend_B","Defend_B","Zap+1","Dualcast","Seek","Capacitor","Hologram","Ball Lightning","Consume+1","Conserve Battery","Double Energy+1","Coolheaded","Electrodynamics","Defragment"],"relics":["Cracked Core","Golden Idol","Runic Pyramid","Toxic Egg 2"],"acts_visited":["TheCity"],"potions_floor_usage":[22,23],"damage_taken":[{"damage":9.0,"enemies":"Jaw Worm","floor":1.0,"turns":3.0},{"damage":1.0,"enemies":"Cultist","floor":2.0,"turns":3.0},{"damage":7.0,"enemies":"Small Slimes","floor":7.0,"turns":3.0},{"damage":13.0,"enemies":"Blue Slaver","floor":8.0,"turns":3.0},{"damage":4.0,"enemies":"Looter","floor":10.0,"turns":3.0},{"damage":2.0,"enemies":"3 Louse","floor":12.0,"turns":3.0},{"damage":5.0,"enemies":"Red Slaver","floor":14.0,"turns":3.0},{"damage":2.0,"enemies":"The Guardian","floor":16.0,"turns":8.0},{"damage":0.0,"enemies":"Chosen","floor":18.0,"turns":3.0},{"damage":1,"enemies":"Spheric Guardian","floor":21,"turns":4},{"damage":35,"enemies":"Shelled Parasite and Fungi","floor":22,"turns":4},{"damage":25,"enemies":"Book of Stabbing","floor":23,"turns":2}],"seed_played":"8644685859875843442","potions_obtained":[{"floor":1.0,"key":"SpeedPotion"},{"floor":2.0,"key":"Fire Potion"},{"floor":5.0,"key":"PowerPotion"},{"floor":14.0,"key":"FearPotion"},{"floor":18.0,"key":"Swift Potion"}],"is_trial":false,"path_per_floor":["M","M","?","$","?","R","M","M","T","M","R","M","R","M","R","B",null,"M","?","?","M","M","E"],"character_chosen":"DEFECT","items_purchased":[],"campfire_rested":1,"item_purchase_floors":[],"current_hp_per_floor":[55,54,30,30,30,30,23,10,10,6,27,25,25,20,20,18,58,58,58,58,57,22,0,0],"gold":273,"neow_bonus":"THREE_RARE_CARDS","is_daily":false,"chose_seed":false,"campfire_upgraded":3,"win_rate":0.0,"timestamp":1612977926,"path_taken":["M","M","?","$","?","R","M","?","T","M","R","M","R","M","R","BOSS","M","?","?","M","M","E"],"items_purchased_type":[],"build_version":"2020-12-22","purchased_purges":0,"victory":false,"max_hp_per_floor":[71,71,71,71,71,71,71,71,71,71,71,71,71,71,71,71,71,71,71,71,71,71,71,71],"card_choices":[{"not_picked":["Reboot","Rainbow"],"picked":"Seek","floor":0.0},{"not_picked":["Static Discharge","Turbo"],"picked":"Capacitor","floor":1.0},{"not_picked":["Rip and Tear","Darkness"],"picked":"Hologram","floor":2.0},{"not_picked":["Steam","Heatsinks"],"picked":"Ball Lightning","floor":7.0},{"not_picked":["Reprogram","Redo"],"picked":"Consume","floor":8.0},{"not_picked":["Compile Driver","Loop"],"picked":"Conserve Battery","floor":10.0},{"not_picked":["Blizzard","Redo"],"picked":"Double Energy","floor":12.0},{"not_picked":["Leap","Go for the Eyes"],"picked":"Coolheaded","floor":14.0},{"not_picked":["Seek","Multi-Cast"],"picked":"Electrodynamics","floor":16.0},{"not_picked":["Steam","Barrage","Gash"],"picked":"SKIP","floor":18.0},{"not_picked":["Barrage","Sweeping Beam","Beam Cell"],"picked":"SKIP","floor":21},{"not_picked":["Turbo+1","FTL"],"picked":"Defragment","floor":22}],"player_experience":638582,"relics_obtained":[],"event_choices":[{"damage_healed":0.0,"max_hp_gain":0.0,"max_hp_loss":0.0,"gold_gain":0.0,"event_name":"Golden Idol","player_choice":"Take Damage","floor":3.0,"gold_loss":0.0,"damage_taken":24.0,"relics_obtained":["Golden Idol"]},{"damage_healed":0.0,"max_hp_gain":0.0,"max_hp_loss":0.0,"gold_gain":0.0,"event_name":"Lab","player_choice":"Got Potions","floor":5.0,"gold_loss":0.0,"damage_taken":0.0},{"damage_healed":0.0,"max_hp_gain":0.0,"max_hp_loss":0.0,"gold_gain":0.0,"event_name":"The Mausoleum","player_choice":"Opened","floor":19.0,"gold_loss":0.0,"damage_taken":0.0,"relics_obtained":["Toxic Egg 2"],"cards_obtained":["Writhe"]},{"cards_removed":["Writhe"],"damage_healed":0.0,"max_hp_gain":0.0,"max_hp_loss":0.0,"gold_gain":0.0,"event_name":"Purifier","player_choice":"Purged","floor":20.0,"gold_loss":0.0,"damage_taken":0.0}],"is_beta":false,"boss_relics":[{"not_picked":["Ectoplasm","Cursed Key"],"picked":"Runic Pyramid"}],"items_purged_floors":[],"is_endless":false,"potions_floor_spawned":[1,2,14,18,21],"killed_by":"Book of Stabbing","ascension_level":18}}