{"host":"pgqkv8mh62pnrbci","time":1612958435,"event":{"mods":["2.2 Compatiblity","AchievementEnabler","BaseMod","Custom Start","DeckTracker","Hermit","Minty Spire (QoL Compilation)","StSLib","SuperFastMode","¡¼?Úª?ø«¡½REMEMod"],"gold_per_floor":[112,112,126,126,33,33,47,47,120,146,146,164,164,190,190,291,291,310,75,75,89,188,188,198,473,473,506,406,406,5,23,23,125,125,141,156,201,201,214,214,230,230,230,230,230,248,8,25,25,25],"floor_reached":51,"language":"KOR","playtime":2995,"items_purged":["hermit:Strike_Hermit","hermit:Strike_Hermit"],"score":1003,"play_id":"ca2791b2-248a-414e-a5d8-fda5b302ec7a","local_time":"20210210210035","is_ascension_mode":true,"campfire_choices":[{"data":"hermit:Covet","floor":6.0,"key":"SMITH"},{"data":"hermit:Combo","floor":11.0,"key":"SMITH"},{"data":"hermit:CalledShot","floor":13.0,"key":"SMITH"},{"data":"REME_Flogging","floor":15.0,"key":"SMITH"},{"data":"hermit:TakeAim","floor":23.0,"key":"SMITH"},{"data":"Enlightenment","floor":29.0,"key":"SMITH"},{"data":"hermit:Dissolve","floor":32.0,"key":"SMITH"},{"data":"hermit:Vantage","floor":40.0,"key":"SMITH"},{"data":"hermit:Gambit","floor":42.0,"key":"SMITH"},{"data":"hermit:Snipe","floor":44.0,"key":"SMITH"},{"data":"hermit:Dissolve","floor":49,"key":"SMITH"}],"circlet_count":0,"master_deck":["hermit:Strike_Hermit","hermit:Defend_Hermit","hermit:Defend_Hermit","hermit:Defend_Hermit","hermit:Snapshot","hermit:Covet+1","Decay","REME_Flogging+1","hermit:Snipe+1","Echo Form","hermit:Gestalt","hermit:PistolWhip","hermit:Deadeye","hermit:Ricochet","hermit:Combo+1","Regret","hermit:BigShot","hermit:CalledShot+1","hermit:Roughhouse","hermit:Vantage+1","Enlightenment+1","hermit:TakeAim+1","Writhe","hermit:Enervate","Regret","hermit:Dissolve+1","hermit:Coalescence","hermit:Dissolve+1","hermit:Enervate","hermit:GhostlyPresence+1","hermit:Gambit+1","Writhe","hermit:CalledShot+1","hermit:EyeOfTheStorm"],"relics":["hermit:ClaspedLocket","REME_ComplimentaryCards","Meat on the Bone","Regal Pillow","hermit:Horseshoe","Boot","Matryoshka","Dream Catcher","Pen Nib","Toy Ornithopter","Orichalcum","Eternal Feather","hermit:BartenderGlass","Darkstone Periapt","Potion Belt","Bag of Marbles"],"acts_visited":["Exordium","TheCity","TheBeyond"],"potions_floor_usage":[48,50,50,50,50,50,50],"damage_taken":[{"damage":7.0,"enemies":"Small Slimes","floor":1.0,"turns":2.0},{"damage":0.0,"enemies":"Jaw Worm","floor":3.0,"turns":2.0},{"damage":0.0,"enemies":"2 Louse","floor":7.0,"turns":2.0},{"damage":15.0,"enemies":"Lagavulin","floor":10.0,"turns":5.0},{"damage":12.0,"enemies":"Exordium Wildlife","floor":12.0,"turns":4.0},{"damage":1.0,"enemies":"Gremlin Nob","floor":14.0,"turns":3.0},{"damage":0.0,"enemies":"Slime Boss","floor":16.0,"turns":5.0},{"damage":7.0,"enemies":"Chosen","floor":18.0,"turns":3.0},{"damage":0.0,"enemies":"3 Byrds","floor":21.0,"turns":3.0},{"damage":32.0,"enemies":"3 Cultists","floor":24.0,"turns":5.0},{"damage":35.0,"enemies":"REME_1_Revenger","floor":27.0,"turns":5.0},{"damage":12.0,"enemies":"Shelled Parasite and Fungi","floor":31.0,"turns":4.0},{"damage":22.0,"enemies":"Automaton","floor":33.0,"turns":9.0},{"damage":23.0,"enemies":"3 Darklings","floor":35.0,"turns":7.0},{"damage":1.0,"enemies":"Orb Walker","floor":36.0,"turns":3.0},{"damage":7.0,"enemies":"Spire Growth","floor":37.0,"turns":4.0},{"damage":63.0,"enemies":"Transient","floor":39.0,"turns":5.0},{"damage":39.0,"enemies":"Sphere and 2 Shapes","floor":41.0,"turns":6.0},{"damage":41.0,"enemies":"3 Darklings","floor":46.0,"turns":4.0},{"damage":1,"enemies":"Transient","floor":48,"turns":5},{"damage":35,"enemies":"Awakened One","floor":50,"turns":9}],"seed_played":"-2007963043717077152","potions_obtained":[{"floor":1.0,"key":"CultistPotion"},{"floor":10.0,"key":"BlessingOfTheForge"},{"floor":12.0,"key":"Ancient Potion"},{"floor":18.0,"key":"Explosive Potion"},{"floor":21.0,"key":"FearPotion"},{"floor":24.0,"key":"Explosive Potion"},{"floor":35.0,"key":"EssenceOfSteel"},{"floor":41.0,"key":"Strength Potion"},{"floor":46,"key":"Swift Potion"},{"floor":48,"key":"Strength Potion"}],"is_trial":false,"path_per_floor":["M","?","M","?","$","R","M","?","T","E","R","M","R","E","R","B",null,"M","$","?","M","?","R","M","?","T","E","$","R","$","M","R","B",null,"M","M","M","?","M","R","M","R","T","R","?","M","$","M","R","B",null],"character_chosen":"HERMIT","items_purchased":["hermit:Deadeye","hermit:Ricochet","Enlightenment","hermit:TakeAim","hermit:Dissolve","Eternal Feather","hermit:EyeOfTheStorm","hermit:Tonic","Bag of Marbles"],"campfire_rested":0,"item_purchase_floors":[5,5,19,19,30,30,47,47,47],"current_hp_per_floor":[61,49,49,49,49,49,49,49,49,46,46,46,46,45,45,45,68,61,61,61,62,62,62,44,44,44,29,29,29,29,31,46,44,67,48,58,61,61,23,41,41,59,59,75,81,41,41,48,66,65],"gold":25,"neow_bonus":"RANDOM_COLORLESS_2","is_daily":false,"chose_seed":false,"campfire_upgraded":11,"win_rate":0.0,"timestamp":1612958435,"path_taken":["M","?","M","?","?","R","M","?","T","E","R","M","R","E","R","BOSS","M","$","?","M","?","R","?","?","T","E","?","R","$","M","R","BOSS","M","M","M","?","M","R","M","R","T","R","?","M","$","M","R","BOSS"],"items_purchased_type":["Card","Card","Card","Card","Card","Relic","Card","Potion","Relic"],"build_version":"2020-12-22","purchased_purges":2,"victory":true,"max_hp_per_floor":[75,75,75,75,75,75,75,75,75,75,75,75,75,75,75,75,75,75,75,75,75,75,75,75,75,75,75,75,75,75,75,75,75,75,75,75,75,75,75,75,75,75,75,75,81,81,81,81,81,81],"card_choices":[{"not_picked":["Master of Strategy","REME_EyeOfCthun"],"picked":"REME_Flogging","floor":0.0},{"not_picked":["hermit:Feint","hermit:Spite"],"picked":"hermit:Snipe","floor":1.0},{"not_picked":["hermit:Snipe","hermit:Feint"],"picked":"hermit:Gestalt","floor":3.0},{"not_picked":["hermit:Brawl","hermit:Ricochet"],"picked":"hermit:Combo","floor":7.0},{"not_picked":["hermit:SprayPray","hermit:ItchyTrigger"],"picked":"hermit:BigShot","floor":10.0},{"not_picked":["hermit:Misfire","hermit:CursedWeapon"],"picked":"hermit:CalledShot","floor":12.0},{"not_picked":["hermit:DeadMansHand","hermit:Quickdraw","hermit:Ricochet"],"picked":"SKIP","floor":14.0},{"not_picked":["hermit:HighNoon","hermit:Purgatory"],"picked":"hermit:Roughhouse","floor":16.0},{"not_picked":["hermit:Determination+1","hermit:GoldenBullet"],"picked":"hermit:Vantage","floor":18.0},{"not_picked":["hermit:LowProfile","hermit:Ricochet","hermit:Desperado"],"picked":"SKIP","floor":21.0},{"not_picked":["hermit:Headshot","hermit:TrackingShot"],"picked":"hermit:Enervate","floor":24.0},{"not_picked":["hermit:Misfire+1","hermit:BigShot","hermit:Headshot+1"],"picked":"SKIP","floor":27.0},{"not_picked":["hermit:WideOpen","hermit:Shortfuse+1"],"picked":"hermit:Coalescence","floor":31.0},{"not_picked":["hermit:RoundhouseKick","hermit:DeadOrAlive"],"picked":"hermit:Dissolve","floor":33.0},{"not_picked":["hermit:Headshot","hermit:Showdown"],"picked":"hermit:Enervate","floor":35.0},{"not_picked":["hermit:SprayPray+1","hermit:Snipe","hermit:Dive"],"picked":"SKIP","floor":36.0},{"not_picked":["hermit:WideOpen","hermit:Snipe"],"picked":"hermit:GhostlyPresence+1","floor":37.0},{"not_picked":["hermit:BodyArmor+1","hermit:Misfire","hermit:Snipe"],"picked":"SKIP","floor":39.0},{"not_picked":["hermit:BodyArmor+1","hermit:TakeCover+1"],"picked":"hermit:Gambit","floor":41.0},{"not_picked":["hermit:WideOpen","hermit:Dive+1"],"picked":"hermit:CalledShot+1","floor":46},{"not_picked":["hermit:Desperado+1","hermit:Shortfuse","hermit:BodyArmor"],"picked":"SKIP","floor":48}],"player_experience":673574,"relics_obtained":[{"floor":9.0,"key":"hermit:Horseshoe"},{"floor":10.0,"key":"Boot"},{"floor":14.0,"key":"Matryoshka"},{"floor":26.0,"key":"Pen Nib"},{"floor":26.0,"key":"Toy Ornithopter"},{"floor":27.0,"key":"Orichalcum"},{"floor":43.0,"key":"Darkstone Periapt"},{"floor":43.0,"key":"Potion Belt"}],"event_choices":[{"damage_healed":0.0,"max_hp_gain":0.0,"max_hp_loss":0.0,"gold_gain":0.0,"event_name":"Scrap Ooze","player_choice":"Success","floor":2.0,"gold_loss":0.0,"damage_taken":12.0,"relics_obtained":["Meat on the Bone"]},{"damage_healed":0.0,"max_hp_gain":0.0,"max_hp_loss":0.0,"gold_gain":0.0,"cards_transformed":["hermit:Strike_Hermit"],"event_name":"Living Wall","player_choice":"Change","floor":4.0,"gold_loss":0.0,"damage_taken":0.0,"cards_obtained":["hermit:PistolWhip"]},{"damage_healed":0.0,"max_hp_gain":0.0,"max_hp_loss":0.0,"gold_gain":0.0,"event_name":"Big Fish","player_choice":"Box","floor":8.0,"gold_loss":0.0,"damage_taken":0.0,"relics_obtained":["Regal Pillow"],"cards_obtained":["Regret"]},{"damage_healed":0.0,"max_hp_gain":0.0,"max_hp_loss":0.0,"gold_gain":0.0,"event_name":"The Mausoleum","player_choice":"Opened","floor":20.0,"gold_loss":0.0,"damage_taken":0.0,"relics_obtained":["Dream Catcher"],"cards_obtained":["Writhe"]},{"damage_healed":0.0,"max_hp_gain":0.0,"max_hp_loss":0.0,"gold_gain":99.0,"event_name":"Nest","player_choice":"Stole From Cult","floor":22.0,"gold_loss":0.0,"damage_taken":0.0},{"damage_healed":0.0,"max_hp_gain":0.0,"max_hp_loss":0.0,"gold_gain":275.0,"event_name":"Golden Shrine","player_choice":"Desecrate","floor":25.0,"gold_loss":0.0,"damage_taken":0.0,"cards_obtained":["Regret"]},{"cards_removed":["hermit:Defend_Hermit"],"damage_healed":0.0,"max_hp_gain":0.0,"max_hp_loss":0.0,"gold_gain":0.0,"event_name":"Falling","player_choice":"Removed Skill","floor":38.0,"gold_loss":0.0,"damage_taken":0.0},{"damage_healed":19.0,"max_hp_gain":0.0,"max_hp_loss":0.0,"gold_gain":0.0,"event_name":"Winding Halls","player_choice":"Writhe","floor":45.0,"gold_loss":0.0,"damage_taken":0.0,"cards_obtained":["Writhe"]}],"is_beta":false,"boss_relics":[{"not_picked":["SacredBark","Calling Bell"],"picked":"hermit:ClaspedLocket"},{"not_picked":["Black Star","Sozu"],"picked":"hermit:BartenderGlass"}],"items_purged_floors":[19,28],"is_endless":false,"potions_floor_spawned":[1,10,12,18,21,24,35,41,46,48],"ascension_level":6}}