{"host":"hjajo0rafoe1e6c4","time":1612929455,"event":{"mods":["AchievementEnabler","BaseMod","Bestiary","Colored Map","Colored Powertips","Downfall","Highlight Path","Minty Spire (QoL Compilation)","Relic Stats","StSLib"],"gold_per_floor":[99,113,113,131,142,317,344,356,368,396,426,448,472,811,835,950,962,774,796,808,820,849,874,886,914,323,323,336,370,52,70,83,179,179,79,96,346,346,346,358,358,373,387,412,425,475,490,490,503,503,503,535,346,346,346,346,346,346],"floor_reached":56,"language":"ENG","playtime":5548,"items_purged":["Doubt"],"score":843,"play_id":"e4759a3e-e08d-44aa-be78-6a63c16296a6","local_time":"20210209225735","is_ascension_mode":true,"campfire_choices":[{"data":"Slimebound:Split","floor":1,"key":"SMITH"},{"data":"Slimebound:LivingWall","floor":9,"key":"SMITH"},{"data":"Slimebound:MassFeed","floor":18,"key":"SMITH"},{"floor":27,"key":"RECALL"},{"data":"Slimebound:MassRepurpose","floor":35,"key":"SMITH"},{"floor":54,"key":"REST"}],"circlet_count":0,"master_deck":["Slimebound:Tackle","Slimebound:Defend_Slimebound","Slimebound:Defend_Slimebound","Slimebound:Defend_Slimebound","Slimebound:Defend_Slimebound","Slimebound:Split+1","Slimebound:CorrosiveSpit","Slimebound:OneTwoCombo+1","Slimebound:Schlurp","Slimebound:Repurpose","Slimebound:LivingWall+1","Slimebound:DisruptingSlam","Slimebound:Repurpose","Slimebound:SplitMire","Slimebound:Repurpose","Slimebound:HauntingLick","Slimebound:PressTheAttack","Slimebound:MassFeed+1","Slimebound:SplitBruiser+1","Slimebound:SplitLeeching","Slimebound:SplitBruiser+1","Slimebound:LevelUp","Slimebound:Repurpose","Slimebound:SlimeBrawl+1","Slimebound:MassRepurpose+1","Slimebound:LeechEnergy+1","Slimebound:SlimeTap","Slimebound:Teamwork","Slimebound:GoopSpray+1","Slimebound:SplitAcid+1","Slimebound:LevelUp","Slimebound:SplitAcid+1","Slimebound:LeechLife","Slimebound:SplitMire","Slimebound:Prepare","Slimebound:GoopSpray+1","Slimebound:RainOfGoop+1","Slimebound:LivingWall+1","Slimebound:SlimeSpikes+1","Slimebound:SpikyOuterGoop+1","Slimebound:ForwardTackle+1","Slimebound:HauntingLick","Apotheosis"],"relics":["Slimebound:AbsorbEndCombat","MawBank","Old Coin","Black Star","downfall:HeartBlessingGreen","downfall:HeartBlessingBlue","HornCleat","PreservedInsect","Lee\u0027s Waffle","CaptainsWheel","Girya","Gremlin Horn","Omamori","Runic Pyramid","downfall:HeartBlessingRed","Calipers","Smiling Mask","Eternal Feather","Turnip","Art of War","Vajra"],"acts_visited":["Exordium","TheCity","TheBeyond","TheEnding"],"potions_floor_usage":[12,14,23,23,25,32,33,33,50,50],"damage_taken":[{"damage":0,"enemies":"Small Slimes","floor":2,"turns":3},{"damage":1,"enemies":"Cultist","floor":4,"turns":3},{"damage":1,"enemies":"Jaw Worm","floor":5,"turns":3},{"damage":1,"enemies":"Lots of Slimes","floor":10,"turns":3},{"damage":0,"enemies":"3 Louse","floor":11,"turns":3},{"damage":0,"enemies":"Exordium Wildlife","floor":12,"turns":5},{"damage":0,"enemies":"Red Slaver","floor":13,"turns":3},{"damage":12,"enemies":"3 Sentries","floor":14,"turns":7},{"damage":1,"enemies":"Blue Slaver","floor":15,"turns":3},{"damage":38,"enemies":"WA_ARCHETYPE_RETAIN","floor":16,"turns":8},{"damage":19,"enemies":"Chosen","floor":19,"turns":6},{"damage":18,"enemies":"Snake Plant","floor":22,"turns":4},{"damage":0,"enemies":"Centurion and Healer","floor":23,"turns":3},{"damage":33,"enemies":"3 Cultists","floor":25,"turns":7},{"damage":0,"enemies":"downfall:FleeingMerchant","floor":26,"turns":4},{"damage":0,"enemies":"Snake Plant","floor":28,"turns":4},{"damage":37,"enemies":"Gremlin Leader","floor":29,"turns":5},{"damage":0,"enemies":"downfall:FleeingMerchant","floor":30,"turns":4},{"damage":25,"enemies":"Centurion and Healer","floor":31,"turns":8},{"damage":0,"enemies":"Snecko","floor":32,"turns":5},{"damage":34,"enemies":"DF_ARCHETYPE_CLAW","floor":33,"turns":6},{"damage":0,"enemies":"Orb Walker","floor":36,"turns":4},{"damage":0,"enemies":"downfall:FleeingMerchant","floor":37,"turns":4},{"damage":8,"enemies":"downfall:FleeingMerchant","floor":38,"turns":2},{"damage":22,"enemies":"3 Darklings","floor":40,"turns":3},{"damage":0,"enemies":"Maw","floor":42,"turns":7},{"damage":4,"enemies":"Sphere and 2 Shapes","floor":43,"turns":4},{"damage":36,"enemies":"Giant Head","floor":44,"turns":8},{"damage":8,"enemies":"Writhing Mass","floor":45,"turns":5},{"damage":0,"enemies":"Writhing Mass","floor":46,"turns":4},{"damage":8,"enemies":"4 Shapes","floor":47,"turns":5},{"damage":0,"enemies":"Sphere and 2 Shapes","floor":49,"turns":4},{"damage":135,"enemies":"IC_BLOCK_ARCHETYPE","floor":50,"turns":13},{"damage":111,"enemies":"downfall:CharBossMerchant","floor":52,"turns":8},{"damage":87,"enemies":"downfall:NeowBoss","floor":55,"turns":20},{"damage":86,"enemies":"downfall:NeowBossFinal","floor":56,"turns":8}],"seed_played":"7394282478657803068","potions_obtained":[{"floor":2,"key":"sneckomod:MuddlingPotion"},{"floor":11,"key":"Block Potion"},{"floor":12,"key":"DistilledChaos"},{"floor":13,"key":"Guardian:BlockOnCardUsePotion"},{"floor":14,"key":"LiquidMemories"},{"floor":25,"key":"SpeedPotion"},{"floor":28,"key":"Explosive Potion"},{"floor":29,"key":"Dexterity Potion"},{"floor":31,"key":"Slimebound:SlimyTonguePotion"},{"floor":33,"key":"Regen Potion"},{"floor":36,"key":"SteroidPotion"},{"floor":40,"key":"Ancient Potion"}],"is_trial":false,"path_per_floor":["R","M","?","M","M","?","T","T","R","M","M","M","M","E","M","B",null,"R","M","?","T","M","M","T","M","$","R","M","E","$","M","M","B",null,"R","M","$","?","?","M","T","M","M","E","M","?","M","$","M","B",null,"E","$","R","B","B"],"character_chosen":"SLIMEBOUND","items_purchased":["Lee\u0027s Waffle","Slimebound:LevelUp","CaptainsWheel","Slimebound:MassRepurpose","Omamori","Slimebound:LevelUp","Apotheosis"],"campfire_rested":1,"item_purchase_floors":[26,26,26,30,30,37,53],"current_hp_per_floor":[65,65,65,65,65,65,65,65,65,65,65,65,65,59,64,34,65,75,61,61,61,45,57,57,36,90,90,94,61,69,60,62,36,102,102,102,102,96,96,82,82,110,116,88,92,100,108,108,124,32,138,34,34,99,54,0,0,0],"gold":346,"neow_bonus":"ONE_RANDOM_RARE_CARD","is_daily":false,"chose_seed":false,"campfire_upgraded":4,"win_rate":0.0,"timestamp":1612929455,"path_taken":["R","M","?","M","?","?","T","?","R","M","M","?","M","E","M","BOSS","R","M","?","?","?","M","T","M","$","R","M","E","$","M","M","BOSS","R","M","?","?","?","?","T","M","M","E","M","?","M","$","M","BOSS","E","$","R","BOSS","BOSS"],"items_purchased_type":["Relic","Card","Relic","Card","Relic","Card","Card"],"build_version":"2020-12-22","purchased_purges":1,"victory":false,"max_hp_per_floor":[65,65,65,65,65,65,65,65,65,65,65,65,65,65,65,65,65,75,75,75,75,75,79,79,83,90,90,94,94,94,102,102,102,102,102,102,102,102,102,106,106,110,118,122,126,126,134,134,134,138,138,138,138,138,138,138,138,138],"relic_stats":{"Lee\u0027s Waffle":48,"Gremlin Horn":[14,16],"counters":[36,193],"Eternal Feather":24,"PreservedInsect":371,"Turnip":[17],"Black Star":3,"Art of War":[6],"MawBank":228,"Smiling Mask":0,"obtain_stats":[{"Girya":29,"Lee\u0027s Waffle":26,"Calipers":41,"Gremlin Horn":29,"downfall:HeartBlessingRed":35,"Vajra":52,"downfall:HeartBlessingGreen":18,"Eternal Feather":44,"PreservedInsect":24,"Omamori":30,"MawBank":7,"Smiling Mask":44,"Old Coin":14,"CaptainsWheel":26,"HornCleat":21,"downfall:HeartBlessingBlue":18,"Turnip":46,"Slimebound:AbsorbEndCombat":0,"Black Star":17,"Art of War":52,"Runic Pyramid":34},{"Girya":17,"Lee\u0027s Waffle":15,"Calipers":25,"Gremlin Horn":17,"downfall:HeartBlessingRed":21,"Vajra":34,"downfall:HeartBlessingGreen":10,"Eternal Feather":28,"PreservedInsect":13,"Omamori":18,"MawBank":3,"Smiling Mask":28,"Old Coin":8,"CaptainsWheel":15,"HornCleat":11,"downfall:HeartBlessingBlue":10,"Turnip":30,"Slimebound:AbsorbEndCombat":0,"Black Star":10,"Art of War":34,"Runic Pyramid":21},{"Girya":74,"Lee\u0027s Waffle":65,"Calipers":109,"Gremlin Horn":74,"downfall:HeartBlessingRed":97,"Vajra":165,"downfall:HeartBlessingGreen":41,"Eternal Feather":128,"PreservedInsect":54,"Omamori":78,"MawBank":9,"Smiling Mask":128,"Old Coin":30,"CaptainsWheel":65,"HornCleat":47,"downfall:HeartBlessingBlue":41,"Turnip":136,"Slimebound:AbsorbEndCombat":0,"Black Star":41,"Art of War":165,"Runic Pyramid":97}]},"card_choices":[{"not_picked":["Slimebound:RejuvenatingLick","Slimebound:SlimeSpikes"],"picked":"Slimebound:Schlurp","floor":2},{"not_picked":["Slimebound:LeechingTouch","Slimebound:RejuvenatingLick"],"picked":"Slimebound:Repurpose","floor":4},{"not_picked":["Slimebound:ComboTackle","Slimebound:LeechEnergy"],"picked":"Slimebound:LivingWall","floor":5},{"not_picked":["Slimebound:FinishingTackle","Slimebound:Prepare"],"picked":"Slimebound:DisruptingSlam","floor":10},{"not_picked":["Slimebound:SplitBruiser","Slimebound:TongueLash"],"picked":"Slimebound:Repurpose","floor":11},{"not_picked":["Slimebound:SplitBruiser","Slimebound:Nibble"],"picked":"Slimebound:SplitMire","floor":12},{"not_picked":["Slimebound:Prepare","Slimebound:FinishingTackle"],"picked":"Slimebound:Repurpose","floor":13},{"not_picked":["Slimebound:Grow","Slimebound:LeechingTouch"],"picked":"Slimebound:HauntingLick","floor":14},{"not_picked":["Slimebound:HauntingLick","Slimebound:SamplingLick"],"picked":"Slimebound:PressTheAttack","floor":15},{"not_picked":["Slimebound:WasteNot","Slimebound:FirmFortitude"],"picked":"Slimebound:MassFeed","floor":16},{"not_picked":["Slimebound:RollThrough","Slimebound:GoopSpray"],"picked":"Slimebound:SplitBruiser+1","floor":19},{"not_picked":["Slimebound:HauntingLick","Slimebound:RollThrough"],"picked":"Slimebound:SplitLeeching","floor":22},{"not_picked":["Slimebound:DouseInSlime","Slimebound:AcidTongue","Slimebound:ViciousTackle+1"],"picked":"SKIP","floor":23},{"not_picked":["Slimebound:FinishingTackle","Slimebound:RollThrough","Slimebound:Prepare"],"picked":"SKIP","floor":25},{"not_picked":["Slimebound:ComboTackle","Slimebound:ItLooksTasty"],"picked":"Slimebound:SplitBruiser+1","floor":26},{"not_picked":["Slimebound:ProtectTheBoss","Slimebound:RejuvenatingLick"],"picked":"Slimebound:Repurpose","floor":28},{"not_picked":["Slimebound:Nibble","Slimebound:FormOfPuddle+1"],"picked":"Slimebound:SlimeBrawl+1","floor":29},{"not_picked":["Slimebound:GoopTackle+1","Slimebound:FormOfPuddle+1","Slimebound:Grow+1"],"picked":"SKIP","floor":30},{"not_picked":["Slimebound:Nibble","Slimebound:GoopTackle"],"picked":"Slimebound:LeechEnergy+1","floor":31},{"not_picked":["Slimebound:SlimeSpikes","Slimebound:LivingWall+1"],"picked":"Slimebound:SlimeTap","floor":32},{"not_picked":["Slimebound:RallyTheTroops","Slimebound:MassRepurpose"],"picked":"Slimebound:Teamwork","floor":33},{"not_picked":["Slimebound:SplitLeeching+1","Slimebound:ComboTackle+1"],"picked":"Slimebound:GoopSpray+1","floor":36},{"not_picked":["Slimebound:LeechingTouch+1","Slimebound:Grow+1"],"picked":"Slimebound:SplitAcid+1","floor":37},{"not_picked":["Slimebound:Repurpose+1","Slimebound:DouseInSlime"],"picked":"Slimebound:SplitAcid+1","floor":38},{"not_picked":["Slimebound:RainOfGoop+1","Slimebound:TongueLash"],"picked":"Slimebound:GoopSpray+1","floor":40},{"not_picked":["Slimebound:Chomp","Slimebound:BestDefense+1"],"picked":"Slimebound:RainOfGoop+1","floor":42},{"not_picked":["Slimebound:SplitMire+1","Slimebound:ItLooksTasty+1"],"picked":"Slimebound:LivingWall+1","floor":43},{"not_picked":["Slimebound:FinishingTackle+1","Slimebound:ComboTackle"],"picked":"Slimebound:SlimeSpikes+1","floor":44},{"not_picked":["Slimebound:RejuvenatingLick+1","Slimebound:Grow","Slimebound:SplitMire"],"picked":"SKIP","floor":45},{"not_picked":["Slimebound:ItLooksTasty","Slimebound:ViciousTackle"],"picked":"Slimebound:SpikyOuterGoop+1","floor":46},{"not_picked":["Slimebound:LeechingTouch+1","Slimebound:Nibble+1","Slimebound:ItLooksTasty+1"],"picked":"SKIP","floor":47},{"not_picked":["Slimebound:MegaLick+1","Slimebound:ComboTackle+1"],"picked":"Slimebound:ForwardTackle+1","floor":49},{"not_picked":["Slimebound:HauntingLick","Slimebound:LeechLife","Slimebound:LivingWall"],"picked":"SKIP","floor":52},{"not_picked":["Slimebound:LeechLife","Slimebound:LivingWall"],"picked":"Slimebound:HauntingLick","floor":52}],"player_experience":267728,"relics_obtained":[{"floor":7,"key":"MawBank"},{"floor":14,"key":"Old Coin"},{"floor":21,"key":"HornCleat"},{"floor":24,"key":"PreservedInsect"},{"floor":29,"key":"Girya"},{"floor":29,"key":"Gremlin Horn"},{"floor":41,"key":"Calipers"},{"floor":44,"key":"Smiling Mask"},{"floor":44,"key":"Eternal Feather"},{"floor":46,"key":"Turnip"},{"floor":52,"key":"Art of War"},{"floor":52,"key":"Vajra"}],"event_choices":[],"is_beta":false,"boss_relics":[{"not_picked":["Velvet Choker","Fusion Hammer"],"picked":"Black Star"},{"not_picked":["bronze:MakeshiftBattery","Pandora\u0027s Box"],"picked":"Runic Pyramid"}],"items_purged_floors":[26],"is_endless":false,"potions_floor_spawned":[2,11,12,13,14,25,28,29,31,33,36,40,42,47],"killed_by":"downfall:NeowBossFinal","ascension_level":1}}