{"host":"tgnam0g96qraiyqx","time":1612938213,"event":{"mods":["Always Whale","Aspiration","Astrologer","Bard","Bartender","BaseMod","BetterRewards","Colored Map","Colored Powertips","Downfall","Energized Spire","HexUI Lib","Highlight Path","Hubris","Minty Spire (QoL Compilation)","Replay The Spire","Shop Mod","StSLib","The Jungle"],"gold_per_floor":[99,249,266,286,306,406,406,406,406,425,525,525,537,557,570,665,665,665,681,694,126,142,27,74,89,89,89,89],"floor_reached":27,"language":"FRA","playtime":6377,"items_purged":["downfall:Icky","astrologer:Strike"],"score":207,"play_id":"e96726d2-aba7-4417-8a81-9702d117a712","local_time":"20210210072333","is_ascension_mode":false,"campfire_choices":[{"data":"astrologer:NorthStar","floor":1,"key":"SMITH"},{"data":"astrologer:SpaceDust","floor":8,"key":"SMITH"},{"data":"astrologer:Fireball","floor":12,"key":"SMITH"},{"data":"astrologer:TheChariot","floor":18,"key":"SMITH"},{"data":"Apotheosis","floor":26,"key":"SMITH"}],"circlet_count":0,"master_deck":["astrologer:Strike","astrologer:Strike","astrologer:Strike","astrologer:Defend","astrologer:Defend","astrologer:Defend","astrologer:Defend","astrologer:NorthStar+1","astrologer:TheFool","astrologer:Moonlight","astrologer:SpaceDust+1","astrologer:Fireball+1","astrologer:StarOfMisfortune","astrologer:Opposition","astrologer:TheChariot+1","astrologer:Still","astrologer:MeteorShower+1","Apotheosis+1","astrologer:Glimpse","astrologer:SolarFlare"],"relics":["astrologer:SkyMirror","ReplayTheSpireMod:Lightbulb","Replay:Accelerometer","Toy Ornithopter","Silver_Glasses","Bottled Tornado","hubris:SlimyHat"],"acts_visited":["Exordium","TheCity"],"potions_floor_usage":[11,11,11,14,14,16],"damage_taken":[{"damage":0,"enemies":"Small Slimes","floor":3,"turns":4},{"damage":0,"enemies":"Jaw Worm","floor":4,"turns":4},{"damage":0,"enemies":"Cultist","floor":5,"turns":4},{"damage":6,"enemies":"Lots of Slimes","floor":10,"turns":7},{"damage":29,"enemies":"downfall:LadyInBlue","floor":11,"turns":12},{"damage":0,"enemies":"Blue Slaver","floor":13,"turns":3},{"damage":0,"enemies":"Exordium Thugs","floor":14,"turns":4},{"damage":1,"enemies":"Large Slime","floor":15,"turns":4},{"damage":15,"enemies":"SI_SHIV_ARCHETYPE","floor":16,"turns":10},{"damage":0,"enemies":"Spheric Guardian","floor":19,"turns":4},{"damage":43,"enemies":"3 Byrds","floor":20,"turns":8},{"damage":0,"enemies":"downfall:FleeingMerchant","floor":21,"turns":4},{"damage":0,"enemies":"Centurion and Healer","floor":22,"turns":9},{"damage":0,"enemies":"downfall:FleeingMerchant","floor":23,"turns":4},{"damage":0,"enemies":"Chosen and Byrds","floor":25,"turns":7},{"damage":23,"enemies":"3 Cultists","floor":27,"turns":8}],"seed_played":"9145102395345308368","potions_obtained":[{"floor":3,"key":"Explosive Potion"},{"floor":5,"key":"Strength Potion"},{"floor":9,"key":"downfall:CursedFountainPotion"},{"floor":11,"key":"LifebloodPotion"},{"floor":11,"key":"Venom Potion"},{"floor":11,"key":"Doom Potion"},{"floor":13,"key":"SpeedPotion"},{"floor":20,"key":"Strength Potion"}],"is_trial":false,"path_per_floor":["R","?","M","M","M","?","T","R","?","M","?","R","M","M","M","B",null,"R","M","M","$","M","$","T","M","R","M"],"character_chosen":"ASTROLOGER","items_purchased":["Apotheosis","Bottled Tornado","astrologer:Glimpse"],"campfire_rested":0,"item_purchase_floors":[21,21,21],"current_hp_per_floor":[70,70,70,70,70,70,70,70,70,64,35,35,35,45,44,34,70,70,70,27,27,27,27,27,27,27,4,4],"gold":89,"neow_bonus":"RANDOM_COMMON_RELIC","is_daily":false,"chose_seed":false,"campfire_upgraded":5,"win_rate":0.0,"timestamp":1612938213,"path_taken":["R","?","M","M","M","?","T","R","?","?","?","R","M","M","M","BOSS","R","M","M","$","M","$","T","?","R","M"],"items_purchased_type":["Card","Relic","Card"],"build_version":"2020-12-22","purchased_purges":2,"victory":false,"max_hp_per_floor":[70,70,70,70,70,70,70,70,70,70,70,70,70,70,70,70,70,70,70,70,70,70,70,70,70,70,70,70],"card_choices":[{"not_picked":["astrologer:Prismatic","astrologer:ReadTheStars"],"picked":"astrologer:Moonlight","floor":3},{"not_picked":["astrologer:TheMoon","astrologer:ReadTheStars"],"picked":"astrologer:SpaceDust","floor":4},{"not_picked":["astrologer:TheSun","astrologer:Temperance","astrologer:Conjunction"],"picked":"SKIP","floor":5},{"not_picked":["astrologer:Opposition","astrologer:Eclipse"],"picked":"astrologer:Fireball","floor":10},{"not_picked":["astrologer:MeteorShower","astrologer:ReadTheStars"],"picked":"astrologer:StarOfMisfortune","floor":13},{"not_picked":["astrologer:TheMoon","astrologer:Conjunction"],"picked":"astrologer:Opposition","floor":14},{"not_picked":["astrologer:ReadTheStars","astrologer:CometStrike","astrologer:StarOfChange"],"picked":"SKIP","floor":15},{"not_picked":["astrologer:HeatDeath","astrologer:BlackHole"],"picked":"astrologer:TheChariot","floor":16},{"not_picked":["astrologer:TheHierophant","astrologer:ReadTheStars"],"picked":"astrologer:Still","floor":19},{"not_picked":["astrologer:CrystalBall","astrologer:FadingStar","astrologer:Stardust"],"picked":"SKIP","floor":20},{"not_picked":["astrologer:Eclipse+1","astrologer:Still"],"picked":"astrologer:MeteorShower+1","floor":21},{"not_picked":["astrologer:Alignment","astrologer:CometStrike"],"picked":"astrologer:SolarFlare","floor":22},{"not_picked":["astrologer:CometStrike","astrologer:Stardust+1","astrologer:Opposition"],"picked":"SKIP","floor":23},{"not_picked":["astrologer:SpaceDust","astrologer:Still","astrologer:MeteorShower+1"],"picked":"SKIP","floor":25}],"player_experience":985647,"relics_obtained":[{"floor":7,"key":"Replay:Accelerometer"},{"floor":11,"key":"Toy Ornithopter"},{"floor":24,"key":"hubris:SlimyHat"}],"event_choices":[],"is_beta":false,"boss_relics":[{"not_picked":["Kintsugi","Runic Pyramid"],"picked":"Silver_Glasses"}],"items_purged_floors":[21,23],"is_endless":false,"potions_floor_spawned":[3,5,10,13,20],"killed_by":"3 Cultists","ascension_level":0}}