{"host":"lxu17chzujqn8whl","time":1612941177,"event":{"mods":["BaseMod","Minty Spire (QoL Compilation)","Relic Stats","StSLib"],"gold_per_floor":[12,12,22,22,197,210,210,239,239,252,270,290,305,318,318,416,416,432,452,551,561,511,127,144,144,144,171,188,188,206,206,206,303,303,323,335,335,15,26,26,39,39,39,85,96,96,0,11,11,11],"floor_reached":51,"language":"ENG","playtime":1707,"items_purged":["Doubt","Strike_G"],"score":675,"play_id":"3b225955-ac7c-4cc8-9485-2ba51fdf333b","local_time":"20210209231257","is_ascension_mode":false,"campfire_choices":[{"data":"Blade Dance","floor":7,"key":"SMITH"},{"floor":15,"key":"REST"},{"data":"Adrenaline","floor":25,"key":"SMITH"},{"floor":29,"key":"REST"},{"floor":32,"key":"REST"},{"data":"Footwork","floor":40,"key":"SMITH"},{"floor":42,"key":"REST"},{"floor":49,"key":"REST"}],"circlet_count":0,"master_deck":["Strike_G","Strike_G","Strike_G","Defend_G","Defend_G","Defend_G","Defend_G","Defend_G","Survivor","Neutralize","The Bomb","Blade Dance+1","Blade Dance+1","Leg Sweep","Dagger Spray","Footwork+1","Backflip","Die Die Die+1","Dash+1","Adrenaline+1","Slice","Slice","Finisher+1","Backstab","Die Die Die","Dodge and Roll+1","Parasite","Outmaneuver+1"],"relics":["Ring of the Snake","Lantern","Strawberry","InkBottle","WristBlade","Calipers","Pantograph","Whetstone","Busted Crown","Membership Card","Bottled Flame","Incense Burner","Ice Cream","Red Mask"],"acts_visited":["Exordium","TheCity","TheBeyond"],"potions_floor_usage":[8,11,18,27,28,33,33,44,50,50],"damage_taken":[{"damage":0,"enemies":"2 Louse","floor":1,"turns":2},{"damage":2,"enemies":"Small Slimes","floor":3,"turns":4},{"damage":3,"enemies":"Jaw Worm","floor":6,"turns":3},{"damage":8,"enemies":"Lagavulin","floor":8,"turns":5},{"damage":7,"enemies":"Large Slime","floor":10,"turns":3},{"damage":0,"enemies":"Exordium Wildlife","floor":11,"turns":3},{"damage":0,"enemies":"Red Slaver","floor":12,"turns":3},{"damage":0,"enemies":"Blue Slaver","floor":13,"turns":4},{"damage":0,"enemies":"Gremlin Gang","floor":14,"turns":4},{"damage":34,"enemies":"Slime Boss","floor":16,"turns":11},{"damage":0,"enemies":"3 Byrds","floor":18,"turns":3},{"damage":0,"enemies":"Chosen","floor":19,"turns":3},{"damage":22,"enemies":"Snake Plant","floor":21,"turns":5},{"damage":3,"enemies":"Cultist and Chosen","floor":24,"turns":3},{"damage":20,"enemies":"Book of Stabbing","floor":27,"turns":4},{"damage":0,"enemies":"Centurion and Healer","floor":28,"turns":2},{"damage":0,"enemies":"Sentry and Sphere","floor":30,"turns":3},{"damage":5,"enemies":"Champ","floor":33,"turns":9},{"damage":5,"enemies":"3 Shapes","floor":35,"turns":3},{"damage":15,"enemies":"3 Darklings","floor":36,"turns":4},{"damage":0,"enemies":"4 Shapes","floor":39,"turns":4},{"damage":26,"enemies":"Transient","floor":41,"turns":5},{"damage":17,"enemies":"2 Orb Walkers","floor":44,"turns":3},{"damage":0,"enemies":"Writhing Mass","floor":45,"turns":5},{"damage":2,"enemies":"Sphere and 2 Shapes","floor":48,"turns":4},{"damage":25,"enemies":"Time Eater","floor":50,"turns":20}],"seed_played":"2302593474429756241","potions_obtained":[{"floor":1,"key":"ColorlessPotion"},{"floor":8,"key":"Weak Potion"},{"floor":10,"key":"LiquidBronze"},{"floor":12,"key":"PowerPotion"},{"floor":18,"key":"PowerPotion"},{"floor":28,"key":"PowerPotion"},{"floor":30,"key":"ColorlessPotion"},{"floor":36,"key":"Dexterity Potion"},{"floor":39,"key":"GamblersBrew"},{"floor":44,"key":"ColorlessPotion"}],"is_trial":false,"path_per_floor":["M","?","M","?","?","M","R","E","T","M","M","M","M","M","R","B",null,"M","M","?","M","?","$","M","R","T","E","M","R","M","?","R","B",null,"M","M","?","$","M","R","M","R","T","?","M","?","?","M","R","B",null],"character_chosen":"THE_SILENT","items_purchased":["Calipers","Membership Card","Bottled Flame"],"campfire_rested":5,"item_purchase_floors":[23,38,38],"current_hp_per_floor":[70,70,68,56,56,53,53,52,52,45,45,45,45,45,68,34,77,77,77,77,55,55,55,52,52,52,32,32,55,55,55,77,72,77,72,57,57,57,57,57,31,54,54,37,37,37,37,35,58,52],"gold":11,"neow_bonus":"RANDOM_COLORLESS_2","is_daily":false,"chose_seed":false,"campfire_upgraded":3,"win_rate":0.0,"timestamp":1612941177,"path_taken":["M","?","M","?","?","M","R","E","T","M","M","?","M","M","R","BOSS","M","M","?","M","?","$","M","R","T","E","?","R","M","?","R","BOSS","M","?","?","$","M","R","M","R","T","?","M","?","?","M","R","BOSS"],"items_purchased_type":["Relic","Relic","Relic"],"build_version":"2020-12-22","purchased_purges":2,"victory":true,"max_hp_per_floor":[70,70,70,70,70,70,70,77,77,77,77,77,77,77,77,77,77,77,77,77,77,77,77,77,77,77,77,77,77,77,77,77,77,77,77,77,77,77,77,77,77,77,77,77,77,77,77,77,77,77],"relic_stats":{"Busted Crown":16,"counters":[26,122],"Pantograph":19,"Whetstone":["Die Die Die","Dash"],"obtain_stats":[{"Ice Cream":44,"Lantern":4,"Calipers":23,"Incense Burner":43,"Whetstone":27,"Bottled Flame":38,"Busted Crown":34,"WristBlade":17,"Strawberry":8,"Pantograph":26,"Red Mask":47,"Membership Card":38,"InkBottle":9,"Ring of the Snake":0},{"Ice Cream":23,"Lantern":2,"Calipers":13,"Incense Burner":22,"Whetstone":15,"Bottled Flame":20,"Busted Crown":18,"WristBlade":10,"Strawberry":4,"Pantograph":14,"Red Mask":24,"Membership Card":20,"InkBottle":4,"Ring of the Snake":0},{"Ice Cream":93,"Lantern":6,"Calipers":53,"Incense Burner":90,"Whetstone":60,"Bottled Flame":81,"Busted Crown":74,"WristBlade":42,"Strawberry":14,"Pantograph":56,"Red Mask":98,"Membership Card":81,"InkBottle":14,"Ring of the Snake":0}],"InkBottle":[56],"Ring of the Snake":[52]},"card_choices":[{"not_picked":["Transmutation","Secret Weapon"],"picked":"The Bomb","floor":0},{"not_picked":["Prepared","Riddle With Holes"],"picked":"Blade Dance","floor":1},{"not_picked":["Quick Slash","Finisher"],"picked":"Blade Dance","floor":3},{"not_picked":["Slice","Backflip"],"picked":"Leg Sweep","floor":6},{"not_picked":["Dagger Throw","Predator"],"picked":"Dagger Spray","floor":8},{"not_picked":["Backflip","Cloak And Dagger"],"picked":"Footwork","floor":10},{"not_picked":["Quick Slash","Underhanded Strike"],"picked":"Backflip","floor":11},{"not_picked":["Predator","Dagger Throw","Blade Dance"],"picked":"SKIP","floor":12},{"not_picked":["Deflect","PiercingWail"],"picked":"Die Die Die","floor":13},{"not_picked":["Dagger Spray","Dodge and Roll"],"picked":"Dash","floor":14},{"not_picked":["Die Die Die","Malaise"],"picked":"Adrenaline","floor":16},{"not_picked":["Reflex","Underhanded Strike"],"picked":"Slice","floor":18},{"not_picked":["Bane","Dagger Spray","Predator"],"picked":"SKIP","floor":19},{"not_picked":["Poisoned Stab","Noxious Fumes"],"picked":"Slice","floor":21},{"not_picked":["Flying Knee","PiercingWail"],"picked":"Finisher+1","floor":24},{"not_picked":["Backflip+1","All Out Attack+1"],"picked":"Backstab","floor":27},{"not_picked":["Bane","Deadly Poison","Leg Sweep"],"picked":"SKIP","floor":28},{"not_picked":["Deflect","PiercingWail+1","Dagger Spray"],"picked":"SKIP","floor":30},{"not_picked":["Malaise","Bullet Time"],"picked":"Die Die Die","floor":33},{"not_picked":["PiercingWail+1"],"picked":"SKIP","floor":35},{"not_picked":["Poisoned Stab+1"],"picked":"SKIP","floor":36},{"not_picked":["Deflect"],"picked":"SKIP","floor":39},{"not_picked":["Dodge and Roll"],"picked":"SKIP","floor":41},{"not_picked":[],"picked":"Dodge and Roll+1","floor":44},{"not_picked":["Storm of Steel"],"picked":"SKIP","floor":45},{"not_picked":[],"picked":"Outmaneuver+1","floor":48}],"player_experience":657918,"relics_obtained":[{"floor":8,"key":"Strawberry"},{"floor":9,"key":"InkBottle"},{"floor":26,"key":"Pantograph"},{"floor":27,"key":"Whetstone"},{"floor":43,"key":"Incense Burner"},{"floor":44,"key":"Ice Cream"}],"event_choices":[{"damage_healed":0,"gold_gain":0,"player_choice":"Grow","damage_taken":0,"max_hp_gain":0,"max_hp_loss":0,"event_name":"Living Wall","floor":2,"gold_loss":0,"cards_upgraded":["Blade Dance"]},{"damage_healed":0,"gold_gain":0,"player_choice":"Success","damage_taken":12,"relics_obtained":["Lantern"],"max_hp_gain":0,"max_hp_loss":0,"event_name":"Scrap Ooze","floor":4,"gold_loss":0},{"damage_healed":0,"gold_gain":175,"player_choice":"AGREE","damage_taken":0,"max_hp_gain":0,"max_hp_loss":0,"event_name":"Liars Game","floor":5,"gold_loss":0,"cards_obtained":["Doubt"]},{"damage_healed":0,"gold_gain":99,"player_choice":"Stole From Cult","damage_taken":0,"max_hp_gain":0,"max_hp_loss":0,"event_name":"Nest","floor":20,"gold_loss":0},{"damage_healed":0,"gold_gain":0,"player_choice":"Bet on Murderer","damage_taken":0,"max_hp_gain":0,"max_hp_loss":0,"event_name":"The Joust","floor":22,"gold_loss":50},{"damage_healed":0,"gold_gain":0,"player_choice":"0 cards matched","damage_taken":0,"max_hp_gain":0,"max_hp_loss":0,"event_name":"Match and Keep!","floor":31,"gold_loss":0,"cards_obtained":[]},{"damage_healed":0,"gold_gain":0,"player_choice":"Memory 1","damage_taken":0,"max_hp_gain":0,"max_hp_loss":0,"event_name":"SensoryStone","floor":37,"gold_loss":0},{"damage_healed":0,"gold_gain":0,"player_choice":"Fight","damage_taken":0,"max_hp_gain":0,"max_hp_loss":0,"event_name":"Mysterious Sphere","floor":44,"gold_loss":0},{"cards_removed":["Strike_G"],"damage_healed":0,"gold_gain":0,"player_choice":"Removed Attack","damage_taken":0,"max_hp_gain":0,"max_hp_loss":0,"event_name":"Falling","floor":46,"gold_loss":0},{"damage_healed":0,"gold_gain":0,"player_choice":"Paid","damage_taken":0,"relics_obtained":["Red Mask"],"max_hp_gain":0,"max_hp_loss":0,"event_name":"Tomb of Lord Red Mask","floor":47,"gold_loss":96}],"is_beta":false,"boss_relics":[{"not_picked":["Calling Bell","HoveringKite"],"picked":"WristBlade"},{"not_picked":["SacredBark","Fusion Hammer"],"picked":"Busted Crown"}],"items_purged_floors":[23,38],"is_endless":false,"potions_floor_spawned":[1,8,10,12,18,28,30,36,39,44],"ascension_level":0}}