{"host":"3c8x8j1h2jyrixpf","time":1612980613,"event":{"mods":["BaseMod","Colored Powertips","Highlight Path","Minty Spire (QoL Compilation)","StSLib"],"gold_per_floor":[119,137,16,16,28,28,53,53,53,53,53,53],"floor_reached":11,"language":"ENG","playtime":318,"items_purged":["Strike_B"],"score":103,"play_id":"4d84bb2e-47f7-4cfd-999d-86123f1f9da5","local_time":"20210210121013","is_ascension_mode":true,"campfire_choices":[{"data":"Sweeping Beam","floor":6,"key":"SMITH"},{"data":"Self Repair","floor":8,"key":"SMITH"},{"data":"Chill","floor":10,"key":"SMITH"}],"circlet_count":0,"master_deck":["Strike_B","Strike_B","Defend_B","Defend_B","Defend_B","Defend_B","Zap","Dualcast","Chill+1","Sweeping Beam+1","Multi-Cast","Seek","Self Repair+1"],"relics":["Coffee Dripper","Toy Ornithopter"],"acts_visited":["Exordium"],"potions_floor_usage":[],"damage_taken":[{"damage":0,"enemies":"Small Slimes","floor":1,"turns":3},{"damage":0,"enemies":"Cultist","floor":2,"turns":4},{"damage":7,"enemies":"Jaw Worm","floor":5,"turns":2},{"damage":23,"enemies":"Lagavulin","floor":7,"turns":7},{"damage":41,"enemies":"Gremlin Nob","floor":11,"turns":4}],"seed_played":"-864620936987264089","potions_obtained":[],"is_trial":false,"path_per_floor":["M","M","$","?","M","R","E","R","T","R","E"],"character_chosen":"DEFECT","items_purchased":["Sweeping Beam"],"campfire_rested":0,"item_purchase_floors":[3],"current_hp_per_floor":[68,68,68,68,61,61,38,38,38,38,0,0],"gold":53,"neow_bonus":"BOSS_RELIC","is_daily":false,"chose_seed":false,"campfire_upgraded":3,"win_rate":0.0,"timestamp":1612980613,"path_taken":["M","M","$","?","?","R","E","R","T","R","E"],"items_purchased_type":["Card"],"build_version":"2020-12-22","purchased_purges":1,"victory":false,"max_hp_per_floor":[75,75,75,75,75,75,75,75,75,75,75,75],"card_choices":[{"not_picked":["Hologram","Go for the Eyes"],"picked":"Chill","floor":1},{"not_picked":["Storm","Aggregate","Steam"],"picked":"SKIP","floor":2},{"not_picked":["Leap","Stack"],"picked":"Seek","floor":5},{"not_picked":["Turbo","Steam"],"picked":"Self Repair","floor":7}],"player_experience":224353,"relics_obtained":[{"floor":7,"key":"Toy Ornithopter"}],"event_choices":[{"damage_healed":0,"gold_gain":0,"cards_transformed":["Strike_B"],"player_choice":"Transformed","damage_taken":0,"max_hp_gain":0,"max_hp_loss":0,"event_name":"Transmorgrifier","floor":4,"gold_loss":0,"cards_obtained":["Multi-Cast"]}],"is_beta":false,"boss_relics":[],"items_purged_floors":[3],"is_endless":false,"potions_floor_spawned":[],"killed_by":"Gremlin Nob","ascension_level":9}}