{"host":"y2eyj0v2fex095jm","time":1612971067,"event":{"mods":["100% Spire Juice","ATMod(°¢èªMod)","Aspiration","BaseMod","Conspire","Energized Spire","FutureSeer","Good Game Mod","Googly Eyes","Lobotomy","LobotomyExtend","Luminous","Minty Spire (QoL Compilation)","Prisma Mod","Replay The Spire","SIMod","Shop Mod","StSLib","TestMod","The Bug Knight","Waifu the Spire","noobMod","²ÐÁôÖ®Îï"],"gold_per_floor":[113,5,15,26,26,26,40,40,40,50,50,60,60,60,60,95,95,194,194,204,204,220,220,236,268,285,298,344,69,153,195,295,352,352,525,525,525,619,655,225,318,318,318,376,431,431,531,531,574,663,663,688],"floor_reached":53,"language":"ZHS","playtime":13305,"items_purged":["PlaceholderMod:BaseDefend","PlaceholderMod:BaseStrike","PlaceholderMod:BaseDefend"],"score":1045,"play_id":"6a544a2a-801a-4e3b-bf5d-e217cbe2d656","local_time":"20210210233107","is_ascension_mode":false,"campfire_choices":[{"data":"AT_FamilyPortrait","floor":6.0,"key":"SMITH"},{"data":"PlaceholderMod:ThreeBenzyolStart","floor":17.0,"key":"SMITH"},{"floor":34.0,"key":"RECALL"},{"data":"PlaceholderMod:QualitativeChange","floor":42.0,"key":"SMITH"}],"circlet_count":0,"master_deck":["PlaceholderMod:BaseStrike","PlaceholderMod:BaseStrike","PlaceholderMod:BaseStrike","PlaceholderMod:BaseDefend","PlaceholderMod:BaseDefend","PlaceholderMod:BaseDefend","PlaceholderMod:Crystal","PlaceholderMod:PoisonWhip","AT_FamilyPortrait+1","PrismaMod:IllyaInstallAssassin","PlaceholderMod:RadicalHit","PlaceholderMod:Stratification","PlaceholderMod:Stable","PlaceholderMod:StrongAcid","PlaceholderMod:FastReaction","PlaceholderMod:ChainPoly","PlaceholderMod:PoisonExcitation","PlaceholderMod:ConsolidateHit","PlaceholderMod:ThreeBenzyolStart+1","PlaceholderMod:Activation","PlaceholderMod:Package","PlaceholderMod:HardStrike","PlaceholderMod:Corrosion+1","PlaceholderMod:CorePoison","PlaceholderMod:HardStinger","PlaceholderMod:ThreeBenzyolStart","PlaceholderMod:TriggerStrike","PlaceholderMod:PericyclicReaction","PlaceholderMod:SeverePoisonStrike","PlaceholderMod:QualitativeChange+1","PlaceholderMod:DoublePoint","PlaceholderMod:AttackAsDefend","PlaceholderMod:MultiReaction"],"relics":["PlaceholderMod:Tancle","testmod-TestBox","REME:ComplimentaryCards","ice","AT_ATBox","NeowsBlessing","testmod-CrystalShield","LetterFromLob","StoneCalendar","AT_TrinityForce","AT_ArcaneBoots","Gaze_r","Simple Rune","AT_SunfireAegis","AT_MibuBalloonWealth","Replay:Mystery Machine","energizedSpire:EnergizedDie","Bag of Preparation","aspiration:ChemicalBlood","AT_SeraphEmbrace","Smiling Mask","testmod-Muramasa","AT_EbonyIvory"],"acts_visited":["Exordium","TheCity","TheBeyond"],"potions_floor_usage":[43,49,52,52,53,53,53,53,53,53,53],"damage_taken":[{"damage":0.0,"enemies":"Cultist","floor":1.0,"turns":1.0},{"damage":0.0,"enemies":"Small Slimes","floor":3.0,"turns":2.0},{"damage":0.0,"enemies":"2 Louse","floor":4.0,"turns":1.0},{"damage":11.0,"enemies":"Lots of Slimes","floor":7.0,"turns":6.0},{"damage":0.0,"enemies":"2 Fungi Beasts","floor":10.0,"turns":3.0},{"damage":7.0,"enemies":"3 Louse","floor":12.0,"turns":4.0},{"damage":0.0,"enemies":"Lagavulin","floor":16.0,"turns":7.0},{"damage":0.0,"enemies":"Slime Boss","floor":18.0,"turns":6.0},{"damage":8.0,"enemies":"Shell Parasite","floor":20.0,"turns":6.0},{"damage":5.0,"enemies":"3 Byrds","floor":22.0,"turns":6.0},{"damage":4.0,"enemies":"3 Byrds","floor":23.0,"turns":4.0},{"damage":0.0,"enemies":"Snecko","floor":24.0,"turns":3.0},{"damage":0.0,"enemies":"HollowMod:Nosk","floor":25.0,"turns":6.0},{"damage":11.0,"enemies":"3 Cultists","floor":26.0,"turns":5.0},{"damage":5.0,"enemies":"Sentry and Sphere","floor":27.0,"turns":3.0},{"damage":24.0,"enemies":"Centurion and Healer","floor":30.0,"turns":4.0},{"damage":3.0,"enemies":"Snake Plant","floor":31.0,"turns":4.0},{"damage":0.0,"enemies":"Replay:Snechameleon","floor":33.0,"turns":4.0},{"damage":7.0,"enemies":"Automaton","floor":35.0,"turns":5.0},{"damage":3.0,"enemies":"3 Darklings","floor":37.0,"turns":3.0},{"damage":0.0,"enemies":"3 Shapes","floor":38.0,"turns":3.0},{"damage":0.0,"enemies":"Transient","floor":39.0,"turns":3.0},{"damage":3.0,"enemies":"Sphere and 2 Shapes","floor":41.0,"turns":3.0},{"damage":0,"enemies":"Writhing Mass","floor":43,"turns":4},{"damage":0,"enemies":"Giant Head","floor":44,"turns":6},{"damage":0,"enemies":"Reptomancer","floor":46,"turns":3},{"damage":0,"enemies":"Mind Bloom Boss Battle","floor":47,"turns":4},{"damage":0,"enemies":"R_Hoarder","floor":48,"turns":4},{"damage":0,"enemies":"Transient","floor":49,"turns":5},{"damage":30,"enemies":"Jaw Worm Horde","floor":50,"turns":4},{"damage":21,"enemies":"Time Eater","floor":52,"turns":6},{"damage":41,"enemies":"Malkuth","floor":53,"turns":5},{"damage":0,"enemies":"Hod","floor":53,"turns":6},{"damage":48,"enemies":"Chesed","floor":53,"turns":7},{"damage":186,"enemies":"Hokma","floor":53,"turns":9},{"damage":0,"enemies":"Angela","floor":53,"turns":3}],"seed_played":"-8463167619653113696","potions_obtained":[{"floor":3.0,"key":"SkillPotion"},{"floor":4.0,"key":"Weak Potion"},{"floor":7.0,"key":"Energy Potion"},{"floor":11.0,"key":"Venom Potion"},{"floor":16.0,"key":"PowerPotion"},{"floor":24.0,"key":"AttackPotion"},{"floor":26.0,"key":"GamblersBrew"},{"floor":31.0,"key":"PowerPotion"},{"floor":35.0,"key":"Toxic Potion"},{"floor":46,"key":"SteroidPotion"},{"floor":48,"key":"testmod-TestPotion"},{"floor":49,"key":"testmod-SpacePotion"},{"floor":50,"key":"Adrenaline Potion"}],"is_trial":false,"path_per_floor":["M","$","M","M","?","R","M","$","T","M","?","M","?","PTL","PTL","E","R","B",null,"M","T","M","?","M","E","M","M","T","$","M","M","?","E","R","B",null,"M","M","M","$","M","R","M","E","T","E","?","E","M","M","R","B",null],"character_chosen":"THE_PLACEHOLDER","items_purchased":["PlaceholderMod:Stratification","AT_MibuBalloonWealth","PlaceholderMod:TriggerStrike","Bag of Preparation","PlaceholderMod:DoublePoint"],"campfire_rested":0,"item_purchase_floors":[2,29,29,40,40],"current_hp_per_floor":[78,78,78,78,78,78,67,67,67,67,67,60,60,60,60,60,60,60,78,70,70,65,61,61,65,54,49,49,49,25,22,22,22,22,15,78,75,75,75,75,72,72,72,76,76,76,76,76,76,48,71,50],"gold":813,"neow_bonus":"THREE_ENEMY_KILL","is_daily":false,"chose_seed":false,"campfire_upgraded":3,"win_rate":0.0,"timestamp":1612971067,"path_taken":["M","$","M","?","?","R","M","$","T","M","?","?","?","PTL","PTL","E","R","BOSS","M","?","M","?","M","E","M","M","T","?","M","M","?","E","R","BOSS","M","?","M","$","M","R","?","E","T","E","?","E","M","M","R","BOSS"],"items_purchased_type":["Card","Relic","Card","Relic","Card"],"build_version":"2020-12-22","purchased_purges":3,"victory":true,"max_hp_per_floor":[78,78,78,78,78,78,78,78,78,78,78,78,78,78,78,78,78,78,78,78,78,78,78,78,78,78,78,78,78,78,78,78,78,78,78,78,78,78,78,78,78,78,78,78,78,78,78,78,78,78,78,78],"card_choices":[{"not_picked":["PlaceholderMod:SpinBlade","PlaceholderMod:OHStrongAttack"],"picked":"PlaceholderMod:RadicalHit","floor":1.0},{"not_picked":["PlaceholderMod:EnergyAbsorb","PlaceholderMod:SpinBlade"],"picked":"PlaceholderMod:Stable","floor":3.0},{"not_picked":["PlaceholderMod:DissolvingSpikes","PlaceholderMod:HardStrike"],"picked":"PlaceholderMod:StrongAcid","floor":4.0},{"not_picked":["PlaceholderMod:StrongAcid","PlaceholderMod:DissolvingSpikes"],"picked":"PlaceholderMod:ChainPoly","floor":7.0},{"not_picked":["PlaceholderMod:RadicalHit","PlaceholderMod:HealingAttack"],"picked":"PlaceholderMod:PoisonExcitation","floor":10.0},{"not_picked":["PlaceholderMod:SubstitutionNucleophilic1","PlaceholderMod:EnergyAbsorb"],"picked":"PlaceholderMod:ConsolidateHit","floor":12.0},{"not_picked":["PlaceholderMod:ContinueSpray","PlaceholderMod:NutritionAbsorb"],"picked":"PlaceholderMod:ThreeBenzyolStart","floor":16.0},{"not_picked":["PlaceholderMod:Eat","PlaceholderMod:GrowthForm"],"picked":"PlaceholderMod:Activation","floor":18.0},{"not_picked":["PlaceholderMod:StrongAcid","PlaceholderMod:SprayAttack"],"picked":"PlaceholderMod:Package","floor":20.0},{"not_picked":["PlaceholderMod:Turn","PlaceholderMod:StressReaction"],"picked":"PlaceholderMod:HardStrike","floor":22.0},{"not_picked":["PlaceholderMod:EnergyAbsorb","PlaceholderMod:HardStinger"],"picked":"PlaceholderMod:Corrosion","floor":24.0},{"not_picked":["PlaceholderMod:HardStinger","PlaceholderMod:NearChange"],"picked":"PlaceholderMod:CorePoison","floor":25.0},{"not_picked":["PlaceholderMod:ParasiteChange","PlaceholderMod:UnpureUse"],"picked":"PlaceholderMod:HardStinger","floor":26.0},{"not_picked":["PlaceholderMod:SeverePoisonStrike","PlaceholderMod:ConsolidateHit"],"picked":"PlaceholderMod:ThreeBenzyolStart","floor":27.0},{"not_picked":["PlaceholderMod:Internalization+1","PlaceholderMod:TriggerStrike","PlaceholderMod:EvolutionSpray"],"picked":"SKIP","floor":30.0},{"not_picked":["PlaceholderMod:OHStrongAttack","PlaceholderMod:UnpureUse"],"picked":"PlaceholderMod:PericyclicReaction","floor":31.0},{"not_picked":["PlaceholderMod:MultipleOxi","PlaceholderMod:HealingAttack"],"picked":"PlaceholderMod:SeverePoisonStrike","floor":33.0},{"not_picked":["PlaceholderMod:Inner","PlaceholderMod:PericyclicReaction"],"picked":"PlaceholderMod:QualitativeChange","floor":35.0},{"not_picked":["PlaceholderMod:ProliferateStrike","PlaceholderMod:FastReaction+1","PlaceholderMod:Sweep+1"],"picked":"SKIP","floor":37.0},{"not_picked":["PlaceholderMod:SpinBlade","PlaceholderMod:Turn+1","PlaceholderMod:Internalization"],"picked":"SKIP","floor":38.0},{"not_picked":["PlaceholderMod:OHStrongAttack+1","PlaceholderMod:StrongAcid","PlaceholderMod:HardStrike+1"],"picked":"SKIP","floor":39.0},{"not_picked":["PlaceholderMod:Package","PlaceholderMod:OHStrongAttack"],"picked":"PlaceholderMod:AttackAsDefend","floor":41.0},{"not_picked":["PlaceholderMod:Internalization+1","PlaceholderMod:Activation","PlaceholderMod:TriggerStrike+1"],"picked":"SKIP","floor":43},{"not_picked":["PlaceholderMod:ProliferateStrike","PlaceholderMod:RadicalHit+1"],"picked":"PlaceholderMod:MultiReaction","floor":44},{"not_picked":["PlaceholderMod:PoisonAbsorb","PlaceholderMod:MultiReaction","PlaceholderMod:StrongAcid+1"],"picked":"SKIP","floor":46},{"not_picked":["PlaceholderMod:Stratification","PlaceholderMod:Polyp","PlaceholderMod:TriggerStrike+1"],"picked":"SKIP","floor":48},{"not_picked":["PlaceholderMod:TriggerStrike+1","PlaceholderMod:ProliferateStrike","PlaceholderMod:DissolvingSpikes"],"picked":"SKIP","floor":49},{"not_picked":["PlaceholderMod:DissolvingSpikes+1","PlaceholderMod:CrystallizationStrike+1","PlaceholderMod:HornyBlast"],"picked":"SKIP","floor":50}],"player_experience":73355,"relics_obtained":[{"floor":1.0,"key":"LetterFromLob"},{"floor":16.0,"key":"StoneCalendar"},{"floor":21.0,"key":"AT_SpeedBoots"},{"floor":25.0,"key":"Simple Rune"},{"floor":28.0,"key":"AT_SunfireAegis"},{"floor":33.0,"key":"Replay:Mystery Machine"},{"floor":44,"key":"aspiration:ChemicalBlood"},{"floor":45,"key":"AT_ArchangelStaff"},{"floor":46,"key":"Smiling Mask"},{"floor":47,"key":"testmod-Muramasa"},{"floor":48,"key":"AT_EbonyIvory"}],"event_choices":[{"damage_healed":0.0,"max_hp_gain":0.0,"max_hp_loss":0.0,"gold_gain":0.0,"cards_transformed":["PlaceholderMod:BaseStrike"],"event_name":"Living Wall","player_choice":"Change","floor":5.0,"gold_loss":0.0,"damage_taken":0.0,"cards_obtained":["PlaceholderMod:FastReaction"]},{"damage_healed":0.0,"max_hp_gain":0.0,"max_hp_loss":0.0,"gold_gain":0.0,"event_name":"Lab","player_choice":"Got Potions","floor":11.0,"gold_loss":0.0,"damage_taken":0.0},{"damage_healed":0.0,"max_hp_gain":0.0,"max_hp_loss":0.0,"gold_gain":0.0,"event_name":"NoteForYourself","player_choice":"Ignored","floor":13.0,"gold_loss":0.0,"damage_taken":0.0},{"damage_healed":0.0,"max_hp_gain":0.0,"max_hp_loss":0.0,"gold_gain":100.0,"event_name":"Golden Shrine","player_choice":"Pray","floor":32.0,"gold_loss":0.0,"damage_taken":0.0},{"damage_healed":0,"gold_gain":0,"player_choice":"Fight","damage_taken":0,"max_hp_gain":0,"max_hp_loss":0,"event_name":"MindBloom","floor":47,"gold_loss":0}],"is_beta":false,"boss_relics":[{"not_picked":["testmod-Nine","Cursed Key"],"picked":"AT_TrinityForce"},{"not_picked":["conspire:SeveredTorchhead","energizedSpire:RedRose"],"picked":"energizedSpire:EnergizedDie"}],"items_purged_floors":[2,29,40],"is_endless":false,"potions_floor_spawned":[3,4,7,16,24,26,31,33,35,39,46,48,49,50],"ascension_level":0}}