{"host":"bplbr8uekuotory4","time":1612938279,"event":{"mods":["Act Like it!","BaseMod","GungeonMod","Hermit","KinomotoSakuraMod(木之本樱)","Marisa（F雨　魔理沙）","Minty Spire (QoL Compilation)","Prisma Mod","Quick Restart","Reimu（博丽灵梦）","SOS（斯巴达之子）","Spicy Shops","StSLib","TestMod","The Blackbeard","The Cursed","The Mystic","The Poker Player","The Saiyan","The Senshi","The Servant 0.9.4","Yuri Mod","[IsaacMod]以撒尖塔"],"gold_per_floor":[109,119,192,2,22,22,22],"floor_reached":6,"language":"ZHS","playtime":166,"items_purged":["theSenshi:SailorKick"],"score":43,"play_id":"66f2e104-8848-4175-aee7-0312e31339a3","local_time":"20210210142439","is_ascension_mode":true,"campfire_choices":[],"circlet_count":0,"master_deck":["theSenshi:SailorKick","theSenshi:SailorKick","theSenshi:SailorKick","theSenshi:SailorBlock","theSenshi:SailorBlock","theSenshi:SailorBlock","theSenshi:SailorBlock","theSenshi:RoseThrow","theSenshi:MoonPrismPowerMakeUp","theSenshi:CrisisMakeUp"],"relics":["theSenshi:TransformationBroochRelic","testmod-TestBox","HushsDoor","SteamSale","testmod-Register","NeowsBlessing","DemoMod:GundromedaStrain","Lantern"],"acts_visited":["Exordium"],"potions_floor_usage":[],"damage_taken":[{"damage":0,"enemies":"2 Louse","floor":1,"turns":2},{"damage":0,"enemies":"Cultist","floor":2,"turns":1},{"damage":0,"enemies":"Small Slimes","floor":5,"turns":1},{"damage":62,"enemies":"3 Sentries","floor":6,"turns":10}],"seed_played":"5170495782691798659","potions_obtained":[{"floor":2,"key":"Ancient Potion"}],"is_trial":false,"path_per_floor":["M","M","?","$","M","E"],"character_chosen":"THE_SENSHI","items_purchased":["DemoMod:GundromedaStrain","Lantern"],"campfire_rested":0,"item_purchase_floors":[4,4],"current_hp_per_floor":[75,75,60,60,60,0,0],"gold":22,"neow_bonus":"THREE_ENEMY_KILL","is_daily":false,"chose_seed":false,"campfire_upgraded":0,"win_rate":0.0,"timestamp":1612938279,"path_taken":["M","M","?","$","M","E"],"items_purchased_type":["Relic","Relic"],"build_version":"2020-12-22","purchased_purges":1,"victory":false,"max_hp_per_floor":[75,75,75,75,75,75,75],"card_choices":[{"not_picked":["theSenshi:OdangoHead","theSenshi:LateForSchool","theSenshi:MoonHealingEscalation"],"picked":"SKIP","floor":1},{"not_picked":["theSenshi:MoonsReflection","theSenshi:SailorMercuryAssists"],"picked":"theSenshi:CrisisMakeUp","floor":2},{"not_picked":["theSenshi:MoonPunch","theSenshi:MoonKick","theSenshi:SailorChibiMoonAssists"],"picked":"SKIP","floor":5}],"player_experience":1131146,"relics_obtained":[],"event_choices":[],"is_beta":false,"boss_relics":[],"items_purged_floors":[4],"is_endless":false,"potions_floor_spawned":[2],"killed_by":"3 Sentries","ascension_level":4}}