{"host":"sc0o2qwpf9j16a4i","time":1612966898,"event":{"mods":["AchievementEnabler","BaseMod","BetterRewards","Block Reminder","Colored Map","Colored Powertips","Custom Start","Highlight Path","Minty Spire (QoL Compilation)","Relic Stats"],"gold_per_floor":[113,113,131,141,57,88,88,88,88,88,106,106,106],"floor_reached":12,"language":"ENG","playtime":316,"items_purged":[],"score":156,"play_id":"4ee506c3-b941-4216-9899-ba9e37c8ad2e","local_time":"20210210162138","is_ascension_mode":true,"campfire_choices":[{"floor":7,"key":"REST"},{"floor":10,"key":"REST"}],"circlet_count":0,"master_deck":["AscendersBane","Strike_R","Strike_R","Strike_R","Strike_R","Defend_R","Defend_R","Defend_R","Defend_R","Bash","Power Through","Iron Wave","True Grit","Fire Breathing","Feed","Spot Weakness","Armaments"],"relics":["Black Star","Pantograph","Blood Vial","Pen Nib","Self Forming Clay"],"acts_visited":["Exordium"],"potions_floor_usage":[12],"damage_taken":[{"damage":13.0,"enemies":"Cultist","floor":1.0,"turns":5.0},{"damage":13.0,"enemies":"Small Slimes","floor":3.0,"turns":5.0},{"damage":0.0,"enemies":"2 Louse","floor":4.0,"turns":3.0},{"damage":56.0,"enemies":"Lagavulin","floor":6.0,"turns":11.0},{"damage":6,"enemies":"Blue Slaver","floor":11,"turns":6},{"damage":49,"enemies":"Gremlin Nob","floor":12,"turns":5}],"seed_played":"-5703567541471877546","potions_obtained":[{"floor":1.0,"key":"Regen Potion"},{"floor":3.0,"key":"Fire Potion"},{"floor":6,"key":"DuplicationPotion"}],"is_trial":false,"path_per_floor":["M","T","M","M","$","E","R","?","T","R","M","E"],"character_chosen":"IRONCLAD","items_purchased":["Fire Breathing"],"campfire_rested":2,"item_purchase_floors":[5],"current_hp_per_floor":[55,55,42,42,42,1,23,23,23,45,44,0,0],"gold":106,"neow_bonus":"BOSS_RELIC","is_daily":false,"chose_seed":false,"campfire_upgraded":0,"win_rate":0.0,"timestamp":1612966898,"path_taken":["M","?","M","M","?","E","R","?","T","R","M","E"],"items_purchased_type":["Card"],"build_version":"2020-12-22","purchased_purges":0,"victory":false,"max_hp_per_floor":[75,75,75,75,75,75,75,75,75,75,78,78,78],"relic_stats":{"Blood Vial":4,"counters":[6,35],"Self Forming Clay":[12],"Pantograph":0,"Pen Nib":[1],"Black Star":1,"obtain_stats":[{"Blood Vial":6,"Self Forming Clay":9,"Pantograph":2,"Pen Nib":6,"Black Star":0,"Burning Blood":0},{"Blood Vial":4,"Self Forming Clay":4,"Pantograph":1,"Pen Nib":4,"Black Star":0,"Burning Blood":0},{"Blood Vial":24,"Self Forming Clay":24,"Pantograph":5,"Pen Nib":24,"Black Star":0,"Burning Blood":0}]},"card_choices":[{"not_picked":["Thunderclap","Cleave"],"picked":"Power Through","floor":1.0},{"not_picked":["Sword Boomerang","True Grit"],"picked":"Iron Wave","floor":3.0},{"not_picked":["Thunderclap","Battle Trance"],"picked":"True Grit","floor":4.0},{"not_picked":["Infernal Blade","Headbutt"],"picked":"Feed","floor":6},{"not_picked":["Rupture","Carnage"],"picked":"Armaments","floor":11}],"player_experience":1310137,"relics_obtained":[{"floor":2.0,"key":"Pantograph"},{"floor":6,"key":"Blood Vial"},{"floor":6,"key":"Pen Nib"},{"floor":9,"key":"Self Forming Clay"}],"event_choices":[{"damage_healed":0,"gold_gain":0,"cards_transformed":["Strike_R"],"player_choice":"Transformed","damage_taken":0,"max_hp_gain":0,"max_hp_loss":0,"event_name":"Transmorgrifier","floor":8,"gold_loss":0,"cards_obtained":["Spot Weakness"]}],"is_beta":false,"boss_relics":[],"items_purged_floors":[],"is_endless":false,"potions_floor_spawned":[1,3,6],"killed_by":"Gremlin Nob","ascension_level":20}}