{"host":"tetk82fuf8thwxol","time":1612926495,"event":{"mods":["AchievementEnabler","BaseMod","BetterRewards","GifTheSpireLib","Hermit","Minty Spire (QoL Compilation)","Permanent Neow","Quick Restart","Shop Mod","Spicy Shops","StSLib","The Bug Knight","The Cursed","The Runesmith"],"gold_per_floor":[112,43,43,66,83,116,126,146,172,199,218,22,48,67,67,169,169,189,209,9999,10017,10028,10061,10081,10081,10081],"floor_reached":25,"language":"ENG","playtime":1464,"items_purged":["Strike_B","Zap","Dualcast"],"score":433,"play_id":"1326ca8d-9219-44a4-bfe3-673264f69a2f","local_time":"20210209210815","is_ascension_mode":true,"campfire_choices":[{"floor":15,"key":"REST"}],"circlet_count":0,"master_deck":["AscendersBane","Strike_B","Strike_B","Strike_B","Defend_B","Defend_B+1","Defend_B","Defend_B","Hyperbeam","Buffer","Sunder","Conserve Battery","Fusion","Turbo","BootSequence","Sweeping Beam","Conserve Battery","Leap+1","Meteor Strike+1"],"relics":["Cracked Core","NeowsBlessing","Toy Ornithopter","Pear","Centennial Puzzle","Orichalcum","DataDisk","Nuclear Battery","Torii","Molten Egg 2","MealTicket","Strawberry","War Paint"],"acts_visited":["Exordium","TheCity"],"potions_floor_usage":[10,13,16,16,22,23],"damage_taken":[{"damage":0,"enemies":"Cultist","floor":1,"turns":1},{"damage":0,"enemies":"Jaw Worm","floor":5,"turns":1},{"damage":0,"enemies":"3 Sentries","floor":6,"turns":1},{"damage":0,"enemies":"2 Louse","floor":7,"turns":1},{"damage":0,"enemies":"2 Fungi Beasts","floor":8,"turns":2},{"damage":29,"enemies":"Lagavulin","floor":10,"turns":6},{"damage":8,"enemies":"Blue Slaver","floor":11,"turns":3},{"damage":8,"enemies":"3 Sentries","floor":13,"turns":4},{"damage":5,"enemies":"Looter","floor":14,"turns":3},{"damage":46,"enemies":"The Guardian","floor":16,"turns":13},{"damage":20,"enemies":"3 Byrds","floor":18,"turns":4},{"damage":11,"enemies":"Chosen","floor":19,"turns":5},{"damage":2,"enemies":"Centurion and Healer","floor":21,"turns":5},{"damage":6,"enemies":"Snecko","floor":22,"turns":5},{"damage":21,"enemies":"Gremlin Leader","floor":23,"turns":7},{"damage":14,"enemies":"Snake Plant","floor":24,"turns":3},{"damage":6,"enemies":"Cultist and Chosen","floor":25,"turns":8}],"seed_played":"2316773820403281581","potions_obtained":[{"floor":1,"key":"FocusPotion"},{"floor":5,"key":"FairyPotion"},{"floor":6,"key":"EssenceOfSteel"},{"floor":11,"key":"SteroidPotion"},{"floor":14,"key":"Fire Potion"},{"floor":18,"key":"Ancient Potion"},{"floor":22,"key":"LiquidBronze"}],"is_trial":false,"path_per_floor":["M","$","?","T","M","E","M","M","T","E","M","$","E","M","R","B",null,"M","M","$","M","M","E","M","M"],"character_chosen":"DEFECT","items_purchased":["Hyperbeam","Sunder","Conserve Battery","Sweeping Beam","Conserve Battery","Torii","Molten Egg 2","MealTicket","Strawberry"],"campfire_rested":1,"item_purchase_floors":[2,12,12,20,20,20,20,20,20],"current_hp_per_floor":[68,68,68,68,68,78,78,78,78,54,46,46,43,38,63,27,71,51,40,47,45,44,28,14,8,8],"gold":10081,"neow_bonus":"THREE_ENEMY_KILL","is_daily":false,"chose_seed":false,"campfire_upgraded":0,"win_rate":0.0,"timestamp":1612926495,"path_taken":["M","?","?","?","M","E","M","M","T","E","M","$","E","M","R","BOSS","M","M","$","M","M","E","M","?"],"items_purchased_type":["Card","Card","Card","Card","Card","Relic","Relic","Relic","Relic"],"build_version":"2020-12-22","purchased_purges":3,"victory":false,"max_hp_per_floor":[75,75,75,75,75,85,85,85,85,85,85,85,85,85,85,85,85,85,85,92,92,92,92,92,92,92],"card_choices":[{"not_picked":["Undo","Rebound","Stack"],"picked":"SKIP","floor":1},{"not_picked":["Consume","Self Repair","Gash"],"picked":"SKIP","floor":5},{"not_picked":["Cold Snap","Steam Power"],"picked":"Buffer","floor":6},{"not_picked":["Cold Snap","Skim","Redo"],"picked":"SKIP","floor":7},{"not_picked":["Capacitor","Self Repair","Loop"],"picked":"SKIP","floor":8},{"not_picked":["Barrage","Ball Lightning","Redo"],"picked":"SKIP","floor":10},{"not_picked":["Barrage","Compile Driver","Skim"],"picked":"SKIP","floor":11},{"not_picked":["Steam","Storm"],"picked":"Fusion","floor":13},{"not_picked":["Beam Cell","Glacier"],"picked":"Turbo","floor":14},{"not_picked":["Compile Driver","Darkness+1","Go for the Eyes+1"],"picked":"SKIP","floor":18},{"not_picked":["Ball Lightning","Gash"],"picked":"BootSequence","floor":19},{"not_picked":["Consume","Rebound+1","Reinforced Body"],"picked":"SKIP","floor":21},{"not_picked":["Ball Lightning+1","Redo"],"picked":"Leap","floor":22},{"not_picked":["Fusion","White Noise+1"],"picked":"Meteor Strike+1","floor":23},{"not_picked":["Sweeping Beam+1","Redo","Compile Driver+1"],"picked":"SKIP","floor":24}],"player_experience":203505,"relics_obtained":[{"floor":4,"key":"Toy Ornithopter"},{"floor":6,"key":"Pear"},{"floor":9,"key":"Centennial Puzzle"},{"floor":10,"key":"Orichalcum"},{"floor":13,"key":"DataDisk"},{"floor":23,"key":"War Paint"}],"event_choices":[{"damage_healed":0,"gold_gain":0,"player_choice":"Leave","damage_taken":0,"max_hp_gain":0,"max_hp_loss":0,"event_name":"The Cleric","floor":3,"gold_loss":0}],"is_beta":false,"boss_relics":[{"not_picked":["Pandora\u0027s Box","Runesmith:UraniumAnvil"],"picked":"Nuclear Battery"}],"items_purged_floors":[12,20,20],"is_endless":false,"potions_floor_spawned":[1,5,6,11,14,18,22],"killed_by":"Cultist and Chosen","ascension_level":10}}