{"host":"Qube","time":1612992842,"event":{"mods":["AchievementEnabler","BaseMod","Colored Map","Colored Powertips","Highlight Path","Minty Spire (QoL Compilation)","Permanent Neow","Quick Restart","Random Character Button","StSLib"],"gold_per_floor":[369,18,34,109,109,136,136,148,148,174,174,190,217,244,244,321,321,340,340,2,2,16,43,43,43,43,43,74,74,74,74,74,74,74],"floor_reached":33,"language":"ENG","playtime":1694,"items_purged":["Shame"],"score":594,"play_id":"bee3d066-f181-428d-852e-95e3240ef29c","local_time":"20210210133402","is_ascension_mode":true,"campfire_choices":[{"floor":7.0,"key":"REST"},{"data":"Flame Barrier","floor":11.0,"key":"SMITH"},{"data":"True Grit","floor":15.0,"key":"SMITH"},{"data":"Enlightenment","floor":25.0,"key":"SMITH"},{"data":"Immolate","floor":27.0,"key":"SMITH"},{"data":"Demon Form","floor":32,"key":"SMITH"}],"circlet_count":0,"master_deck":["AscendersBane","Bash","Armaments+1","Immolate+1","Shrug It Off","Swift Strike","Wild Strike","Flame Barrier+1","Body Slam","Iron Wave","True Grit+1","Juggernaut","Flame Barrier","Demon Form+1","Immolate","Infernal Blade","Impervious","Armaments+1","Reckless Charge","Ghostly Armor+1","Enlightenment+1","Shrug It Off","Spot Weakness","Metallicize","Exhume","Flame Barrier","Decay"],"relics":["Burning Blood","InkBottle","Pantograph","Akabeko","Art of War","Odd Mushroom","Pandora\u0027s Box","War Paint","Lee\u0027s Waffle","Lantern","Darkstone Periapt","The Courier","White Beast Statue"],"acts_visited":["Exordium","TheCity"],"potions_floor_usage":[33],"damage_taken":[{"damage":9.0,"enemies":"2 Louse","floor":1.0,"turns":4.0},{"damage":3.0,"enemies":"Jaw Worm","floor":3.0,"turns":2.0},{"damage":27.0,"enemies":"3 Sentries","floor":6.0,"turns":8.0},{"damage":0.0,"enemies":"Small Slimes","floor":8.0,"turns":3.0},{"damage":6.0,"enemies":"Gremlin Nob","floor":10.0,"turns":3.0},{"damage":6.0,"enemies":"Looter","floor":12.0,"turns":2.0},{"damage":7.0,"enemies":"3 Sentries","floor":13.0,"turns":3.0},{"damage":18.0,"enemies":"The Mushroom Lair","floor":14.0,"turns":2.0},{"damage":15.0,"enemies":"The Guardian","floor":16.0,"turns":11.0},{"damage":28.0,"enemies":"Spheric Guardian","floor":18.0,"turns":6.0},{"damage":0.0,"enemies":"2 Thieves","floor":22.0,"turns":3.0},{"damage":36.0,"enemies":"Slavers","floor":23.0,"turns":3.0},{"damage":19.0,"enemies":"Book of Stabbing","floor":28.0,"turns":5.0},{"damage":75,"enemies":"Automaton","floor":33,"turns":8}],"seed_played":"7664215595458261495","potions_obtained":[{"floor":1.0,"key":"EssenceOfSteel"},{"floor":8.0,"key":"EntropicBrew"},{"floor":12.0,"key":"Explosive Potion"},{"floor":14.0,"key":"Energy Potion"},{"floor":23.0,"key":"SkillPotion"},{"floor":28,"key":"LiquidBronze"}],"is_trial":false,"path_per_floor":["M","$","M","?","?","E","R","M","T","E","R","M","E","?","R","B",null,"M","?","$","?","M","E","T","R","T","R","E","?","?","?","R","B"],"character_chosen":"IRONCLAD","items_purchased":["Immolate","Shrug It Off","Swift Strike","Wild Strike","Lee\u0027s Waffle","Enlightenment"],"campfire_rested":1,"item_purchase_floors":[2,2,2,2,20,20],"current_hp_per_floor":[47,47,50,39,39,18,40,46,46,46,46,46,45,33,33,49,69,47,47,82,82,82,52,52,52,52,52,39,39,39,45,45,0,0],"gold":74,"neow_bonus":"TWO_FIFTY_GOLD","is_daily":false,"chose_seed":false,"campfire_upgraded":5,"win_rate":0.0,"timestamp":1612992842,"path_taken":["M","$","M","?","?","E","R","M","T","E","R","M","E","?","R","BOSS","M","?","$","?","M","E","?","R","T","R","E","?","?","?","R","BOSS"],"items_purchased_type":["Card","Card","Card","Card","Relic","Card"],"build_version":"2020-12-18","purchased_purges":1,"victory":false,"max_hp_per_floor":[75,75,75,75,75,75,75,75,75,75,75,75,75,75,75,75,75,75,75,82,82,82,82,82,82,82,82,82,82,82,88,88,88,88],"card_choices":[{"not_picked":["Pummel","Anger"],"picked":"Armaments","floor":1.0},{"not_picked":["Clash","Twin Strike","Perfected Strike"],"picked":"SKIP","floor":3.0},{"not_picked":["Feel No Pain","Demon Form"],"picked":"Flame Barrier","floor":6.0},{"not_picked":["Reckless Charge","Armaments"],"picked":"Body Slam","floor":8.0},{"not_picked":["Rupture","Twin Strike"],"picked":"Iron Wave","floor":10.0},{"not_picked":["Anger","Body Slam"],"picked":"True Grit","floor":12.0},{"not_picked":["Body Slam","Clothesline"],"picked":"Juggernaut","floor":13.0},{"not_picked":["Second Wind","Fire Breathing"],"picked":"Flame Barrier","floor":14.0},{"not_picked":["Juggernaut","Feed"],"picked":"Demon Form","floor":16.0},{"not_picked":["Burning Pact","Pommel Strike","Perfected Strike"],"picked":"SKIP","floor":18.0},{"not_picked":["Clash","Perfected Strike"],"picked":"Shrug It Off","floor":22.0},{"not_picked":["Headbutt","Pommel Strike"],"picked":"Spot Weakness","floor":23.0},{"not_picked":["Dropkick","True Grit"],"picked":"Metallicize","floor":28}],"player_experience":1135833,"relics_obtained":[{"floor":6.0,"key":"InkBottle"},{"floor":9.0,"key":"Pantograph"},{"floor":10.0,"key":"Akabeko"},{"floor":13.0,"key":"Art of War"},{"floor":14.0,"key":"Odd Mushroom"},{"floor":23.0,"key":"Lantern"},{"floor":24.0,"key":"Darkstone Periapt"},{"floor":26.0,"key":"The Courier"},{"floor":28,"key":"White Beast Statue"}],"event_choices":[{"damage_healed":0.0,"max_hp_gain":0.0,"max_hp_loss":0.0,"gold_gain":75.0,"event_name":"World of Goop","player_choice":"Gather Gold","floor":4.0,"gold_loss":0.0,"damage_taken":11.0},{"damage_healed":0.0,"max_hp_gain":0.0,"max_hp_loss":0.0,"gold_gain":0.0,"event_name":"Living Wall","player_choice":"Grow","floor":5.0,"gold_loss":0.0,"damage_taken":0.0,"cards_upgraded":["Armaments"]},{"damage_healed":0.0,"max_hp_gain":0.0,"max_hp_loss":0.0,"gold_gain":0.0,"event_name":"Mushrooms","player_choice":"Fought Mushrooms","floor":14.0,"gold_loss":0.0,"damage_taken":0.0},{"damage_healed":0.0,"max_hp_gain":0.0,"max_hp_loss":0.0,"gold_gain":0.0,"event_name":"Addict","player_choice":"Stole Relic","floor":19.0,"gold_loss":0.0,"damage_taken":0.0,"relics_obtained":["War Paint"],"cards_obtained":["Shame"]},{"damage_healed":0.0,"max_hp_gain":0.0,"max_hp_loss":0.0,"gold_gain":0.0,"event_name":"Ghosts","player_choice":"Ignored","floor":21.0,"gold_loss":0.0,"damage_taken":0.0},{"damage_healed":0,"gold_gain":0,"cards_transformed":["Clash","Headbutt"],"player_choice":"Became Test Subject","damage_taken":0,"max_hp_gain":0,"max_hp_loss":0,"event_name":"Drug Dealer","floor":29,"gold_loss":0,"cards_obtained":["Exhume","Flame Barrier"]},{"cards_removed":["Combust"],"damage_healed":0,"gold_gain":0,"player_choice":"Elegance","damage_taken":0,"max_hp_gain":0,"max_hp_loss":0,"event_name":"Back to Basics","floor":30,"gold_loss":0},{"damage_healed":0,"gold_gain":0,"player_choice":"Smashed Altar","damage_taken":0,"max_hp_gain":0,"max_hp_loss":0,"event_name":"Forgotten Altar","floor":31,"gold_loss":0,"cards_obtained":["Decay"]}],"is_beta":true,"boss_relics":[{"not_picked":["Mark of Pain","Sozu"],"picked":"Pandora\u0027s Box"}],"items_purged_floors":[20],"is_endless":false,"potions_floor_spawned":[1,8,12,14,23,28],"killed_by":"Automaton","ascension_level":20}}