{"host":"vf63mcydhpkptnpw","time":1612987974,"event":{"mods":["BaseMod","Downfall","Minty Spire (QoL Compilation)","StSLib"],"gold_per_floor":[99,113,113,23,33,45,69,100,112,126,186,286,304,320,333,431,431,231,248,248,266,284,54,54,54,54,64,64,89,89,89,102,205,205,205,215,215,215,230,248,296,296,307,307,307,307,307,323,339,339],"floor_reached":51,"language":"ENG","playtime":7442,"items_purged":["hexamod:Defend"],"score":725,"play_id":"aa58b42f-9486-40d5-8c70-65a1445f4a90","local_time":"20210210211254","is_ascension_mode":false,"campfire_choices":[{"floor":1,"key":"RECALL"},{"data":"hexamod:ChargedBarrage","floor":18,"key":"SMITH"},{"data":"hexamod:AdvancingGuard","floor":26,"key":"SMITH"},{"data":"hexamod:Rewind","floor":28,"key":"SMITH"},{"floor":30,"key":"REST"},{"data":"hexamod:DynamicBlow","floor":35,"key":"SMITH"},{"floor":42,"key":"REST"},{"data":"expansioncontent:AwakenDeath","floor":46,"key":"SMITH"}],"circlet_count":0,"master_deck":["hexamod:Strike","hexamod:Strike","hexamod:Defend","hexamod:Defend","hexamod:Sear","hexamod:Float","hexamod:HexaLevel+1","hexamod:DynamicBlow+1","hexamod:AdvancingGuard+1","hexamod:SwordOfDarkness","hexamod:FastForward","hexamod:ChargedBarrage+1","hexamod:Rewind+1","hexamod:DynamicBlow+1","hexamod:HauntingEcho+1","hexamod:TimeWarp+1","hexamod:InspiringFlames+1","hexamod:FlamesFromBeyond","hexamod:CatchUp+1","hexamod:GhostOfSpirePast+1","hexamod:StepThrough+1","RitualDagger+1","hexamod:ThermalTransfer+1","hexamod:ForkedFlame+1","hexamod:ForkedFlame+1","hexamod:GhostOfSpirePast+1","hexamod:HeatCrush+1","expansioncontent:AwakenDeath+1"],"relics":["hexamod:SpiritBrand","CaptainsWheel","Molten Egg 2","Velvet Choker","downfall:HeartBlessingBlue","downfall:HeartBlessingRed","Juzu Bracelet","Letter Opener","Akabeko","SlaversCollar","Regal Pillow","Oddly Smooth Stone"],"acts_visited":["Exordium","TheCity","TheBeyond"],"potions_floor_usage":[12,12,12,16,16,16,27,29,37],"damage_taken":[{"damage":0,"enemies":"2 Louse","floor":2,"turns":2},{"damage":0,"enemies":"downfall:FleeingMerchant","floor":4,"turns":4},{"damage":6,"enemies":"Jaw Worm","floor":5,"turns":3},{"damage":0,"enemies":"Small Slimes","floor":6,"turns":3},{"damage":18,"enemies":"Lagavulin","floor":8,"turns":6},{"damage":12,"enemies":"Exordium Wildlife","floor":9,"turns":6},{"damage":2,"enemies":"3 Louse","floor":10,"turns":4},{"damage":12,"enemies":"3 Sentries","floor":11,"turns":6},{"damage":31,"enemies":"downfall:Heads","floor":12,"turns":6},{"damage":2,"enemies":"Exordium Thugs","floor":13,"turns":3},{"damage":0,"enemies":"Large Slime","floor":14,"turns":3},{"damage":2,"enemies":"Blue Slaver","floor":15,"turns":3},{"damage":0,"enemies":"SI_SHIV_ARCHETYPE","floor":16,"turns":5},{"damage":5,"enemies":"Spheric Guardian","floor":19,"turns":4},{"damage":2,"enemies":"Shell Parasite","floor":21,"turns":3},{"damage":8,"enemies":"Centurion and Healer","floor":22,"turns":4},{"damage":5,"enemies":"downfall:FleeingMerchant","floor":23,"turns":4},{"damage":7,"enemies":"Snake Plant","floor":27,"turns":3},{"damage":13,"enemies":"Book of Stabbing","floor":29,"turns":4},{"damage":5,"enemies":"Chosen and Byrds","floor":32,"turns":4},{"damage":70,"enemies":"IC_MUSHROOM_ARCHETYPE","floor":33,"turns":9},{"damage":8,"enemies":"3 Shapes","floor":36,"turns":4},{"damage":0,"enemies":"3 Darklings","floor":37,"turns":1},{"damage":27,"enemies":"Maw","floor":39,"turns":6},{"damage":4,"enemies":"4 Shapes","floor":40,"turns":3},{"damage":5,"enemies":"Sphere and 2 Shapes","floor":43,"turns":4},{"damage":0,"enemies":"Transient","floor":48,"turns":5},{"damage":11,"enemies":"Spire Growth","floor":49,"turns":3},{"damage":67,"enemies":"WA_ARCHETYPE_DIVINITY","floor":50,"turns":9}],"seed_played":"-4262254472245870548","potions_obtained":[{"floor":5,"key":"AttackPotion"},{"floor":9,"key":"Energy Potion"},{"floor":11,"key":"Regen Potion"},{"floor":12,"key":"Strength Potion"},{"floor":13,"key":"Energy Potion"},{"floor":15,"key":"hexamod:DoubleChargePotion"},{"floor":19,"key":"Dexterity Potion"},{"floor":22,"key":"ColorlessPotion"},{"floor":29,"key":"SpeedPotion"},{"floor":36,"key":"SmokeBomb"}],"is_trial":false,"path_per_floor":["R","M","?","$","M","M","T","E","M","M","?","?","M","M","M","B",null,"R","M","?","M","M","$","T","?","R","M","R","E","R","?","M","B",null,"R","M","M","?","M","M","T","R","M","?","?","R","T","M","M","B",null],"character_chosen":"THE_SPIRIT","items_purchased":["Juzu Bracelet","hexamod:StepThrough+1"],"campfire_rested":2,"item_purchase_floors":[23,23],"current_hp_per_floor":[70,70,75,75,69,69,69,51,39,37,25,9,7,7,5,5,75,85,80,80,78,70,65,65,59,59,52,52,39,64,85,80,10,85,85,77,77,77,50,46,46,85,80,80,80,80,80,80,69,2],"gold":339,"neow_bonus":"ONE_RANDOM_RARE_CARD","is_daily":false,"chose_seed":false,"campfire_upgraded":5,"win_rate":0.0,"timestamp":1612987974,"path_taken":["R","M","?","$","M","M","T","E","M","M","?","?","?","M","M","BOSS","R","M","?","M","M","$","T","?","R","M","R","E","R","?","M","BOSS","R","M","M","?","M","M","T","R","M","?","?","R","?","M","M","BOSS"],"items_purchased_type":["Relic","Card"],"build_version":"2020-12-22","purchased_purges":1,"victory":true,"max_hp_per_floor":[70,70,75,75,75,75,75,75,75,75,75,75,75,75,75,75,75,85,85,85,85,85,85,85,85,85,85,85,85,85,85,85,85,85,85,85,85,85,85,85,85,85,85,85,85,85,85,85,85,85],"card_choices":[{"not_picked":["hexamod:HeatMetal","hexamod:SpectralSpark","hexamod:NightmareGuise"],"picked":"SKIP","floor":2},{"not_picked":["hexamod:SoulSteal","hexamod:SwordOfDarkness"],"picked":"hexamod:DynamicBlow","floor":4},{"not_picked":["hexamod:SuperheatedStrike","hexamod:SpectersWail"],"picked":"hexamod:AdvancingGuard","floor":5},{"not_picked":["hexamod:SuperheatedStrike","hexamod:ExtraCrispy"],"picked":"hexamod:SwordOfDarkness","floor":6},{"not_picked":["hexamod:FlamesFromBeyond","hexamod:SuperheatedStrike"],"picked":"hexamod:FastForward","floor":8},{"not_picked":["hexamod:NightmareStrike","hexamod:RetreatToShadows","hexamod:HeatShield"],"picked":"SKIP","floor":9},{"not_picked":["hexamod:GhostLash","hexamod:GhostShield","hexamod:SoulSteal"],"picked":"SKIP","floor":10},{"not_picked":["hexamod:HeatShield","hexamod:ThermalTransfer+1"],"picked":"hexamod:ChargedBarrage","floor":11},{"not_picked":["hexamod:Again","hexamod:SecondSeal"],"picked":"hexamod:DynamicBlow+1","floor":12},{"not_picked":["hexamod:SuperheatedStrike+1","hexamod:BurningTouch","hexamod:ChargedBarrage"],"picked":"SKIP","floor":13},{"not_picked":["hexamod:BacktrackSmack+1","hexamod:RecurringNightmare"],"picked":"hexamod:HauntingEcho+1","floor":14},{"not_picked":["hexamod:NightmareStrike+1","hexamod:BurningTouch","hexamod:SecondSeal"],"picked":"SKIP","floor":15},{"not_picked":["hexamod:VolcanoVisage","hexamod:SixthSeal"],"picked":"hexamod:TimeWarp+1","floor":16},{"not_picked":["hexamod:SkipABeat+1","hexamod:RainOfEmbers+1"],"picked":"hexamod:InspiringFlames+1","floor":19},{"not_picked":["hexamod:AdvancingGuard","hexamod:FastForward"],"picked":"hexamod:FlamesFromBeyond","floor":21},{"not_picked":["hexamod:RainOfEmbers+1","hexamod:BacktrackSmack+1"],"picked":"hexamod:CatchUp+1","floor":22},{"not_picked":["hexamod:VolcanoVisage","hexamod:GhostShield"],"picked":"hexamod:GhostOfSpirePast+1","floor":23},{"not_picked":["hexamod:ShieldOfDarkness+1","hexamod:InspiringFlames","hexamod:GhostShield"],"picked":"SKIP","floor":27},{"not_picked":["hexamod:SuperheatedStrike+1","hexamod:SecondSeal","hexamod:GhostflameBarrier"],"picked":"SKIP","floor":29},{"not_picked":["hexamod:RecurringNightmare","hexamod:FastForward"],"picked":"hexamod:ThermalTransfer+1","floor":32},{"not_picked":["hexamod:TimeOfNeed","hexamod:GhostflameInferno"],"picked":"hexamod:ForkedFlame+1","floor":33},{"not_picked":["hexamod:HeatMetal+1","hexamod:SpectralSpark","hexamod:PhantomCloak"],"picked":"SKIP","floor":36},{"not_picked":["hexamod:HeatMetal+1","hexamod:FastForward"],"picked":"hexamod:GhostOfSpirePast+1","floor":39},{"not_picked":["hexamod:NightmareStrike+1","hexamod:HauntingEcho+1","hexamod:ThermalTransfer+1"],"picked":"SKIP","floor":40},{"not_picked":["hexamod:BacktrackSmack+1","hexamod:ParanormalForm"],"picked":"hexamod:HeatCrush+1","floor":43},{"not_picked":["expansioncontent:GuardianWhirl","expansioncontent:Chronoboost"],"picked":"expansioncontent:AwakenDeath","floor":44},{"not_picked":["hexamod:GhostflameBarrier+1","hexamod:GhostLash+1","hexamod:ParanormalForm"],"picked":"SKIP","floor":48},{"not_picked":["hexamod:SpectersWail+1","hexamod:HeatCrush+1","hexamod:BacktrackSmack+1"],"picked":"SKIP","floor":49}],"player_experience":287817,"relics_obtained":[{"floor":8,"key":"CaptainsWheel"},{"floor":11,"key":"Molten Egg 2"},{"floor":24,"key":"Letter Opener"},{"floor":29,"key":"Akabeko"},{"floor":41,"key":"Regal Pillow"},{"floor":47,"key":"Oddly Smooth Stone"}],"event_choices":[{"damage_healed":0,"gold_gain":0,"player_choice":"Donut","damage_taken":0,"max_hp_gain":5,"max_hp_loss":0,"event_name":"Big Fish","floor":3,"gold_loss":0},{"damage_healed":28,"gold_gain":0,"player_choice":"Heal","damage_taken":0,"max_hp_gain":0,"max_hp_loss":0,"event_name":"The Library","floor":31,"gold_loss":0}],"is_beta":false,"boss_relics":[{"not_picked":["Empty Cage","Coffee Dripper"],"picked":"Velvet Choker"},{"not_picked":["Runic Dome","Tiny House"],"picked":"SlaversCollar"}],"items_purged_floors":[4],"is_endless":false,"potions_floor_spawned":[5,9,11,12,13,15,19,22,29,36,37],"ascension_level":0}}