{"host":"9slw7l0ws16384qq","time":1612947028,"event":{"mods":["A Penny For Your Troubles","BaseMod","Colored Map","Downfall","Evolution","Hubris","Minty Spire (QoL Compilation)","Replay The Spire","StS++","StSLib"],"gold_per_floor":[99,111,125,200,31,41,67,79,91,130,292,335,347,388,418,430,430,430],"floor_reached":16,"language":"FRA","playtime":526,"items_purged":[],"score":195,"play_id":"d77ae381-97e0-4a0a-9d10-d1e51dbcbfcc","local_time":"20210210095028","is_ascension_mode":true,"campfire_choices":[{"data":"Guardian:Defend_Guardian","floor":8,"key":"SMITH"},{"data":"Guardian:Defend_Guardian","floor":13,"key":"SMITH"}],"circlet_count":0,"master_deck":["AscendersBane","Guardian:Strike_Guardian","Guardian:Strike_Guardian","Guardian:Strike_Guardian","Guardian:Strike_Guardian","Guardian:Defend_Guardian","Guardian:Defend_Guardian","Guardian:Defend_Guardian+3","Guardian:CurlUp+1","Guardian:TwinSlam","downfall:Malfunctioning","downfall:Icky"],"relics":["Guardian:ModeShifter","EVO:Axolotl","Simple Rune","MawBank","Question Card","Boot","Dead Branch"],"acts_visited":["Exordium"],"potions_floor_usage":[12,16],"damage_taken":[{"damage":10,"enemies":"2 Louse","floor":2,"turns":3},{"damage":0,"enemies":"Cultist","floor":3,"turns":4},{"damage":0,"enemies":"downfall:FleeingMerchant","floor":5,"turns":4},{"damage":0,"enemies":"Small Slimes","floor":6,"turns":4},{"damage":21,"enemies":"Lagavulin","floor":10,"turns":9},{"damage":13,"enemies":"Gremlin Nob","floor":12,"turns":5},{"damage":12,"enemies":"Lagavulin","floor":14,"turns":9},{"damage":8,"enemies":"Blue Slaver","floor":15,"turns":3},{"damage":16,"enemies":"IC_STATUS_ARCHETYPE","floor":16,"turns":2}],"seed_played":"4455090382199361270","potions_obtained":[{"floor":4,"key":"downfall:CursedFountainPotion"},{"floor":6,"key":"Weak Potion"},{"floor":12,"key":"StSpp:ScatteredPotion"}],"is_trial":false,"path_per_floor":["R_BF","M","M","?","$","M","T","R","?","E","?","E","R","E","M","B"],"character_chosen":"GUARDIAN","items_purchased":["Simple Rune"],"campfire_rested":0,"item_purchase_floors":[5],"current_hp_per_floor":[80,70,70,70,70,70,70,70,70,49,49,36,36,24,16,0,0,0],"gold":430,"neow_bonus":"TEN_PERCENT_HP_BONUS","is_daily":false,"chose_seed":false,"campfire_upgraded":2,"win_rate":0.0,"timestamp":1612947028,"path_taken":["R_BF","M","M","?","$","?","T","R","?","E","?","E","R","E","M","BOSS"],"items_purchased_type":["Relic"],"build_version":"2020-12-22","purchased_purges":0,"victory":false,"max_hp_per_floor":[88,88,88,88,88,88,88,88,88,88,88,88,88,88,88,88,88,88],"card_choices":[{"not_picked":["Guardian:RollAttack","Guardian:PiercingHide","Guardian:PrismaticBeam"],"picked":"SKIP","floor":2},{"not_picked":["Guardian:PrimingBeam","Guardian:PrismaticBeam","Guardian:Emergency"],"picked":"SKIP","floor":3},{"not_picked":["Guardian:Gem_Red","Guardian:PrismaticBarrier","Guardian:Suspension"],"picked":"SKIP","floor":5},{"not_picked":["Guardian:GuardianWhirl","Guardian:Harden","Guardian:BronzeArmor"],"picked":"SKIP","floor":6},{"not_picked":["Guardian:WalkerClaw","Guardian:GatlingBeam","Guardian:ShieldCharger"],"picked":"SKIP","floor":10},{"not_picked":["Guardian:Gem_Crimson","Guardian:AncientConstruct","Guardian:PiercingHide","Guardian:WalkerClaw"],"picked":"SKIP","floor":12},{"not_picked":["Guardian:BodySlam","Guardian:Preprogram","Guardian:TimeCapacitor","Guardian:Repulse"],"picked":"SKIP","floor":14},{"not_picked":["Guardian:Gem_Lightblue","Guardian:PrismaticBarrier","Guardian:EvasiveProtocol","Guardian:CrystalBeam"],"picked":"SKIP","floor":15}],"player_experience":1673511,"relics_obtained":[{"floor":7,"key":"MawBank"},{"floor":10,"key":"Question Card"},{"floor":12,"key":"Boot"},{"floor":14,"key":"Dead Branch"}],"event_choices":[{"cards_removed":["Guardian:Defend_Guardian"],"damage_healed":0,"gold_gain":0,"player_choice":"Card Removal","damage_taken":0,"max_hp_gain":0,"max_hp_loss":0,"event_name":"The Cleric","floor":9,"gold_loss":0}],"is_beta":false,"boss_relics":[],"items_purged_floors":[],"is_endless":false,"potions_floor_spawned":[6,12,14,15],"killed_by":"IC_STATUS_ARCHETYPE","ascension_level":13}}