{"host":"fff5e1uasnm04x18","time":1612986368,"event":{"mods":["BaseMod","Highlight Path","Minty Spire (QoL Compilation)","StSLib"],"gold_per_floor":[116,116,116,128,148,148,148,148,148,173,193,208,223,223,223,320,320,355,391,391],"floor_reached":19,"language":"ENG","playtime":922,"items_purged":[],"score":196,"play_id":"ce2f34c4-619c-4f0d-afba-400b064dff8e","local_time":"20210210144608","daily_mods":["Specialized"],"is_ascension_mode":false,"campfire_choices":[{"data":"BattleHymn","floor":6,"key":"SMITH"},{"data":"SandsOfTime","floor":8,"key":"SMITH"},{"data":"ForeignInfluence","floor":15,"key":"SMITH"}],"circlet_count":0,"master_deck":["Strike_P","Strike_P","Strike_P","Defend_P","Defend_P+1","Defend_P+1","Defend_P","Eruption","Vigilance","FollowUp","FollowUp","FollowUp","FollowUp","FollowUp","BattleHymn+1","Brilliance+1","SandsOfTime+1","WreathOfFlame","ForeignInfluence+1","Worship","Wish"],"relics":["PureWater","Anchor","War Paint","Runic Pyramid"],"acts_visited":["Exordium","TheCity"],"potions_floor_usage":[18],"damage_taken":[{"damage":0,"enemies":"2 Louse","floor":1,"turns":2},{"damage":1,"enemies":"Jaw Worm","floor":4,"turns":3},{"damage":0,"enemies":"Cultist","floor":5,"turns":3},{"damage":14,"enemies":"Gremlin Nob","floor":10,"turns":3},{"damage":0,"enemies":"2 Fungi Beasts","floor":11,"turns":2},{"damage":10,"enemies":"Lots of Slimes","floor":12,"turns":3},{"damage":0,"enemies":"3 Louse","floor":13,"turns":3},{"damage":33,"enemies":"The Guardian","floor":16,"turns":6},{"damage":31,"enemies":"2 Thieves","floor":18,"turns":4},{"damage":10,"enemies":"3 Byrds","floor":19,"turns":6}],"seed_played":"-1178375438995345956","potions_obtained":[{"floor":1,"key":"PowerPotion"},{"floor":5,"key":"SteroidPotion"},{"floor":11,"key":"Strength Potion"},{"floor":13,"key":"LiquidBronze"}],"is_trial":true,"path_per_floor":["M","?","?","M","M","R","?","R","T","E","M","M","M","?","R","B",null,"M","M"],"character_chosen":"WATCHER","items_purchased":[],"campfire_rested":0,"item_purchase_floors":[],"current_hp_per_floor":[72,65,65,64,64,64,64,64,64,50,50,40,40,72,72,39,72,41,31,31],"gold":391,"neow_bonus":"","is_daily":false,"chose_seed":false,"campfire_upgraded":3,"win_rate":0.0,"timestamp":1612986368,"path_taken":["M","?","?","?","M","R","?","R","T","E","?","M","M","?","R","BOSS","M","?"],"items_purchased_type":[],"build_version":"2020-12-22","purchased_purges":0,"victory":false,"max_hp_per_floor":[72,72,72,72,72,72,72,72,72,72,72,72,72,72,72,72,72,72,72,72],"card_choices":[{"not_picked":["Perseverance","Consecrate"],"picked":"BattleHymn","floor":1},{"not_picked":["Evaluate","Consecrate"],"picked":"SandsOfTime","floor":4},{"not_picked":["FlurryOfBlows","SashWhip","EmptyFist"],"picked":"SKIP","floor":5},{"not_picked":["BowlingBash","FlurryOfBlows","ClearTheMind"],"picked":"SKIP","floor":10},{"not_picked":["Indignation","TalkToTheHand"],"picked":"WreathOfFlame","floor":11},{"not_picked":["Indignation","SashWhip"],"picked":"ForeignInfluence","floor":12},{"not_picked":["TalkToTheHand","FlyingSleeves"],"picked":"Worship","floor":13},{"not_picked":["Blasphemy","DeusExMachina"],"picked":"Wish","floor":16},{"not_picked":["SashWhip+1","Protect","FlyingSleeves"],"picked":"SKIP","floor":18}],"player_experience":566723,"relics_obtained":[{"floor":9,"key":"Anchor"},{"floor":10,"key":"War Paint"}],"event_choices":[{"cards_removed":["Strike_P"],"damage_healed":0,"gold_gain":0,"player_choice":"Card Removal","damage_taken":7,"max_hp_gain":0,"max_hp_loss":0,"event_name":"Golden Wing","floor":2,"gold_loss":0},{"damage_healed":0,"gold_gain":0,"player_choice":"2 cards matched","damage_taken":0,"max_hp_gain":0,"max_hp_loss":0,"event_name":"Match and Keep!","floor":3,"gold_loss":0,"cards_obtained":["SandsOfTime","Brilliance"]},{"damage_healed":0,"gold_gain":0,"player_choice":"Upgraded","damage_taken":0,"max_hp_gain":0,"max_hp_loss":0,"event_name":"Upgrade Shrine","floor":7,"gold_loss":0,"cards_upgraded":["Brilliance"]},{"cards_removed":["SandsOfTime"],"damage_healed":32,"gold_gain":0,"player_choice":"Offered Uncommon","damage_taken":0,"max_hp_gain":0,"max_hp_loss":0,"event_name":"Bonfire Elementals","floor":14,"gold_loss":0}],"is_beta":false,"boss_relics":[{"not_picked":["SacredBark","Calling Bell"],"picked":"Runic Pyramid"}],"items_purged_floors":[],"is_endless":false,"potions_floor_spawned":[1,5,11,13],"killed_by":"3 Byrds","ascension_level":0}}