{"host":"y0i0tbisecj7yjyn","time":1612925337,"event":{"mods":["2.2 Compatiblity","A Penny For Your Troubles","AchievementEnabler","AlwaysNeverKeys","BaseMod","BetterRewards","Colored Map","Colored Powertips","Consume Value Calculator","Curses Come First","Dark Map","Disable Question Mark Monsters","Displayed Cursed Tome","Highlight Path","Keyboard Shortcuts","Minty Spire (QoL Compilation)","Quick Restart","Random Character Button","Rare Cards Sparkle","Relic Sorter","StSLib","SuperFastMode","Transform Curses","Weighted Paths"],"gold_per_floor":[112,132,132,132,132,161,161,179,179,179,179],"floor_reached":10,"language":"ENG","playtime":287,"items_purged":[],"score":79,"play_id":"9e3fc060-2700-419f-a516-80e0307f06e3","local_time":"20210209204857","is_ascension_mode":true,"campfire_choices":[],"circlet_count":0,"master_deck":["Strike_B","Strike_B","Strike_B","Strike_B","Defend_B","Defend_B","Defend_B","Defend_B+1","Zap","Dualcast+1","Buffer","Ball Lightning","Capacitor","Regret","Storm","Heatsinks"],"relics":["Cracked Core","PreservedInsect","Smiling Mask","Meat on the Bone"],"acts_visited":["Exordium"],"potions_floor_usage":[6,10,10],"damage_taken":[{"damage":0,"enemies":"Cultist","floor":1,"turns":3},{"damage":0,"enemies":"Small Slimes","floor":2,"turns":3},{"damage":20,"enemies":"3 Sentries","floor":6,"turns":5},{"damage":9,"enemies":"2 Louse","floor":8,"turns":2},{"damage":32,"enemies":"Lagavulin","floor":10,"turns":3}],"seed_played":"866188634703921084","potions_obtained":[{"floor":1,"key":"ColorlessPotion"},{"floor":7,"key":"PowerPotion"},{"floor":7,"key":"FearPotion"},{"floor":7,"key":"FearPotion"}],"is_trial":false,"path_per_floor":["M","M","?","?","?","E","?","M","T","E"],"character_chosen":"DEFECT","items_purchased":[],"campfire_rested":0,"item_purchase_floors":[],"current_hp_per_floor":[75,75,75,75,60,40,40,31,31,0,0],"gold":179,"neow_bonus":"ONE_RANDOM_RARE_CARD","is_daily":false,"chose_seed":false,"campfire_upgraded":0,"win_rate":0.0,"timestamp":1612925337,"path_taken":["M","?","?","?","?","E","?","M","T","E"],"items_purchased_type":[],"build_version":"2020-12-22","purchased_purges":0,"victory":false,"max_hp_per_floor":[75,75,75,75,75,75,75,75,75,75,75],"card_choices":[{"not_picked":["Double Energy","Streamline"],"picked":"Ball Lightning","floor":1},{"not_picked":["Steam","Glacier"],"picked":"Capacitor","floor":2},{"not_picked":["Gash","Beam Cell"],"picked":"Storm","floor":6},{"not_picked":["Steam","Gash"],"picked":"Heatsinks","floor":8}],"player_experience":414508,"relics_obtained":[{"floor":6,"key":"Smiling Mask"},{"floor":9,"key":"Meat on the Bone"}],"event_choices":[{"damage_healed":0,"gold_gain":0,"player_choice":"Leave","damage_taken":0,"max_hp_gain":0,"max_hp_loss":0,"event_name":"The Cleric","floor":3,"gold_loss":0},{"damage_healed":0,"gold_gain":0,"player_choice":"Box","damage_taken":0,"relics_obtained":["PreservedInsect"],"max_hp_gain":0,"max_hp_loss":0,"event_name":"Big Fish","floor":4,"gold_loss":0,"cards_obtained":["Regret"]},{"damage_healed":0,"gold_gain":0,"player_choice":"Entered Light","damage_taken":15,"max_hp_gain":0,"max_hp_loss":0,"event_name":"Shining Light","floor":5,"gold_loss":0,"cards_upgraded":["Dualcast","Defend_B"]},{"damage_healed":0,"gold_gain":0,"player_choice":"Got Potions","damage_taken":0,"max_hp_gain":0,"max_hp_loss":0,"event_name":"Lab","floor":7,"gold_loss":0}],"is_beta":false,"boss_relics":[],"items_purged_floors":[],"is_endless":false,"potions_floor_spawned":[1,8],"killed_by":"Lagavulin","ascension_level":4}}