{"host":"hbvn1mkfq2iixsau","time":1612957301,"event":{"mods":["AchievementEnabler","Act Like it!","BaseMod","Better Altar","Better Match","Better Sensory Stone","Better Skull","Better Third Choice","Colored Map","Downfall","Minty Spire (QoL Compilation)","Quick Restart","Relic Stats","Shop Mod","StSLib"],"gold_per_floor":[99,99,274,274,274,306,355,390,410,443,343,353,353,11,31,134,134,134,151,164,5,25,60,60,90,109,9,23,58,58,58,78,180,180,180,195,205,223,205,237,261,296,196,196,276,308,323,340,358,358,358,383,21,21,21,21],"floor_reached":57,"language":"ENG","playtime":5471,"items_purged":["Doubt","Slimebound:CorrosiveSpit"],"score":1575,"play_id":"79b47045-6a9f-4019-9c0d-428c5ff065d3","local_time":"20210210134141","is_ascension_mode":true,"campfire_choices":[{"data":"Slimebound:Split","floor":1.0,"key":"SMITH"},{"data":"Slimebound:SplitAcid","floor":11.0,"key":"SMITH"},{"data":"Slimebound:SlimeTap","floor":13.0,"key":"SMITH"},{"data":"Slimebound:MassRepurpose","floor":18.0,"key":"SMITH"},{"data":"expansioncontent:StudyTheSpire","floor":27.0,"key":"SMITH"},{"floor":30.0,"key":"REST"},{"floor":35.0,"key":"RECALL"},{"data":"Apotheosis","floor":43.0,"key":"SMITH"},{"floor":54.0,"key":"REST"}],"circlet_count":0,"master_deck":["Slimebound:Tackle+1","Slimebound:Split+1","Slimebound:SplitLeeching","Slimebound:SplitLeeching","Slimebound:SlimeTap+1","Slimebound:SplitAcid+1","Slimebound:SplitLeeching","Slimebound:Repurpose","expansioncontent:StudyTheSpire+1","Slimebound:SplitLeeching","Slimebound:MassRepurpose+1","Slimebound:SplitMire","Slimebound:RallyTheTroops","Slimebound:SplitLeeching","Slimebound:SplitBruiser","Slimebound:SplitBruiser","Slimebound:Darklings","Flash of Steel","Apotheosis+1","Slimebound:DivideAndConquer","Slimebound:Overexert","Slimebound:FirmFortitude","Slimebound:WasteNot","Slimebound:SlimeSpikes","Slimebound:RainOfGoop","Slimebound:Schlurp","Slimebound:LivingWall","Slimebound:Chomp+1","Slimebound:SplitBruiser+1","Slimebound:SlimeBrawl+1","expansioncontent:StudyTheSpire+1","Slimebound:ProtectTheBoss","Slimebound:Darklings+1","Slimebound:SplitBruiser+1","Slimebound:Overexert","expansioncontent:QuickStudy+1","expansioncontent:AwakenDeath"],"relics":["Slimebound:AbsorbEndCombat","downfall:HeartsMalice","Slimebound:SlimedTailRelic","Slimebound:MaxSlimesRelic","Art of War","Bronze Scales","downfall:HeartBlessingGreen","MerchantsRug","Black Star","Slimebound:PreparedRelic","CaptainsWheel","Ice Cream","downfall:HeartBlessingBlue","Slimebound:SlimedSkullRelic","TungstenRod","Nunchaku","Du-Vu Doll","downfall:HeartBlessingRed","Ornamental Fan","Bag of Marbles","Whetstone","StoneCalendar","Blood Vial","Oddly Smooth Stone","Bag of Preparation"],"acts_visited":["Exordium","TheCity","TheBeyond","TheEnding"],"potions_floor_usage":[],"damage_taken":[{"damage":0.0,"enemies":"Jaw Worm","floor":2.0,"turns":1.0},{"damage":0.0,"enemies":"Small Slimes","floor":5.0,"turns":1.0},{"damage":0.0,"enemies":"Lagavulin","floor":6.0,"turns":1.0},{"damage":19.0,"enemies":"3 Sentries","floor":8.0,"turns":10.0},{"damage":0.0,"enemies":"2 Louse","floor":9.0,"turns":3.0},{"damage":12.0,"enemies":"Lagavulin","floor":10.0,"turns":7.0},{"damage":4.0,"enemies":"Exordium Thugs","floor":12.0,"turns":3.0},{"damage":0.0,"enemies":"downfall:FleeingMerchant","floor":14.0,"turns":4.0},{"damage":6.0,"enemies":"2 Fungi Beasts","floor":15.0,"turns":3.0},{"damage":21.0,"enemies":"DF_ARCHETYPE_STREAMLINE","floor":16.0,"turns":9.0},{"damage":5.0,"enemies":"Spheric Guardian","floor":19.0,"turns":4.0},{"damage":0.0,"enemies":"Chosen","floor":20.0,"turns":3.0},{"damage":3.0,"enemies":"downfall:FleeingMerchant","floor":21.0,"turns":4.0},{"damage":8.0,"enemies":"Sentry and Sphere","floor":22.0,"turns":4.0},{"damage":34.0,"enemies":"Slavers","floor":23.0,"turns":4.0},{"damage":3.0,"enemies":"Book of Stabbing","floor":25.0,"turns":5.0},{"damage":7.0,"enemies":"Snake Plant","floor":26.0,"turns":3.0},{"damage":0.0,"enemies":"Snecko","floor":28.0,"turns":3.0},{"damage":15.0,"enemies":"Slavers","floor":29.0,"turns":3.0},{"damage":0.0,"enemies":"Centurion and Healer","floor":32.0,"turns":4.0},{"damage":6.0,"enemies":"SI_MIRROR_ARCHETYPE","floor":33.0,"turns":5.0},{"damage":0.0,"enemies":"Orb Walker","floor":36.0,"turns":3.0},{"damage":3.0,"enemies":"3 Darklings","floor":37.0,"turns":3.0},{"damage":14.0,"enemies":"4 Shapes","floor":38.0,"turns":3.0},{"damage":0.0,"enemies":"downfall:FleeingMerchant","floor":39.0,"turns":3.0},{"damage":0.0,"enemies":"Reptomancer","floor":40.0,"turns":2.0},{"damage":0.0,"enemies":"Giant Head","floor":42.0,"turns":4.0},{"damage":0.0,"enemies":"Giant Head","floor":44.0,"turns":3.0},{"damage":0.0,"enemies":"Nemesis","floor":46.0,"turns":3.0},{"damage":14.0,"enemies":"Writhing Mass","floor":47.0,"turns":3.0},{"damage":15.0,"enemies":"Spire Growth","floor":48.0,"turns":3.0},{"damage":14.0,"enemies":"4 Shapes","floor":49.0,"turns":2.0},{"damage":25.0,"enemies":"WA_ARCHETYPE_DIVINITY","floor":50.0,"turns":7.0},{"damage":30.0,"enemies":"downfall:CharBossMerchant","floor":52.0,"turns":5.0},{"damage":19.0,"enemies":"downfall:NeowBoss","floor":55.0,"turns":10.0},{"damage":33,"enemies":"downfall:NeowBossFinal","floor":56,"turns":7}],"seed_played":"-7465329720713662108","potions_obtained":[{"floor":6.0,"key":"Dexterity Potion"},{"floor":8.0,"key":"bronze:BurnAndBuffPotion"},{"floor":16.0,"key":"sneckomod:MuddlingPotion"},{"floor":22.0,"key":"DistilledChaos"},{"floor":23.0,"key":"Swift Potion"},{"floor":25.0,"key":"EntropicBrew"},{"floor":32.0,"key":"Energy Potion"},{"floor":36.0,"key":"champ:CounterPotion"},{"floor":40.0,"key":"Explosive Potion"},{"floor":46.0,"key":"Regen Potion"}],"is_trial":false,"path_per_floor":["R","M","?","?","M","E","T","E","M","E","R","M","R","$","M","B",null,"R","M","M","$","M","E","T","E","M","R","M","E","R","?","M","B",null,"R","M","M","M","$","E","T","E","R","?","?","E","M","M","M","B",null,"E","$","R","B","B",null],"character_chosen":"SLIMEBOUND","items_purchased":["expansioncontent:StudyTheSpire","MerchantsRug","Slimebound:RallyTheTroops","expansioncontent:StudyTheSpire+1","Slimebound:ProtectTheBoss","expansioncontent:QuickStudy","expansioncontent:AwakenDeath","Oddly Smooth Stone","Strength Potion","Bag of Preparation"],"campfire_rested":2,"item_purchase_floors":[14,14,21,39,39,53,53,53,53,53],"current_hp_per_floor":[65,65,65,65,65,65,65,48,50,44,44,40,40,46,42,29,65,65,60,65,64,56,24,24,25,18,28,28,13,35,35,37,33,75,75,75,73,61,63,65,65,77,77,83,83,85,73,60,46,40,85,57,57,82,72,41],"gold":21,"neow_bonus":"THREE_ENEMY_KILL","is_daily":false,"chose_seed":false,"campfire_upgraded":6,"win_rate":0.0,"timestamp":1612957301,"path_taken":["R","M","?","?","?","E","T","E","M","E","R","M","R","$","M","BOSS","R","M","M","$","M","E","T","E","M","R","M","E","R","?","M","BOSS","R","M","M","M","$","E","T","E","R","?","?","E","?","M","M","BOSS","E","$","R","BOSS","BOSS"],"items_purchased_type":["Card","Relic","Card","Card","Card","Card","Card","Relic","Potion","Relic"],"build_version":"2020-12-22","purchased_purges":2,"victory":true,"max_hp_per_floor":[65,65,65,65,65,65,65,65,65,65,65,65,65,65,65,65,65,65,65,65,65,65,65,65,65,65,75,75,75,75,75,75,75,75,75,75,75,75,75,75,75,85,85,85,85,85,85,85,85,85,85,85,85,85,85,85],"relic_stats":{"Blood Vial":4,"Nunchaku":[3],"counters":[36,137],"Ornamental Fan":[8],"Bronze Scales":[267],"StoneCalendar":[52],"Art of War":[52],"Black Star":7,"Bag of Preparation":[4],"Whetstone":["Slimebound:Chomp","Slimebound:Tackle"],"obtain_stats":[{"Ice Cream":25,"Gremlin Horn":8,"downfall:HeartBlessingGreen":11,"StoneCalendar":52,"Bag of Preparation":53,"Whetstone":46,"Blood Vial":52,"Nunchaku":41,"Slimebound:MaxSlimesRelic":6,"downfall:HeartBlessingBlue":27,"Toxic Egg 2":40,"MerchantsRug":14,"Pear":42,"downfall:HeartBlessingRed":43,"Oddly Smooth Stone":53,"downfall:HeartsMalice":0,"PreservedInsect":23,"Du-Vu Doll":42,"CaptainsWheel":25,"Ornamental Fan":45,"Bronze Scales":10,"Pandora\u0027s Box":34,"Slimebound:PreparedRelic":23,"Slimebound:AbsorbEndCombat":0,"Art of War":7,"Black Star":17,"Bag of Marbles":46,"Bottled Lightning":29,"Slimebound:SlimedTailRelic":4,"Slimebound:SlimedSkullRelic":29,"TungstenRod":40},{"Ice Cream":16,"Gremlin Horn":4,"downfall:HeartBlessingGreen":6,"StoneCalendar":34,"Bag of Preparation":34,"Whetstone":29,"Blood Vial":34,"Nunchaku":26,"Slimebound:MaxSlimesRelic":3,"downfall:HeartBlessingBlue":17,"Toxic Egg 2":26,"MerchantsRug":8,"Pear":27,"downfall:HeartBlessingRed":27,"Oddly Smooth Stone":34,"downfall:HeartsMalice":0,"PreservedInsect":15,"Du-Vu Doll":27,"CaptainsWheel":16,"Ornamental Fan":28,"Bronze Scales":6,"Pandora\u0027s Box":21,"Slimebound:PreparedRelic":15,"Slimebound:AbsorbEndCombat":0,"Art of War":3,"Black Star":10,"Bag of Marbles":29,"Bottled Lightning":19,"Slimebound:SlimedTailRelic":1,"Slimebound:SlimedSkullRelic":19,"TungstenRod":26},{"Ice Cream":60,"Gremlin Horn":10,"downfall:HeartBlessingGreen":20,"StoneCalendar":120,"Bag of Preparation":120,"Whetstone":100,"Blood Vial":120,"Nunchaku":91,"Slimebound:MaxSlimesRelic":0,"downfall:HeartBlessingBlue":63,"Toxic Egg 2":91,"MerchantsRug":27,"Pear":95,"downfall:HeartBlessingRed":95,"Oddly Smooth Stone":120,"downfall:HeartsMalice":0,"PreservedInsect":56,"Du-Vu Doll":95,"CaptainsWheel":60,"Ornamental Fan":97,"Bronze Scales":20,"Pandora\u0027s Box":78,"Slimebound:PreparedRelic":56,"Slimebound:AbsorbEndCombat":0,"Art of War":0,"Black Star":38,"Bag of Marbles":100,"Bottled Lightning":69,"Slimebound:SlimedTailRelic":0,"Slimebound:SlimedSkullRelic":69,"TungstenRod":91}],"TungstenRod":16},"card_choices":[{"not_picked":["Slimebound:ViciousTackle","Slimebound:DivideAndConquer"],"picked":"Slimebound:SplitLeeching","floor":2.0},{"not_picked":["Slimebound:Gluttony","Slimebound:PressTheAttack"],"picked":"Slimebound:SplitLeeching","floor":5.0},{"not_picked":["Slimebound:RollThrough","Slimebound:FlameTackle","Slimebound:RainOfGoop"],"picked":"SKIP","floor":6.0},{"not_picked":["Slimebound:ForwardTackle","Slimebound:Equalize"],"picked":"Slimebound:SlimeTap","floor":8.0},{"not_picked":["Slimebound:HauntingLick","Slimebound:LeechEnergy"],"picked":"Slimebound:SplitAcid","floor":9.0},{"not_picked":["Slimebound:Recycling","Slimebound:ItLooksTasty"],"picked":"Slimebound:SplitLeeching","floor":10.0},{"not_picked":["Slimebound:Equalize","Slimebound:PressTheAttack","Slimebound:Gluttony"],"picked":"SKIP","floor":12.0},{"not_picked":["Slimebound:RollThrough","Slimebound:ForwardTackle"],"picked":"Slimebound:Repurpose","floor":14.0},{"not_picked":["Slimebound:Schlurp","Slimebound:DivideAndConquer"],"picked":"Slimebound:SplitLeeching","floor":15.0},{"not_picked":["Slimebound:PrepareCrush","Slimebound:WasteNot"],"picked":"Slimebound:MassRepurpose","floor":16.0},{"not_picked":["Slimebound:ComboTackle","Slimebound:SlimeTap"],"picked":"Slimebound:SplitMire","floor":19.0},{"not_picked":["Slimebound:ServeAndProtect+1","Slimebound:GrowthPunch","Slimebound:ItLooksTasty"],"picked":"SKIP","floor":20.0},{"not_picked":["Slimebound:Grow","Slimebound:LeechingTouch","Slimebound:SplitLeeching"],"picked":"SKIP","floor":21.0},{"not_picked":["Slimebound:ComboTackle","Slimebound:Schlurp","Slimebound:RollThrough"],"picked":"SKIP","floor":22.0},{"not_picked":["Slimebound:Prepare","Slimebound:ForwardTackle"],"picked":"Slimebound:SplitLeeching","floor":23.0},{"not_picked":["Slimebound:Replication","Slimebound:SpikyOuterGoop","Slimebound:PrepareCrush"],"picked":"SKIP","floor":25.0},{"not_picked":["Slimebound:SplitLeeching","Slimebound:SamplingLick"],"picked":"Slimebound:SplitBruiser","floor":26.0},{"not_picked":["Slimebound:PressTheAttack","Slimebound:TongueLash"],"picked":"Slimebound:SplitBruiser","floor":28.0},{"not_picked":["Slimebound:ItLooksTasty","Slimebound:ProtectTheBoss"],"picked":"Slimebound:Darklings","floor":29.0},{"not_picked":["Magnetism","Forethought"],"picked":"Flash of Steel","floor":31.0},{"not_picked":["PanicButton","Panache"],"picked":"Apotheosis","floor":31.0},{"not_picked":["Slimebound:Schlurp","Slimebound:RollThrough"],"picked":"Slimebound:DivideAndConquer","floor":32.0},{"not_picked":["Slimebound:Darklings","Slimebound:SlimeSlap"],"picked":"Slimebound:Overexert","floor":33.0},{"not_picked":["Slimebound:PressTheAttack","Slimebound:TongueLash"],"picked":"Slimebound:SplitBruiser+1","floor":36.0},{"not_picked":["Slimebound:SlimeSpikes","Slimebound:RejuvenatingLick","Slimebound:HauntingLick"],"picked":"SKIP","floor":37.0},{"not_picked":["Slimebound:HauntingLick","Slimebound:Nibble+1"],"picked":"Slimebound:SlimeBrawl+1","floor":38.0},{"not_picked":["Slimebound:Schlurp","Slimebound:Prepare","Slimebound:LeechEnergy"],"picked":"SKIP","floor":39.0},{"not_picked":["Slimebound:ProtectTheBoss+1","Slimebound:Equalize+1"],"picked":"Slimebound:Darklings+1","floor":40.0},{"not_picked":["Slimebound:Nibble","Slimebound:DisruptingSlam+1","Slimebound:PressTheAttack"],"picked":"SKIP","floor":42.0},{"not_picked":["Slimebound:ItLooksTasty+1","Slimebound:SamplingLick+1","Slimebound:Repurpose+1"],"picked":"SKIP","floor":46.0},{"not_picked":["Slimebound:SlimeSpikes+1","Slimebound:ComboTackle+1","Slimebound:FlameTackle+1"],"picked":"SKIP","floor":47.0},{"not_picked":["Slimebound:RollThrough","Slimebound:GrowthPunch+1"],"picked":"Slimebound:SplitBruiser+1","floor":48.0},{"not_picked":["Slimebound:SpikyOuterGoop+1","Slimebound:SamplingLick+1","Slimebound:Gluttony"],"picked":"SKIP","floor":49.0},{"not_picked":["Slimebound:SamplingLick+1","Slimebound:ProtectTheBoss+1"],"picked":"Slimebound:Overexert","floor":52.0}],"player_experience":338196,"relics_obtained":[{"floor":6.0,"key":"Slimebound:MaxSlimesRelic"},{"floor":7.0,"key":"Art of War"},{"floor":8.0,"key":"Gremlin Horn"},{"floor":10.0,"key":"Bronze Scales"},{"floor":23.0,"key":"PreservedInsect"},{"floor":23.0,"key":"Slimebound:PreparedRelic"},{"floor":25.0,"key":"CaptainsWheel"},{"floor":25.0,"key":"Ice Cream"},{"floor":29.0,"key":"Bottled Lightning"},{"floor":29.0,"key":"Slimebound:SlimedSkullRelic"},{"floor":40.0,"key":"Toxic Egg 2"},{"floor":40.0,"key":"TungstenRod"},{"floor":41.0,"key":"Nunchaku"},{"floor":42.0,"key":"Pear"},{"floor":42.0,"key":"Du-Vu Doll"},{"floor":45.0,"key":"Ornamental Fan"},{"floor":46.0,"key":"Bag of Marbles"},{"floor":46.0,"key":"Whetstone"},{"floor":52.0,"key":"StoneCalendar"},{"floor":52.0,"key":"Blood Vial"}],"event_choices":[{"damage_healed":0.0,"max_hp_gain":0.0,"max_hp_loss":0.0,"gold_gain":2.0,"event_name":"betterStone:BetterStone","player_choice":"1","floor":31.0,"gold_loss":0.0,"damage_taken":0.0}],"is_beta":false,"boss_relics":[{"not_picked":["Runic Pyramid","Empty Cage"],"picked":"Black Star"},{"not_picked":["Busted Crown","bronze:MakeshiftBattery"],"picked":"Pandora\u0027s Box"}],"items_purged_floors":[39,53],"is_endless":false,"potions_floor_spawned":[6,8,16,20,22,23,25,32,36,40,42,46,48],"ascension_level":1}}