{"host":"at5b10nm0iti0w4x","time":1612915396,"event":{"mods":["2.2 Compatiblity","AchievementEnabler","BaseMod","Bestiary","Block Reminder","Colored Map","Colored Powertips","Highlight Path","Keyboard Shortcuts","Minty Spire (QoL Compilation)","Relic Stats","Slay the Relics Exporter","StSLib","SuperFastMode","Unknown Chances"],"gold_per_floor":[116,116,116,66,79,79,154,169,169,169,183,183,203,220,220,315,315,333,333,333],"floor_reached":19,"language":"ENG","playtime":411,"items_purged":[],"score":159,"play_id":"b7106a58-5274-4f51-88f4-4a295fa3a69c","local_time":"20210209190316","is_ascension_mode":false,"campfire_choices":[{"data":"Armaments","floor":6,"key":"SMITH"},{"data":"Uppercut","floor":10,"key":"SMITH"},{"floor":12,"key":"REST"},{"data":"Flame Barrier","floor":15,"key":"SMITH"}],"circlet_count":0,"master_deck":["Strike_R","Strike_R","Strike_R","Strike_R","Strike_R","Defend_R+1","Defend_R","Defend_R","Defend_R","Bash+1","Uppercut+1","Armaments+1","Cleave","Disarm","Flame Barrier+1","Perfected Strike","Clothesline","Demon Form","Burning Pact"],"relics":["Cursed Key","Smiling Mask"],"acts_visited":["Exordium","TheCity"],"potions_floor_usage":[],"damage_taken":[{"damage":3,"enemies":"Jaw Worm","floor":1,"turns":3},{"damage":0,"enemies":"2 Louse","floor":5,"turns":2},{"damage":0,"enemies":"Small Slimes","floor":8,"turns":2},{"damage":8,"enemies":"3 Louse","floor":11,"turns":3},{"damage":0,"enemies":"Lots of Slimes","floor":13,"turns":2},{"damage":10,"enemies":"Exordium Thugs","floor":14,"turns":3},{"damage":23,"enemies":"Hexaghost","floor":16,"turns":8},{"damage":17,"enemies":"Spheric Guardian","floor":18,"turns":5}],"seed_played":"-7520277627225565436","potions_obtained":[{"floor":5,"key":"LiquidMemories"},{"floor":8,"key":"LiquidBronze"},{"floor":13,"key":"Explosive Potion"}],"is_trial":false,"path_per_floor":["M","?","?","$","M","R","?","M","T","R","M","R","M","M","R","B",null,"M","?"],"character_chosen":"IRONCLAD","items_purchased":["Armaments"],"campfire_rested":1,"item_purchase_floors":[4],"current_hp_per_floor":[77,82,65,65,65,65,54,54,54,54,46,71,71,61,61,38,85,68,68,68],"gold":333,"neow_bonus":"BOSS_RELIC","is_daily":false,"chose_seed":false,"campfire_upgraded":3,"win_rate":0.0,"timestamp":1612915396,"path_taken":["M","?","?","$","M","R","?","M","T","R","M","R","M","M","R","BOSS","M","?"],"items_purchased_type":["Card"],"build_version":"2020-12-22","purchased_purges":0,"victory":false,"max_hp_per_floor":[80,85,85,85,85,85,85,85,85,85,85,85,85,85,85,85,85,85,85,85],"relic_stats":{"counters":[8,28],"Cursed Key":0,"Smiling Mask":0,"obtain_stats":[{"Cursed Key":0,"Smiling Mask":19,"Burning Blood":0},{"Cursed Key":0,"Smiling Mask":8,"Burning Blood":0},{"Cursed Key":0,"Smiling Mask":28,"Burning Blood":0}]},"card_choices":[{"not_picked":["Anger","Headbutt"],"picked":"Uppercut","floor":1},{"not_picked":["Feel No Pain","Dark Embrace"],"picked":"Cleave","floor":5},{"not_picked":["Combust","Shockwave"],"picked":"Disarm","floor":8},{"not_picked":["Iron Wave","Pommel Strike"],"picked":"Flame Barrier","floor":11},{"not_picked":["Cleave","Heavy Blade"],"picked":"Perfected Strike","floor":13},{"not_picked":["Burning Pact","Iron Wave"],"picked":"Clothesline","floor":14},{"not_picked":["Double Tap","Offering"],"picked":"Demon Form","floor":16},{"not_picked":["Thunderclap","Wild Strike+1"],"picked":"Burning Pact","floor":18}],"player_experience":86196,"relics_obtained":[],"event_choices":[{"damage_healed":0,"gold_gain":0,"player_choice":"Donut","damage_taken":0,"max_hp_gain":5,"max_hp_loss":0,"event_name":"Big Fish","floor":2,"gold_loss":0},{"damage_healed":0,"gold_gain":0,"player_choice":"Entered Light","damage_taken":17,"max_hp_gain":0,"max_hp_loss":0,"event_name":"Shining Light","floor":3,"gold_loss":0,"cards_upgraded":["Bash","Defend_R"]},{"damage_healed":0,"gold_gain":75,"player_choice":"Gather Gold","damage_taken":11,"max_hp_gain":0,"max_hp_loss":0,"event_name":"World of Goop","floor":7,"gold_loss":0},{"damage_healed":0,"gold_gain":0,"player_choice":"Opened","damage_taken":0,"relics_obtained":["Smiling Mask"],"max_hp_gain":0,"max_hp_loss":0,"event_name":"The Mausoleum","floor":19,"gold_loss":0}],"is_beta":false,"boss_relics":[{"not_picked":["Coffee Dripper","Empty Cage","Pandora\u0027s Box"]}],"items_purged_floors":[],"is_endless":false,"potions_floor_spawned":[5,8,13,16],"ascension_level":0}}