{"host":"sutwlwo4qckeqch7","time":1612992744,"event":{"mods":["AchievementEnabler","BaseMod","BetterRewards","Colored Map","Minty Spire (QoL Compilation)","StSLib"],"gold_per_floor":[116,41,61,75,45,77,77,87,87,87,101,101,101,167,167,167,167],"floor_reached":16,"language":"ENG","playtime":535,"items_purged":["Strike_G"],"score":115,"play_id":"0bed92d9-1256-4f96-8840-87e138b664a0","local_time":"20210210153224","is_ascension_mode":true,"campfire_choices":[{"data":"Footwork","floor":7,"key":"SMITH"},{"data":"Catalyst","floor":12,"key":"SMITH"},{"data":"Deadly Poison","floor":15,"key":"SMITH"}],"circlet_count":0,"master_deck":["Strike_G","Strike_G","Strike_G","Strike_G","Defend_G","Defend_G","Defend_G","Defend_G","Defend_G","Survivor","Neutralize","Underhanded Strike","Deadly Poison+1","Leg Sweep","Footwork+1","Backflip","Catalyst+1"],"relics":["Coffee Dripper","Snake Skull","Molten Egg 2","WingedGreaves"],"acts_visited":[],"potions_floor_usage":[],"damage_taken":[{"damage":0.0,"enemies":"Cultist","floor":1.0,"turns":4.0},{"damage":4,"enemies":"2 Louse","floor":3,"turns":2},{"damage":10,"enemies":"Small Slimes","floor":4,"turns":5},{"damage":1,"enemies":"Looter","floor":5,"turns":4},{"damage":36,"enemies":"3 Sentries","floor":6,"turns":15},{"damage":4,"enemies":"Large Slime","floor":8,"turns":10},{"damage":0,"enemies":"Blue Slaver","floor":11,"turns":4},{"damage":12,"enemies":"Slime Boss","floor":16,"turns":6}],"seed_played":"4518018535161918321","potions_obtained":[{"floor":1.0,"key":"GamblersBrew"}],"is_trial":false,"path_per_floor":["M","$","M","M","M","E","R","M","T","?","M","R","?","?","R","B"],"character_chosen":"THE_SILENT","items_purchased":[],"campfire_rested":0,"item_purchase_floors":[],"current_hp_per_floor":[70,70,66,56,55,19,19,15,15,15,15,15,15,15,15,3,3],"gold":167,"neow_bonus":"BOSS_RELIC","is_daily":false,"chose_seed":false,"campfire_upgraded":3,"win_rate":0.0,"timestamp":1612992744,"path_taken":["M","$","M","?","M","E","R","M","T","?","?","R","?","?","R","BOSS"],"items_purchased_type":[],"build_version":"2020-12-22","purchased_purges":1,"victory":false,"max_hp_per_floor":[70,70,70,70,70,70,70,70,70,70,70,70,70,70,70,70,70],"card_choices":[{"not_picked":["Eviscerate","Prepared"],"picked":"Underhanded Strike","floor":1.0},{"not_picked":["Endless Agony","Backflip"],"picked":"Deadly Poison","floor":3},{"not_picked":["Dagger Spray","Endless Agony"],"picked":"Leg Sweep","floor":4},{"not_picked":["Tactician","Acrobatics"],"picked":"Footwork","floor":5},{"not_picked":["Masterful Stab","Dodge and Roll"],"picked":"Backflip","floor":6},{"not_picked":["Masterful Stab","Dagger Throw","Blade Dance"],"picked":"SKIP","floor":8},{"not_picked":["Bullet Time","Dagger Spray+1"],"picked":"Catalyst","floor":11}],"player_experience":181188,"relics_obtained":[{"floor":6,"key":"Snake Skull"},{"floor":9,"key":"Molten Egg 2"}],"event_choices":[{"damage_healed":0,"gold_gain":0,"player_choice":"Gave Potion","damage_taken":0,"relics_obtained":["WingedGreaves"],"max_hp_gain":0,"max_hp_loss":0,"event_name":"WeMeetAgain","floor":10,"gold_loss":0},{"damage_healed":0,"gold_gain":0,"player_choice":"Ignored","damage_taken":0,"max_hp_gain":0,"max_hp_loss":0,"event_name":"Shining Light","floor":13,"gold_loss":0},{"damage_healed":0,"gold_gain":66,"player_choice":"Gained Gold","damage_taken":0,"max_hp_gain":0,"max_hp_loss":0,"event_name":"Golden Wing","floor":14,"gold_loss":0}],"is_beta":false,"boss_relics":[],"items_purged_floors":[2],"is_endless":false,"potions_floor_spawned":[1],"killed_by":"Slime Boss","ascension_level":3}}