{"host":"fxrgx7wt2cpkbhka","time":1612964209,"event":{"mods":["AchievementEnabler","BaseMod","Colored Powertips","Dark Map","Minty Spire (QoL Compilation)","Permanent Neow","Quick Restart","Slay-I","StSLib","Waifu the Spire"],"gold_per_floor":[118,118,118,218,233,233,257,595,595,616,616,395,439,464,464,464,464],"floor_reached":16,"language":"ENG","playtime":409,"items_purged":[],"score":187,"play_id":"aaac73ca-756b-4ccd-80ef-e85fc4794a44","local_time":"20210210053649","is_ascension_mode":true,"campfire_choices":[{"data":"Zap","floor":6,"key":"SMITH"},{"floor":15,"key":"REST"}],"circlet_count":0,"master_deck":["AscendersBane","Strike_B","Strike_B","Strike_B","Strike_B","Defend_B","Defend_B","Defend_B","Defend_B","Zap+1","Dualcast+1","Cold Snap","Hello World","Glacier","White Noise","FTL","Melter","Self Repair"],"relics":["Cracked Core","Golden Idol","Old Coin","Singing Bowl","PreservedInsect"],"acts_visited":["Exordium"],"potions_floor_usage":[13,13,16],"damage_taken":[{"damage":7,"enemies":"Jaw Worm","floor":1,"turns":3},{"damage":4,"enemies":"2 Louse","floor":5,"turns":3},{"damage":1,"enemies":"Cultist","floor":7,"turns":3},{"damage":25,"enemies":"3 Sentries","floor":8,"turns":9},{"damage":9,"enemies":"Looter","floor":10,"turns":3},{"damage":1,"enemies":"Lagavulin","floor":13,"turns":4},{"damage":2,"enemies":"Exordium Wildlife","floor":14,"turns":4},{"damage":24,"enemies":"Slime Boss","floor":16,"turns":5}],"seed_played":"-7914330607413701043","potions_obtained":[{"floor":5,"key":"FocusPotion"},{"floor":10,"key":"DistilledChaos"},{"floor":13,"key":"Weak Potion"},{"floor":14,"key":"Fire Potion"}],"is_trial":false,"path_per_floor":["M","?","?","?","M","R","M","E","T","M","?","$","E","M","R","B"],"character_chosen":"DEFECT","items_purchased":["White Noise","FTL","Melter"],"campfire_rested":1,"item_purchase_floors":[12,12,12],"current_hp_per_floor":[57,57,50,50,46,46,45,20,20,11,11,11,12,10,31,7,7],"gold":464,"neow_bonus":"UPGRADE_CARD","is_daily":false,"chose_seed":false,"campfire_upgraded":1,"win_rate":0.0,"timestamp":1612964209,"path_taken":["M","?","?","?","M","R","M","E","T","?","?","$","E","M","R","BOSS"],"items_purchased_type":["Card","Card","Card"],"build_version":"2020-12-22","purchased_purges":0,"victory":false,"max_hp_per_floor":[71,71,71,71,71,71,71,71,71,71,71,71,73,73,73,73,73],"card_choices":[{"not_picked":["Gash","Consume","Coolheaded"],"picked":"SKIP","floor":1},{"not_picked":["Stack","Redo","Sweeping Beam"],"picked":"SKIP","floor":5},{"not_picked":["Rebound","Conserve Battery"],"picked":"Cold Snap","floor":7},{"not_picked":["Streamline","Compile Driver"],"picked":"Hello World","floor":8},{"not_picked":["Gash","Conserve Battery"],"picked":"Glacier","floor":10},{"not_picked":["Hologram","Streamline","Static Discharge"],"picked":"Singing Bowl","floor":13},{"not_picked":["Compile Driver","Force Field"],"picked":"Self Repair","floor":14}],"player_experience":760953,"relics_obtained":[{"floor":8,"key":"Old Coin"},{"floor":9,"key":"Singing Bowl"},{"floor":13,"key":"PreservedInsect"}],"event_choices":[{"damage_healed":0,"gold_gain":0,"player_choice":"Take Wound","damage_taken":0,"relics_obtained":["Golden Idol"],"max_hp_gain":0,"max_hp_loss":0,"event_name":"Golden Idol","floor":2,"gold_loss":0,"cards_obtained":["Injury"]},{"cards_removed":["Injury"],"damage_healed":0,"gold_gain":0,"player_choice":"Card Removal","damage_taken":7,"max_hp_gain":0,"max_hp_loss":0,"event_name":"Golden Wing","floor":3,"gold_loss":0},{"damage_healed":0,"gold_gain":100,"player_choice":"Gold","damage_taken":0,"max_hp_gain":0,"max_hp_loss":0,"event_name":"Wheel of Change","floor":4,"gold_loss":0},{"damage_healed":0,"gold_gain":0,"player_choice":"Ignored","damage_taken":0,"max_hp_gain":0,"max_hp_loss":0,"event_name":"Shining Light","floor":11,"gold_loss":0}],"is_beta":false,"boss_relics":[],"items_purged_floors":[],"is_endless":false,"potions_floor_spawned":[5,10,13,14],"killed_by":"Slime Boss","ascension_level":14}}