{"host":"kg61lsvem4dxoat8","time":1612968185,"event":{"mods":["AchievementEnabler","BaseMod","Better Altar","Better Match","Better Sensory Stone","Better Skull","Block Reminder","Highlight Path","Minty Spire (QoL Compilation)","Quick Restart","Rare Cards Sparkle","Relic Sorter","Relic Stats","StSLib","Synergy Search","slay the spire mod where everything is the same but ironclad has a cowboy hat"],"gold_per_floor":[109,9,9,27,44,77,77,102,129,129,129],"floor_reached":10,"language":"ENG","playtime":327,"items_purged":["Strike_R"],"score":114,"play_id":"8a0807b8-a455-49c6-8c3d-d06a613239b0","local_time":"20210210224305","is_ascension_mode":true,"campfire_choices":[{"data":"Combust","floor":7,"key":"SMITH"}],"circlet_count":0,"master_deck":["AscendersBane","Strike_R","Strike_R","Strike_R","Defend_R+1","Defend_R","Defend_R","Defend_R","Bash","Feel No Pain","Shrug It Off+1","Power Through","Combust+1","True Grit"],"relics":["Burning Blood","NeowsBlessing","Strawberry","Blood Vial","War Paint"],"acts_visited":["Exordium"],"potions_floor_usage":[8,8],"damage_taken":[{"damage":0,"enemies":"Jaw Worm","floor":1,"turns":1},{"damage":0,"enemies":"Cultist","floor":4,"turns":1},{"damage":0,"enemies":"2 Louse","floor":5,"turns":1},{"damage":33,"enemies":"3 Sentries","floor":6,"turns":24},{"damage":35,"enemies":"Gremlin Nob","floor":8,"turns":4},{"damage":0,"enemies":"Lagavulin","floor":10,"turns":1}],"seed_played":"318119174275712214","potions_obtained":[{"floor":1,"key":"FearPotion"},{"floor":6,"key":"DistilledChaos"}],"is_trial":false,"path_per_floor":["M","$","?","M","M","E","R","E","T","E"],"character_chosen":"IRONCLAD","items_purchased":["Shrug It Off"],"campfire_rested":0,"item_purchase_floors":[2],"current_hp_per_floor":[78,78,78,80,80,60,60,31,31,33,33],"gold":129,"neow_bonus":"THREE_ENEMY_KILL","is_daily":false,"chose_seed":false,"campfire_upgraded":1,"win_rate":0.0,"timestamp":1612968185,"path_taken":["M","$","?","?","M","E","R","E","T","E"],"items_purchased_type":["Card"],"build_version":"2020-12-22","purchased_purges":1,"victory":false,"max_hp_per_floor":[80,80,80,80,80,87,87,87,87,87,87],"relic_stats":{"Blood Vial":2,"counters":[6,32],"War Paint":["Shrug It Off","Defend_R"],"obtain_stats":[{"Blood Vial":8,"NeowsBlessing":0,"Strawberry":6,"War Paint":9,"Burning Blood":0},{"Blood Vial":5,"NeowsBlessing":0,"Strawberry":4,"War Paint":5,"Burning Blood":0},{"Blood Vial":31,"NeowsBlessing":0,"Strawberry":27,"War Paint":31,"Burning Blood":0}],"Burning Blood":20},"card_choices":[{"not_picked":["Evolve","Thunderclap"],"picked":"Feel No Pain","floor":1},{"not_picked":["Perfected Strike","Headbutt","Sword Boomerang"],"picked":"SKIP","floor":4},{"not_picked":["Clothesline","Havoc"],"picked":"Power Through","floor":5},{"not_picked":["Warcry","Flex"],"picked":"Combust","floor":6},{"not_picked":["Brutality","Perfected Strike"],"picked":"True Grit","floor":8}],"player_experience":1459146,"relics_obtained":[{"floor":6,"key":"Strawberry"},{"floor":8,"key":"Blood Vial"},{"floor":9,"key":"War Paint"}],"event_choices":[{"cards_removed":["Strike_R"],"damage_healed":0,"gold_gain":0,"player_choice":"Offered Basic","damage_taken":0,"max_hp_gain":0,"max_hp_loss":0,"event_name":"Bonfire Elementals","floor":3,"gold_loss":0}],"is_beta":false,"boss_relics":[],"items_purged_floors":[2],"is_endless":false,"potions_floor_spawned":[1,6],"killed_by":"Lagavulin","ascension_level":10}}