{"host":"m4pe905ae9bldoe7","time":1612984381,"event":{"mods":["BaseMod","Bestiary","Block Reminder","Downfall","Minty Spire (QoL Compilation)","StSLib"],"gold_per_floor":[114,35,210,210,221,221,221,221,290,303,313,313,340,355,355,450,450,467,487,296,314,108,108,143,143,168,93,131,151,151,151,171,171,171,277,277,294,322,322,345,360,360,360,374,374,374,58,69,86,86,107,107,107,107],"floor_reached":53,"language":"ENG","playtime":1943,"items_purged":["Doubt","Strike_P"],"score":526,"play_id":"3eb39745-82d3-49c4-af4b-ddc419a33b75","local_time":"20210210201301","is_ascension_mode":false,"campfire_choices":[{"floor":6,"key":"REST"},{"data":"Consecrate","floor":8,"key":"SMITH"},{"data":"Ragnarok","floor":12,"key":"SMITH"},{"floor":15,"key":"REST"},{"floor":23,"key":"REST"},{"data":"MentalFortress","floor":25,"key":"SMITH"},{"floor":30,"key":"REST"},{"data":"Vault","floor":33,"key":"SMITH"},{"data":"Scrawl","floor":34,"key":"SMITH"},{"floor":43,"key":"RECALL"},{"data":"Ragnarok","floor":45,"key":"SMITH"},{"floor":50,"key":"REST"},{"floor":52,"key":"REST"}],"circlet_count":0,"master_deck":["Strike_P","Defend_P","Defend_P","Defend_P","Defend_P","Eruption","Vigilance","FlurryOfBlows","Omniscience+1","Consecrate+1","Halt","Ragnarok+1","MentalFortress+1","Meditate","Scrawl+1","EmptyBody+1","Vault+1","Worship","FlurryOfBlows","CutThroughFate","Crescendo","Crescendo","EmptyFist","ClearTheMind","Ragnarok+1","EmptyFist+1","WindmillStrike+1","Fasting2","Crescendo+1"],"relics":["PureWater","CaptainsWheel","TeardropLocket","Gremlin Horn","Philosopher\u0027s Stone","Lantern","Omamori","CeramicFish","Vajra","Singing Bowl","Runic Dome","MealTicket"],"acts_visited":["Exordium","TheCity","TheBeyond"],"potions_floor_usage":[16,49,53,53],"damage_taken":[{"damage":7,"enemies":"2 Louse","floor":1,"turns":2},{"damage":2,"enemies":"Jaw Worm","floor":5,"turns":3},{"damage":0,"enemies":"Small Slimes","floor":10,"turns":2},{"damage":16,"enemies":"Exordium Thugs","floor":11,"turns":5},{"damage":10,"enemies":"Gremlin Nob","floor":13,"turns":3},{"damage":0,"enemies":"Red Slaver","floor":14,"turns":1},{"damage":23,"enemies":"Hexaghost","floor":16,"turns":7},{"damage":14,"enemies":"2 Thieves","floor":18,"turns":2},{"damage":27,"enemies":"3 Byrds","floor":19,"turns":3},{"damage":1,"enemies":"Centurion and Healer","floor":21,"turns":5},{"damage":12,"enemies":"Book of Stabbing","floor":24,"turns":3},{"damage":0,"enemies":"Gremlin Leader","floor":28,"turns":3},{"damage":0,"enemies":"Snake Plant","floor":29,"turns":3},{"damage":0,"enemies":"Sentry and Sphere","floor":32,"turns":1},{"damage":2,"enemies":"Automaton","floor":35,"turns":4},{"damage":40,"enemies":"3 Shapes","floor":37,"turns":2},{"damage":6,"enemies":"3 Darklings","floor":38,"turns":2},{"damage":2,"enemies":"Spire Growth","floor":40,"turns":3},{"damage":14,"enemies":"Jaw Worm Horde","floor":41,"turns":3},{"damage":0,"enemies":"Sphere and 2 Shapes","floor":44,"turns":2},{"damage":14,"enemies":"4 Shapes","floor":48,"turns":2},{"damage":12,"enemies":"Transient","floor":49,"turns":5},{"damage":8,"enemies":"Writhing Mass","floor":51,"turns":3},{"damage":69,"enemies":"Time Eater","floor":53,"turns":2}],"seed_played":"-2660667576156937947","potions_obtained":[{"floor":10,"key":"sneckomod:MuddlingPotion"},{"floor":11,"key":"Dexterity Potion"},{"floor":14,"key":"Energy Potion"},{"floor":16,"key":"sneckomod:MuddlingPotion"},{"floor":18,"key":"Ancient Potion"},{"floor":38,"key":"StancePotion"},{"floor":41,"key":"PowerPotion"},{"floor":51,"key":"Ancient Potion"}],"is_trial":false,"path_per_floor":["M","$","?","?","M","R","?","R","T","M","M","R","E","M","R","B",null,"M","M","$","M","$","R","E","R","T","?","E","M","R","?","M","R","R","B",null,"M","M","?","M","M","?","R","M","R","T","$","M","M","R","M","R","B"],"character_chosen":"WATCHER","items_purchased":["Omniscience","Worship","FlurryOfBlows","Lantern","Crescendo","Fasting2","MealTicket"],"campfire_rested":6,"item_purchase_floors":[2,20,20,22,22,47,47],"current_hp_per_floor":[44,44,44,44,42,63,63,63,63,63,47,47,37,37,58,35,72,58,31,31,30,30,51,39,39,39,39,39,39,60,60,62,62,62,60,74,36,30,66,64,52,52,52,54,54,54,54,42,32,54,46,68,0,0],"gold":107,"neow_bonus":"ONE_RARE_RELIC","is_daily":false,"chose_seed":false,"campfire_upgraded":6,"win_rate":0.0,"timestamp":1612984381,"path_taken":["M","$","?","?","M","R","?","R","T","?","M","R","E","M","R","BOSS","M","M","$","M","?","R","E","R","T","?","E","M","R","?","M","R","R","BOSS","M","M","?","M","M","?","R","M","R","T","?","M","?","R","M","R","BOSS"],"items_purchased_type":["Card","Card","Card","Relic","Card","Card","Relic"],"build_version":"2020-12-22","purchased_purges":2,"victory":false,"max_hp_per_floor":[72,72,72,72,72,72,72,72,72,72,72,72,72,72,72,72,72,72,72,72,72,72,72,72,72,72,72,72,72,72,72,74,74,74,74,74,76,76,66,66,68,68,68,70,70,70,70,72,74,74,74,74,74,74],"card_choices":[{"not_picked":["BowlingBash","SashWhip"],"picked":"FlurryOfBlows","floor":1},{"not_picked":["CarveReality","FlyingSleeves"],"picked":"Consecrate","floor":5},{"not_picked":["FollowUp","Evaluate"],"picked":"Halt","floor":10},{"not_picked":["InnerPeace","CutThroughFate"],"picked":"Ragnarok","floor":11},{"not_picked":["Perseverance","Tantrum"],"picked":"MentalFortress","floor":13},{"not_picked":["FlurryOfBlows","JustLucky"],"picked":"Meditate","floor":14},{"not_picked":["SpiritShield","Judgement"],"picked":"Scrawl","floor":16},{"not_picked":["ThirdEye","Halt"],"picked":"EmptyBody+1","floor":18},{"not_picked":["Protect","SashWhip"],"picked":"Vault","floor":19},{"not_picked":["WheelKick","ClearTheMind"],"picked":"CutThroughFate","floor":21},{"not_picked":["Halt","Consecrate"],"picked":"Crescendo","floor":24},{"not_picked":["SignatureMove","Nirvana"],"picked":"EmptyFist","floor":28},{"not_picked":["BowlingBash","EmptyBody"],"picked":"ClearTheMind","floor":29},{"not_picked":["Prostrate","Pray","Scrawl"],"picked":"Singing Bowl","floor":32},{"not_picked":["Wish","Omniscience"],"picked":"Ragnarok","floor":35},{"not_picked":["FlyingSleeves","Crescendo+1","FollowUp+1"],"picked":"Singing Bowl","floor":37},{"not_picked":["EmptyMind","EmptyBody"],"picked":"EmptyFist+1","floor":38},{"not_picked":["Vengeance","Tantrum+1"],"picked":"WindmillStrike+1","floor":40},{"not_picked":["PathToVictory+1","Consecrate","JustLucky"],"picked":"Singing Bowl","floor":41},{"not_picked":["InnerPeace+1","Collect","Meditate"],"picked":"Singing Bowl","floor":44},{"not_picked":["CrushJoints","EmptyFist","JustLucky"],"picked":"Singing Bowl","floor":48},{"not_picked":["ThirdEye+1","FlyingSleeves+1","Study+1"],"picked":"Singing Bowl","floor":49},{"not_picked":["WheelKick+1","EmptyFist+1"],"picked":"Crescendo+1","floor":51}],"player_experience":549826,"relics_obtained":[{"floor":9,"key":"TeardropLocket"},{"floor":13,"key":"Gremlin Horn"},{"floor":24,"key":"Omamori"},{"floor":26,"key":"CeramicFish"},{"floor":28,"key":"Vajra"}],"event_choices":[{"damage_healed":0,"gold_gain":175,"player_choice":"AGREE","damage_taken":0,"max_hp_gain":0,"max_hp_loss":0,"event_name":"Liars Game","floor":3,"gold_loss":0,"cards_obtained":["Doubt"]},{"damage_healed":0,"gold_gain":0,"player_choice":"Grow","damage_taken":0,"max_hp_gain":0,"max_hp_loss":0,"event_name":"Living Wall","floor":4,"gold_loss":0,"cards_upgraded":["Omniscience"]},{"cards_removed":["Strike_P"],"damage_healed":0,"gold_gain":0,"player_choice":"Offered Basic","damage_taken":0,"max_hp_gain":0,"max_hp_loss":0,"event_name":"Bonfire Elementals","floor":7,"gold_loss":0},{"cards_removed":["Strike_P"],"damage_healed":0,"gold_gain":0,"player_choice":"Gave Gold","damage_taken":0,"max_hp_gain":0,"max_hp_loss":0,"event_name":"Beggar","floor":27,"gold_loss":75},{"damage_healed":0,"gold_gain":0,"player_choice":"Opened","damage_taken":0,"relics_obtained":["Singing Bowl"],"max_hp_gain":0,"max_hp_loss":0,"event_name":"The Mausoleum","floor":31,"gold_loss":0},{"damage_healed":66,"gold_gain":0,"player_choice":"Heal","damage_taken":0,"max_hp_gain":0,"max_hp_loss":10,"event_name":"The Moai Head","floor":39,"gold_loss":0},{"damage_healed":0,"gold_gain":0,"player_choice":"Ignored","damage_taken":0,"max_hp_gain":0,"max_hp_loss":0,"event_name":"Tomb of Lord Red Mask","floor":42,"gold_loss":0}],"is_beta":false,"boss_relics":[{"not_picked":["Ectoplasm","Black Star"],"picked":"Philosopher\u0027s Stone"},{"not_picked":["Snecko Eye","Coffee Dripper"],"picked":"Runic Dome"}],"items_purged_floors":[20,47],"is_endless":false,"potions_floor_spawned":[10,11,14,16,18,21,24,32,35,38,41,44,51],"killed_by":"Time Eater","ascension_level":0}}