{"host":"mmqs5ul2bvb60kyc","time":1612949188,"event":{"mods":["100% Spire Juice","AchievementEnabler","Act Like it!","BaseMod","Colored Map","Colored Powertips","Gensokyo","Minty Spire (QoL Compilation)","Quick Restart","StSLib"],"gold_per_floor":[112,112,112,112,1,33,58,58,58,72,102,102,102,102],"floor_reached":13,"language":"ZHS","playtime":579,"items_purged":[],"score":149,"play_id":"3b0a0733-820d-4ed0-9a2d-f357011b3fe1","local_time":"20210210172628","is_ascension_mode":false,"campfire_choices":[{"data":"Moonworks:Ambush","floor":8,"key":"SMITH"},{"data":"1","floor":12,"key":"LIFT"}],"circlet_count":0,"master_deck":["Moonworks:Strike","Moonworks:Strike","Moonworks:Strike","Moonworks:Strike","Moonworks:Defend","Moonworks:Defend","Moonworks:Defend","Moonworks:Defend","Moonworks:Ambush+1","Moonworks:LongDistanceShot","Moonworks:NicePresent","Clumsy","Gensokyo:TarnishedGold","Moonworks:CloudOfSeagulls","Moonworks:Gamble","Moonworks:DevilHand","Moonworks:RedAndBlue"],"relics":["Moonworks:BrokenBomb","Moonworks:Homemark","NeowsBlessing","Gensokyo:NagashiBinaDoll","Gensokyo:PortableGap","Moonworks:LittleGull","The Courier","Bird Faced Urn","Girya","Boot"],"acts_visited":["Exordium"],"potions_floor_usage":[],"damage_taken":[{"damage":0,"enemies":"Gensokyo:Gryphon","floor":1,"turns":1},{"damage":0,"enemies":"Gensokyo:Mamizou","floor":6,"turns":2},{"damage":2,"enemies":"Gensokyo:Cirno","floor":7,"turns":2},{"damage":2,"enemies":"Gensokyo:3_Fairies","floor":10,"turns":3},{"damage":0,"enemies":"Gensokyo:Mamizou","floor":11,"turns":4},{"damage":1005,"enemies":"Gensokyo:Aya","floor":13,"turns":2}],"seed_played":"4878779947977077900","potions_obtained":[{"floor":10,"key":"Regen Potion"},{"floor":11,"key":"SteroidPotion"}],"is_trial":false,"path_per_floor":["M","$","?","?","COS","E","E","R","T","M","E","R","E"],"character_chosen":"THE_STARBREAKER","items_purchased":[],"campfire_rested":0,"item_purchase_floors":[],"current_hp_per_floor":[60,60,60,54,51,48,46,46,46,44,44,44,0,0],"gold":102,"neow_bonus":"THREE_ENEMY_KILL","is_daily":false,"chose_seed":false,"campfire_upgraded":1,"win_rate":0.0,"timestamp":1612949188,"path_taken":["M","?","?","?","COS","E","E","R","T","M","E","R","E"],"items_purchased_type":[],"build_version":"2020-12-22","purchased_purges":0,"victory":false,"max_hp_per_floor":[60,60,60,54,51,48,48,48,48,48,48,48,48,48],"card_choices":[{"not_picked":["Moonworks:Assault","Moonworks:LulusLuckyEgg"],"picked":"Moonworks:NicePresent","floor":1},{"not_picked":["Moonworks:ImOnFire","Moonworks:JonathanRush"],"picked":"Moonworks:CloudOfSeagulls","floor":6},{"not_picked":["Moonworks:MixPhenomenon","Moonworks:SakisCookie"],"picked":"Moonworks:Gamble","floor":7},{"not_picked":["Moonworks:Dash","Moonworks:DeployBits"],"picked":"Moonworks:DevilHand","floor":10},{"not_picked":["Moonworks:Assault","Moonworks:CloudOfSeagulls"],"picked":"Moonworks:RedAndBlue","floor":11}],"player_experience":344273,"relics_obtained":[{"floor":6,"key":"Moonworks:LittleGull"},{"floor":7,"key":"The Courier"},{"floor":9,"key":"Bird Faced Urn"},{"floor":11,"key":"Boot"}],"event_choices":[],"is_beta":false,"boss_relics":[],"items_purged_floors":[],"is_endless":false,"potions_floor_spawned":[10,11],"killed_by":"Gensokyo:Aya","ascension_level":0}}