{"host":"uv5ws9rdk87e8i5k","time":1612984453,"event":{"mods":["AchievementEnabler","BaseMod","Colored Map","Minty Spire (QoL Compilation)","Permanent Neow","Quick Restart","StSLib","SuperFastMode","The Necromancer"],"gold_per_floor":[117,134,148,162,172,198,198,223,223,223,237,250,281,281,281,382,382,396,396,396,412,422,451,468,496,496,496,526,543,27,41,41,137,137,156,167,177,177,36,64,64,64,88,106,106,6,106,134,134,134,134,134,15,45,45],"floor_reached":56,"language":"ENG","playtime":2190,"items_purged":["Strike_R","Regret"],"score":2102,"play_id":"d6a8b1e1-1075-4ab3-a667-964a5263c2d1","local_time":"20210210131413","is_ascension_mode":true,"campfire_choices":[{"data":"Uppercut","floor":7.0,"key":"SMITH"},{"data":"Sever Soul","floor":15.0,"key":"SMITH"},{"floor":27.0,"key":"REST"},{"data":"Fire Breathing","floor":32,"key":"SMITH"},{"floor":42,"key":"RECALL"},{"data":"Flame Barrier","floor":45,"key":"SMITH"},{"data":"Fiend Fire","floor":49,"key":"SMITH"},{"data":"Second Wind","floor":52,"key":"SMITH"}],"circlet_count":0,"master_deck":["AscendersBane","Strike_R","Strike_R","Strike_R","Strike_R","Defend_R","Defend_R","Defend_R","Defend_R","Bash","Clothesline","Second Wind+1","Warcry","Pummel","Uppercut+1","Reaper","Sever Soul+1","Intimidate","Flame Barrier+1","Berserk+1","Sever Soul","Disarm","Dark Embrace+1","Shockwave","Warcry","Corruption+1","Burning Pact","Mayhem","Fire Breathing+1","Berserk","Feel No Pain","Warcry","Pummel+1","Regret","Evolve+1","Havoc","Fiend Fire+1","Inflame","Warcry","Fire Breathing"],"relics":["Burning Blood","Dead Branch","Paper Frog","Blue Candle","Shuriken","FaceOfCleric","HornCleat","Sozu","Smiling Mask","Bag of Preparation","Thread and Needle","Mummified Hand","Sundial","Cursed Key","Pear","InkBottle","Incense Burner","Kunai"],"acts_visited":["Exordium","TheCity","TheBeyond","TheEnding"],"potions_floor_usage":[],"damage_taken":[{"damage":11.0,"enemies":"Jaw Worm","floor":1.0,"turns":5.0},{"damage":1.0,"enemies":"Cultist","floor":2.0,"turns":4.0},{"damage":6.0,"enemies":"2 Louse","floor":3.0,"turns":3.0},{"damage":8.0,"enemies":"2 Fungi Beasts","floor":4.0,"turns":4.0},{"damage":0.0,"enemies":"Large Slime","floor":5.0,"turns":7.0},{"damage":23.0,"enemies":"Lagavulin","floor":6.0,"turns":6.0},{"damage":10.0,"enemies":"3 Sentries","floor":8.0,"turns":7.0},{"damage":30.0,"enemies":"Lots of Slimes","floor":11.0,"turns":4.0},{"damage":8.0,"enemies":"Blue Slaver","floor":12.0,"turns":3.0},{"damage":12.0,"enemies":"Gremlin Nob","floor":13.0,"turns":4.0},{"damage":47.0,"enemies":"The Guardian","floor":16.0,"turns":10.0},{"damage":15.0,"enemies":"3 Byrds","floor":18.0,"turns":5.0},{"damage":20.0,"enemies":"Spheric Guardian","floor":21.0,"turns":4.0},{"damage":3.0,"enemies":"Snecko","floor":22.0,"turns":2.0},{"damage":19.0,"enemies":"Slavers","floor":23.0,"turns":4.0},{"damage":13.0,"enemies":"Cultist and Chosen","floor":24.0,"turns":6.0},{"damage":55.0,"enemies":"Gremlin Leader","floor":25.0,"turns":5.0},{"damage":8.0,"enemies":"Book of Stabbing","floor":28.0,"turns":6.0},{"damage":6.0,"enemies":"Centurion and Healer","floor":29.0,"turns":3.0},{"damage":7,"enemies":"Chosen and Byrds","floor":31,"turns":4},{"damage":9,"enemies":"Collector","floor":33,"turns":2},{"damage":16,"enemies":"3 Darklings","floor":35,"turns":2},{"damage":8,"enemies":"Orb Walker","floor":36,"turns":2},{"damage":40,"enemies":"Jaw Worm Horde","floor":37,"turns":2},{"damage":33,"enemies":"Reptomancer","floor":40,"turns":4},{"damage":2,"enemies":"Sphere and 2 Shapes","floor":44,"turns":2},{"damage":4,"enemies":"Nemesis","floor":48,"turns":3},{"damage":25,"enemies":"Donu and Deca","floor":50,"turns":4},{"damage":7,"enemies":"Shield and Spear","floor":54,"turns":3},{"damage":62,"enemies":"The Heart","floor":55,"turns":5}],"seed_played":"-2602010815357843193","potions_obtained":[{"floor":1.0,"key":"AttackPotion"},{"floor":4.0,"key":"Block Potion"},{"floor":8.0,"key":"BlessingOfTheForge"}],"is_trial":false,"path_per_floor":["M","M","M","M","M","E","R","E","T","?","M","M","E","?","R","B",null,"M","?","?","M","M","E","M","E","T","R","E","M","$","M","R","B",null,"M","M","M","?","$","E","T","R","T","M","R","$","?","E","R","B",null,"R","$","E","B",null],"character_chosen":"IRONCLAD","items_purchased":["Sundial","Mayhem","Fire Breathing","Feel No Pain","Warcry","Havoc","Inflame","Warcry"],"campfire_rested":1,"item_purchase_floors":[30,30,30,39,39,46,53,53],"current_hp_per_floor":[67,72,72,70,72,55,55,51,51,51,49,48,43,68,68,28,64,61,61,61,48,56,44,49,15,15,39,38,43,43,53,53,51,77,87,86,55,55,55,48,48,48,48,101,101,101,101,102,102,84,98,98,98,98,53],"gold":45,"neow_bonus":"ONE_RARE_RELIC","is_daily":false,"chose_seed":false,"campfire_upgraded":6,"win_rate":0.0,"timestamp":1612984453,"path_taken":["M","M","M","M","M","E","R","E","T","?","?","M","E","?","R","BOSS","M","?","?","M","?","E","M","E","T","R","E","M","$","M","R","BOSS","M","M","M","?","?","E","?","R","T","M","R","$","?","E","R","BOSS","R","$","E","BOSS"],"items_purchased_type":["Relic","Card","Card","Card","Card","Card","Card","Card"],"build_version":"2020-12-22","purchased_purges":2,"victory":true,"max_hp_per_floor":[72,72,72,72,72,72,72,72,72,72,73,74,75,75,75,76,76,77,77,77,78,79,80,81,82,82,82,83,84,84,85,85,86,86,87,88,89,89,89,100,100,100,100,101,101,101,101,102,102,103,103,103,103,104,105],"card_choices":[{"not_picked":["Ghostly Armor","Rage"],"picked":"Clothesline","floor":1.0},{"not_picked":["Clash","Clothesline"],"picked":"Second Wind","floor":2.0},{"not_picked":["Sword Boomerang","Armaments"],"picked":"Warcry","floor":3.0},{"not_picked":["Iron Wave","Wild Strike"],"picked":"Pummel","floor":4.0},{"not_picked":["Hemokinesis","Entrench","Flex"],"picked":"SKIP","floor":5.0},{"not_picked":["Fire Breathing","Evolve"],"picked":"Uppercut","floor":6.0},{"not_picked":["Shockwave","Wild Strike"],"picked":"Reaper","floor":8.0},{"not_picked":["Warcry","Shrug It Off"],"picked":"Sever Soul","floor":11.0},{"not_picked":["Clash","Headbutt"],"picked":"Intimidate","floor":12.0},{"not_picked":["Headbutt","Inflame"],"picked":"Flame Barrier","floor":13.0},{"not_picked":["Bludgeon","Brutality"],"picked":"Berserk","floor":16.0},{"not_picked":["Wild Strike","Bloodletting"],"picked":"Sever Soul","floor":18.0},{"not_picked":["Clothesline","Metallicize"],"picked":"Disarm","floor":21.0},{"not_picked":["Wild Strike","Sword Boomerang+1"],"picked":"Dark Embrace+1","floor":22.0},{"not_picked":["Headbutt","Thunderclap"],"picked":"Shockwave","floor":23.0},{"not_picked":["Body Slam","Armaments"],"picked":"Warcry","floor":24.0},{"not_picked":["Rampage+1","Blood for Blood+1","Flex"],"picked":"SKIP","floor":25.0},{"not_picked":["Inflame","Armaments+1"],"picked":"Corruption","floor":28.0},{"not_picked":["Uppercut","Searing Blow+1"],"picked":"Burning Pact","floor":29.0},{"not_picked":["Perfected Strike","Clothesline","Anger"],"picked":"SKIP","floor":31},{"not_picked":["Corruption","Limit Break"],"picked":"Berserk","floor":33},{"not_picked":["Infernal Blade+1","Pommel Strike","Entrench"],"picked":"SKIP","floor":35},{"not_picked":["Whirlwind+1","Wild Strike+1","Thunderclap"],"picked":"SKIP","floor":36},{"not_picked":["Armaments+1","Pommel Strike","Sword Boomerang+1"],"picked":"SKIP","floor":37},{"not_picked":["Clash+1","Uppercut"],"picked":"Pummel+1","floor":40},{"not_picked":["Entrench","Iron Wave+1"],"picked":"Evolve+1","floor":44},{"not_picked":["Seeing Red+1","Sentinel+1"],"picked":"Fiend Fire","floor":48},{"not_picked":["Cleave","Shrug It Off"],"picked":"Fire Breathing","floor":54}],"player_experience":168089,"relics_obtained":[{"floor":6.0,"key":"Paper Frog"},{"floor":8.0,"key":"Blue Candle"},{"floor":9.0,"key":"Shuriken"},{"floor":13.0,"key":"HornCleat"},{"floor":23.0,"key":"Smiling Mask"},{"floor":25.0,"key":"Bag of Preparation"},{"floor":26.0,"key":"Thread and Needle"},{"floor":28.0,"key":"Mummified Hand"},{"floor":40,"key":"Pear"},{"floor":41,"key":"InkBottle"},{"floor":48,"key":"Incense Burner"},{"floor":54,"key":"Kunai"}],"event_choices":[{"damage_healed":0.0,"max_hp_gain":0.0,"max_hp_loss":0.0,"gold_gain":0.0,"event_name":"FaceTrader","player_choice":"Trade","floor":10.0,"gold_loss":0.0,"damage_taken":0.0,"relics_obtained":["FaceOfCleric"]},{"damage_healed":25.0,"max_hp_gain":0.0,"max_hp_loss":0.0,"gold_gain":0.0,"event_name":"Big Fish","player_choice":"Banana","floor":14.0,"gold_loss":0.0,"damage_taken":0.0},{"damage_healed":0.0,"max_hp_gain":0.0,"max_hp_loss":0.0,"gold_gain":0.0,"event_name":"Ghosts","player_choice":"Ignored","floor":19.0,"gold_loss":0.0,"damage_taken":0.0},{"damage_healed":0.0,"max_hp_gain":0.0,"max_hp_loss":0.0,"gold_gain":0.0,"event_name":"Upgrade Shrine","player_choice":"Upgraded","floor":20.0,"gold_loss":0.0,"damage_taken":0.0,"cards_upgraded":["Berserk"]},{"damage_healed":0,"gold_gain":0,"player_choice":"Upgraded","damage_taken":0,"max_hp_gain":0,"max_hp_loss":0,"event_name":"Upgrade Shrine","floor":38,"gold_loss":0,"cards_upgraded":["Corruption"]},{"damage_healed":0,"gold_gain":100,"player_choice":"Pray","damage_taken":0,"max_hp_gain":0,"max_hp_loss":0,"event_name":"Golden Shrine","floor":47,"gold_loss":0}],"is_beta":false,"boss_relics":[{"not_picked":["Ectoplasm","Calling Bell"],"picked":"Sozu"},{"not_picked":["Coffee Dripper","Tiny House"],"picked":"Cursed Key"}],"items_purged_floors":[39,46],"is_endless":false,"potions_floor_spawned":[1,4,8,22,24,25,28,33,35,40],"ascension_level":11}}