{"host":"xg4r5pv6chpuampg","time":1612966727,"event":{"mods":["AchievementEnabler","BaseMod","Googly Eyes","Minty Spire (QoL Compilation)"],"gold_per_floor":[119,132,132,143,158,185,185,41,41,55,70,70,0,0,0,105,105,115,125,16,28,43,43,43,43,43,43,3,16,28,28,28],"floor_reached":31,"language":"ENG","playtime":1205,"items_purged":[],"score":239,"play_id":"ba79a406-7602-42c0-a641-ef791f8458cc","local_time":"20210210171847","is_ascension_mode":false,"campfire_choices":[{"floor":7,"key":"REST"},{"floor":15,"key":"REST"},{"floor":23,"key":"REST"},{"floor":25,"key":"REST"},{"floor":27,"key":"REST"}],"circlet_count":0,"master_deck":["Strike_B","Strike_B","Strike_B","Strike_B","Defend_B","Defend_B","Defend_B+1","Defend_B+1","Zap","Dualcast","Melter","Rebound","Buffer","Genetic Algorithm+1","Ball Lightning","Doom and Gloom","Rainbow+1","Doom and Gloom","Glacier+1","Defragment","Fusion+1","Redo+1","Electrodynamics+1","Storm","Capacitor"],"relics":["Cracked Core","NeowsBlessing","Toxic Egg 2","Dream Catcher","Bottled Flame","Bronze Scales","SlaversCollar"],"acts_visited":["Exordium","TheCity"],"potions_floor_usage":[16,16,22,31],"damage_taken":[{"damage":0,"enemies":"2 Louse","floor":1,"turns":1},{"damage":0,"enemies":"Jaw Worm","floor":2,"turns":1},{"damage":0,"enemies":"Cultist","floor":4,"turns":1},{"damage":11,"enemies":"Lots of Slimes","floor":5,"turns":3},{"damage":28,"enemies":"Lagavulin","floor":6,"turns":9},{"damage":5,"enemies":"3 Louse","floor":10,"turns":3},{"damage":1,"enemies":"Red Slaver","floor":11,"turns":3},{"damage":34,"enemies":"Hexaghost","floor":16,"turns":8},{"damage":33,"enemies":"2 Thieves","floor":18,"turns":4},{"damage":16,"enemies":"Shell Parasite","floor":19,"turns":5},{"damage":0,"enemies":"Sentry and Sphere","floor":21,"turns":3},{"damage":22,"enemies":"Cultist and Chosen","floor":22,"turns":5},{"damage":26,"enemies":"Shelled Parasite and Fungi","floor":29,"turns":5},{"damage":15,"enemies":"Snecko","floor":30,"turns":5},{"damage":37,"enemies":"Cultist and Chosen","floor":31,"turns":4}],"seed_played":"-3359687321432379687","potions_obtained":[{"floor":1,"key":"CultistPotion"},{"floor":2,"key":"SkillPotion"},{"floor":5,"key":"FocusPotion"},{"floor":10,"key":"SmokeBomb"},{"floor":18,"key":"SpeedPotion"},{"floor":19,"key":"Fire Potion"},{"floor":30,"key":"LiquidBronze"}],"is_trial":false,"path_per_floor":["M","M","?","M","M","E","R","$","T","M","M","?","$","?","R","B",null,"M","M","$","M","M","R","?","R","T","R","$","M","M","M"],"character_chosen":"DEFECT","items_purchased":["Dream Catcher","Doom and Gloom","Defragment","Fusion+1","Storm"],"campfire_rested":5,"item_purchase_floors":[8,13,20,20,28],"current_hp_per_floor":[75,75,60,60,49,21,43,43,43,38,37,62,62,62,75,41,75,42,26,26,26,4,26,26,48,48,70,70,44,29,0,0],"gold":28,"neow_bonus":"THREE_ENEMY_KILL","is_daily":false,"chose_seed":false,"campfire_upgraded":0,"win_rate":0.0,"timestamp":1612966727,"path_taken":["M","M","?","M","M","E","R","$","T","M","M","?","?","?","R","BOSS","M","?","?","M","M","R","?","R","T","R","$","M","?","M"],"items_purchased_type":["Relic","Card","Card","Card","Card"],"build_version":"2020-12-22","purchased_purges":0,"victory":false,"max_hp_per_floor":[75,75,75,75,75,75,75,75,75,75,75,75,75,75,75,75,75,75,75,75,75,75,75,75,75,75,75,75,75,75,75,75],"card_choices":[{"not_picked":["Tempest","Go for the Eyes"],"picked":"Melter","floor":1},{"not_picked":["Stack","Auto Shields"],"picked":"Rebound","floor":2},{"not_picked":["Stack","Cold Snap"],"picked":"Buffer","floor":4},{"not_picked":["Hologram","Reinforced Body","Sweeping Beam"],"picked":"SKIP","floor":5},{"not_picked":["Amplify+1","Reprogram+1"],"picked":"Genetic Algorithm+1","floor":6},{"not_picked":["Sweeping Beam","Streamline"],"picked":"Ball Lightning","floor":10},{"not_picked":["Ball Lightning","Steam+1","Stack+1"],"picked":"SKIP","floor":11},{"not_picked":["Stack+1","Leap+1"],"picked":"Rainbow+1","floor":15},{"not_picked":["Turbo+1","Heatsinks"],"picked":"Doom and Gloom","floor":18},{"not_picked":["Ball Lightning+1","Stack+1"],"picked":"Glacier+1","floor":19},{"not_picked":["Go for the Eyes","Steam+1","Barrage"],"picked":"SKIP","floor":21},{"not_picked":["Cold Snap","BootSequence+1"],"picked":"Redo+1","floor":22},{"not_picked":["Stack+1","Ball Lightning"],"picked":"Electrodynamics","floor":23},{"not_picked":["Steam+1","Go for the Eyes"],"picked":"Capacitor","floor":29},{"not_picked":["Sweeping Beam","Compile Driver","Rebound"],"picked":"SKIP","floor":30}],"player_experience":102654,"relics_obtained":[{"floor":6,"key":"Toxic Egg 2"},{"floor":9,"key":"Bottled Flame"}],"event_choices":[{"damage_healed":0,"gold_gain":0,"player_choice":"Entered Light","damage_taken":15,"max_hp_gain":0,"max_hp_loss":0,"event_name":"Shining Light","floor":3,"gold_loss":0,"cards_upgraded":["Defend_B","Defend_B"]},{"damage_healed":25,"gold_gain":0,"player_choice":"Banana","damage_taken":0,"max_hp_gain":0,"max_hp_loss":0,"event_name":"Big Fish","floor":12,"gold_loss":0},{"damage_healed":0,"gold_gain":0,"player_choice":"Gave Potion","damage_taken":0,"relics_obtained":["Bronze Scales"],"max_hp_gain":0,"max_hp_loss":0,"event_name":"WeMeetAgain","floor":14,"gold_loss":0},{"damage_healed":0,"gold_gain":0,"player_choice":"Upgraded","damage_taken":0,"max_hp_gain":0,"max_hp_loss":0,"event_name":"Upgrade Shrine","floor":24,"gold_loss":0,"cards_upgraded":["Electrodynamics"]}],"is_beta":false,"boss_relics":[{"not_picked":["Coffee Dripper","Runic Pyramid"],"picked":"SlaversCollar"}],"items_purged_floors":[],"is_endless":false,"potions_floor_spawned":[1,2,5,10,11,18,19,30],"killed_by":"Cultist and Chosen","ascension_level":0}}