{"host":"rm0ctv8qd8mnbkg1","time":1612959931,"event":{"mods":["BaseMod","Beaked The Cultist","BetterRewards","Colored Map","DNKmod","Dark Map","Defuse TimeMaze Blight","Downfall","Friendly Minions","Halation","Hubris","Marisa????????","Minty Spire (QoL Compilation)","MostiFishMod","Permanent Neow","Quarter Circle Forward PUNCH!","RRrroohrrRGHHhhh!!","Rare Cards Sparkle","Relic Sorter","Reliquary","Replay The Spire","RumiaBox-????????","Shade Mod","Shop Mod","Spicy Shops","Spire Arcade","StS++","StSLib","The Construct","The Servant 0.9.4","TheVacant","Wandering Minibosses","??????REMEMod"],"gold_per_floor":[10100,10100,10118,10134,10153,10169,10169,10069,9306,9306,9306,9306,9337,8747,8758,8857,8857,8857,8876,8876,8876,8876,8902,8902,8914,8914,8914,8945,8979,8879,8979,8995,9090,9090,9090,9109,9121,9140,8918,8932,8978,9045,8945,8965,8690,8757,8757,8790,8790,8790,8790],"floor_reached":49,"language":"ENG","playtime":1928,"items_purged":["downfall:Malfunctioning","downfall:Bewildered","Spreading Infection"],"score":755,"play_id":"6bf43896-67aa-48ce-9697-2cb9e1ae03ed","local_time":"20210210122531","is_ascension_mode":false,"campfire_choices":[{"floor":1,"key":"RECALL"},{"data":"Mayhem","floor":8,"key":"SMITH"},{"data":"champ:Taunt","floor":11,"key":"SMITH"},{"data":"champ:SteelEdge","floor":18,"key":"SMITH"},{"data":"champ:EndlessRage","floor":30,"key":"SMITH"},{"data":"champ:GladiatorForm","floor":35,"key":"SMITH"},{"data":"champ:ArenaPreparation","floor":43,"key":"SMITH"},{"data":"champ:BerserkerStyle","floor":47,"key":"SMITH"}],"circlet_count":0,"master_deck":["champ:Strike","champ:Strike","champ:Strike","champ:Strike","champ:Defend","champ:Defend","champ:Defend+1","champ:Defend","champ:Execute","champ:Taunt+1","Mayhem+1","champ:IronFortress+1","champ:DeathBlow+1","champ:ShieldWall","champ:SetATrap","champ:FanOfKnives","champ:EndlessRage+1","champ:PreciseThrust+1","Regret","champ:DefensiveStyle","champ:Encircle","Injury","champ:IronFortress","champ:ShieldSigil","champ:ShieldSigil","Replay:SS_forest_2","champ:SteelEdge+1","champ:EndlessRage+1","champ:ShieldWall+1","champ:RecklessLeap","champ:AdrenalArmor","champ:ArenaPreparation+1","champ:EndlessRage+1","champ:AdrenalArmor","champ:EnchantCrown","champ:GladiatorForm+1","champ:StanceDance+1","champ:GutPunch","champ:ShieldWall+1","champ:BerserkersShout","champ:RecklessLeap+1","champ:FaceSlap","champ:BerserkerStyle+1","champ:SwordSigil+1"],"relics":["champ:ChampionCrown","downfall:HeartBlessingRed","downfall:HeartBlessingGreen","REME_ComplimentaryCards","DaveBox","Brimstone","wanderingMiniBosses:CarrionFlame","hubris:PeanutButter","Membership Card","Akabeko","Lantern","Bird Faced Urn","Frozen Eye","Guardian:GemstoneGun","halation:LettersToHer","champ:GladiatorsBookOfMartialProwess","ZombieArmy","reliquary:Buckler","Sling","qcfpunch:Chain_With_Nametags","GodSword3","reliquary:JackalopeAntler","ReplayTheSpireMod:Ring of Collecting","ReplayFunnel","Slimebound:PreparedRelic","ReplayTheSpireMod:CursedCoin","REME_HandOfSuture","downfall:CloakOfManyFaces","CultistMask","FaceOfCleric","NlothsMask","GremlinMask","SsserpentHead","StSpp:Balance","Gremlin Food","Bottled Lightning","Ring of Hypnosis","downfall:HeartBlessingBlue","reliquary:TridentHead","Bronze Scales","InkBottle"],"acts_visited":["Exordium","TheCity","TheBeyond"],"potions_floor_usage":[9,14,14,28,29,29],"damage_taken":[{"damage":37,"enemies":"Jaw Worm","floor":3,"turns":8},{"damage":10,"enemies":"Cultist","floor":4,"turns":2},{"damage":10,"enemies":"Small Slimes","floor":5,"turns":2},{"damage":10,"enemies":"Lots of Slimes","floor":6,"turns":1},{"damage":27,"enemies":"downfall:FleeingMerchant","floor":9,"turns":4},{"damage":0,"enemies":"3 Sentries","floor":13,"turns":2},{"damage":16,"enemies":"downfall:FleeingMerchant","floor":14,"turns":4},{"damage":7,"enemies":"Exordium Wildlife","floor":15,"turns":1},{"damage":48,"enemies":"DF_ARCHETYPE_STREAMLINE","floor":16,"turns":4},{"damage":3,"enemies":"Chosen","floor":19,"turns":3},{"damage":11,"enemies":"Book of Stabbing","floor":23,"turns":4},{"damage":0,"enemies":"Chosen and Byrds","floor":25,"turns":2},{"damage":2,"enemies":"Gremlin Leader","floor":28,"turns":3},{"damage":0,"enemies":"downfall:FleeingMerchant","floor":29,"turns":1},{"damage":8,"enemies":"downfall:FaceTrader","floor":31,"turns":2},{"damage":0,"enemies":"Centurion and Healer","floor":32,"turns":3},{"damage":32,"enemies":"IC_MUSHROOM_ARCHETYPE","floor":33,"turns":3},{"damage":0,"enemies":"Orb Walker","floor":36,"turns":2},{"damage":0,"enemies":"3 Shapes","floor":37,"turns":2},{"damage":7,"enemies":"Sphere and 2 Shapes","floor":38,"turns":2},{"damage":0,"enemies":"3 Darklings","floor":40,"turns":1},{"damage":20,"enemies":"Writhing Mass","floor":42,"turns":3},{"damage":80,"enemies":"Transient","floor":44,"turns":5},{"damage":22,"enemies":"3 Darklings","floor":46,"turns":1},{"damage":80,"enemies":"R_Hoarder","floor":48,"turns":2},{"damage":0,"enemies":"4 Shapes","floor":49,"turns":1}],"seed_played":"-7586996258020148583","potions_obtained":[{"floor":3,"key":"AttackPotion"},{"floor":6,"key":"LifebloodPotion"},{"floor":21,"key":"CultistPotion"},{"floor":28,"key":"Fruit Juice"},{"floor":31,"key":"Strength Potion"},{"floor":40,"key":"Slimebound:ThreeZeroPotion"},{"floor":44,"key":"CultistPotion"}],"is_trial":false,"path_per_floor":["R","?","M","M","M","M","T","R","$","?","R","?","E","$","M","B",null,"R","M","?","?","?","E","T","M","T","?","E","$","R","?","M","B",null,"R","M","M","M","$","M","T","M","R","M","$","M","R","E","M"],"character_chosen":"THE_CHAMP","items_purchased":["Membership Card","Akabeko","champ:EndlessRage","Lantern","Bird Faced Urn","Frozen Eye","champ:PreciseThrust","Guardian:GemstoneGun","champ:GladiatorsBookOfMartialProwess","ZombieArmy","reliquary:Buckler","champ:IronFortress","Sling","Fruit Juice","champ:ShieldSigil","Replay:SS_forest_2","Slimebound:PreparedRelic","Fruit Juice","ReplayTheSpireMod:CursedCoin","REME_HandOfSuture","champ:EndlessRage","champ:ShieldWall+1","Gremlin Food","Bottled Lightning","reliquary:TridentHead","champ:BerserkerStyle","Bronze Scales"],"campfire_rested":0,"item_purchase_floors":[9,9,9,9,9,9,9,9,14,14,14,14,14,14,14,14,29,29,29,29,29,39,39,39,45,45,45],"current_hp_per_floor":[1000,1000,998,998,998,998,998,998,1000,1000,1000,1000,1000,1010,1010,1005,1010,1010,1010,1010,1010,1010,1010,1010,1010,1010,1010,1015,1025,1025,1025,1026,1027,1027,1027,1028,1029,1030,1030,1031,1031,1032,1042,1043,1043,1044,1044,1045,1045,1045,1045],"gold":8790,"neow_bonus":"HUNDRED_GOLD","is_daily":false,"chose_seed":false,"campfire_upgraded":7,"win_rate":0.0,"timestamp":1612959931,"path_taken":["R","?","M","?","M","M","T","R","$","?","R","?","E","$","M","BOSS","R","M","?","?","?","E","T","?","?","?","E","$","R","?","M","BOSS","R","M","M","M","$","M","T","?","R","M","$","?","R","E","M"],"items_purchased_type":["Relic","Relic","Card","Relic","Relic","Relic","Card","Relic","Relic","Relic","Relic","Card","Relic","Potion","Card","Card","Relic","Potion","Relic","Relic","Card","Card","Relic","Relic","Relic","Card","Relic"],"build_version":"2020-12-22","purchased_purges":3,"victory":false,"max_hp_per_floor":[1000,1000,1000,1000,1000,1000,1000,1000,1000,1000,1000,1000,1000,1010,1010,1010,1010,1010,1010,1010,1010,1010,1010,1010,1010,1010,1010,1015,1025,1025,1025,1026,1027,1027,1027,1028,1029,1030,1030,1031,1031,1032,1042,1043,1043,1044,1044,1045,1045,1045,1045],"card_choices":[{"not_picked":["champ:FalseCounter","champ:GutPunch"],"picked":"champ:IronFortress","floor":3},{"not_picked":["champ:PreciseThrust","champ:FlashCut"],"picked":"champ:DeathBlow","floor":4},{"not_picked":["champ:FlashCut","champ:CrownThrow"],"picked":"champ:ShieldWall","floor":5},{"not_picked":["champ:EnGarde","champ:HeartStrike"],"picked":"champ:SetATrap","floor":6},{"not_picked":["champ:LastStand","champ:BringItOn"],"picked":"champ:FanOfKnives","floor":9},{"not_picked":["champ:RageSigil","champ:Haymaker"],"picked":"champ:DefensiveStyle","floor":13},{"not_picked":["champ:Backstep","champ:PerfectedStrike"],"picked":"champ:Encircle","floor":14},{"not_picked":["champ:BladeFlurry","champ:Backstep","champ:Endure"],"picked":"SKIP","floor":15},{"not_picked":["champ:HeavySlash","champ:Improvising"],"picked":"champ:SteelEdge","floor":16},{"not_picked":["champ:Lariat","champ:EnGarde"],"picked":"champ:EndlessRage","floor":19},{"not_picked":["champ:EnGarde","champ:Shatter+1"],"picked":"champ:ShieldWall+1","floor":23},{"not_picked":["champ:Duel","champ:IronFortress"],"picked":"champ:RecklessLeap","floor":25},{"not_picked":["champ:IronFortress","champ:DancingMaster"],"picked":"champ:AdrenalArmor","floor":28},{"not_picked":["champ:FlashCut","champ:PreciseThrust+1"],"picked":"champ:ArenaPreparation","floor":29},{"not_picked":["champ:SetATrap","champ:FocusedDefense"],"picked":"champ:AdrenalArmor","floor":31},{"not_picked":["champ:Backstep","champ:Haymaker"],"picked":"champ:EnchantCrown","floor":32},{"not_picked":["champ:EnchantCrown","champ:Improvising"],"picked":"champ:GladiatorForm","floor":33},{"not_picked":["champ:GladiatorStyle","champ:Circumvent+1"],"picked":"champ:StanceDance+1","floor":36},{"not_picked":["champ:PreciseThrust+1","champ:EnGarde"],"picked":"champ:GutPunch","floor":37},{"not_picked":["champ:PreciseThrust","champ:SkillfulDodge+1","champ:BladeFlurry"],"picked":"SKIP","floor":38},{"not_picked":["champ:GladiatorStyle+1","champ:SkillfulDodge"],"picked":"champ:BerserkersShout","floor":40},{"not_picked":["champ:DefensiveStyle+1","champ:EnchantCrown"],"picked":"champ:RecklessLeap+1","floor":42},{"not_picked":["champ:EnGarde+1","champ:Endure+1"],"picked":"champ:FaceSlap","floor":44},{"not_picked":["champ:IronFortress+1","champ:DeathBlow"],"picked":"champ:SwordSigil+1","floor":46},{"not_picked":["champ:PreciseThrust+1","champ:GladiatorForm","champ:ShieldSigil"],"picked":"SKIP","floor":48}],"player_experience":329382,"relics_obtained":[{"floor":3,"key":"wanderingMiniBosses:CarrionFlame"},{"floor":7,"key":"hubris:PeanutButter"},{"floor":23,"key":"qcfpunch:Chain_With_Nametags"},{"floor":24,"key":"halation:LettersToHer"},{"floor":24,"key":"GodSword3"},{"floor":26,"key":"halation:LettersToHer"},{"floor":26,"key":"reliquary:JackalopeAntler"},{"floor":27,"key":"ReplayTheSpireMod:Ring of Collecting"},{"floor":28,"key":"ReplayFunnel"},{"floor":31,"key":"downfall:CloakOfManyFaces"},{"floor":41,"key":"Ring of Hypnosis"},{"floor":48,"key":"InkBottle"}],"event_choices":[{"damage_healed":0,"gold_gain":0,"player_choice":"Ignored","damage_taken":0,"max_hp_gain":0,"max_hp_loss":0,"event_name":"NoteForYourself","floor":2,"gold_loss":0},{"damage_healed":0,"gold_gain":0,"player_choice":"Box","damage_taken":0,"relics_obtained":["halation:LettersToHer"],"max_hp_gain":0,"max_hp_loss":0,"event_name":"Big Fish","floor":10,"gold_loss":0,"cards_obtained":["Regret"]}],"is_beta":false,"boss_relics":[{"not_picked":["halation:ForbiddenBikini","construct:WeddingRing","SoulBox"]},{"not_picked":["hubris:GrandSneckoEye","HereWithMe"],"picked":"StSpp:Balance"}],"items_purged_floors":[14,29,29],"is_endless":false,"potions_floor_spawned":[3,6,13,16,28,31,32,40,44,46,48],"killed_by":"4 Shapes","ascension_level":0}}