{"host":"eft627g0ddukeijo","time":1612968699,"event":{"mods":["AchievementEnabler","BaseMod","Bestiary","Better Note","Block Reminder","Colored Powertips","Highlight Path","Minty Spire (QoL Compilation)","Permanent Neow","Rare Cards Sparkle","Relic Stats","StSLib","Weighted Paths"],"gold_per_floor":[111,121,87,87,87,87,87,102,102,137,156,156,181,199,199,328,328,348,372,372,392,411,411,436,436,436,436,449,463,476,490,490,616,616,637,662,681,681,696,696,759,759,827,827,841,486,486,486,486,486,486],"floor_reached":50,"language":"ENG","playtime":2578,"items_purged":["Strike_R"],"score":768,"play_id":"37529213-1943-49c0-866a-067ae7faf0dd","local_time":"20210210235139","is_ascension_mode":true,"campfire_choices":[{"floor":6.0,"key":"REST"},{"floor":12.0,"key":"REST"},{"data":"Demon Form","floor":15.0,"key":"SMITH"},{"floor":25.0,"key":"REST"},{"floor":27.0,"key":"REST"},{"floor":32.0,"key":"REST"},{"floor":40.0,"key":"RECALL"},{"floor":42.0,"key":"REST"},{"data":"Seeing Red","floor":44.0,"key":"SMITH"},{"floor":49.0,"key":"REST"}],"circlet_count":0,"master_deck":["Strike_R","Defend_R","Defend_R","Defend_R","Defend_R","Bash+1","Ghostly Armor","Cleave","Spot Weakness","Demon Form+1","Pommel Strike","Shrug It Off","Body Slam","Feed","Headbutt+1","Reaper","Twin Strike","Dropkick+1","Pommel Strike+1","Whirlwind+1","Body Slam+1","Exhume","Shrug It Off+1","Seeing Red+1","Madness","Madness","Sword Boomerang+1","Heavy Blade+1","Entrench"],"relics":["Black Blood","Golden Idol","Potion Belt","Sundial","FossilizedHelix","Philosopher\u0027s Stone","Gambling Chip","Juzu Bracelet"],"acts_visited":["TheCity","TheBeyond"],"potions_floor_usage":[50,50,50],"damage_taken":[{"damage":6.0,"enemies":"Cultist","floor":1.0,"turns":3.0},{"damage":7.0,"enemies":"2 Louse","floor":2.0,"turns":3.0},{"damage":7.0,"enemies":"Small Slimes","floor":8.0,"turns":4.0},{"damage":37.0,"enemies":"Gremlin Nob","floor":10.0,"turns":6.0},{"damage":13.0,"enemies":"Blue Slaver","floor":11.0,"turns":6.0},{"damage":9.0,"enemies":"3 Louse","floor":13.0,"turns":4.0},{"damage":1.0,"enemies":"2 Fungi Beasts","floor":14.0,"turns":3.0},{"damage":48.0,"enemies":"Slime Boss","floor":16.0,"turns":8.0},{"damage":33.0,"enemies":"Shell Parasite","floor":18.0,"turns":6.0},{"damage":0.0,"enemies":"Chosen","floor":19.0,"turns":4.0},{"damage":31.0,"enemies":"Shelled Parasite and Fungi","floor":21.0,"turns":7.0},{"damage":25.0,"enemies":"Cultist and Chosen","floor":22.0,"turns":5.0},{"damage":0.0,"enemies":"Gremlin Leader","floor":23.0,"turns":1.0},{"damage":49.0,"enemies":"Centurion and Healer","floor":24.0,"turns":8.0},{"damage":18.0,"enemies":"Chosen and Byrds","floor":28.0,"turns":5.0},{"damage":44.0,"enemies":"Snake Plant","floor":29.0,"turns":5.0},{"damage":33.0,"enemies":"3 Cultists","floor":30.0,"turns":5.0},{"damage":15.0,"enemies":"Chosen and Byrds","floor":31.0,"turns":6.0},{"damage":56.0,"enemies":"Champ","floor":33.0,"turns":12.0},{"damage":24.0,"enemies":"3 Darklings","floor":35.0,"turns":5.0},{"damage":48.0,"enemies":"3 Shapes","floor":36.0,"turns":8.0},{"damage":49.0,"enemies":"Transient","floor":37.0,"turns":5.0},{"damage":56.0,"enemies":"3 Darklings","floor":39.0,"turns":6.0},{"damage":30.0,"enemies":"Mind Bloom Boss Battle","floor":41.0,"turns":6.0},{"damage":72.0,"enemies":"Writhing Mass","floor":45.0,"turns":8.0},{"damage":162,"enemies":"Awakened One","floor":50,"turns":8}],"seed_played":"8533186303815976609","potions_obtained":[{"floor":1.0,"key":"SmokeBomb"},{"floor":10.0,"key":"Weak Potion"},{"floor":13.0,"key":"EssenceOfSteel"},{"floor":24.0,"key":"BlessingOfTheForge"},{"floor":30.0,"key":"Swift Potion"},{"floor":31.0,"key":"Weak Potion"},{"floor":33.0,"key":"DistilledChaos"},{"floor":35.0,"key":"Regen Potion"},{"floor":41.0,"key":"Regen Potion"}],"is_trial":false,"path_per_floor":["M","M","$","?","?","R","?","M","T","E","M","R","M","M","R","B",null,"M","M","?","M","M","E","M","R","T","R","M","M","M","M","R","B",null,"M","M","M","?","M","R","?","R","T","R","M","$","?","?","R","B"],"character_chosen":"IRONCLAD","items_purchased":["Spot Weakness","Juzu Bracelet","Entrench","Block Potion","BlessingOfTheForge"],"campfire_rested":7,"item_purchase_floors":[3,46,46,46,46],"current_hp_per_floor":[72,71,71,71,51,75,75,74,74,43,36,60,57,62,62,20,65,47,59,59,43,49,61,27,54,54,81,78,49,52,52,83,75,97,104,103,66,53,94,94,76,107,107,107,47,47,47,47,79,0,0],"gold":486,"neow_bonus":"UPGRADE_CARD","is_daily":false,"chose_seed":false,"campfire_upgraded":2,"win_rate":0.0,"timestamp":1612968699,"path_taken":["M","M","$","?","?","R","?","M","T","E","?","R","M","M","R","BOSS","M","M","?","?","M","E","M","R","T","R","M","M","M","M","R","BOSS","M","M","M","?","M","R","?","R","T","R","M","$","?","?","R","BOSS"],"items_purchased_type":["Card","Relic","Card","Potion","Potion"],"build_version":"2020-12-22","purchased_purges":1,"victory":false,"max_hp_per_floor":[80,80,80,80,80,80,80,80,80,80,80,80,80,80,80,80,80,83,83,83,86,89,89,92,92,92,92,95,98,101,104,104,104,104,104,107,107,107,107,107,107,107,107,107,107,107,107,107,107,110,110],"relic_stats":{"counters":[26,147],"Golden Idol":148,"Sundial":[18],"Gambling Chip":[2],"Black Blood":251,"Juzu Bracelet":0,"obtain_stats":[{"Potion Belt":9,"Golden Idol":5,"Sundial":10,"Gambling Chip":41,"Black Blood":17,"Philosopher\u0027s Stone":34,"Juzu Bracelet":46,"Burning Blood":0,"FossilizedHelix":26},{"Potion Belt":3,"Golden Idol":2,"Sundial":4,"Gambling Chip":24,"Black Blood":8,"Philosopher\u0027s Stone":19,"Juzu Bracelet":25,"Burning Blood":0,"FossilizedHelix":14},{"Potion Belt":10,"Golden Idol":6,"Sundial":16,"Gambling Chip":131,"Black Blood":37,"Philosopher\u0027s Stone":101,"Juzu Bracelet":139,"Burning Blood":0,"FossilizedHelix":68}]},"card_choices":[{"not_picked":["True Grit","Havoc"],"picked":"Ghostly Armor","floor":1.0},{"not_picked":["Entrench","True Grit"],"picked":"Cleave","floor":2.0},{"not_picked":["Shrug It Off","Pommel Strike"],"picked":"Iron Wave","floor":8.0},{"not_picked":["Disarm","Flex"],"picked":"Demon Form","floor":10.0},{"not_picked":["Rage","Clash"],"picked":"Pommel Strike","floor":11.0},{"not_picked":["Blood for Blood","Twin Strike"],"picked":"Shrug It Off","floor":13.0},{"not_picked":["Wild Strike","Clothesline"],"picked":"Body Slam","floor":14.0},{"not_picked":["Corruption","Juggernaut"],"picked":"Feed","floor":16.0},{"not_picked":["True Grit","Cleave","Perfected Strike"],"picked":"SKIP","floor":18.0},{"not_picked":["Clothesline+1","Cleave"],"picked":"Headbutt+1","floor":19.0},{"not_picked":["Clash","Infernal Blade+1"],"picked":"Reaper","floor":21.0},{"not_picked":["Metallicize+1","Iron Wave"],"picked":"Twin Strike","floor":22.0},{"not_picked":["Twin Strike","Armaments"],"picked":"Dropkick+1","floor":24.0},{"not_picked":["Sever Soul","Cleave"],"picked":"Pommel Strike+1","floor":28.0},{"not_picked":["Flex","Headbutt"],"picked":"Whirlwind+1","floor":29.0},{"not_picked":["Twin Strike","Evolve"],"picked":"Body Slam+1","floor":30.0},{"not_picked":["Spot Weakness","Perfected Strike","Blood for Blood+1"],"picked":"SKIP","floor":31.0},{"not_picked":["Immolate","Brutality"],"picked":"Exhume","floor":33.0},{"not_picked":["Body Slam","Cleave+1"],"picked":"Shrug It Off+1","floor":35.0},{"not_picked":["Body Slam+1","Uppercut+1"],"picked":"Seeing Red","floor":36.0},{"not_picked":["Thunderclap+1","Armaments","Clash"],"picked":"SKIP","floor":37.0},{"not_picked":["Evolve+1","Clash+1"],"picked":"Sword Boomerang+1","floor":39.0},{"not_picked":["Pommel Strike","Impervious"],"picked":"Heavy Blade+1","floor":41.0},{"not_picked":["Blood for Blood","Ghostly Armor+1","Combust"],"picked":"SKIP","floor":45.0}],"player_experience":559476,"relics_obtained":[{"floor":9.0,"key":"Potion Belt"},{"floor":10.0,"key":"Sundial"},{"floor":26.0,"key":"FossilizedHelix"},{"floor":41.0,"key":"Gambling Chip"}],"event_choices":[{"cards_removed":["Strike_R"],"damage_healed":0.0,"max_hp_gain":0.0,"max_hp_loss":0.0,"gold_gain":0.0,"event_name":"Living Wall","player_choice":"Forget","floor":4.0,"gold_loss":0.0,"damage_taken":0.0},{"damage_healed":0.0,"max_hp_gain":0.0,"max_hp_loss":0.0,"gold_gain":0.0,"event_name":"Golden Idol","player_choice":"Take Damage","floor":5.0,"gold_loss":0.0,"damage_taken":20.0,"relics_obtained":["Golden Idol"]},{"cards_removed":["Strike_R"],"damage_healed":0.0,"max_hp_gain":0.0,"max_hp_loss":0.0,"gold_gain":0.0,"event_name":"Purifier","player_choice":"Purged","floor":7.0,"gold_loss":0.0,"damage_taken":0.0},{"cards_removed":["Strike_R"],"damage_healed":0.0,"max_hp_gain":0.0,"max_hp_loss":0.0,"gold_gain":0.0,"event_name":"Purifier","player_choice":"Purged","floor":20.0,"gold_loss":0.0,"damage_taken":0.0},{"damage_healed":0.0,"max_hp_gain":0.0,"max_hp_loss":0.0,"gold_gain":0.0,"event_name":"Winding Halls","player_choice":"Embrace Madness","floor":38.0,"gold_loss":0.0,"damage_taken":13.0,"cards_obtained":["Madness","Madness"]},{"damage_healed":0.0,"max_hp_gain":0.0,"max_hp_loss":0.0,"gold_gain":0.0,"event_name":"MindBloom","player_choice":"Fight","floor":41.0,"gold_loss":0.0,"damage_taken":0.0},{"cards_removed":["Iron Wave"],"damage_healed":0.0,"max_hp_gain":0.0,"max_hp_loss":0.0,"gold_gain":0.0,"event_name":"Falling","player_choice":"Removed Attack","floor":47.0,"gold_loss":0.0,"damage_taken":0.0},{"damage_healed":0.0,"max_hp_gain":0.0,"max_hp_loss":0.0,"gold_gain":0.0,"event_name":"Tomb of Lord Red Mask","player_choice":"Ignored","floor":48.0,"gold_loss":0.0,"damage_taken":0.0}],"is_beta":false,"boss_relics":[{"not_picked":["Sozu","Runic Cube"],"picked":"Black Blood"},{"not_picked":["Pandora\u0027s Box","SlaversCollar"],"picked":"Philosopher\u0027s Stone"}],"items_purged_floors":[46],"is_endless":false,"potions_floor_spawned":[1,10,13,23,24,30,31,33,35,41],"killed_by":"Awakened One","ascension_level":9}}