{"host":"1hw3ks68c0zl1mxv","time":1612984434,"event":{"mods":["2.2 Compatiblity","Act Like it!","Aspiration","BaseMod","Beaked The Cultist","BetterRewards","Colored Map","Colored Powertips","Conspire","Downfall","Energized Spire","GungeonMod","Halation","Hallownest","Hubris","Infinite Spire","Marisa????????","Mimic Mod","Minty Spire (QoL Compilation)","Quick Restart","Replay The Spire","Shop Mod","StSLib","The Bug Knight","The Construct","The Elementalist","The Necromancer","The Saiyan","The Servant 0.9.4","TheHero"],"gold_per_floor":[119,394,413,285,302,302,322,322,349,280,330,343,359,387,387,483,483,497,497,511,511,511,511,545,563,590,83,83,83,133,174,174,290,290,319,359,405,454,264,264,320,357,357,157,189,189,235,277,277,283],"floor_reached":51,"language":"ENG","playtime":3534,"items_purged":["Regret"],"score":1122,"play_id":"d78c2161-7314-4ac7-b924-2f30aa642c9b","local_time":"20210210121354","is_ascension_mode":false,"campfire_choices":[{"data":"construct:GuardCore","floor":6.0,"key":"SMITH"},{"data":"construct:Bunker+1","floor":15.0,"key":"SMITH"},{"data":"construct:GuardCore+1","floor":23.0,"key":"SMITH"},{"data":"construct:ReactiveShield+1","floor":28.0,"key":"SMITH"},{"data":"construct:ReactiveShield+1","floor":32.0,"key":"SMITH"},{"data":"construct:Reinforce","floor":40,"key":"SMITH"},{"data":"construct:Reinforce+1","floor":46,"key":"SMITH"},{"data":"construct:Bunker+1","floor":49,"key":"SMITH"}],"circlet_count":0,"master_deck":["construct:Strike_Gold","construct:Strike_Gold","construct:Strike_Gold","construct:Strike_Gold","construct:Strike_Gold","construct:Defend_Gold","construct:Defend_Gold","construct:Defend_Gold","construct:Defend_Gold","construct:Defend_Gold","construct:AttackMode","construct:DefenseMode","construct:Autoturret","construct:Autoturret","construct:GuardCore+2","construct:Forcefield","construct:Autoturret+1","construct:Bunker+2","construct:ElectricArmor","construct:Synchronize+1","construct:ShieldBurst","construct:Autoturret+1","construct:ReactiveShield+2","construct:SuppressiveFire+1","construct:Autoturret+1","construct:ReactiveShield+2","construct:Bunker+2","construct:SaveState+1","construct:Reinforce+2","construct:Autoturret+1","construct:MetalShell"],"relics":["construct:ClockworkPhoenix","Eternal Feather","Frozen Egg 2","hubris:Icosahedron","Pen Nib","Pear","hubris:RunicObelisk","halation:PinkSoulGem","Replay:Bandana","construct:MasterCore","construct:PurpleEmber","TheAbacus","infinitespire:BottledMercury","infinitespire:EvilPickle","hubris:Backtick","Bottled Tornado","HollowMod:JonisBlessing","conspire:Flyswatter","conspire:TopHat","Mummified Hand"],"acts_visited":["Exordium","TheCity","TheBeyond"],"potions_floor_usage":[50,50,50],"damage_taken":[{"damage":0.0,"enemies":"Small Slimes","floor":1.0,"turns":6.0},{"damage":12.0,"enemies":"Cultist","floor":3.0,"turns":6.0},{"damage":0.0,"enemies":"conspire:RoseBush","floor":5.0,"turns":5.0},{"damage":0.0,"enemies":"Exordium Wildlife","floor":7.0,"turns":5.0},{"damage":4.0,"enemies":"3 Louse","floor":12.0,"turns":5.0},{"damage":6.0,"enemies":"Blue Slaver","floor":13.0,"turns":6.0},{"damage":13.0,"enemies":"Gremlin Nob","floor":14.0,"turns":4.0},{"damage":0.0,"enemies":"Fading Forest","floor":16.0,"turns":11.0},{"damage":4.0,"enemies":"Shell Parasite","floor":18.0,"turns":6.0},{"damage":17.0,"enemies":"3 Byrds","floor":20.0,"turns":6.0},{"damage":3.0,"enemies":"Book of Stabbing","floor":24.0,"turns":6.0},{"damage":24.0,"enemies":"Snake Plant","floor":25.0,"turns":4.0},{"damage":0.0,"enemies":"conspire:Head Lice","floor":31.0,"turns":6.0},{"damage":39,"enemies":"Pondfish","floor":33,"turns":8},{"damage":5,"enemies":"3 Shapes","floor":35,"turns":3},{"damage":3,"enemies":"3 Darklings","floor":36,"turns":4},{"damage":5,"enemies":"4 Shapes","floor":37,"turns":4},{"damage":5,"enemies":"Spire Growth","floor":38,"turns":4},{"damage":0,"enemies":"Giant Head","floor":41,"turns":6},{"damage":2,"enemies":"Jaw Worm Horde","floor":42,"turns":4},{"damage":0,"enemies":"4 Shapes","floor":45,"turns":4},{"damage":0,"enemies":"Reptomancer","floor":47,"turns":6},{"damage":0,"enemies":"Spire Growth","floor":48,"turns":3},{"damage":35,"enemies":"conspire:OrnateMirror","floor":50,"turns":5}],"seed_played":"2822091519213330054","potions_obtained":[{"floor":1.0,"key":"Toxic Potion"},{"floor":3.0,"key":"PowerPotion"},{"floor":14.0,"key":"SteroidPotion"},{"floor":18.0,"key":"Dexterity Potion"},{"floor":20.0,"key":"SkillPotion"},{"floor":25.0,"key":"Explosive Potion"},{"floor":36,"key":"DemoMod:LeadSkinPotion"},{"floor":41,"key":"SkillPotion"},{"floor":47,"key":"DuplicationPotion"}],"is_trial":false,"path_per_floor":["M","?","M","$","M","R","M","?","T","$","?","M","M","E","R","B",null,"M","?","M","?","?","R","E","M","T","$","R","?","?","E","R","B",null,"M","M","M","M","$","R","E","M","T","$","M","R","E","M","R","B",null],"character_chosen":"THE_CONSTRUCT_MOD","items_purchased":["Eternal Feather","construct:Autoturret","construct:Autoturret","Frozen Egg 2","construct:Autoturret+1","construct:Bunker+1","construct:PurpleEmber","TheAbacus","construct:Autoturret+1","HollowMod:JonisBlessing","construct:Autoturret+1","conspire:TopHat","Block Potion"],"campfire_rested":0,"item_purchase_floors":[0,0,0,0,4,10,27,27,27,39,39,44,44],"current_hp_per_floor":[53,53,41,41,41,50,50,50,50,50,50,46,40,37,49,59,95,91,91,74,74,74,86,83,59,59,59,74,74,74,74,89,50,95,90,87,82,77,77,95,95,93,93,93,93,95,95,95,95,60],"gold":283,"neow_bonus":"","is_daily":false,"chose_seed":false,"campfire_upgraded":8,"win_rate":0.0,"timestamp":1612984434,"path_taken":["M","?","M","?","M","R","?","?","T","$","?","M","M","E","R","BOSS","M","?","M","?","?","R","E","M","T","$","R","?","?","E","R","BOSS","M","M","M","M","$","R","E","M","T","?","M","R","E","M","R","BOSS"],"items_purchased_type":["Relic","Card","Card","Relic","Card","Card","Relic","Relic","Card","Relic","Card","Relic","Potion"],"build_version":"2020-12-22","purchased_purges":1,"victory":true,"max_hp_per_floor":[85,85,85,85,85,85,85,85,85,85,85,85,85,95,95,95,95,95,95,95,95,95,95,95,95,95,95,95,95,95,95,95,95,95,95,95,95,95,95,95,95,95,95,95,95,95,95,95,95,95],"card_choices":[{"not_picked":["construct:Backfire","construct:HeavyBolt"],"picked":"construct:GuardCore","floor":1.0},{"not_picked":["construct:SaveState","construct:Accumulate"],"picked":"construct:Forcefield","floor":3.0},{"not_picked":["construct:ForceCore","construct:FierceBash","construct:ScrapCannon"],"picked":"SKIP","floor":5.0},{"not_picked":["construct:ForceCore","construct:HeavyBolt","construct:VentSteam"],"picked":"SKIP","floor":7.0},{"not_picked":["construct:SaveState","construct:Anticipate"],"picked":"construct:ElectricArmor","floor":12.0},{"not_picked":["construct:SweepLaser","construct:Stasis"],"picked":"construct:Synchronize+1","floor":13.0},{"not_picked":["construct:ShiftStrike","construct:SaveState","construct:SyphonStrike"],"picked":"SKIP","floor":14.0},{"not_picked":["construct:BatteryCore","construct:ShieldGenerator+1"],"picked":"construct:ShieldBurst","floor":16.0},{"not_picked":["construct:Failsafe+1","construct:FlakBarrage"],"picked":"construct:Autoturret+1","floor":18.0},{"not_picked":["construct:OmegaCannon","construct:SweepLaser","construct:ScrapCannon+1"],"picked":"SKIP","floor":20.0},{"not_picked":["construct:GuardCore","construct:Versatility"],"picked":"construct:ReactiveShield+1","floor":24.0},{"not_picked":["construct:HeavyBolt","construct:SaveState"],"picked":"construct:SuppressiveFire+1","floor":25.0},{"not_picked":["construct:GuardCore","construct:Reserves"],"picked":"construct:ReactiveShield+1","floor":31.0},{"not_picked":["construct:BatteryCore","construct:PanicFire+1"],"picked":"construct:Bunker+1","floor":33},{"not_picked":["construct:FocusedBeam+1","construct:BatteryAcid","construct:Anticipate+1"],"picked":"SKIP","floor":35},{"not_picked":["construct:Accumulate+1","construct:ClusterMines","construct:SweepLaser+1"],"picked":"SKIP","floor":36},{"not_picked":["construct:ScrapCannon","construct:SyphonStrike"],"picked":"construct:SaveState+1","floor":37},{"not_picked":["construct:Anticipate","construct:Analyze"],"picked":"construct:Reinforce","floor":38},{"not_picked":["construct:VentSteam+1","construct:QuickAttack","construct:Chainstrike"],"picked":"SKIP","floor":41},{"not_picked":["construct:ShiftStrike","construct:PowerUp+1"],"picked":"construct:MetalShell","floor":42},{"not_picked":["construct:ModeShift","construct:Versatility","construct:QuickAttack"],"picked":"SKIP","floor":45},{"not_picked":["construct:Versatility","construct:ChargeShot","construct:Stasis"],"picked":"SKIP","floor":47},{"not_picked":["construct:HardReboot+1","construct:FierceBash+1","construct:Failsafe+1"],"picked":"SKIP","floor":48}],"player_experience":1578374,"relics_obtained":[{"floor":9.0,"key":"Pen Nib"},{"floor":14.0,"key":"Pear"},{"floor":24.0,"key":"Replay:Bandana"},{"floor":26.0,"key":"construct:MasterCore"},{"floor":31.0,"key":"infinitespire:BottledMercury"},{"floor":41,"key":"conspire:Flyswatter"},{"floor":47,"key":"Mummified Hand"}],"event_choices":[{"damage_healed":0.0,"max_hp_gain":0.0,"max_hp_loss":0.0,"gold_gain":275.0,"event_name":"Golden Shrine","player_choice":"Desecrate","floor":2.0,"gold_loss":0.0,"damage_taken":0.0,"cards_obtained":["Regret"]},{"damage_healed":0.0,"max_hp_gain":0.0,"max_hp_loss":0.0,"gold_gain":0.0,"event_name":"Ghosts","player_choice":"Ignored","floor":21.0,"gold_loss":0.0,"damage_taken":0.0},{"damage_healed":0.0,"max_hp_gain":0.0,"max_hp_loss":0.0,"gold_gain":0.0,"event_name":"conspire:Investor","player_choice":"Leave","floor":29.0,"gold_loss":0.0,"damage_taken":0.0},{"damage_healed":0.0,"max_hp_gain":0.0,"max_hp_loss":0.0,"gold_gain":100.0,"event_name":"The Joust","player_choice":"Bet on Murderer","floor":30.0,"gold_loss":50.0,"damage_taken":0.0}],"is_beta":false,"boss_relics":[{"not_picked":["energizedSpire:SpiderWeb","energizedSpire:DeadBattery"],"picked":"hubris:RunicObelisk"},{"not_picked":["Kintsugi","aspiration:RitualDagger"],"picked":"hubris:Backtick"}],"items_purged_floors":[4],"is_endless":false,"potions_floor_spawned":[1,3,7,14,18,20,25,36,41,42,47],"ascension_level":0}}