{"host":"mr1ctipv0dcr6y8g","time":1612985469,"event":{"mods":["BaseMod","Beaked The Cultist","DeckTracker","Downfall","Energized Spire","Minty Spire (QoL Compilation)","READ ME - Guardian Mod","Shop Mod","StSLib","The Construct"],"gold_per_floor":[116,116,130,147,161,161,190,190,190,209,223,223,235,269,269,372,372,383,400,400,400,412,412,442,475,475,475,475,24,0,12,12,114,114,129,129,142,142,142,167,167,177,177,177,207,260,52,52,52,52,52,52,0,53,53,53,53],"floor_reached":55,"language":"ENG","playtime":12492,"items_purged":["Guardian:Strike_Guardian"],"score":875,"play_id":"1416084e-e336-4c26-941a-3debf8c0deed","local_time":"20210210123109","daily_mods":["Heirloom","Time Dilation","Flight"],"is_ascension_mode":false,"campfire_choices":[{"data":"Guardian:TwinSlam","floor":6,"key":"SMITH"},{"data":"Guardian:MultiBeam","floor":12,"key":"SMITH"},{"data":"Guardian:Recover","floor":15,"key":"SMITH"},{"data":"Guardian:HyperBeam_Guardian","floor":23,"key":"SMITH"},{"data":"Guardian:Defend_Guardian","floor":28,"key":"PURGE"},{"data":"Guardian:Defend_Guardian","floor":32,"key":"PURGE"},{"data":"Blind","floor":41,"key":"SMITH"},{"floor":44,"key":"REST"},{"floor":49,"key":"RECALL"},{"data":"Guardian:FuturePlans","floor":52,"key":"SMITH"}],"circlet_count":0,"master_deck":["Guardian:Strike_Guardian","Guardian:Defend_Guardian","Guardian:CurlUp","Guardian:TwinSlam+1","Guardian:ChargeCore","Guardian:Recover+1","Guardian:BronzeOrb","Guardian:TemporalShield","Guardian:MultiBeam+1","Guardian:Suspension","Guardian:AncientConstruct","Guardian:Preprogram+1","Guardian:Orbwalk","Guardian:HyperBeam_Guardian+1","Guardian:VentSteam","Guardian:PiercingHide","Guardian:SpikerProtocol+1","Guardian:BaubleBeam","Guardian:BodySlam","Guardian:ShieldCharger+1","Guardian:GemFinder","Guardian:TimeCapacitor+1","Guardian:RollAttack+1","Blind+1","Guardian:Recover+1","Guardian:FuturePlans+1","Guardian:AncientConstruct","Guardian:Clone+1","Guardian:TimeSifter","Guardian:TimeBomb","Guardian:Gem_Lightblue","Guardian:DonusPower+1"],"relics":["Guardian:ModeShifter","Peace Pipe","Bag of Marbles","HornCleat","sneckomod:BlankCard","Turnip","energizedSpire:NeverEndingSparkler","hexamod:BolsterEngine","Boot","Matryoshka","Nilry\u0027s Codex","Guardian:PocketSentry","Potion Belt","energizedSpire:SpiderWeb","Bird Faced Urn","CeramicFish","Blood Vial"],"acts_visited":["Exordium","TheCity","TheBeyond","TheEnding"],"potions_floor_usage":[14,16,46,46,50,54],"damage_taken":[{"damage":0,"enemies":"Small Slimes","floor":1,"turns":4},{"damage":2,"enemies":"2 Louse","floor":3,"turns":2},{"damage":1,"enemies":"Jaw Worm","floor":4,"turns":4},{"damage":2,"enemies":"Exordium Wildlife","floor":5,"turns":5},{"damage":9,"enemies":"3 Sentries","floor":7,"turns":8},{"damage":0,"enemies":"Looter","floor":10,"turns":1},{"damage":0,"enemies":"Large Slime","floor":11,"turns":5},{"damage":0,"enemies":"Blue Slaver","floor":13,"turns":2},{"damage":0,"enemies":"Gremlin Nob","floor":14,"turns":3},{"damage":7,"enemies":"The Guardian","floor":16,"turns":13},{"damage":0,"enemies":"3 Byrds","floor":18,"turns":1},{"damage":7,"enemies":"2 Thieves","floor":19,"turns":3},{"damage":3,"enemies":"Snake Plant","floor":22,"turns":4},{"damage":0,"enemies":"Slavers","floor":24,"turns":3},{"damage":0,"enemies":"Gremlin Leader","floor":25,"turns":4},{"damage":0,"enemies":"Centurion and Healer","floor":31,"turns":3},{"damage":0,"enemies":"Automaton","floor":33,"turns":7},{"damage":5,"enemies":"3 Darklings","floor":35,"turns":3},{"damage":15,"enemies":"3 Shapes","floor":37,"turns":5},{"damage":20,"enemies":"Giant Head","floor":40,"turns":7},{"damage":28,"enemies":"Transient","floor":42,"turns":5},{"damage":11,"enemies":"Maw","floor":45,"turns":6},{"damage":5,"enemies":"Reptomancer","floor":46,"turns":6},{"damage":60,"enemies":"Awakened One","floor":50,"turns":10},{"damage":16,"enemies":"Shield and Spear","floor":54,"turns":9},{"damage":96,"enemies":"The Heart","floor":55,"turns":3}],"seed_played":"-539455158626901349","potions_obtained":[{"floor":5,"key":"SpeedPotion"},{"floor":7,"key":"PowerPotion"},{"floor":11,"key":"sneckomod:MuddlingPotion"},{"floor":16,"key":"AttackPotion"},{"floor":18,"key":"SneckoOil"},{"floor":19,"key":"AttackPotion"},{"floor":31,"key":"Fire Potion"},{"floor":37,"key":"Fire Potion"}],"is_trial":true,"path_per_floor":["M","?","M","M","M","R","E","?","T","M","M","R","M","E","R","B",null,"M","M","?","?","M","R","E","E","T","?","R","$","?","M","R","B",null,"M","?","M","?","?","E","R","M","T","R","M","E","$","?","R","B",null,"R","$","E","B"],"character_chosen":"GUARDIAN","items_purchased":["Guardian:PocketSentry","Guardian:BodySlam","Potion Belt","Guardian:TimeSifter","Guardian:TimeBomb","Block Potion"],"campfire_rested":1,"item_purchase_floors":[29,29,29,47,47,53],"current_hp_per_floor":[80,74,72,71,69,69,60,57,57,57,57,57,57,57,57,50,80,80,73,73,58,55,55,55,55,55,39,39,39,39,39,39,39,85,80,80,65,65,65,45,45,29,29,54,55,66,66,66,66,30,85,85,85,81,0,0,0],"gold":53,"neow_bonus":"","is_daily":false,"chose_seed":false,"campfire_upgraded":6,"win_rate":0.0,"timestamp":1612985469,"path_taken":["M","?","M","M","M","R","E","?","T","M","M","R","?","E","R","BOSS","M","M","?","?","M","R","E","E","T","?","R","$","?","M","R","BOSS","M","?","M","?","?","E","R","M","T","R","?","E","$","?","R","BOSS","R","$","E","BOSS"],"items_purchased_type":["Relic","Card","Relic","Card","Card","Potion"],"build_version":"2020-12-22","purchased_purges":1,"victory":false,"max_hp_per_floor":[80,80,80,80,80,80,80,80,80,80,80,80,80,80,80,80,80,80,80,80,85,85,85,85,85,85,85,85,85,85,85,85,85,85,85,85,85,85,85,85,85,85,85,85,85,85,85,85,85,85,85,85,85,85,85,85,85],"card_choices":[{"not_picked":["Guardian:TemporalShield","Guardian:Gem_Red"],"picked":"Guardian:ChargeCore","floor":1},{"not_picked":["Guardian:SpikerProtocol","Guardian:WalkerClaw"],"picked":"Guardian:Recover","floor":3},{"not_picked":["Guardian:Gem_Yellow","Guardian:RefractedBeam"],"picked":"Guardian:BronzeOrb","floor":4},{"not_picked":["Guardian:Gem_Blue","Guardian:TemporalStrike"],"picked":"Guardian:Gem_Green","floor":5},{"not_picked":["Guardian:MultiBeam","Guardian:TemporalStrike"],"picked":"Guardian:TemporalShield","floor":7},{"not_picked":["Guardian:Gem_Lightblue","Guardian:Emergency"],"picked":"Guardian:MultiBeam","floor":10},{"not_picked":["Guardian:Gem_Red","Guardian:WalkerClaw"],"picked":"Guardian:Suspension","floor":11},{"not_picked":["Guardian:TemporalStrike","Guardian:Emergency"],"picked":"Guardian:Gem_White","floor":13},{"not_picked":["Guardian:Gem_White","Guardian:GemFire","Guardian:Gem_Lightblue"],"picked":"SKIP","floor":14},{"not_picked":["Guardian:StasisField","Guardian:Gem_Orange"],"picked":"Guardian:AncientConstruct","floor":16},{"not_picked":["Guardian:RollAttack","Guardian:Clone"],"picked":"Guardian:Preprogram+1","floor":18},{"not_picked":["Guardian:PrimingBeam","Guardian:Gem_Cyan"],"picked":"Guardian:Orbwalk","floor":19},{"not_picked":["Guardian:Gem_Lightblue","Guardian:SpikerProtocol+1"],"picked":"Guardian:PiercingHide","floor":22},{"not_picked":["Guardian:VentSteam","Guardian:Emergency"],"picked":"Guardian:SpikerProtocol+1","floor":24},{"not_picked":["Guardian:PiercingHide+1","Guardian:WalkerClaw"],"picked":"Guardian:BaubleBeam","floor":25},{"not_picked":["Guardian:GuardianWhirl","Guardian:Orbwalk+1"],"picked":"Guardian:ShieldCharger+1","floor":31},{"not_picked":["Guardian:Gem_Synthetic","Guardian:FierceBash"],"picked":"Guardian:GemFinder","floor":33},{"not_picked":["Guardian:ShieldSpikes+1","Guardian:TemporalShield+1"],"picked":"Guardian:TimeCapacitor+1","floor":35},{"not_picked":["Guardian:Gem_Red","Guardian:Gem_Lightblue"],"picked":"Guardian:Gem_Cyan","floor":37},{"not_picked":["Guardian:CrystalBeam","Guardian:Gem_Green"],"picked":"Guardian:RollAttack+1","floor":37},{"not_picked":["PanicButton","Finesse"],"picked":"Blind","floor":38},{"not_picked":["Guardian:Gem_Lightblue","Guardian:Gem_Green"],"picked":"Guardian:Gem_Cyan","floor":40},{"not_picked":["Guardian:Suspension+1","Guardian:VentSteam","Guardian:WalkerClaw+1"],"picked":"SKIP","floor":40},{"not_picked":["Guardian:PiercingHide","Guardian:EvasiveProtocol+1"],"picked":"Guardian:FuturePlans","floor":42},{"not_picked":["Guardian:Gem_Cyan","Guardian:Gem_Red"],"picked":"Guardian:Gem_Green","floor":45},{"not_picked":["Guardian:Preprogram","Guardian:Gem_Lightblue"],"picked":"Guardian:AncientConstruct","floor":45},{"not_picked":["Guardian:Gem_Cyan","Guardian:Gem_Red"],"picked":"Guardian:Gem_Green","floor":46},{"not_picked":["Guardian:Gem_Lightblue","Guardian:Recover+1"],"picked":"Guardian:Clone+1","floor":46},{"not_picked":["Guardian:Gem_Green","Guardian:Gem_Red"],"picked":"Guardian:Gem_Lightblue","floor":54},{"not_picked":["Guardian:ChargeCore","Guardian:StasisField"],"picked":"Guardian:DonusPower+1","floor":54}],"player_experience":1663953,"relics_obtained":[{"floor":7,"key":"Bag of Marbles"},{"floor":9,"key":"sneckomod:BlankCard"},{"floor":14,"key":"Turnip"},{"floor":24,"key":"hexamod:BolsterEngine"},{"floor":25,"key":"Boot"},{"floor":26,"key":"Matryoshka"},{"floor":27,"key":"Nilry\u0027s Codex"},{"floor":40,"key":"Bird Faced Urn"},{"floor":43,"key":"CeramicFish"},{"floor":46,"key":"Blood Vial"}],"event_choices":[{"damage_healed":0,"gold_gain":0,"player_choice":"Success","damage_taken":3,"relics_obtained":["HornCleat"],"max_hp_gain":0,"max_hp_loss":0,"event_name":"Scrap Ooze","floor":8,"gold_loss":0},{"damage_healed":0,"gold_gain":0,"cards_transformed":["Guardian:Strike_Guardian","Guardian:Strike_Guardian"],"player_choice":"Became Test Subject","damage_taken":0,"max_hp_gain":0,"max_hp_loss":0,"event_name":"Drug Dealer","floor":20,"gold_loss":0,"cards_obtained":["Guardian:HyperBeam_Guardian","Guardian:VentSteam"]},{"damage_healed":0,"gold_gain":0,"player_choice":"Shed Blood","damage_taken":20,"max_hp_gain":5,"max_hp_loss":0,"event_name":"Forgotten Altar","floor":21,"gold_loss":0},{"damage_healed":0,"gold_gain":0,"player_choice":"Obtained Book","damage_taken":16,"max_hp_gain":0,"max_hp_loss":0,"event_name":"Cursed Tome","floor":27,"gold_loss":0},{"damage_healed":0,"gold_gain":0,"player_choice":"Paid Fearfully","damage_taken":0,"max_hp_gain":0,"max_hp_loss":0,"event_name":"Masked Bandits","floor":30,"gold_loss":24},{"damage_healed":0,"gold_gain":0,"player_choice":"Ignored","damage_taken":0,"max_hp_gain":0,"max_hp_loss":0,"event_name":"Tomb of Lord Red Mask","floor":36,"gold_loss":0},{"damage_healed":0,"gold_gain":0,"player_choice":"Memory 1","damage_taken":0,"max_hp_gain":0,"max_hp_loss":0,"event_name":"SensoryStone","floor":38,"gold_loss":0},{"damage_healed":0,"gold_gain":0,"player_choice":"Copied","damage_taken":0,"max_hp_gain":0,"max_hp_loss":0,"event_name":"Duplicator","floor":39,"gold_loss":0,"cards_obtained":["Guardian:Recover"]},{"cards_removed":["Guardian:Defend_Guardian"],"damage_healed":0,"gold_gain":0,"player_choice":"Removed Skill","damage_taken":0,"max_hp_gain":0,"max_hp_loss":0,"event_name":"Falling","floor":48,"gold_loss":0}],"is_beta":false,"boss_relics":[{"not_picked":["energizedSpire:MagnifyingGlass","Ectoplasm"],"picked":"energizedSpire:NeverEndingSparkler"},{"not_picked":["Fusion Hammer","Calling Bell"],"picked":"energizedSpire:SpiderWeb"}],"items_purged_floors":[29],"is_endless":false,"potions_floor_spawned":[5,7,11,16,18,19,31,37,45],"killed_by":"The Heart","ascension_level":0}}