{"host":"r20plk0ye00cesdc","time":1612960903,"event":{"mods":["BaseMod","Better Third Choice","Colored Powertips","Downfall","GifTheSpireLib","Minty Spire (QoL Compilation)","Quick Restart","StSLib"],"gold_per_floor":[99,119,136,121,139,170,194,245,245,145,158,183,183,67,79,179,179,179,197,131,144,168,68,138,151,99,117,127,127,144,150,169,169,169,169],"floor_reached":33,"language":"ENG","playtime":2477,"items_purged":["champ:Defend"],"score":284,"play_id":"4ae53c8f-7cc8-4f0f-a33b-f43397a20c97","local_time":"20210210074143","is_ascension_mode":false,"campfire_choices":[{"data":"champ:Taunt","floor":1.0,"key":"SMITH"},{"data":"champ:Duel","floor":10.0,"key":"SMITH"},{"floor":18.0,"key":"RECALL"},{"data":"champ:ArenaPreparation","floor":23.0,"key":"SMITH"}],"circlet_count":0,"master_deck":["champ:Strike","champ:Strike","champ:Strike","champ:Defend+1","champ:Defend","champ:Defend","champ:Execute","champ:Taunt+1","champ:PerfectedStrike","champ:Duel+1","champ:IronFortress","champ:EnGarde+1","champ:FanOfKnives","champ:SkillfulDodge","champ:EnragedBash","champ:IronFortress","champ:GutPunch","champ:ArenaPreparation+1","champ:FlashCut","champ:StrikeOfGenius","champ:PerfectedStrike","champ:Backstep+1","champ:DefensiveShout","champ:StanceDance","champ:CheapShot","champ:RecklessLeap","champ:FalseCounter","champ:Duel","champ:SetATrap+1","champ:AdrenalArmor","champ:PreciseThrust+1","champ:IronFortress","champ:Circumvent"],"relics":["champ:ChampionCrown","Pen Nib","Vajra","downfall:HeartBlessingBlue","Tiny Chest","SlaversCollar","Nunchaku","downfall:HeartBlessingRed","White Beast Statue","War Paint","Membership Card","Pear"],"acts_visited":["Exordium","TheCity"],"potions_floor_usage":[30,32,33,33,33],"damage_taken":[{"damage":24.0,"enemies":"Cultist","floor":2.0,"turns":3.0},{"damage":6.0,"enemies":"Jaw Worm","floor":3.0,"turns":4.0},{"damage":20.0,"enemies":"downfall:FleeingMerchant","floor":4.0,"turns":4.0},{"damage":3.0,"enemies":"2 Louse","floor":5.0,"turns":4.0},{"damage":35.0,"enemies":"Lagavulin","floor":6.0,"turns":6.0},{"damage":15.0,"enemies":"2 Fungi Beasts","floor":11.0,"turns":3.0},{"damage":16.0,"enemies":"Gremlin Nob","floor":12.0,"turns":4.0},{"damage":45.0,"enemies":"downfall:FleeingMerchant","floor":14.0,"turns":4.0},{"damage":36.0,"enemies":"Large Slime","floor":15.0,"turns":4.0},{"damage":75.0,"enemies":"SI_SHIV_ARCHETYPE","floor":16.0,"turns":8.0},{"damage":39.0,"enemies":"3 Byrds","floor":19.0,"turns":6.0},{"damage":36.0,"enemies":"downfall:FleeingMerchant","floor":20.0,"turns":4.0},{"damage":44.0,"enemies":"Shell Parasite","floor":21.0,"turns":7.0},{"damage":20.0,"enemies":"Chosen and Byrds","floor":25.0,"turns":6.0},{"damage":41.0,"enemies":"downfall:FleeingMerchant","floor":26.0,"turns":4.0},{"damage":40,"enemies":"Shelled Parasite and Fungi","floor":27,"turns":8},{"damage":5,"enemies":"Cultist and Chosen","floor":28,"turns":5},{"damage":24,"enemies":"3 Cultists","floor":30,"turns":4},{"damage":0,"enemies":"downfall:FleeingMerchant","floor":31,"turns":1},{"damage":6,"enemies":"Snecko","floor":32,"turns":4},{"damage":48,"enemies":"IC_MUSHROOM_ARCHETYPE","floor":33,"turns":5}],"seed_played":"-6892660692727409500","potions_obtained":[{"floor":5.0,"key":"ColorlessPotion"},{"floor":6.0,"key":"SneckoOil"},{"floor":11.0,"key":"ColorlessPotion"},{"floor":15.0,"key":"AttackPotion"},{"floor":21.0,"key":"ColorlessPotion"},{"floor":25.0,"key":"DuplicationPotion"},{"floor":26.0,"key":"SpeedPotion"},{"floor":27,"key":"SkillPotion"},{"floor":28,"key":"AttackPotion"},{"floor":30,"key":"Slimebound:ThreeZeroPotion"},{"floor":31,"key":"BlessingOfTheForge"},{"floor":32,"key":"PowerPotion"}],"is_trial":false,"path_per_floor":["R","M","M","$","M","E","T","T","?","R","M","E","?","$","M","B",null,"R","M","$","M","T","R","T","M","$","M","M","T","M","$","M","B"],"character_chosen":"THE_CHAMP","items_purchased":["champ:GutPunch","champ:ArenaPreparation","champ:DefensiveShout","champ:FalseCounter","Membership Card","champ:IronFortress","Pear"],"campfire_rested":0,"item_purchase_floors":[14,14,20,26,31,31,31],"current_hp_per_floor":[99,95,89,89,86,81,81,81,81,91,91,85,70,70,64,49,109,109,90,84,75,75,75,75,75,59,44,44,44,40,50,44,0,0,0],"gold":169,"neow_bonus":"TEN_PERCENT_HP_BONUS","is_daily":false,"chose_seed":false,"campfire_upgraded":3,"win_rate":0.0,"timestamp":1612960903,"path_taken":["R","M","M","$","M","E","T","?","?","R","?","E","?","$","M","BOSS","R","M","?","M","?","R","T","M","$","M","M","?","M","$","M","BOSS"],"items_purchased_type":["Card","Card","Card","Card","Relic","Card","Relic"],"build_version":"2020-12-22","purchased_purges":1,"victory":false,"max_hp_per_floor":[99,99,99,99,99,99,99,99,99,109,109,109,109,109,109,109,109,109,109,109,109,109,109,109,109,109,109,109,109,109,119,119,119,119,119],"card_choices":[{"not_picked":["champ:RapidStrikes","champ:FaceSlap"],"picked":"champ:PerfectedStrike","floor":2.0},{"not_picked":["champ:BerserkersShout","champ:StanceDance"],"picked":"champ:Duel","floor":3.0},{"not_picked":["champ:GutPunch","champ:ShieldThrow"],"picked":"champ:IronFortress","floor":4.0},{"not_picked":["champ:EndlessRage","champ:BerserkersShout"],"picked":"champ:EnGarde","floor":5.0},{"not_picked":["champ:Duel","champ:Parry"],"picked":"champ:FanOfKnives","floor":6.0},{"not_picked":["champ:GutPunch","champ:DefensiveShout"],"picked":"champ:SkillfulDodge","floor":11.0},{"not_picked":["champ:CrownThrow","champ:Encircle"],"picked":"champ:EnragedBash","floor":12.0},{"not_picked":["champ:Circumvent","champ:Endure"],"picked":"champ:IronFortress","floor":14.0},{"not_picked":["champ:FanOfKnives","champ:Shatter"],"picked":"champ:FlashCut","floor":15.0},{"not_picked":["champ:Improvising","champ:DancingMaster"],"picked":"champ:StrikeOfGenius","floor":16.0},{"not_picked":["champ:CrookedStrike","champ:BladeFlurry+1"],"picked":"champ:PerfectedStrike","floor":19.0},{"not_picked":["champ:DancingMaster","champ:Circumvent+1"],"picked":"champ:Backstep+1","floor":20.0},{"not_picked":["champ:Haymaker","champ:FocusedBerserking"],"picked":"champ:StanceDance","floor":21.0},{"not_picked":["champ:Haymaker","champ:HeartStrike"],"picked":"champ:CheapShot","floor":25.0},{"not_picked":["champ:FanOfKnives","champ:DefensiveShout"],"picked":"champ:RecklessLeap","floor":26.0},{"not_picked":["champ:SkillfulDodge+1","champ:BladeFlurry"],"picked":"champ:Duel","floor":27},{"not_picked":["champ:ShieldSlam","champ:GutPunch+1"],"picked":"champ:SetATrap+1","floor":28},{"not_picked":["champ:DancingMaster","champ:ShieldSlam"],"picked":"champ:AdrenalArmor","floor":30},{"not_picked":["champ:Haymaker","champ:AdrenalArmor"],"picked":"champ:PreciseThrust+1","floor":31},{"not_picked":["champ:StanceDance","champ:GutPunch+1"],"picked":"champ:Circumvent","floor":32}],"player_experience":265402,"relics_obtained":[{"floor":6.0,"key":"Pen Nib"},{"floor":8.0,"key":"Vajra"},{"floor":12.0,"key":"Tiny Chest"},{"floor":22.0,"key":"Nunchaku"},{"floor":24.0,"key":"White Beast Statue"},{"floor":29,"key":"War Paint"}],"event_choices":[{"cards_removed":["champ:Strike"],"damage_healed":0.0,"max_hp_gain":0.0,"max_hp_loss":0.0,"gold_gain":0.0,"event_name":"Bonfire Elementals","player_choice":"Offered Basic","floor":9.0,"gold_loss":0.0,"damage_taken":0.0}],"is_beta":false,"boss_relics":[{"not_picked":["Cursed Key","Velvet Choker"],"picked":"SlaversCollar"}],"items_purged_floors":[31],"is_endless":false,"potions_floor_spawned":[5,6,11,15,21,25,26,27,28,30,31,32],"killed_by":"IC_MUSHROOM_ARCHETYPE","ascension_level":0}}