{"host":"fxrgx7wt2cpkbhka","time":1612952621,"event":{"mods":["AchievementEnabler","BaseMod","Colored Powertips","Dark Map","Minty Spire (QoL Compilation)","Permanent Neow","Quick Restart","Slay-I","StSLib","Waifu the Spire"],"gold_per_floor":[113,124,199,199,263,43,43,43,66,93,59,59,59,73,73,73,73],"floor_reached":16,"language":"ENG","playtime":262,"items_purged":[],"score":133,"play_id":"46277f9a-fd16-48a1-b276-bcd65eea243b","local_time":"20210210022341","is_ascension_mode":true,"campfire_choices":[{"floor":12,"key":"REST"},{"floor":15,"key":"REST"}],"circlet_count":0,"master_deck":["AscendersBane","Strike_G","Strike_G","Strike_G","Strike_G","Strike_G+1","Defend_G","Defend_G+1","Defend_G+1","Defend_G","Defend_G+1","Survivor+1","Neutralize+1","Bouncing Flask","Noxious Fumes","Finisher","Noxious Fumes","Bane"],"relics":["Ring of the Snake","Whetstone","MawBank","Juzu Bracelet","War Paint","Odd Mushroom","Boot"],"acts_visited":["Exordium"],"potions_floor_usage":[10],"damage_taken":[{"damage":0,"enemies":"Jaw Worm","floor":1,"turns":4},{"damage":0,"enemies":"2 Louse","floor":2,"turns":2},{"damage":29,"enemies":"The Mushroom Lair","floor":10,"turns":6},{"damage":0,"enemies":"Cultist","floor":14,"turns":4},{"damage":19,"enemies":"Slime Boss","floor":16,"turns":5}],"seed_played":"236270083926233443","potions_obtained":[{"floor":1,"key":"CunningPotion"}],"is_trial":false,"path_per_floor":["M","M","?","?","T","$","?","?","T","?","$","R","T","M","R","B"],"character_chosen":"THE_SILENT","items_purchased":["Noxious Fumes","Juzu Bracelet","Noxious Fumes"],"campfire_rested":2,"item_purchase_floors":[6,6,11],"current_hp_per_floor":[63,63,52,45,45,45,31,31,31,2,2,23,23,23,44,25,25],"gold":73,"neow_bonus":"RANDOM_COMMON_RELIC","is_daily":false,"chose_seed":false,"campfire_upgraded":0,"win_rate":0.0,"timestamp":1612952621,"path_taken":["M","M","?","?","?","$","?","?","T","?","$","R","?","M","R","BOSS"],"items_purchased_type":["Card","Relic","Card"],"build_version":"2020-12-22","purchased_purges":0,"victory":false,"max_hp_per_floor":[70,70,70,70,70,70,70,70,70,70,70,70,70,70,70,70,70],"card_choices":[{"not_picked":["Calculated Gamble","Blade Dance","Choke"],"picked":"SKIP","floor":1},{"not_picked":["Slice","PiercingWail"],"picked":"Bouncing Flask","floor":2},{"not_picked":["Dagger Spray","Tactician"],"picked":"Finisher","floor":10},{"not_picked":["Blade Dance","Underhanded Strike"],"picked":"Bane","floor":14}],"player_experience":760272,"relics_obtained":[{"floor":9,"key":"War Paint"},{"floor":10,"key":"Odd Mushroom"},{"floor":13,"key":"Boot"}],"event_choices":[{"damage_healed":0,"gold_gain":75,"player_choice":"Gather Gold","damage_taken":11,"max_hp_gain":0,"max_hp_loss":0,"event_name":"World of Goop","floor":3,"gold_loss":0},{"damage_healed":0,"gold_gain":0,"player_choice":"Success","damage_taken":7,"relics_obtained":["MawBank"],"max_hp_gain":0,"max_hp_loss":0,"event_name":"Scrap Ooze","floor":4,"gold_loss":0},{"damage_healed":0,"gold_gain":0,"player_choice":"Entered Light","damage_taken":14,"max_hp_gain":0,"max_hp_loss":0,"event_name":"Shining Light","floor":7,"gold_loss":0,"cards_upgraded":["Defend_G","Defend_G"]},{"damage_healed":0,"gold_gain":0,"player_choice":"Ignored","damage_taken":0,"max_hp_gain":0,"max_hp_loss":0,"event_name":"Golden Wing","floor":8,"gold_loss":0},{"damage_healed":0,"gold_gain":0,"player_choice":"Fought Mushrooms","damage_taken":0,"max_hp_gain":0,"max_hp_loss":0,"event_name":"Mushrooms","floor":10,"gold_loss":0}],"is_beta":false,"boss_relics":[],"items_purged_floors":[],"is_endless":false,"potions_floor_spawned":[1],"killed_by":"Slime Boss","ascension_level":11}}