{"host":"izuk9e9wv4u4y8b4","time":1612966943,"event":{"mods":["A Penny For Your Troubles","BaseMod","Better Debug","Better Third Choice","Curses Come First","Custom Start","Highlight Path","Minty Spire (QoL Compilation)","Permanent Neow","Quick Restart","Relic Sorter","Relic Stats","Reorder Act Four","Shop Mod","Smile Girya","StSLib"],"gold_per_floor":[109,109,109,135,152,152,152,186,186,186,199,199,110,141,141,141,215,215,230,145,195,31,42,42,61,61,87,107,107,107,133,143,143,217,217,234,252,49,61,81,81,81],"floor_reached":41,"language":"ENG","playtime":1995,"items_purged":[],"score":863,"play_id":"7fb08c8c-5b28-4f37-bc85-fcbb789e2a93","local_time":"20210210142223","is_ascension_mode":true,"campfire_choices":[{"floor":6.0,"key":"REST"},{"data":"Bludgeon","floor":12.0,"key":"SMITH"},{"data":"Disarm","floor":15.0,"key":"SMITH"},{"data":"True Grit","floor":16.0,"key":"SMITH"},{"data":"Evolve","floor":24.0,"key":"SMITH"},{"data":"Disarm","floor":26.0,"key":"SMITH"},{"data":"True Grit","floor":30.0,"key":"SMITH"},{"floor":33.0,"key":"REST"}],"circlet_count":0,"master_deck":["AscendersBane","Bash","Bludgeon+1","Reckless Charge+1","Sword Boomerang","Sentinel","Immolate","Shrug It Off","Evolve+1","Warcry+1","Iron Wave","Rampage","Reckless Charge","Havoc","Disarm+1","True Grit+1","Corruption","True Grit+1","True Grit+1","Immolate","Fire Breathing","Feed","Disarm+1","Disarm","Injury","Seeing Red+1","Injury","Dark Embrace","Barricade","Flame Barrier","Second Wind"],"relics":["Pandora\u0027s Box","Centennial Puzzle","Bottled Lightning","Blood Vial","Vajra","Cursed Key","Darkstone Periapt","Orrery","Nunchaku","Torii","Fusion Hammer","Lee\u0027s Waffle"],"acts_visited":["Exordium","TheCity","TheBeyond"],"potions_floor_usage":[41],"damage_taken":[{"damage":0.0,"enemies":"2 Louse","floor":1.0,"turns":1.0},{"damage":0.0,"enemies":"Small Slimes","floor":5.0,"turns":2.0},{"damage":12.0,"enemies":"3 Sentries","floor":8.0,"turns":4.0},{"damage":0.0,"enemies":"Jaw Worm","floor":11.0,"turns":2.0},{"damage":18.0,"enemies":"Lagavulin","floor":14.0,"turns":5.0},{"damage":6.0,"enemies":"Hexaghost","floor":17.0,"turns":8.0},{"damage":3.0,"enemies":"2 Thieves","floor":19.0,"turns":2.0},{"damage":0.0,"enemies":"Spheric Guardian","floor":23.0,"turns":3.0},{"damage":13.0,"enemies":"Cultist and Chosen","floor":25.0,"turns":5.0},{"damage":4.0,"enemies":"Centurion and Healer","floor":28.0,"turns":4.0},{"damage":34.0,"enemies":"Slavers","floor":31.0,"turns":5.0},{"damage":1.0,"enemies":"Snecko","floor":32.0,"turns":4.0},{"damage":53.0,"enemies":"Collector","floor":34.0,"turns":8.0},{"damage":32,"enemies":"3 Shapes","floor":36,"turns":9},{"damage":0,"enemies":"Orb Walker","floor":37,"turns":2},{"damage":33,"enemies":"Spire Growth","floor":39,"turns":6},{"damage":43,"enemies":"Sphere and 2 Shapes","floor":40,"turns":7},{"damage":0,"enemies":"Reptomancer","floor":41,"turns":2}],"seed_played":"-1823863547308179301","potions_obtained":[{"floor":5.0,"key":"Fire Potion"},{"floor":11.0,"key":"DistilledChaos"},{"floor":19.0,"key":"BlessingOfTheForge"},{"floor":23.0,"key":"BloodPotion"},{"floor":28.0,"key":"FearPotion"},{"floor":37,"key":"Energy Potion"},{"floor":39,"key":"Fire Potion"}],"is_trial":false,"path_per_floor":["M","?","?","T","M","R","?","E","T","$","M","R","$","E","R","R","B",null,"M","?","?","$","M","R","M","R","T","M","T","R","E","M","R","B",null,"M","M","$","M","M","E"],"character_chosen":"IRONCLAD","items_purchased":["Disarm","Orrery","Flame Barrier","Lee\u0027s Waffle"],"campfire_rested":2,"item_purchase_floors":[13,22,38,38],"current_hp_per_floor":[68,61,38,38,38,60,60,48,48,48,50,50,50,34,34,34,30,64,63,63,63,63,68,68,57,57,63,77,83,83,55,56,84,33,79,52,57,107,74,33,35,35],"gold":81,"neow_bonus":"BOSS_RELIC","is_daily":false,"chose_seed":false,"campfire_upgraded":6,"win_rate":0.0,"timestamp":1612966943,"path_taken":["M","?","?","?","M","R","?","E","T","$","M","R","$","E","R","R","BOSS","M","?","?","$","M","R","M","R","T","M","?","R","E","M","R","BOSS","M","M","$","M","?","E"],"items_purchased_type":["Card","Relic","Card","Relic"],"build_version":"2020-12-22","purchased_purges":0,"victory":false,"max_hp_per_floor":[75,75,75,75,75,75,75,75,75,75,75,75,75,75,75,75,75,75,75,75,75,75,78,78,78,78,84,84,90,90,94,94,94,94,94,97,100,107,107,107,107,107],"relic_stats":{"Blood Vial":28,"Darkstone Periapt":12,"Centennial Puzzle":[36],"Nunchaku":[7],"Lee\u0027s Waffle":50,"Torii":22,"counters":[18,79],"Pandora\u0027s Box":["Bludgeon","Reckless Charge","Sword Boomerang","Body Slam","Sentinel","Immolate","Shrug It Off","Evolve","Warcry"],"Cursed Key":2,"obtain_stats":[{"Darkstone Periapt":20,"Lee\u0027s Waffle":38,"Torii":31,"Vajra":14,"Cursed Key":18,"Burning Blood":0,"Blood Vial":9,"Centennial Puzzle":4,"Nunchaku":27,"Orrery":22,"Pandora\u0027s Box":0,"Fusion Hammer":35,"Bottled Lightning":8},{"Darkstone Periapt":7,"Lee\u0027s Waffle":15,"Torii":11,"Vajra":5,"Cursed Key":6,"Burning Blood":0,"Blood Vial":3,"Centennial Puzzle":1,"Nunchaku":9,"Orrery":7,"Pandora\u0027s Box":0,"Fusion Hammer":13,"Bottled Lightning":3},{"Darkstone Periapt":24,"Lee\u0027s Waffle":64,"Torii":41,"Vajra":14,"Cursed Key":22,"Burning Blood":0,"Blood Vial":7,"Centennial Puzzle":1,"Nunchaku":32,"Orrery":24,"Pandora\u0027s Box":0,"Fusion Hammer":53,"Bottled Lightning":7}]},"card_choices":[{"not_picked":["Evolve","Perfected Strike"],"picked":"Iron Wave","floor":1.0},{"not_picked":["Thunderclap","Uppercut"],"picked":"Rampage","floor":5.0},{"not_picked":["Reckless Charge","Seeing Red","Thunderclap"],"picked":"SKIP","floor":8.0},{"not_picked":["Seeing Red","Thunderclap"],"picked":"Reckless Charge","floor":8.0},{"not_picked":["Headbutt","Anger"],"picked":"Havoc","floor":11.0},{"not_picked":["Burning Pact","Flex"],"picked":"True Grit","floor":14.0},{"not_picked":["Demon Form","Offering"],"picked":"Corruption","floor":17.0},{"not_picked":["Anger","Clothesline"],"picked":"True Grit+1","floor":19.0},{"not_picked":["Clothesline+1","Blood for Blood"],"picked":"True Grit","floor":22.0},{"not_picked":["Dual Wield","Evolve"],"picked":"Immolate","floor":22.0},{"not_picked":["Headbutt","Clash"],"picked":"Fire Breathing","floor":22.0},{"not_picked":["Rampage","Bludgeon"],"picked":"Feed","floor":22.0},{"not_picked":["Rampage","Sword Boomerang"],"picked":"Disarm","floor":23.0},{"not_picked":["Body Slam","Spot Weakness"],"picked":"Disarm","floor":25.0},{"not_picked":["Sword Boomerang","Body Slam"],"picked":"Seeing Red+1","floor":28.0},{"not_picked":["Body Slam","Havoc"],"picked":"Dark Embrace","floor":31.0},{"not_picked":["Heavy Blade","Uppercut","Perfected Strike"],"picked":"SKIP","floor":32.0},{"not_picked":["Offering","Fiend Fire"],"picked":"Barricade","floor":34.0},{"not_picked":["Evolve","Perfected Strike","Whirlwind"],"picked":"SKIP","floor":36},{"not_picked":["Heavy Blade","Clash","Body Slam"],"picked":"SKIP","floor":37},{"not_picked":["Rupture","Clothesline"],"picked":"Second Wind","floor":39},{"not_picked":["Rampage","Body Slam","Reckless Charge+1"],"picked":"SKIP","floor":40}],"player_experience":855044,"relics_obtained":[{"floor":4.0,"key":"Centennial Puzzle"},{"floor":8.0,"key":"Bottled Lightning"},{"floor":9.0,"key":"Blood Vial"},{"floor":14.0,"key":"Vajra"},{"floor":27.0,"key":"Nunchaku"},{"floor":31.0,"key":"Torii"}],"event_choices":[{"cards_removed":["Body Slam"],"damage_healed":0.0,"max_hp_gain":0.0,"max_hp_loss":0.0,"gold_gain":0.0,"event_name":"Golden Wing","player_choice":"Card Removal","floor":2.0,"gold_loss":0.0,"damage_taken":7.0},{"damage_healed":61.0,"max_hp_gain":0.0,"max_hp_loss":75.0,"gold_gain":0.0,"event_name":"betterThird:BetterShining","player_choice":"Upgrade","floor":3.0,"gold_loss":0.0,"damage_taken":23.0,"cards_upgraded":["Warcry","Reckless Charge"]},{"damage_healed":0.0,"max_hp_gain":0.0,"max_hp_loss":0.0,"gold_gain":0.0,"event_name":"betterThird:BetterSerpent","player_choice":"Ignored","floor":7.0,"gold_loss":0.0,"damage_taken":152.0},{"damage_healed":0.0,"max_hp_gain":0.0,"max_hp_loss":0.0,"gold_gain":0.0,"event_name":"Addict","player_choice":"Obtained Relic","floor":20.0,"gold_loss":85.0,"damage_taken":0.0,"relics_obtained":["Darkstone Periapt"]},{"damage_healed":0.0,"max_hp_gain":0.0,"max_hp_loss":0.0,"gold_gain":50.0,"event_name":"betterThird:BetterNest","player_choice":"Steal","floor":21.0,"gold_loss":0.0,"damage_taken":0.0}],"is_beta":false,"boss_relics":[{"not_picked":["SacredBark","Tiny House"],"picked":"Cursed Key"},{"not_picked":["Velvet Choker","Runic Cube"],"picked":"Fusion Hammer"}],"items_purged_floors":[],"is_endless":false,"potions_floor_spawned":[5,11,17,19,23,28,37,39],"killed_by":"Reptomancer","ascension_level":20}}