{"host":"u21q392b5xaj11fl","time":1612986181,"event":{"mods":["2.2 Compatiblity","Bard","BaseMod","Better Note","Colored Map","Colored Powertips","Conspire","Custom Start","Downfall","Faster Ascension Climbing","GifTheSpireLib","Gremlin Skip","Highlight Path","Hubris","Infinite Spire","Mad Scientist","Marisa????????","Mimic Mod","Minty Spire (QoL Compilation)","Monster B Gone","Permanent Neow","Potionbrewer","Quick Restart","READ ME - Guardian Mod","Relic Sorter","Replay The Spire","Shop Mod","Somnambulant","StSLib","Stuff the Spire","SuperFastMode","The Construct","The Disciple","The Servant 0.9.4"],"gold_per_floor":[110,121,121,121,121,146,146,156,179,212,61,61,96,110,110,183,183,196,208,308,326,108,135,135,168,206,224,250,260,260,260,260,338,338,352,160,140,155,175,175,188,217,217,304,407,10,26,43,43,43,43,43,3,31,31,31],"floor_reached":55,"language":"ENG","playtime":6169,"items_purged":["Strike_P"],"score":1374,"play_id":"ba278a09-368f-4195-8b56-90d9fde981ae","local_time":"20210210134301","is_ascension_mode":true,"campfire_choices":[{"data":"EmptyFist","floor":7.0,"key":"SMITH"},{"floor":12.0,"key":"REST"},{"data":"MentalFortress","floor":15.0,"key":"SMITH"},{"floor":24.0,"key":"REST"},{"floor":30.0,"key":"REST"},{"data":"Wallop","floor":32.0,"key":"SMITH"},{"data":"Blasphemy","floor":40.0,"key":"SMITH"},{"floor":49.0,"key":"RECALL"},{"floor":52.0,"key":"REST"}],"circlet_count":0,"master_deck":["AscendersBane","Strike_P+1","Strike_P+1","Strike_P+1","Defend_P+1","Defend_P+1","Defend_P+1","Defend_P+1","Eruption+1","Vigilance+1","CutThroughFate+1","EmptyFist+1","LessonLearned+1","MentalFortress+1","Halt+1","Replay:BluntJabs+1","Replay:ManipulateFuture+1","FollowUp+1","Blasphemy+1","FlyingSleeves+1","EmptyMind+1","CutThroughFate+1","Wireheading+1","WaveOfTheHand+1","Replay:BluntJabs+1","Wallop+1","Replay:AtTheReady","Meditate+1","FlawlessForm","Potential+1","Sanctity+1","TimeWarp+1","WheelKick+1","Tantrum+1","Barrier+1","Duplication","Crow Ritual+1","Adaptation","ReplayTheSpireMod:Brewmster+1","ConjureBlade"],"relics":["PureWater","hubris:Towel","hubris:GlazedTorus","Bag of Preparation","StuffTheSpire:Gunfinga","infinitespire:PuzzleCube","ChewingGum","conspire:SpecialSausage","MerchantsRug","conspire:BottledYoYo","sneckomod:SneckoTalon","Happy Flower","InkBottle","Ice Cream","infinitespire:Lucky Rock"],"acts_visited":["Exordium","TheCity","TheBeyond","TheEnding"],"potions_floor_usage":[],"damage_taken":[{"damage":0.0,"enemies":"Small Slimes","floor":1.0,"turns":3.0},{"damage":1.0,"enemies":"conspire:RoseBush","floor":2.0,"turns":6.0},{"damage":24.0,"enemies":"3 Sentries","floor":6.0,"turns":13.0},{"damage":7.0,"enemies":"Jaw Worm","floor":8.0,"turns":5.0},{"damage":30.0,"enemies":"Lagavulin","floor":10.0,"turns":8.0},{"damage":0.0,"enemies":"Gremlin Nob","floor":13.0,"turns":2.0},{"damage":1.0,"enemies":"Exordium Thugs","floor":14.0,"turns":3.0},{"damage":39.0,"enemies":"Fading Forest","floor":16.0,"turns":11.0},{"damage":19.0,"enemies":"2 Thieves","floor":18.0,"turns":4.0},{"damage":0.0,"enemies":"Spheric Guardian","floor":19.0,"turns":2.0},{"damage":0.0,"enemies":"Cultist and Chosen","floor":21.0,"turns":4.0},{"damage":22.0,"enemies":"Slavers","floor":23.0,"turns":4.0},{"damage":23.0,"enemies":"Replay:Snechameleon","floor":25.0,"turns":4.0},{"damage":2.0,"enemies":"Snake Plant","floor":26.0,"turns":4.0},{"damage":23.0,"enemies":"Snake Plant","floor":27.0,"turns":6.0},{"damage":12.0,"enemies":"Book of Stabbing","floor":28.0,"turns":4.0},{"damage":0.0,"enemies":"Snecko","floor":29.0,"turns":2.0},{"damage":38.0,"enemies":"Collector","floor":33.0,"turns":13.0},{"damage":0.0,"enemies":"Orb Walker","floor":35.0,"turns":1.0},{"damage":16.0,"enemies":"3 Darklings","floor":38.0,"turns":9.0},{"damage":0.0,"enemies":"Maw","floor":39.0,"turns":6.0},{"damage":0.0,"enemies":"Writhing Mass","floor":41.0,"turns":5.0},{"damage":4.0,"enemies":"Nemesis","floor":42.0,"turns":5.0},{"damage":0.0,"enemies":"Spire Growth","floor":44.0,"turns":3.0},{"damage":0.0,"enemies":"Maw","floor":45.0,"turns":4.0},{"damage":2.0,"enemies":"Writhing Mass","floor":47.0,"turns":3.0},{"damage":0.0,"enemies":"Jaw Worm Horde","floor":48.0,"turns":5.0},{"damage":62.0,"enemies":"Time Eater","floor":50.0,"turns":13.0},{"damage":0.0,"enemies":"Shield and Spear","floor":54.0,"turns":7.0},{"damage":80,"enemies":"The Heart","floor":55,"turns":4}],"seed_played":"4549304879611629205","potions_obtained":[{"floor":2.0,"key":"Slimebound:ThreeZeroPotion"},{"floor":6.0,"key":"potionbrewer:NoxiousPotion"},{"floor":10.0,"key":"AttackPotion"},{"floor":13.0,"key":"Ancient Potion"},{"floor":25.0,"key":"Fire Potion"},{"floor":27.0,"key":"SpeedPotion"},{"floor":28.0,"key":"SmokeBomb"},{"floor":29.0,"key":"potionbrewer:NoxiousPotion"},{"floor":37.0,"key":"Swift Potion"},{"floor":42.0,"key":"potionbrewer:EndurancePotion"}],"is_trial":false,"path_per_floor":["M","M","?","$","?","E","R","M","T","E","$","R","E","M","R","B",null,"M","M","?","M","$","E","R","E","MIM","M","E","M","R","?","R","B",null,"M","$","?","M","M","R","M","E","T","M","M","$","M","M","R","B",null,"R","$","E","B"],"character_chosen":"WATCHER","items_purchased":["Regal Pillow","MerchantsRug","Wireheading","Lee\u0027s Waffle","Sanctity+1","Happy Flower","Ice Cream","Crow Ritual","ReplayTheSpireMod:Brewmster","Adrenaline Potion"],"campfire_rested":4,"item_purchase_floors":[11,22,22,22,36,36,46,46,53,53],"current_hp_per_floor":[63,64,64,64,64,42,42,37,37,9,9,44,46,47,47,18,56,39,41,41,43,75,53,75,52,52,31,21,23,60,60,60,24,62,64,64,64,50,52,52,54,52,52,54,58,58,60,62,62,2,60,79,79,79,0,0],"gold":31,"neow_bonus":"RANDOM_COMMON_RELIC","is_daily":false,"chose_seed":false,"campfire_upgraded":4,"win_rate":0.0,"timestamp":1612986181,"path_taken":["M","M","?","$","?","E","R","?","T","E","?","R","E","M","R","BOSS","M","M","?","?","$","E","R","E","MIM","M","E","M","R","?","R","BOSS","M","$","?","M","M","R","M","E","T","M","M","?","M","M","R","BOSS","R","$","E","BOSS"],"items_purchased_type":["Relic","Relic","Card","Relic","Card","Relic","Relic","Card","Card","Potion"],"build_version":"2020-12-22","purchased_purges":1,"victory":false,"max_hp_per_floor":[68,68,68,68,68,68,68,68,68,68,68,68,68,68,68,68,68,68,68,68,68,75,75,75,75,75,75,75,75,75,75,75,75,75,75,75,75,75,75,75,75,75,75,75,77,77,79,79,79,79,79,79,79,79,79,79],"card_choices":[{"not_picked":["SashWhip","CrushJoints"],"picked":"CutThroughFate","floor":1.0},{"not_picked":["CrushJoints","Judgement"],"picked":"EmptyFist","floor":2.0},{"not_picked":["ForeignInfluence","EmptyBody"],"picked":"MentalFortress","floor":6.0},{"not_picked":["MentalFortress","FlurryOfBlows"],"picked":"Halt","floor":8.0},{"not_picked":["Brilliance","ForeignInfluence"],"picked":"Replay:BluntJabs","floor":10.0},{"not_picked":["BowlingBash","Evaluate"],"picked":"Replay:ManipulateFuture","floor":13.0},{"not_picked":["Halt","EmptyBody"],"picked":"FollowUp","floor":14.0},{"not_picked":["DeusExMachina","SpiritShield"],"picked":"Blasphemy","floor":16.0},{"not_picked":["CarveReality","Devotion"],"picked":"FlyingSleeves","floor":18.0},{"not_picked":["Replay:Anticipation","EmptyFist"],"picked":"EmptyMind","floor":19.0},{"not_picked":["Evaluate","PathToVictory"],"picked":"CutThroughFate+1","floor":21.0},{"not_picked":["Halt","BowlingBash","FollowUp"],"picked":"SKIP","floor":23.0},{"not_picked":["Halt","BowlingBash","FollowUp"],"picked":"SKIP","floor":23.0},{"not_picked":["EmptyFist+1","ReachHeaven"],"picked":"WaveOfTheHand","floor":25.0},{"not_picked":["ClearTheMind","Replay:Cycle"],"picked":"Replay:BluntJabs","floor":26.0},{"not_picked":["Replay:Battleflow","PathToVictory","Potential"],"picked":"Wallop","floor":27.0},{"not_picked":["FollowUp","SignatureMove","KillingDoll"],"picked":"Replay:AtTheReady","floor":28.0},{"not_picked":["MentalFortress","Halt","Rewind"],"picked":"Meditate","floor":29.0},{"not_picked":["Alpha","Judgement","ConjureBlade"],"picked":"FlawlessForm","floor":33.0},{"not_picked":["Consecrate+1","CrushJoints","Prostrate"],"picked":"Potential","floor":35.0},{"not_picked":["Swivel+1","DeceiveReality","BattleHymn"],"picked":"TimeWarp","floor":38.0},{"not_picked":["Conclude","Blasphemy","Rearm"],"picked":"WheelKick+1","floor":39.0},{"not_picked":["WaveOfTheHand","FlyingSleeves+1","TimeWarp"],"picked":"Tantrum+1","floor":41.0},{"not_picked":["Replay:Anticipation","Halt","Prostrate"],"picked":"Barrier","floor":42.0},{"not_picked":["Protect","Prostrate","EmptyBody+1"],"picked":"Duplication","floor":44.0},{"not_picked":["Replay:ManipulateFuture","PathToVictory","Worship","LightFlow"],"picked":"Singing Bowl","floor":45.0},{"not_picked":["Evaluate","Replay:AtTheReady","EmptyBody+1","Rearm"],"picked":"Singing Bowl","floor":47.0},{"not_picked":["Replay:AtTheReady","Consecrate+1","GearUp"],"picked":"Adaptation","floor":48.0},{"not_picked":["Weave","CutThroughFate+1"],"picked":"ConjureBlade","floor":54.0}],"player_experience":232355,"relics_obtained":[{"floor":6.0,"key":"hubris:GlazedTorus"},{"floor":9.0,"key":"Bag of Preparation"},{"floor":10.0,"key":"StuffTheSpire:Gunfinga"},{"floor":13.0,"key":"infinitespire:PuzzleCube"},{"floor":23.0,"key":"Whetstone"},{"floor":25.0,"key":"potionbrewer:ToyAutogyro"},{"floor":26.0,"key":"Singing Bowl"},{"floor":26.0,"key":"hubris:DisguiseKit"},{"floor":28.0,"key":"conspire:BottledYoYo"},{"floor":42.0,"key":"Replay:Bandana"},{"floor":43.0,"key":"InkBottle"},{"floor":54.0,"key":"infinitespire:Lucky Rock"}],"event_choices":[{"cards_removed":["CutThroughFate"],"damage_healed":0.0,"max_hp_gain":0.0,"max_hp_loss":0.0,"gold_gain":0.0,"event_name":"betterNote:BetterNote","player_choice":"Take \u0026 Give","floor":5.0,"gold_loss":0.0,"damage_taken":0.0,"cards_obtained":["LessonLearned"]},{"damage_healed":0.0,"max_hp_gain":0.0,"max_hp_loss":0.0,"gold_gain":100.0,"event_name":"Golden Shrine","player_choice":"Pray","floor":20.0,"gold_loss":0.0,"damage_taken":0.0},{"damage_healed":0.0,"max_hp_gain":0.0,"max_hp_loss":0.0,"gold_gain":0.0,"event_name":"Vampires","player_choice":"Ignored","floor":31.0,"gold_loss":0.0,"damage_taken":0.0},{"damage_healed":0.0,"max_hp_gain":0.0,"max_hp_loss":0.0,"gold_gain":0.0,"event_name":"The Woman in Blue","player_choice":"Bought 1 Potion","floor":37.0,"gold_loss":0.0,"damage_taken":0.0}],"is_beta":false,"boss_relics":[{"not_picked":["Black Star","StuffTheSpire:ModemDavis"],"picked":"Replay:Grab Bag"},{"not_picked":["conspire:SeveredTorchhead","conspire:SlowCooker"],"picked":"conspire:RoyalGoblet"},{"not_picked":["Busted Crown","infinitespire:Cupcake"],"picked":"ChewingGum"},{"not_picked":["ReplayTheSpireMod:SealedPack","VioletLotus"],"picked":"conspire:SpecialSausage"},{"not_picked":["Pandora\u0027s Box","Calling Bell"],"picked":"sneckomod:SneckoTalon"}],"items_purged_floors":[22],"is_endless":false,"potions_floor_spawned":[2,6,10,13,25,27,28,29,38,39,42,45,47],"killed_by":"The Heart","ascension_level":14}}