{"host":"kaame4qwxxqnygv7","time":1612935969,"event":{"mods":["AchievementEnabler","BaseMod","Better Match","Better Skull","Better Third Choice","Block Reminder","DeckTracker","Energized Spire","GungeonMod","Minty Spire (QoL Compilation)","Quick Restart","Red Circlet Mod","StSLib","SuperFastMode","The Blue Laboratory"],"gold_per_floor":[115,390,149,149,166,201,201,236,236,236,248,69,104,74,74,172,172,188,200,215,232,232,232,251,277,277,277,295,313,325,344,362,362,362,462,462,478,478,495,510,72,72,83,83,83,111,111,128,32,0,0,0],"floor_reached":53,"language":"KOR","playtime":2834,"items_purged":["Regret","Strike_P","Meditate+1"],"score":693,"play_id":"49d28b2b-2ef3-47ec-b98b-d370b07f4fc5","local_time":"20210210144609","is_ascension_mode":true,"campfire_choices":[{"data":"Eruption","floor":7.0,"key":"SMITH"},{"floor":10.0,"key":"REST"},{"floor":15.0,"key":"REST"},{"floor":23.0,"key":"REST"},{"data":"Crescendo","floor":27.0,"key":"SMITH"},{"floor":33.0,"key":"REST"},{"floor":42.0,"key":"REST"},{"floor":44.0,"key":"REST"},{"floor":51,"key":"REST"}],"circlet_count":0,"master_deck":["Strike_P+1","Strike_P+1","Strike_P+1","Defend_P+1","Defend_P+1","Defend_P+1","Defend_P","Eruption+1","Vigilance","Tantrum+1","ClearTheMind+1","EmptyBody","Indignation","FlurryOfBlows","MentalFortress+1","TalkToTheHand+1","Halt","FlyingSleeves+1","Crescendo+1","Halt+1","Evaluate+1","FlurryOfBlows","Study+1","DeceiveReality+1","DeusExMachina","Tantrum+1","FearNoEvil+1"],"relics":["PureWater","NeowsBlessing","Happy Flower","DemoMod:MemoryAlloy","Blue Candle","DemoMod:MeltedRock","Runic Pyramid","Sundial","DemoMod:RatBoots","DemoMod:ResourcefulSack","DemoMod:PartiallyEatenCheese","Empty Cage","energizedSpire:BlackCloud","DemoMod:GreenGuonStone","Whetstone","Red Mask"],"acts_visited":["Exordium","TheCity","DemoMod:Maze","TheBeyond"],"potions_floor_usage":[52],"damage_taken":[{"damage":0.0,"enemies":"Jaw Worm","floor":1.0,"turns":1.0},{"damage":0.0,"enemies":"Cultist","floor":5.0,"turns":1.0},{"damage":0.0,"enemies":"Gremlin Nob","floor":6.0,"turns":1.0},{"damage":32.0,"enemies":"Lagavulin","floor":8.0,"turns":6.0},{"damage":0.0,"enemies":"Small Slimes","floor":11.0,"turns":2.0},{"damage":27.0,"enemies":"3 Sentries","floor":13.0,"turns":14.0},{"damage":37.0,"enemies":"The Guardian","floor":16.0,"turns":7.0},{"damage":21.0,"enemies":"Spheric Guardian","floor":18.0,"turns":4.0},{"damage":18.0,"enemies":"3 Byrds","floor":19.0,"turns":5.0},{"damage":12.0,"enemies":"Centurion and Healer","floor":20.0,"turns":4.0},{"damage":4.0,"enemies":"Chosen and Byrds","floor":21.0,"turns":4.0},{"damage":1.0,"enemies":"Snecko","floor":24.0,"turns":4.0},{"damage":5.0,"enemies":"Gremlin Leader","floor":25.0,"turns":5.0},{"damage":0.0,"enemies":"DemoMod:4_Bullet_Kins","floor":28.0,"turns":1.0},{"damage":11.0,"enemies":"DemoMod:2_Veteran_bullet_kins_and_red_shotgun_kin","floor":29.0,"turns":3.0},{"damage":11.0,"enemies":"DemoMod:Red_and_blue_shotgun_kin_with_gunsinger","floor":30.0,"turns":3.0},{"damage":0.0,"enemies":"DemoMod:2_Mousers","floor":31.0,"turns":1.0},{"damage":17.0,"enemies":"DemoMod:Veteran_shot_gun_kin_and_blue_shotgun_kin_with_gunsinger","floor":32.0,"turns":3.0},{"damage":34.0,"enemies":"DemoMod:ResourcefulRat","floor":35.0,"turns":9.0},{"damage":7.0,"enemies":"3 Shapes","floor":37.0,"turns":4.0},{"damage":7.0,"enemies":"Orb Walker","floor":39.0,"turns":4.0},{"damage":17.0,"enemies":"Spire Growth","floor":40.0,"turns":4.0},{"damage":36.0,"enemies":"Writhing Mass","floor":43.0,"turns":5.0},{"damage":0,"enemies":"Giant Head","floor":46,"turns":7},{"damage":0,"enemies":"Maw","floor":48,"turns":7},{"damage":20,"enemies":"Awakened One","floor":52,"turns":11}],"seed_played":"-6630879766110785785","potions_obtained":[{"floor":6.0,"key":"blueLaboratory:BottledTrinity"},{"floor":11.0,"key":"blueLaboratory:AbyssPotion"},{"floor":14.0,"key":"SpeedPotion"},{"floor":14.0,"key":"Strength Potion"},{"floor":19.0,"key":"blueLaboratory:MidnightOil"},{"floor":20.0,"key":"blueLaboratory:CorrosionFlask"},{"floor":30.0,"key":"FearPotion"},{"floor":32.0,"key":"blueLaboratory:PhilterOfMotion"},{"floor":46,"key":"blueLaboratory:RememoryPotion"},{"floor":48,"key":"blueLaboratory:TrueEctoplasm"}],"is_trial":false,"path_per_floor":["M","?","$","?","M","E","R","E","T","R","M","$","E","?","R","B",null,"M","M","M","M","?","R","M","E","T","R","M","M","M","M","M","R","B","B",null,"M","?","M","M","$","R","M","R","T","E","?","M","$","?","R","B",null],"character_chosen":"WATCHER","items_purchased":["DemoMod:GnawedKey","ClearTheMind","LessonLearned","DemoMod:GreenGuonStone","DemoMod:BlankPotion"],"campfire_rested":7,"item_purchase_floors":[3,3,12,41,49],"current_hp_per_floor":[72,72,72,58,58,58,58,26,26,47,47,47,20,20,41,4,72,51,33,21,17,17,38,37,32,72,72,72,61,50,50,33,54,40,6,72,65,65,58,41,41,61,31,51,51,51,51,51,51,51,68,48],"gold":0,"neow_bonus":"THREE_ENEMY_KILL","is_daily":false,"chose_seed":false,"campfire_upgraded":2,"win_rate":0.0,"timestamp":1612935969,"path_taken":["M","?","?","?","M","E","R","E","T","R","M","$","E","?","R","BOSS","M","M","?","?","?","R","?","E","T","R","M","M","M","M","M","R","BOSS","BOSS","M","?","M","M","$","R","M","R","T","E","?","?","$","?","R","BOSS"],"items_purchased_type":["Relic","Card","Card","Relic","Undefined"],"build_version":"2020-12-22","purchased_purges":3,"victory":true,"max_hp_per_floor":[72,72,72,72,72,72,72,72,72,72,72,72,72,72,72,72,72,72,72,72,72,72,72,72,72,72,72,72,72,72,72,72,72,72,72,72,72,68,68,68,68,68,68,68,68,68,68,68,68,68,68,68],"card_choices":[{"not_picked":["FlurryOfBlows","EmptyBody"],"picked":"Tantrum","floor":1.0},{"not_picked":["BowlingBash","Wireheading"],"picked":"EmptyBody","floor":5.0},{"not_picked":["Evaluate","LikeWater"],"picked":"Indignation","floor":6.0},{"not_picked":["Prostrate","Protect"],"picked":"FlurryOfBlows","floor":8.0},{"not_picked":["PathToVictory","FlyingSleeves"],"picked":"Meditate","floor":11.0},{"not_picked":["Consecrate","FlyingSleeves"],"picked":"EmptyFist","floor":13.0},{"not_picked":["Devotion","Omniscience"],"picked":"Establishment","floor":16.0},{"not_picked":["EmptyBody","SignatureMove"],"picked":"MentalFortress","floor":18.0},{"not_picked":["Tantrum+1","EmptyFist"],"picked":"TalkToTheHand","floor":19.0},{"not_picked":["Meditate","Wireheading+1"],"picked":"Halt","floor":20.0},{"not_picked":["Adaptation","EmptyBody"],"picked":"FlyingSleeves+1","floor":21.0},{"not_picked":["Worship+1","ThirdEye"],"picked":"Crescendo","floor":24.0},{"not_picked":["Brilliance","WaveOfTheHand+1","Crescendo"],"picked":"SKIP","floor":25.0},{"not_picked":["Perseverance","JustLucky"],"picked":"Halt+1","floor":28.0},{"not_picked":["WaveOfTheHand+1","BowlingBash"],"picked":"Evaluate+1","floor":29.0},{"not_picked":["Meditate","CutThroughFate+1"],"picked":"FlurryOfBlows","floor":30.0},{"not_picked":["Protect+1","JustLucky+1"],"picked":"Study+1","floor":31.0},{"not_picked":["FlyingSleeves","Evaluate"],"picked":"DeceiveReality+1","floor":32.0},{"not_picked":["Blasphemy","Establishment"],"picked":"DeusExMachina","floor":35.0},{"not_picked":["FlyingSleeves","Consecrate+1"],"picked":"Tantrum","floor":36.0},{"not_picked":["Wireheading","SashWhip+1"],"picked":"FearNoEvil+1","floor":37.0},{"not_picked":["Protect+1","ClearTheMind","ConjureBlade"],"picked":"SKIP","floor":39.0},{"not_picked":["CrushJoints","Protect","EmptyBody+1"],"picked":"SKIP","floor":40.0},{"not_picked":["FlyingSleeves+1","WheelKick+1","PathToVictory"],"picked":"SKIP","floor":43.0},{"not_picked":["Wireheading","CrushJoints+1","CutThroughFate+1"],"picked":"SKIP","floor":46},{"not_picked":["Crescendo+1","Tantrum","Perseverance+1"],"picked":"SKIP","floor":48}],"player_experience":270866,"relics_obtained":[{"floor":6.0,"key":"Happy Flower"},{"floor":8.0,"key":"DemoMod:MemoryAlloy"},{"floor":9.0,"key":"Blue Candle"},{"floor":13.0,"key":"DemoMod:MeltedRock"},{"floor":25.0,"key":"Sundial"},{"floor":36.0,"key":"DemoMod:RatBoots"},{"floor":36.0,"key":"DemoMod:ResourcefulSack"},{"floor":36.0,"key":"DemoMod:PartiallyEatenCheese"},{"floor":36.0,"key":"Empty Cage"},{"floor":36.0,"key":"energizedSpire:BlackCloud"},{"floor":46,"key":"Whetstone"}],"event_choices":[{"damage_healed":0.0,"max_hp_gain":0.0,"max_hp_loss":0.0,"gold_gain":275.0,"event_name":"Golden Shrine","player_choice":"Desecrate","floor":2.0,"gold_loss":0.0,"damage_taken":0.0,"cards_obtained":["Regret"]},{"damage_healed":72.0,"max_hp_gain":0.0,"max_hp_loss":72.0,"gold_gain":0.0,"event_name":"betterThird:BetterShining","player_choice":"Upgrade","floor":4.0,"gold_loss":0.0,"damage_taken":14.0,"cards_upgraded":["Defend_P","Tantrum"]},{"damage_healed":0.0,"max_hp_gain":0.0,"max_hp_loss":0.0,"gold_gain":0.0,"event_name":"The Woman in Blue","player_choice":"Bought 2 Potions","floor":14.0,"gold_loss":0.0,"damage_taken":0.0},{"cards_removed":["Establishment"],"damage_healed":0.0,"max_hp_gain":0.0,"max_hp_loss":0.0,"gold_gain":0.0,"event_name":"Purifier","player_choice":"Purged","floor":22.0,"gold_loss":0.0,"damage_taken":0.0},{"damage_healed":0.0,"max_hp_gain":0.0,"max_hp_loss":4.0,"gold_gain":0.0,"event_name":"Winding Halls","player_choice":"Max HP","floor":38.0,"gold_loss":0.0,"damage_taken":0.0},{"damage_healed":0,"gold_gain":0,"player_choice":"Upgraded","damage_taken":0,"max_hp_gain":0,"max_hp_loss":0,"event_name":"Upgrade Shrine","floor":47,"gold_loss":0,"cards_upgraded":["ClearTheMind"]},{"damage_healed":0,"gold_gain":0,"player_choice":"Paid","damage_taken":0,"relics_obtained":["Red Mask"],"max_hp_gain":0,"max_hp_loss":0,"event_name":"Tomb of Lord Red Mask","floor":50,"gold_loss":32}],"is_beta":false,"boss_relics":[{"not_picked":["energizedSpire:CrystalSphere","Calling Bell"],"picked":"Runic Pyramid"},{"not_picked":[]}],"items_purged_floors":[3,12,41],"is_endless":false,"potions_floor_spawned":[6,11,16,19,20,25,30,32,46,48],"ascension_level":3}}