{"host":"6a9c3xws62y7efyw","time":1612939001,"event":{"mods":["BaseMod","Colored Map","Minty Spire (QoL Compilation)","Relic Stats","StSLib"],"gold_per_floor":[110,110,110,135,135,135,135,174,174,187,211,104,125,165,165,258,258,279,279,299,112,112,147,147,167,167,167,190,190,105,120,120,213,213,231,34,0,23,38,78,78,78,78],"floor_reached":42,"language":"ENG","playtime":3994,"items_purged":["Strike_G"],"score":1012,"play_id":"397f7286-9217-4eb5-85c8-d3d11fae5f37","local_time":"20210209223641","is_ascension_mode":true,"campfire_choices":[{"data":"Eviscerate","floor":6.0,"key":"SMITH"},{"data":"Blade Dance","floor":15.0,"key":"SMITH"},{"data":"Cloak And Dagger","floor":24.0,"key":"SMITH"},{"data":"A Thousand Cuts","floor":27.0,"key":"SMITH"},{"data":"Ghostly","floor":29.0,"key":"SMITH"},{"floor":32.0,"key":"REST"}],"circlet_count":0,"master_deck":["AscendersBane","Strike_G","Strike_G","Strike_G","Defend_G","Defend_G","Defend_G","Defend_G","Defend_G","Survivor","Neutralize","Eviscerate+1","Noxious Fumes+1","Bane","Calculated Gamble","Blade Dance+1","Escape Plan","Acrobatics","Dodge and Roll","A Thousand Cuts+1","Prepared","Escape Plan","Cloak And Dagger+1","Accuracy","Ghostly+1","Ghostly","Ghostly","Dodge and Roll","Adrenaline","Flying Knee","Dash+1"],"relics":["Ring of the Snake","NeowsBlessing","Golden Idol","InkBottle","Kunai","White Beast Statue","Blue Candle","Black Star","Happy Flower","Snake Skull","Singing Bowl","Centennial Puzzle","SacredBark","TwistedFunnel","Red Mask","Turnip","Omamori"],"acts_visited":["Exordium","TheCity","TheBeyond"],"potions_floor_usage":[42],"damage_taken":[{"damage":0.0,"enemies":"Small Slimes","floor":1.0,"turns":1.0},{"damage":0.0,"enemies":"Jaw Worm","floor":4.0,"turns":1.0},{"damage":0.0,"enemies":"Lagavulin","floor":8.0,"turns":1.0},{"damage":0.0,"enemies":"Cultist","floor":10.0,"turns":4.0},{"damage":3.0,"enemies":"Looter","floor":11.0,"turns":4.0},{"damage":6.0,"enemies":"Exordium Wildlife","floor":13.0,"turns":5.0},{"damage":26.0,"enemies":"Gremlin Nob","floor":14.0,"turns":4.0},{"damage":38.0,"enemies":"Hexaghost","floor":16.0,"turns":10.0},{"damage":24.0,"enemies":"3 Byrds","floor":18.0,"turns":5.0},{"damage":11.0,"enemies":"2 Thieves","floor":20.0,"turns":3.0},{"damage":0.0,"enemies":"Gremlin Leader","floor":23.0,"turns":6.0},{"damage":0.0,"enemies":"Centurion and Healer","floor":25.0,"turns":9.0},{"damage":0.0,"enemies":"Snake Plant","floor":28.0,"turns":5.0},{"damage":14.0,"enemies":"Chosen and Byrds","floor":31.0,"turns":5.0},{"damage":1.0,"enemies":"Automaton","floor":33.0,"turns":10.0},{"damage":0.0,"enemies":"3 Shapes","floor":35.0,"turns":7.0},{"damage":0.0,"enemies":"Orb Walker","floor":38.0,"turns":4.0},{"damage":0.0,"enemies":"4 Shapes","floor":39.0,"turns":5.0},{"damage":7.0,"enemies":"Nemesis","floor":40.0,"turns":8.0},{"damage":30,"enemies":"Giant Head","floor":42,"turns":6}],"seed_played":"-2074636414067545705","potions_obtained":[{"floor":1.0,"key":"Energy Potion"},{"floor":3.0,"key":"Fruit Juice"},{"floor":3.0,"key":"CultistPotion"},{"floor":14.0,"key":"Regen Potion"},{"floor":16.0,"key":"DuplicationPotion"},{"floor":18.0,"key":"Strength Potion"},{"floor":20.0,"key":"SmokeBomb"},{"floor":23.0,"key":"AttackPotion"},{"floor":25.0,"key":"PowerPotion"},{"floor":28.0,"key":"Dexterity Potion"},{"floor":31.0,"key":"Energy Potion"},{"floor":33.0,"key":"EssenceOfSteel"},{"floor":35.0,"key":"LiquidMemories"},{"floor":39.0,"key":"Fire Potion"},{"floor":40.0,"key":"GamblersBrew"}],"is_trial":false,"path_per_floor":["M","?","?","M","?","R","T","E","T","M","M","$","M","E","R","B",null,"M","?","M","$","?","E","R","M","T","R","M","R","?","M","R","B",null,"M","$","?","M","M","E","?","E"],"character_chosen":"THE_SILENT","items_purchased":["Escape Plan","Acrobatics","Cloak And Dagger","Accuracy","TwistedFunnel","Flying Knee"],"campfire_rested":1,"item_purchase_floors":[12,12,21,21,36,36],"current_hp_per_floor":[59,59,64,64,64,64,64,64,64,64,61,61,55,29,29,6,50,26,26,15,15,15,15,15,15,15,15,17,17,17,3,13,12,29,31,31,31,33,35,28,28,0,0],"gold":78,"neow_bonus":"THREE_ENEMY_KILL","is_daily":false,"chose_seed":false,"campfire_upgraded":5,"win_rate":0.0,"timestamp":1612939001,"path_taken":["M","?","?","?","?","R","?","E","T","M","M","$","M","E","R","BOSS","M","?","?","$","?","E","R","M","T","R","M","R","?","M","R","BOSS","M","$","?","M","M","E","?","E"],"items_purchased_type":["Card","Card","Card","Card","Relic","Card"],"build_version":"2020-12-22","purchased_purges":1,"victory":false,"max_hp_per_floor":[66,60,65,65,65,65,65,65,65,65,65,65,65,65,65,65,65,65,65,65,65,32,32,32,32,32,32,34,34,34,34,34,34,34,36,36,36,38,40,40,38,38,38],"relic_stats":{"Happy Flower":[19],"Singing Bowl":8,"counters":[20,103],"Golden Idol":121,"Blue Candle":[1],"Snake Skull":[56],"Centennial Puzzle":[12],"Turnip":[0],"Black Star":2,"Kunai":[54],"obtain_stats":[{"TwistedFunnel":36,"NeowsBlessing":0,"Happy Flower":23,"Singing Bowl":26,"Golden Idol":2,"Blue Candle":14,"SacredBark":34,"Snake Skull":23,"Omamori":40,"White Beast Statue":9,"Centennial Puzzle":30,"Turnip":40,"Black Star":17,"Red Mask":37,"Kunai":8,"InkBottle":7,"Ring of the Snake":0},{"TwistedFunnel":16,"NeowsBlessing":0,"Happy Flower":11,"Singing Bowl":12,"Golden Idol":1,"Blue Candle":7,"SacredBark":15,"Snake Skull":11,"Omamori":19,"White Beast Statue":3,"Centennial Puzzle":13,"Turnip":19,"Black Star":8,"Red Mask":16,"Kunai":3,"InkBottle":2,"Ring of the Snake":0},{"TwistedFunnel":80,"NeowsBlessing":0,"Happy Flower":44,"Singing Bowl":53,"Golden Idol":1,"Blue Candle":20,"SacredBark":73,"Snake Skull":44,"Omamori":97,"White Beast Statue":3,"Centennial Puzzle":58,"Turnip":97,"Black Star":30,"Red Mask":80,"Kunai":3,"InkBottle":2,"Ring of the Snake":0}],"InkBottle":[51],"Ring of the Snake":[40]},"card_choices":[{"not_picked":["Slice","Escape Plan"],"picked":"Eviscerate","floor":1.0},{"not_picked":["Heel Hook","Sucker Punch"],"picked":"Noxious Fumes","floor":4.0},{"not_picked":["Flying Knee","Dodge and Roll"],"picked":"Bane","floor":8.0},{"not_picked":["Flying Knee","Finisher"],"picked":"Calculated Gamble","floor":10.0},{"not_picked":["Slice","Bouncing Flask"],"picked":"Blade Dance","floor":11.0},{"not_picked":["Sucker Punch","Eviscerate"],"picked":"Dodge and Roll","floor":13.0},{"not_picked":["Expertise","Grand Finale","Acrobatics"],"picked":"SKIP","floor":14.0},{"not_picked":["Tools of the Trade","Envenom"],"picked":"A Thousand Cuts","floor":16.0},{"not_picked":["Setup","Dagger Spray"],"picked":"Prepared","floor":18.0},{"not_picked":["Skewer","Well Laid Plans"],"picked":"Escape Plan","floor":20.0},{"not_picked":["Concentrate+1","Underhanded Strike","Quick Slash"],"picked":"SKIP","floor":23.0},{"not_picked":["Dagger Spray","Bane","Dodge and Roll"],"picked":"SKIP","floor":25.0},{"not_picked":["Eviscerate","Dodge and Roll","Dash"],"picked":"Singing Bowl","floor":28.0},{"not_picked":["Acrobatics","Flying Knee"],"picked":"Dodge and Roll","floor":31.0},{"not_picked":["Phantasmal Killer","Glass Knife"],"picked":"Adrenaline","floor":33.0},{"not_picked":["Underhanded Strike","Dodge and Roll","Dagger Throw"],"picked":"Singing Bowl","floor":35.0},{"not_picked":["Prepared+1","Deadly Poison","Dagger Throw+1"],"picked":"Singing Bowl","floor":38.0},{"not_picked":["Sucker Punch","Dodge and Roll","Slice"],"picked":"Singing Bowl","floor":39.0},{"not_picked":["Riddle With Holes","Flying Knee"],"picked":"Dash+1","floor":40.0}],"player_experience":1514272,"relics_obtained":[{"floor":7.0,"key":"InkBottle"},{"floor":8.0,"key":"Kunai"},{"floor":9.0,"key":"White Beast Statue"},{"floor":14.0,"key":"Blue Candle"},{"floor":23.0,"key":"Happy Flower"},{"floor":23.0,"key":"Snake Skull"},{"floor":26.0,"key":"Singing Bowl"},{"floor":40.0,"key":"Turnip"},{"floor":40.0,"key":"Omamori"}],"event_choices":[{"damage_healed":0.0,"max_hp_gain":0.0,"max_hp_loss":6.0,"gold_gain":0.0,"event_name":"Golden Idol","player_choice":"Lose Max HP","floor":2.0,"gold_loss":0.0,"damage_taken":0.0,"relics_obtained":["Golden Idol"]},{"damage_healed":0.0,"max_hp_gain":0.0,"max_hp_loss":0.0,"gold_gain":0.0,"event_name":"Lab","player_choice":"Got Potions","floor":3.0,"gold_loss":0.0,"damage_taken":0.0},{"damage_healed":0.0,"max_hp_gain":0.0,"max_hp_loss":0.0,"gold_gain":0.0,"event_name":"Living Wall","player_choice":"Grow","floor":5.0,"gold_loss":0.0,"damage_taken":0.0,"cards_upgraded":["Noxious Fumes"]},{"cards_removed":["Strike_G"],"damage_healed":0.0,"max_hp_gain":0.0,"max_hp_loss":0.0,"gold_gain":0.0,"event_name":"Bonfire Elementals","player_choice":"Offered Basic","floor":19.0,"gold_loss":0.0,"damage_taken":0.0},{"damage_healed":0.0,"max_hp_gain":0.0,"max_hp_loss":33.0,"gold_gain":0.0,"event_name":"Ghosts","player_choice":"Became a Ghost","floor":22.0,"gold_loss":0.0,"damage_taken":0.0,"cards_obtained":["Ghostly","Ghostly","Ghostly"]},{"damage_healed":0.0,"max_hp_gain":0.0,"max_hp_loss":0.0,"gold_gain":0.0,"event_name":"Addict","player_choice":"Obtained Relic","floor":30.0,"gold_loss":85.0,"damage_taken":0.0,"relics_obtained":["Centennial Puzzle"]},{"damage_healed":0.0,"max_hp_gain":0.0,"max_hp_loss":0.0,"gold_gain":0.0,"event_name":"Tomb of Lord Red Mask","player_choice":"Paid","floor":37.0,"gold_loss":34.0,"damage_taken":0.0,"relics_obtained":["Red Mask"]},{"damage_healed":0.0,"max_hp_gain":0.0,"max_hp_loss":2.0,"gold_gain":0.0,"event_name":"Winding Halls","player_choice":"Max HP","floor":41.0,"gold_loss":0.0,"damage_taken":0.0}],"is_beta":false,"boss_relics":[{"not_picked":["Sozu","Calling Bell"],"picked":"Black Star"},{"not_picked":["Runic Dome","WristBlade"],"picked":"SacredBark"}],"items_purged_floors":[21],"is_endless":false,"potions_floor_spawned":[1,10,11,13,14,16,18,20,23,25,28,31,33,35,38,39,40],"killed_by":"Giant Head","ascension_level":20}}