{"host":"j4g6ia6asvpyu2b0","time":1612962263,"event":{"mods":["BaseMod","Colored Map","Infinite Spire","Minty Spire (QoL Compilation)","Permanent Neow","Quick Restart","Relic Stats","StSLib","Unceasing Turn Reminder"],"gold_per_floor":[362,379,393,410,61,90,40,73,98,98,98,123,135,151,151,250,250,269,279,279,279,293,293,218,250,277,309,321,348,60,77,77,174,174,190,190,190,240,257,292,321,250,250,283,283,317,333,333,333,333,333,333,33,65,65],"floor_reached":56,"language":"ENG","playtime":2362,"items_purged":["Doubt","Strike_G"],"score":1527,"play_id":"c710927f-5d2f-48aa-a471-a85bceda43ad","local_time":"20210210060423","is_ascension_mode":true,"campfire_choices":[{"data":"Terror","floor":15.0,"key":"SMITH"},{"floor":23.0,"key":"REST"},{"floor":32.0,"key":"REST"},{"data":"A Thousand Cuts","floor":32.0,"key":"SMITH"},{"floor":45,"key":"REST"},{"data":"Noxious Fumes","floor":45,"key":"SMITH"},{"floor":49,"key":"REST"},{"floor":49,"key":"RECALL"},{"data":"After Image","floor":52,"key":"SMITH"}],"circlet_count":0,"master_deck":["Strike_G","Strike_G","Defend_G","Defend_G","Defend_G","Defend_G","Defend_G","Survivor","Neutralize","Cloak And Dagger","Dagger Spray+1","Predator","Backflip","Blade Dance","Footwork","Dagger Spray","Endless Agony","Dagger Spray","Terror+1","Malaise","Backflip+1","Flying Knee+1","RitualDagger","infinitespire:Gouge","Dash+1","Corpse Explosion","Cloak And Dagger+1","Outmaneuver+1","Escape Plan+1","A Thousand Cuts+1","Dodge and Roll","Die Die Die","Blade Dance+1","Bouncing Flask+1","Quick Slash","Escape Plan+1","Accuracy","Noxious Fumes+1","Footwork","After Image+1","Catalyst+1","Dodge and Roll+1","Crippling Poison","Flash of Steel","Accuracy","Doppelganger"],"relics":["Burning Blood","Sling","Turnip","Pen Nib","infinitespire:Cubic Diamond","infinitespire:Beetle Shell","Snake Skull","Runic Pyramid","Black Star","Tingsha","infinitespire:Magic Flask","Blood Vial","Red Mask","Potion Belt","Pantograph","Bag of Preparation","HoveringKite","Coffee Dripper","WingedGreaves","Whetstone","Singing Bowl","Ornamental Fan","Prayer Wheel","TungstenRod","White Beast Statue","Mercury Hourglass","Akabeko","Strawberry","Lantern","infinitespire:FocusingShard"],"acts_visited":["Exordium","TheCity","TheBeyond","TheEnding"],"potions_floor_usage":[44,44,54,55,55,55,55,55,55,55,55,55,55,55,55,55,55,55],"damage_taken":[{"damage":0.0,"enemies":"Cultist","floor":1.0,"turns":5.0},{"damage":0.0,"enemies":"Jaw Worm","floor":2.0,"turns":6.0},{"damage":2.0,"enemies":"Small Slimes","floor":3.0,"turns":4.0},{"damage":2.0,"enemies":"3 Louse","floor":4.0,"turns":3.0},{"damage":0.0,"enemies":"Lagavulin","floor":6.0,"turns":5.0},{"damage":8.0,"enemies":"Gremlin Nob","floor":8.0,"turns":3.0},{"damage":14.0,"enemies":"Lagavulin","floor":12.0,"turns":5.0},{"damage":0.0,"enemies":"Red Slaver","floor":13.0,"turns":4.0},{"damage":4.0,"enemies":"Looter","floor":14.0,"turns":2.0},{"damage":27.0,"enemies":"Slime Boss","floor":16.0,"turns":8.0},{"damage":5.0,"enemies":"3 Byrds","floor":18.0,"turns":3.0},{"damage":15.0,"enemies":"2 Thieves","floor":19.0,"turns":3.0},{"damage":41.0,"enemies":"Snecko","floor":22.0,"turns":8.0},{"damage":6.0,"enemies":"Gremlin Leader","floor":25.0,"turns":5.0},{"damage":24.0,"enemies":"Masked Bandits","floor":27.0,"turns":3.0},{"damage":0.0,"enemies":"Centurion and Healer","floor":28.0,"turns":7.0},{"damage":3.0,"enemies":"Book of Stabbing","floor":29.0,"turns":6.0},{"damage":6.0,"enemies":"Shelled Parasite and Fungi","floor":31.0,"turns":7.0},{"damage":9.0,"enemies":"Automaton","floor":33.0,"turns":10.0},{"damage":7.0,"enemies":"3 Shapes","floor":35.0,"turns":5.0},{"damage":7,"enemies":"2 Orb Walkers","floor":38,"turns":3},{"damage":0,"enemies":"Orb Walker","floor":39,"turns":2},{"damage":17,"enemies":"Nemesis","floor":40,"turns":5},{"damage":0,"enemies":"Giant Head","floor":41,"turns":7},{"damage":67,"enemies":"Nightmare","floor":44,"turns":8},{"damage":9,"enemies":"Nemesis","floor":46,"turns":5},{"damage":0,"enemies":"Jaw Worm Horde","floor":47,"turns":2},{"damage":7,"enemies":"infinitespire:MassOfShapes","floor":50,"turns":12},{"damage":8,"enemies":"Shield and Spear","floor":54,"turns":3},{"damage":1,"enemies":"The Heart","floor":55,"turns":9}],"seed_played":"-1407217043224476842","potions_obtained":[{"floor":1.0,"key":"LiquidMemories"},{"floor":2.0,"key":"SteroidPotion"},{"floor":4.0,"key":"EntropicBrew"},{"floor":12.0,"key":"EntropicBrew"},{"floor":25.0,"key":"LiquidMemories"},{"floor":27.0,"key":"SpeedPotion"},{"floor":28.0,"key":"GhostInAJar"},{"floor":39,"key":"EntropicBrew"},{"floor":41,"key":"Swift Potion"},{"floor":44,"key":"AttackPotion"},{"floor":46,"key":"DuplicationPotion"},{"floor":47,"key":"DistilledChaos"},{"floor":54,"key":"BlessingOfTheForge"}],"is_trial":false,"path_per_floor":["M","M","M","M","$","E","?","E","T","?","?","E","M","M","R","B",null,"M","M","?","AVR","M","R","?","E","T","?","M","E","$","M","R","B",null,"M","?","AVR","?","M","E","E","$","T","NM","R","E","M","$","R","B",null,"R","$","E","B",null],"character_chosen":"THE_SILENT","items_purchased":["Sling","Blade Dance","Footwork","A Thousand Cuts","Bag of Preparation","Noxious Fumes","Crippling Poison","Flash of Steel","Accuracy"],"campfire_rested":4,"item_purchase_floors":[5,5,5,30,30,42,53,53,53],"current_hp_per_floor":[70,70,68,66,66,66,66,58,58,58,58,50,56,58,58,37,70,70,61,55,55,20,41,41,41,41,25,33,38,38,40,61,67,70,69,69,69,69,70,59,67,67,67,8,29,35,43,43,66,76,77,77,77,75,77],"gold":65,"neow_bonus":"TWO_FIFTY_GOLD","is_daily":false,"chose_seed":false,"campfire_upgraded":4,"win_rate":0.0,"timestamp":1612962263,"path_taken":["M","M","M","?","$","E","?","E","T","?","?","E","?","M","R","BOSS","M","M","?","AVR","M","R","?","E","T","?","M","E","?","?","R","BOSS","M","?","AVR","?","M","E","E","$","T","NM","R","E","M","$","R","BOSS","R","$","E","BOSS"],"items_purchased_type":["Relic","Card","Card","Card","Relic","Card","Card","Card","Card"],"build_version":"2020-12-22","purchased_purges":2,"victory":true,"max_hp_per_floor":[70,70,70,70,70,70,70,70,70,70,70,70,70,70,70,70,70,70,70,70,70,70,70,70,70,70,70,70,70,70,70,70,70,70,70,70,70,70,70,70,70,70,70,70,70,77,77,77,77,77,77,77,77,77,77],"relic_stats":{"Singing Bowl":0,"counters":[30,158],"HoveringKite":[9],"Tingsha":[29],"Pen Nib":[31],"Snake Skull":[71],"Bag of Preparation":[26],"Whetstone":["Flying Knee","Dagger Spray"],"Burning Blood":131,"Mercury Hourglass":[114],"Blood Vial":18,"Ornamental Fan":[64],"Pantograph":22,"Prayer Wheel":1,"Turnip":[6],"Black Star":7,"obtain_stats":[{"Lantern":54,"Singing Bowl":40,"HoveringKite":34,"infinitespire:Cubic Diamond":10,"Snake Skull":12,"Bag of Preparation":30,"Whetstone":40,"Sling":5,"Burning Blood":10,"Blood Vial":26,"Pantograph":29,"Strawberry":46,"Prayer Wheel":41,"WingedGreaves":38,"Red Mask":27,"Ring of the Snake":0,"Runic Pyramid":17,"Potion Belt":29,"Tingsha":25,"Pen Nib":8,"infinitespire:Beetle Shell":11,"infinitespire:FocusingShard":54,"infinitespire:Magic Flask":25,"White Beast Statue":44,"Akabeko":46,"Mercury Hourglass":44,"Ornamental Fan":41,"Turnip":6,"Black Star":21,"Coffee Dripper":37,"TungstenRod":43},{"Lantern":29,"Singing Bowl":23,"HoveringKite":19,"infinitespire:Cubic Diamond":6,"Snake Skull":7,"Bag of Preparation":17,"Whetstone":23,"Sling":4,"Burning Blood":6,"Blood Vial":14,"Pantograph":17,"Strawberry":26,"Prayer Wheel":24,"WingedGreaves":21,"Red Mask":15,"Ring of the Snake":0,"Runic Pyramid":10,"Potion Belt":17,"Tingsha":14,"Pen Nib":6,"infinitespire:Beetle Shell":6,"infinitespire:FocusingShard":29,"infinitespire:Magic Flask":14,"White Beast Statue":25,"Akabeko":26,"Mercury Hourglass":25,"Ornamental Fan":24,"Turnip":5,"Black Star":12,"Coffee Dripper":20,"TungstenRod":24},{"Lantern":149,"Singing Bowl":112,"HoveringKite":97,"infinitespire:Cubic Diamond":26,"Snake Skull":31,"Bag of Preparation":80,"Whetstone":112,"Sling":18,"Burning Blood":26,"Blood Vial":64,"Pantograph":80,"Strawberry":132,"Prayer Wheel":119,"WingedGreaves":105,"Red Mask":67,"Ring of the Snake":0,"Runic Pyramid":45,"Potion Belt":80,"Tingsha":64,"Pen Nib":26,"infinitespire:Beetle Shell":26,"infinitespire:FocusingShard":149,"infinitespire:Magic Flask":64,"White Beast Statue":127,"Akabeko":132,"Mercury Hourglass":127,"Ornamental Fan":119,"Turnip":23,"Black Star":51,"Coffee Dripper":102,"TungstenRod":119}],"TungstenRod":16},"card_choices":[{"not_picked":["PiercingWail","Acrobatics"],"picked":"Cloak And Dagger","floor":1.0},{"not_picked":["Finisher","PiercingWail"],"picked":"Dagger Spray","floor":2.0},{"not_picked":["Bane","Sucker Punch"],"picked":"Predator","floor":3.0},{"not_picked":["Expertise","Blur"],"picked":"Backflip","floor":4.0},{"not_picked":["Deflect","Catalyst"],"picked":"Dagger Spray","floor":6.0},{"not_picked":["Deadly Poison","Distraction"],"picked":"Dodge and Roll","floor":8.0},{"not_picked":["Deflect","Slice"],"picked":"Endless Agony","floor":12.0},{"not_picked":["Eviscerate","Underhanded Strike"],"picked":"Dagger Spray","floor":13.0},{"not_picked":["Die Die Die","Eviscerate"],"picked":"Terror","floor":14.0},{"not_picked":["Doppelganger","Bullet Time"],"picked":"Malaise","floor":16.0},{"not_picked":["Quick Slash","Calculated Gamble"],"picked":"Backflip+1","floor":18.0},{"not_picked":["Bane","Underhanded Strike+1"],"picked":"Flying Knee","floor":19.0},{"not_picked":["Flying Knee+1","Backstab"],"picked":"Dash+1","floor":22.0},{"not_picked":["Finisher","Leg Sweep"],"picked":"Corpse Explosion","floor":25.0},{"not_picked":["Endless Agony","Poisoned Stab+1"],"picked":"Cloak And Dagger+1","floor":27.0},{"not_picked":["Eviscerate","Prepared"],"picked":"Outmaneuver+1","floor":28.0},{"not_picked":["Poisoned Stab","Backflip+1"],"picked":"Escape Plan+1","floor":29.0},{"not_picked":["Deadly Poison+1","Flying Knee"],"picked":"Dodge and Roll","floor":31.0},{"not_picked":["Grand Finale","Phantasmal Killer"],"picked":"Die Die Die","floor":33.0},{"not_picked":["Backflip","Underhanded Strike+1"],"picked":"Blade Dance+1","floor":35.0},{"not_picked":["Cloak And Dagger","Dagger Spray+1"],"picked":"Bouncing Flask+1","floor":38},{"not_picked":["All Out Attack","Sucker Punch"],"picked":"Quick Slash","floor":39},{"not_picked":["Quick Slash","Flying Knee+1"],"picked":"Escape Plan+1","floor":40},{"not_picked":["Bouncing Flask","Quick Slash"],"picked":"Accuracy","floor":41},{"not_picked":["Prepared","Deadly Poison+1"],"picked":"Footwork","floor":44},{"not_picked":["Envenom","Dagger Throw"],"picked":"After Image","floor":46},{"not_picked":["Quick Slash","Bane"],"picked":"Catalyst+1","floor":47},{"not_picked":["Backflip","Flying Knee+1"],"picked":"Dodge and Roll+1","floor":47},{"not_picked":["Well Laid Plans","Glass Knife"],"picked":"Doppelganger","floor":54}],"player_experience":1218859,"relics_obtained":[{"floor":6.0,"key":"Turnip"},{"floor":8.0,"key":"Pen Nib"},{"floor":12.0,"key":"Snake Skull"},{"floor":25.0,"key":"Tingsha"},{"floor":25.0,"key":"infinitespire:Magic Flask"},{"floor":26.0,"key":"Blood Vial"},{"floor":27.0,"key":"Red Mask"},{"floor":29.0,"key":"Potion Belt"},{"floor":29.0,"key":"Pantograph"},{"floor":38,"key":"WingedGreaves"},{"floor":40,"key":"Whetstone"},{"floor":40,"key":"Singing Bowl"},{"floor":41,"key":"Ornamental Fan"},{"floor":41,"key":"Prayer Wheel"},{"floor":43,"key":"TungstenRod"},{"floor":44,"key":"White Beast Statue"},{"floor":44,"key":"Mercury Hourglass"},{"floor":46,"key":"Akabeko"},{"floor":46,"key":"Strawberry"},{"floor":54,"key":"Lantern"},{"floor":54,"key":"infinitespire:FocusingShard"}],"event_choices":[{"cards_removed":["Strike_G"],"damage_healed":0.0,"max_hp_gain":0.0,"max_hp_loss":0.0,"gold_gain":0.0,"event_name":"The Cleric","player_choice":"Card Removal","floor":7.0,"gold_loss":50.0,"damage_taken":0.0},{"cards_removed":["Dodge and Roll"],"damage_healed":0.0,"max_hp_gain":0.0,"max_hp_loss":0.0,"gold_gain":0.0,"event_name":"WeMeetAgain","player_choice":"Gave Card","floor":11.0,"gold_loss":0.0,"damage_taken":0.0,"relics_obtained":["infinitespire:Beetle Shell"]},{"damage_healed":0.0,"max_hp_gain":0.0,"max_hp_loss":0.0,"gold_gain":0.0,"event_name":"Nest","player_choice":"Joined the Cult","floor":20.0,"gold_loss":0.0,"damage_taken":6.0,"cards_obtained":["RitualDagger"]},{"cards_removed":["Strike_G"],"damage_healed":0.0,"max_hp_gain":0.0,"max_hp_loss":0.0,"gold_gain":0.0,"event_name":"Beggar","player_choice":"Gave Gold","floor":24.0,"gold_loss":75.0,"damage_taken":0.0},{"damage_healed":0.0,"max_hp_gain":0.0,"max_hp_loss":0.0,"gold_gain":0.0,"event_name":"Masked Bandits","player_choice":"Fought Bandits","floor":27.0,"gold_loss":0.0,"damage_taken":0.0},{"damage_healed":0,"gold_gain":0,"player_choice":"Fight","damage_taken":0,"max_hp_gain":0,"max_hp_loss":0,"event_name":"Mysterious Sphere","floor":38,"gold_loss":0}],"is_beta":false,"boss_relics":[{"not_picked":["Astrolabe","Calling Bell"],"picked":"Runic Pyramid"},{"not_picked":["Tiny House","Empty Cage"],"picked":"HoveringKite"}],"items_purged_floors":[5,53],"is_endless":false,"potions_floor_spawned":[1,2,4,12,25,27,28,39,41,44,46,47,54],"ascension_level":1}}