{"host":"4eao2pkwlmv012cz","time":1612943164,"event":{"mods":["BaseMod","Colored Powertips","Minty Spire (QoL Compilation)","Permanent Neow","Quick Restart","Random Character Button","StSLib"],"gold_per_floor":[19,31,48,48,67,94,94,94,121,121,121,121,46,75,75,177,177,201,231,254,81,0,0,53,53,53],"floor_reached":25,"language":"ENG","playtime":555,"items_purged":["Strike_B"],"score":542,"play_id":"ad55d7d2-91c5-4bbd-ae3a-eb0b78b963d8","local_time":"20210210024604","is_ascension_mode":true,"campfire_choices":[{"floor":8,"key":"REST"},{"data":"Fission","floor":10,"key":"SMITH"},{"data":"Hyperbeam","floor":12,"key":"SMITH"},{"data":"Hyperbeam","floor":15,"key":"SMITH"},{"floor":23,"key":"REST"}],"circlet_count":0,"master_deck":["AscendersBane","Strike_B","Strike_B","Defend_B","Defend_B","Defend_B","Zap","Dualcast","Streamline","Fission+1","Lockon","Hyperbeam+1","Cold Snap","Gash","Static Discharge","Hyperbeam+1","Core Surge","Gash","FTL","Hologram+1","Apotheosis","Multi-Cast"],"relics":["Cracked Core","Regal Pillow","Golden Idol","CeramicFish","Sozu","Centennial Puzzle"],"acts_visited":["Exordium","TheCity"],"potions_floor_usage":[16,16],"damage_taken":[{"damage":7,"enemies":"Jaw Worm","floor":1,"turns":3},{"damage":0,"enemies":"Small Slimes","floor":2,"turns":2},{"damage":0,"enemies":"2 Louse","floor":3,"turns":1},{"damage":15,"enemies":"Lots of Slimes","floor":5,"turns":3},{"damage":26,"enemies":"Lagavulin","floor":6,"turns":5},{"damage":6,"enemies":"Looter","floor":14,"turns":2},{"damage":0,"enemies":"Slime Boss","floor":16,"turns":4},{"damage":0,"enemies":"Chosen","floor":18,"turns":3},{"damage":21,"enemies":"2 Thieves","floor":19,"turns":3},{"damage":36,"enemies":"Shelled Parasite and Fungi","floor":20,"turns":3},{"damage":17,"enemies":"Book of Stabbing","floor":24,"turns":3},{"damage":41,"enemies":"Snecko","floor":25,"turns":4}],"seed_played":"-2214631978952714686","potions_obtained":[{"floor":1,"key":"DuplicationPotion"},{"floor":5,"key":"Explosive Potion"},{"floor":6,"key":"CultistPotion"}],"is_trial":false,"path_per_floor":["M","M","M","?","M","E","?","R","T","R","?","R","$","M","R","B",null,"M","M","M","$","?","R","E","M"],"character_chosen":"DEFECT","items_purchased":["Apotheosis"],"campfire_rested":2,"item_purchase_floors":[21],"current_hp_per_floor":[57,57,57,62,47,21,21,58,58,58,58,58,58,52,52,52,70,70,49,13,13,13,50,33,0,0],"gold":53,"neow_bonus":"TRANSFORM_TWO_CARDS","is_daily":false,"chose_seed":false,"campfire_upgraded":3,"win_rate":0.0,"timestamp":1612943164,"path_taken":["M","M","M","?","M","E","?","R","T","R","?","R","$","M","R","BOSS","M","?","M","$","?","R","E","M"],"items_purchased_type":["Card"],"build_version":"2020-12-22","purchased_purges":1,"victory":false,"max_hp_per_floor":[71,71,71,76,76,76,76,76,76,76,76,76,76,76,76,76,76,76,76,76,76,76,76,76,76,76],"card_choices":[{"not_picked":["Heatsinks","Turbo"],"picked":"Lockon","floor":1},{"not_picked":["Redo","Streamline"],"picked":"Hyperbeam","floor":2},{"not_picked":["Beam Cell","Steam"],"picked":"Cold Snap","floor":3},{"not_picked":["Melter","Coolheaded"],"picked":"Gash","floor":5},{"not_picked":["Cold Snap","Blizzard"],"picked":"Static Discharge","floor":6},{"not_picked":["Cold Snap","Rebound"],"picked":"Hyperbeam","floor":14},{"not_picked":["Biased Cognition","Rainbow"],"picked":"Core Surge","floor":16},{"not_picked":["BootSequence","Beam Cell"],"picked":"Gash","floor":18},{"not_picked":["Genetic Algorithm","Barrage+1"],"picked":"FTL","floor":19},{"not_picked":["Conserve Battery","Leap"],"picked":"Hologram+1","floor":20},{"not_picked":["Barrage","Double Energy"],"picked":"Multi-Cast","floor":24}],"player_experience":2917028,"relics_obtained":[{"floor":6,"key":"Regal Pillow"},{"floor":9,"key":"CeramicFish"},{"floor":24,"key":"Centennial Puzzle"}],"event_choices":[{"damage_healed":0,"gold_gain":0,"player_choice":"Donut","damage_taken":0,"max_hp_gain":5,"max_hp_loss":0,"event_name":"Big Fish","floor":4,"gold_loss":0},{"damage_healed":0,"gold_gain":0,"player_choice":"Take Wound","damage_taken":0,"relics_obtained":["Golden Idol"],"max_hp_gain":0,"max_hp_loss":0,"event_name":"Golden Idol","floor":7,"gold_loss":0,"cards_obtained":["Injury"]},{"cards_removed":["Injury"],"damage_healed":0,"gold_gain":0,"player_choice":"Removed Curses","damage_taken":0,"max_hp_gain":0,"max_hp_loss":0,"event_name":"Fountain of Cleansing","floor":11,"gold_loss":0},{"damage_healed":0,"gold_gain":0,"player_choice":"Paid Fearfully","damage_taken":0,"max_hp_gain":0,"max_hp_loss":0,"event_name":"Masked Bandits","floor":22,"gold_loss":81}],"is_beta":false,"boss_relics":[{"not_picked":["SlaversCollar","Runic Pyramid"],"picked":"Sozu"}],"items_purged_floors":[13],"is_endless":false,"potions_floor_spawned":[1,5,6,18,19,20],"killed_by":"Snecko","ascension_level":20}}