{"host":"vv4pm74vrxtrj1uw","time":1612958386,"event":{"mods":["Act Like it!","BaseMod","Minty Spire (QoL Compilation)","Rare Cards Sparkle","Spicy Shops","StSLib"],"gold_per_floor":[114,114,131,131,131,156,156,181,254,270,270,289,9,19,19,121,121,109,109,128,14,32,32,58,58,58,58,73,21,21,33,33,33,33],"floor_reached":33,"language":"ZHS","playtime":2993,"items_purged":["Strike_G"],"score":344,"play_id":"f440d841-15ca-429f-82ed-b60ae9719b23","local_time":"20210210195946","is_ascension_mode":true,"campfire_choices":[{"floor":7.0,"key":"REST"},{"floor":11.0,"key":"REST"},{"floor":15.0,"key":"REST"},{"floor":23.0,"key":"REST"},{"floor":25.0,"key":"REST"},{"floor":27.0,"key":"REST"},{"floor":32,"key":"REST"}],"circlet_count":0,"master_deck":["Strike_G","Strike_G","Strike_G","Defend_G","Defend_G","Defend_G","Defend_G","Survivor","Neutralize","Night Terror","Dagger Throw","Dash","Backstab","Bane","Flying Knee","Footwork+1","Caltrops+1","Leg Sweep","Prepared","Flying Knee","Envenom+1","Underhanded Strike+1","Calculated Gamble","Footwork+1","Escape Plan","Distraction","Footwork+1","Phantasmal Killer","Eviscerate","Blade Dance"],"relics":["Ring of the Snake","Blood Vial","Darkstone Periapt","Frozen Egg 2","Bottled Flame","Membership Card","Boot","SacredBark","Snake Skull","Dead Branch","Meat on the Bone"],"acts_visited":["Exordium","TheCity"],"potions_floor_usage":[33],"damage_taken":[{"damage":0.0,"enemies":"Small Slimes","floor":1.0,"turns":5.0},{"damage":2.0,"enemies":"2 Louse","floor":3.0,"turns":3.0},{"damage":32.0,"enemies":"3 Sentries","floor":6.0,"turns":12.0},{"damage":46.0,"enemies":"Lagavulin","floor":8.0,"turns":11.0},{"damage":0.0,"enemies":"Cultist","floor":10.0,"turns":2.0},{"damage":7.0,"enemies":"Exordium Thugs","floor":12.0,"turns":4.0},{"damage":1.0,"enemies":"Large Slime","floor":14.0,"turns":7.0},{"damage":44.0,"enemies":"Hexaghost","floor":16.0,"turns":9.0},{"damage":9.0,"enemies":"2 Thieves","floor":18.0,"turns":4.0},{"damage":16.0,"enemies":"Spheric Guardian","floor":20.0,"turns":6.0},{"damage":11.0,"enemies":"Snecko","floor":22.0,"turns":5.0},{"damage":42.0,"enemies":"Book of Stabbing","floor":24.0,"turns":7.0},{"damage":24.0,"enemies":"Snake Plant","floor":28.0,"turns":5.0},{"damage":17,"enemies":"Shelled Parasite and Fungi","floor":31,"turns":5},{"damage":73,"enemies":"Collector","floor":33,"turns":6}],"seed_played":"-4504806376883217623","potions_obtained":[{"floor":3.0,"key":"SmokeBomb"},{"floor":5.0,"key":"GamblersBrew"},{"floor":5.0,"key":"Fruit Juice"},{"floor":5.0,"key":"Swift Potion"},{"floor":6.0,"key":"Swift Potion"},{"floor":10.0,"key":"FearPotion"},{"floor":31,"key":"SpeedPotion"}],"is_trial":false,"path_per_floor":["M","?","M","?","?","E","R","E","T","M","R","M","$","M","R","B",null,"M","?","M","$","M","R","E","R","T","R","M","$","?","M","R","B"],"character_chosen":"THE_SILENT","items_purchased":["Membership Card","Boot","Caltrops+1","Leg Sweep","Prepared","Snake Skull","Footwork+1"],"campfire_rested":7,"item_purchase_floors":[13,13,13,13,13,21,29],"current_hp_per_floor":[70,70,68,61,66,36,58,14,14,16,38,33,33,34,56,14,60,53,47,33,33,24,46,6,28,28,50,40,40,40,37,59,0,0],"gold":33,"neow_bonus":"ONE_RANDOM_RARE_CARD","is_daily":false,"chose_seed":false,"campfire_upgraded":0,"win_rate":0.0,"timestamp":1612958386,"path_taken":["M","?","M","?","?","E","R","E","T","M","R","M","$","M","R","BOSS","M","?","M","?","M","R","E","R","T","R","M","$","?","M","R","BOSS"],"items_purchased_type":["Relic","Relic","Card","Card","Card","Relic","Card"],"build_version":"2020-12-22","purchased_purges":1,"victory":false,"max_hp_per_floor":[70,70,70,70,75,75,75,75,75,75,75,75,75,75,75,75,75,75,75,75,75,75,75,75,75,75,75,75,75,75,75,75,75,75],"card_choices":[{"not_picked":["Cloak And Dagger","Quick Slash"],"picked":"Dagger Throw","floor":1.0},{"not_picked":["Infinite Blades","Distraction"],"picked":"Dash","floor":3.0},{"not_picked":["Blade Dance","Reflex"],"picked":"Backstab","floor":6.0},{"not_picked":["Finisher","Outmaneuver"],"picked":"Bane","floor":8.0},{"not_picked":["Slice","Blade Dance"],"picked":"Flying Knee","floor":10.0},{"not_picked":["Leg Sweep","Sucker Punch"],"picked":"Footwork+1","floor":12.0},{"not_picked":["Deflect","Dodge and Roll"],"picked":"Flying Knee","floor":14.0},{"not_picked":["Malaise","Bullet Time"],"picked":"Envenom+1","floor":16.0},{"not_picked":["Infinite Blades+1","Endless Agony"],"picked":"Underhanded Strike+1","floor":18.0},{"not_picked":["Blur","Dash"],"picked":"Calculated Gamble","floor":20.0},{"not_picked":["Underhanded Strike","Bane+1"],"picked":"Footwork+1","floor":22.0},{"not_picked":["Deadly Poison","Sucker Punch+1"],"picked":"Escape Plan","floor":24.0},{"not_picked":["Dodge and Roll","Dagger Throw+1"],"picked":"Distraction","floor":28.0},{"not_picked":["Caltrops+1","Bane"],"picked":"Blade Dance","floor":31}],"player_experience":165212,"relics_obtained":[{"floor":6.0,"key":"Darkstone Periapt"},{"floor":8.0,"key":"Frozen Egg 2"},{"floor":9.0,"key":"Bottled Flame"},{"floor":24.0,"key":"Dead Branch"},{"floor":26.0,"key":"Meat on the Bone"}],"event_choices":[{"damage_healed":0.0,"max_hp_gain":0.0,"max_hp_loss":0.0,"gold_gain":0.0,"event_name":"Big Fish","player_choice":"Box","floor":2.0,"gold_loss":0.0,"damage_taken":0.0,"relics_obtained":["Blood Vial"],"cards_obtained":["Regret"]},{"cards_removed":["Regret"],"damage_healed":0.0,"max_hp_gain":0.0,"max_hp_loss":0.0,"gold_gain":0.0,"event_name":"Golden Wing","player_choice":"Card Removal","floor":4.0,"gold_loss":0.0,"damage_taken":7.0},{"damage_healed":0.0,"max_hp_gain":0.0,"max_hp_loss":0.0,"gold_gain":0.0,"event_name":"Lab","player_choice":"Got Potions","floor":5.0,"gold_loss":0.0,"damage_taken":0.0},{"damage_healed":0.0,"max_hp_gain":0.0,"max_hp_loss":0.0,"gold_gain":0.0,"event_name":"Knowing Skull","player_choice":"","floor":19.0,"potions_obtained":[],"gold_loss":0.0,"damage_taken":6.0,"cards_obtained":[]},{"damage_healed":0,"gold_gain":0,"cards_transformed":["Strike_G","Defend_G"],"player_choice":"Became Test Subject","damage_taken":0,"max_hp_gain":0,"max_hp_loss":0,"event_name":"Drug Dealer","floor":30,"gold_loss":0,"cards_obtained":["Phantasmal Killer","Eviscerate"]}],"is_beta":false,"boss_relics":[{"not_picked":["Busted Crown","Pandora\u0027s Box"],"picked":"SacredBark"}],"items_purged_floors":[21],"is_endless":false,"potions_floor_spawned":[3,6,10,31],"killed_by":"Collector","ascension_level":5}}