{"host":"u5p72gjg7qm9i6r4","time":1612929351,"event":{"mods":["AchievementEnabler","BaseMod","Curses Come First","Highlight Path","Minty Spire (QoL Compilation)","Rare Cards Sparkle","StSLib"],"gold_per_floor":[10,10,30,30,105,105,130,130,157,186,203,46,65,121,121,223,223,239,1,1,13,28,61,336,22,22,42,62,62,75,75,75,177,177,197,215,230,244,93,93,109,109,109,109,109,141,0,0,0],"floor_reached":48,"language":"ENG","playtime":2515,"items_purged":["Regret"],"score":831,"play_id":"4152a8dd-dbee-4d85-b86b-092ec769e0bd","local_time":"20210209215551","is_ascension_mode":true,"campfire_choices":[{"data":"Wild Strike","floor":6.0,"key":"SMITH"},{"data":"Shrug It Off","floor":8.0,"key":"SMITH"},{"floor":15.0,"key":"REST"},{"data":"Bandage Up","floor":29.0,"key":"SMITH"},{"data":"J.A.X.","floor":32.0,"key":"SMITH"},{"floor":40.0,"key":"REST"},{"data":"Limit Break","floor":45,"key":"SMITH"}],"circlet_count":0,"master_deck":["Strike_R","Strike_R","Strike_R","Strike_R","Strike_R","Defend_R","Defend_R","Defend_R","Defend_R","Bash","Spot Weakness+1","Wild Strike+1","Shrug It Off+1","Combust","Whirlwind","Rage","Feed","Spot Weakness","Pummel+1","Bandage Up+1","Feed","J.A.X.+1","Shockwave","Inflame","Reaper","Fire Breathing","Limit Break+1","Normality"],"relics":["Burning Blood","Regal Pillow","Blood Vial","Toy Ornithopter","Toolbox","Sozu","Meat on the Bone","Anchor","Lee\u0027s Waffle","Mercury Hourglass","Cursed Key","HornCleat","Red Mask"],"acts_visited":["Exordium","TheCity","TheBeyond"],"potions_floor_usage":[],"damage_taken":[{"damage":1.0,"enemies":"Cultist","floor":1.0,"turns":4.0},{"damage":9.0,"enemies":"2 Louse","floor":3.0,"turns":3.0},{"damage":30.0,"enemies":"3 Sentries","floor":7.0,"turns":8.0},{"damage":24.0,"enemies":"Lagavulin","floor":10.0,"turns":6.0},{"damage":7.0,"enemies":"Small Slimes","floor":11.0,"turns":2.0},{"damage":0.0,"enemies":"3 Louse","floor":13.0,"turns":1.0},{"damage":6.0,"enemies":"Slime Boss","floor":16.0,"turns":7.0},{"damage":0.0,"enemies":"Chosen","floor":18.0,"turns":3.0},{"damage":26.0,"enemies":"2 Thieves","floor":21.0,"turns":3.0},{"damage":21.0,"enemies":"Centurion and Healer","floor":22.0,"turns":4.0},{"damage":59.0,"enemies":"Gremlin Leader","floor":23.0,"turns":7.0},{"damage":19.0,"enemies":"Chosen and Byrds","floor":27.0,"turns":4.0},{"damage":28.0,"enemies":"Snake Plant","floor":28.0,"turns":5.0},{"damage":7.0,"enemies":"Centurion and Healer","floor":30.0,"turns":6.0},{"damage":96.0,"enemies":"Champ","floor":33.0,"turns":11.0},{"damage":7.0,"enemies":"3 Shapes","floor":35.0,"turns":3.0},{"damage":22.0,"enemies":"Orb Walker","floor":36.0,"turns":4.0},{"damage":49.0,"enemies":"Maw","floor":37.0,"turns":8.0},{"damage":6.0,"enemies":"Jaw Worm Horde","floor":38.0,"turns":2.0},{"damage":66.0,"enemies":"Spire Growth","floor":41.0,"turns":6.0},{"damage":73,"enemies":"Nemesis","floor":46,"turns":8},{"damage":45,"enemies":"Giant Head","floor":48,"turns":6}],"seed_played":"-2291669245383059889","potions_obtained":[{"floor":10.0,"key":"PowerPotion"},{"floor":11.0,"key":"Block Potion"}],"is_trial":false,"path_per_floor":["M","$","M","?","?","R","E","R","T","E","M","$","M","?","R","B",null,"M","$","?","M","M","E","?","$","T","M","M","R","M","?","R","B",null,"M","M","M","M","$","R","M","?","T","?","R","E","?","E"],"character_chosen":"IRONCLAD","items_purchased":["Toolbox","Meat on the Bone","Lee\u0027s Waffle","Bandage Up","Reaper","Fire Breathing"],"campfire_rested":2,"item_purchase_floors":[12,19,25,25,39,39],"current_hp_per_floor":[93,93,90,90,79,79,55,55,55,39,40,40,48,48,91,96,96,96,96,77,59,61,22,22,111,111,101,91,91,104,104,104,34,102,103,95,72,74,74,124,73,73,73,73,73,26,26,0,0],"gold":0,"neow_bonus":"TWENTY_PERCENT_HP_BONUS","is_daily":false,"chose_seed":false,"campfire_upgraded":5,"win_rate":0.0,"timestamp":1612929351,"path_taken":["M","?","M","?","?","R","E","R","T","E","M","$","M","?","R","BOSS","M","$","?","M","M","E","?","$","T","M","M","R","?","?","R","BOSS","M","M","M","M","$","R","M","?","T","?","R","E","?","E"],"items_purchased_type":["Relic","Relic","Relic","Card","Card","Card"],"build_version":"2020-12-22","purchased_purges":1,"victory":false,"max_hp_per_floor":[96,96,96,96,96,96,96,96,96,96,96,96,96,96,96,96,96,96,96,101,101,104,104,104,111,111,114,118,118,124,124,124,124,124,124,124,124,124,124,124,127,127,127,127,127,127,127,127,127],"card_choices":[{"not_picked":["Thunderclap","True Grit"],"picked":"Spot Weakness","floor":1.0},{"not_picked":["Bloodletting","Body Slam"],"picked":"Wild Strike","floor":3.0},{"not_picked":["Intimidate","Twin Strike"],"picked":"Shrug It Off","floor":7.0},{"not_picked":["Warcry","Iron Wave"],"picked":"Combust","floor":10.0},{"not_picked":["Headbutt","Twin Strike"],"picked":"Whirlwind","floor":11.0},{"not_picked":["Entrench","Bloodletting"],"picked":"Rage","floor":13.0},{"not_picked":["Corruption","Double Tap"],"picked":"Feed","floor":16.0},{"not_picked":["Disarm","Perfected Strike"],"picked":"Spot Weakness","floor":18.0},{"not_picked":["Wild Strike+1","Headbutt"],"picked":"Pummel+1","floor":21.0},{"not_picked":["Combust","Intimidate","Clothesline"],"picked":"SKIP","floor":22.0},{"not_picked":["Dual Wield","Evolve+1","Thunderclap"],"picked":"SKIP","floor":23.0},{"not_picked":["Seeing Red","Wild Strike"],"picked":"Cleave","floor":27.0},{"not_picked":["Combust","Metallicize"],"picked":"Feed","floor":28.0},{"not_picked":["Reckless Charge","Perfected Strike","Heavy Blade"],"picked":"SKIP","floor":30.0},{"not_picked":["Ghostly Armor","Rage+1","Infernal Blade"],"picked":"SKIP","floor":35.0},{"not_picked":["Second Wind","Clash"],"picked":"Shockwave","floor":36.0},{"not_picked":["Sword Boomerang+1","Feel No Pain"],"picked":"Inflame","floor":37.0},{"not_picked":["Twin Strike+1","Perfected Strike+1","Iron Wave"],"picked":"SKIP","floor":38.0},{"not_picked":["Whirlwind+1","Feel No Pain"],"picked":"Limit Break","floor":41.0},{"not_picked":["Body Slam+1","Carnage+1","Iron Wave"],"picked":"SKIP","floor":46}],"player_experience":155674,"relics_obtained":[{"floor":7.0,"key":"Regal Pillow"},{"floor":9.0,"key":"Blood Vial"},{"floor":10.0,"key":"Toy Ornithopter"},{"floor":23.0,"key":"Anchor"},{"floor":26.0,"key":"Mercury Hourglass"},{"floor":46,"key":"HornCleat"}],"event_choices":[{"damage_healed":0.0,"max_hp_gain":0.0,"max_hp_loss":0.0,"gold_gain":0.0,"event_name":"Living Wall","player_choice":"Grow","floor":4.0,"gold_loss":0.0,"damage_taken":0.0,"cards_upgraded":["Spot Weakness"]},{"damage_healed":0.0,"max_hp_gain":0.0,"max_hp_loss":0.0,"gold_gain":75.0,"event_name":"World of Goop","player_choice":"Gather Gold","floor":5.0,"gold_loss":0.0,"damage_taken":11.0},{"damage_healed":0.0,"max_hp_gain":0.0,"max_hp_loss":0.0,"gold_gain":56.0,"event_name":"Golden Wing","player_choice":"Gained Gold","floor":14.0,"gold_loss":0.0,"damage_taken":0.0},{"damage_healed":0.0,"max_hp_gain":5.0,"max_hp_loss":0.0,"gold_gain":0.0,"event_name":"Forgotten Altar","player_choice":"Shed Blood","floor":20.0,"gold_loss":0.0,"damage_taken":24.0},{"damage_healed":0.0,"max_hp_gain":0.0,"max_hp_loss":0.0,"gold_gain":275.0,"event_name":"Golden Shrine","player_choice":"Desecrate","floor":24.0,"gold_loss":0.0,"damage_taken":0.0,"cards_obtained":["Regret"]},{"damage_healed":0.0,"max_hp_gain":0.0,"max_hp_loss":0.0,"gold_gain":0.0,"event_name":"Drug Dealer","player_choice":"Obtain J.A.X.","floor":31.0,"gold_loss":0.0,"damage_taken":0.0,"cards_obtained":["J.A.X."]},{"damage_healed":0,"gold_gain":0,"player_choice":"Ignored","damage_taken":0,"max_hp_gain":0,"max_hp_loss":0,"event_name":"Mysterious Sphere","floor":42,"gold_loss":0},{"cards_removed":["Cleave"],"damage_healed":0,"gold_gain":0,"player_choice":"Removed Attack","damage_taken":0,"max_hp_gain":0,"max_hp_loss":0,"event_name":"Falling","floor":44,"gold_loss":0},{"damage_healed":0,"gold_gain":0,"player_choice":"Paid","damage_taken":0,"relics_obtained":["Red Mask"],"max_hp_gain":0,"max_hp_loss":0,"event_name":"Tomb of Lord Red Mask","floor":47,"gold_loss":141}],"is_beta":false,"boss_relics":[{"not_picked":["Philosopher\u0027s Stone","Empty Cage"],"picked":"Sozu"},{"not_picked":["Velvet Choker","SlaversCollar"],"picked":"Cursed Key"}],"items_purged_floors":[25],"is_endless":false,"potions_floor_spawned":[10,11,22,27,28,30,33,37,38,41],"killed_by":"Giant Head","ascension_level":8}}