{"host":"mvk4cyf8p31hksyn","time":1612959291,"event":{"mods":["BaseMod","Block Reminder","Colored Map","Highlight Path","Minty Spire (QoL Compilation)","Relic Sorter"],"gold_per_floor":[117,134,209,209,209,236,255,255,255,266,296,296,330,344,344,440,440,450,468,468,89,104,104,134,134,134,134,162,176,194,224,224,319,319,337,347,357,371,257,257,287,287,341,374,374,394,247,272,272,272,272,272,13,40,40],"floor_reached":56,"language":"ENG","playtime":6444,"items_purged":["Strike_G","Strike_G","Strike_G+1"],"score":1681,"play_id":"3aa631ad-068a-4f3b-a69a-2242c6dff1b9","local_time":"20210210131451","is_ascension_mode":true,"campfire_choices":[{"data":"Skewer","floor":8,"key":"SMITH"},{"data":"Footwork","floor":12,"key":"SMITH"},{"data":"Cloak And Dagger","floor":15,"key":"SMITH"},{"data":"Apotheosis","floor":23,"key":"SMITH"},{"data":"Footwork","floor":25,"key":"SMITH"},{"data":"After Image","floor":27,"key":"SMITH"},{"data":"Cloak And Dagger","floor":32,"key":"SMITH"},{"floor":40,"key":"RECALL"},{"data":"Strike_G","floor":42,"key":"PURGE"},{"data":"Defend_G","floor":49,"key":"PURGE"},{"data":"Strike_G+1","floor":52,"key":"PURGE"}],"circlet_count":0,"master_deck":["Defend_G","Defend_G","Defend_G","Defend_G+1","Survivor","Neutralize","Footwork+1","Skewer+1","Terror","Poisoned Stab+1","Cloak And Dagger+1","Malaise","Backflip","After Image+1","Footwork+1","Predator","Apotheosis+1","Quick Slash+1","Blur","Clumsy","Predator","Cloak And Dagger+1","Envenom","Dagger Spray+1","Well Laid Plans+1","Phantasmal Killer","Envenom","Injury","Cloak And Dagger+1","Deep Breath","Madness","Backflip","Cloak And Dagger+1","Bouncing Flask","Master of Strategy"],"relics":["Cursed Key","Happy Flower","Toy Ornithopter","Paper Crane","TungstenRod","Philosopher\u0027s Stone","Membership Card","Peace Pipe","Bag of Preparation","Ninja Scroll","Oddly Smooth Stone","Sozu","Whetstone","Snake Skull","Ice Cream","Frozen Eye","Meat on the Bone","PrismaticShard","Pear"],"acts_visited":["Exordium","TheCity","TheBeyond","TheEnding"],"potions_floor_usage":[24],"damage_taken":[{"damage":0,"enemies":"Cultist","floor":1,"turns":4},{"damage":0,"enemies":"Jaw Worm","floor":2,"turns":4},{"damage":4,"enemies":"Lagavulin","floor":6,"turns":7},{"damage":2,"enemies":"2 Louse","floor":7,"turns":2},{"damage":0,"enemies":"Large Slime","floor":10,"turns":6},{"damage":14,"enemies":"3 Sentries","floor":11,"turns":7},{"damage":0,"enemies":"Lagavulin","floor":13,"turns":6},{"damage":0,"enemies":"Blue Slaver","floor":14,"turns":2},{"damage":0,"enemies":"Hexaghost","floor":16,"turns":9},{"damage":0,"enemies":"Chosen","floor":18,"turns":3},{"damage":6,"enemies":"Spheric Guardian","floor":19,"turns":4},{"damage":0,"enemies":"Snecko","floor":22,"turns":6},{"damage":21,"enemies":"Slavers","floor":24,"turns":7},{"damage":0,"enemies":"Gremlin Leader","floor":28,"turns":7},{"damage":2,"enemies":"Chosen and Byrds","floor":29,"turns":5},{"damage":0,"enemies":"Shelled Parasite and Fungi","floor":30,"turns":4},{"damage":0,"enemies":"Book of Stabbing","floor":31,"turns":5},{"damage":0,"enemies":"Champ","floor":33,"turns":11},{"damage":0,"enemies":"3 Darklings","floor":35,"turns":6},{"damage":2,"enemies":"3 Shapes","floor":36,"turns":3},{"damage":0,"enemies":"Writhing Mass","floor":37,"turns":6},{"damage":0,"enemies":"Jaw Worm Horde","floor":38,"turns":3},{"damage":0,"enemies":"Giant Head","floor":41,"turns":7},{"damage":4,"enemies":"Reptomancer","floor":44,"turns":6},{"damage":0,"enemies":"4 Shapes","floor":46,"turns":6},{"damage":0,"enemies":"Nemesis","floor":48,"turns":5},{"damage":0,"enemies":"Time Eater","floor":50,"turns":7},{"damage":6,"enemies":"Shield and Spear","floor":54,"turns":7},{"damage":12,"enemies":"The Heart","floor":55,"turns":10}],"seed_played":"7534753075865767461","potions_obtained":[{"floor":1,"key":"SkillPotion"},{"floor":2,"key":"Explosive Potion"},{"floor":6,"key":"LiquidMemories"},{"floor":10,"key":"Energy Potion"},{"floor":24,"key":"Dexterity Potion"},{"floor":31,"key":"FairyPotion"}],"is_trial":false,"path_per_floor":["M","M","?","?","?","E","M","R","T","M","E","R","E","M","R","B",null,"M","M","?","$","M","R","E","R","T","R","E","M","M","E","R","B",null,"M","M","M","M","$","R","E","R","T","E","?","M","$","E","R","B",null,"R","$","E","B",null],"character_chosen":"THE_SILENT","items_purchased":["Membership Card","Apotheosis","Peace Pipe","Phantasmal Killer","Frozen Eye","Backflip","Bouncing Flask","PrismaticShard","Master of Strategy"],"campfire_rested":0,"item_purchase_floors":[21,21,21,39,47,47,53,53,53],"current_hp_per_floor":[70,70,59,56,42,38,36,36,36,36,22,22,22,22,22,22,70,70,64,64,64,64,64,48,48,48,48,48,46,46,46,46,46,70,70,68,68,68,68,68,68,68,68,64,55,55,55,55,55,55,70,70,70,74,62],"gold":40,"neow_bonus":"BOSS_RELIC","is_daily":false,"chose_seed":false,"campfire_upgraded":7,"win_rate":0.0,"timestamp":1612959291,"path_taken":["M","M","?","?","?","E","M","R","T","M","E","R","E","M","R","BOSS","M","M","?","$","M","R","E","R","T","R","E","M","M","E","R","BOSS","M","M","M","M","$","R","E","R","T","E","?","M","$","E","R","BOSS","R","$","E","BOSS"],"items_purchased_type":["Relic","Card","Relic","Card","Relic","Card","Card","Relic","Card"],"build_version":"2020-12-22","purchased_purges":3,"victory":true,"max_hp_per_floor":[70,70,70,70,70,70,70,70,70,70,70,70,70,70,70,70,70,70,70,70,70,70,70,70,70,70,70,70,70,70,70,70,70,70,70,70,70,70,70,70,70,70,70,70,70,70,70,70,70,70,70,70,70,80,80],"card_choices":[{"not_picked":["Deadly Poison","Caltrops"],"picked":"Footwork","floor":1},{"not_picked":["Choke","Underhanded Strike"],"picked":"Skewer","floor":2},{"not_picked":["Skewer","Prepared"],"picked":"Terror","floor":6},{"not_picked":["Quick Slash","Flying Knee"],"picked":"Poisoned Stab","floor":7},{"not_picked":["Dash","Accuracy"],"picked":"Cloak And Dagger","floor":10},{"not_picked":["Grand Finale","Eviscerate","Underhanded Strike"],"picked":"SKIP","floor":11},{"not_picked":["Tools of the Trade","Poisoned Stab"],"picked":"Malaise","floor":13},{"not_picked":["Poisoned Stab","Quick Slash"],"picked":"Backflip","floor":14},{"not_picked":["Bullet Time","Malaise"],"picked":"After Image","floor":16},{"not_picked":["Riddle With Holes+1","Sucker Punch"],"picked":"Footwork","floor":18},{"not_picked":["Backstab","Bane+1","Flying Knee"],"picked":"SKIP","floor":19},{"not_picked":["Skewer","Concentrate+1"],"picked":"Quick Slash+1","floor":22},{"not_picked":["Well Laid Plans","Prepared"],"picked":"Blur","floor":24},{"not_picked":["Setup","Underhanded Strike","Flying Knee"],"picked":"SKIP","floor":28},{"not_picked":["Deadly Poison","Slice"],"picked":"Predator","floor":29},{"not_picked":["Deadly Poison","Flying Knee+1"],"picked":"Cloak And Dagger","floor":30},{"not_picked":["Dagger Throw+1","Prepared","Acrobatics"],"picked":"SKIP","floor":31},{"not_picked":["Grand Finale","Malaise"],"picked":"Envenom","floor":33},{"not_picked":["Deadly Poison","Escape Plan+1"],"picked":"Dagger Spray+1","floor":35},{"not_picked":["Underhanded Strike+1","Slice","Calculated Gamble"],"picked":"SKIP","floor":36},{"not_picked":["Slice","Endless Agony"],"picked":"Well Laid Plans+1","floor":37},{"not_picked":["Underhanded Strike","Expertise","Flying Knee"],"picked":"SKIP","floor":38},{"not_picked":["Tactician+1","Accuracy+1"],"picked":"Envenom","floor":41},{"not_picked":["Prepared","Slice"],"picked":"Cloak And Dagger+1","floor":44},{"not_picked":["Panache","Transmutation"],"picked":"Deep Breath","floor":45},{"not_picked":["Mayhem","Discovery"],"picked":"Madness","floor":45},{"not_picked":["Poisoned Stab+1","Slice+1","Deflect"],"picked":"SKIP","floor":46},{"not_picked":["Blade Dance","Poisoned Stab"],"picked":"Cloak And Dagger+1","floor":48},{"not_picked":["Rupture","Prostrate","Grand Finale"],"picked":"SKIP","floor":54}],"player_experience":838394,"relics_obtained":[{"floor":6,"key":"Toy Ornithopter"},{"floor":11,"key":"Paper Crane"},{"floor":13,"key":"TungstenRod"},{"floor":24,"key":"Bag of Preparation"},{"floor":28,"key":"Ninja Scroll"},{"floor":31,"key":"Oddly Smooth Stone"},{"floor":41,"key":"Whetstone"},{"floor":43,"key":"Snake Skull"},{"floor":44,"key":"Ice Cream"},{"floor":48,"key":"Meat on the Bone"},{"floor":54,"key":"Pear"}],"event_choices":[{"damage_healed":0,"gold_gain":75,"player_choice":"Gather Gold","damage_taken":11,"max_hp_gain":0,"max_hp_loss":0,"event_name":"World of Goop","floor":3,"gold_loss":0},{"damage_healed":0,"gold_gain":0,"player_choice":"Success","damage_taken":3,"relics_obtained":["Happy Flower"],"max_hp_gain":0,"max_hp_loss":0,"event_name":"Scrap Ooze","floor":4,"gold_loss":0},{"damage_healed":0,"gold_gain":0,"player_choice":"Entered Light","damage_taken":14,"max_hp_gain":0,"max_hp_loss":0,"event_name":"Shining Light","floor":5,"gold_loss":0,"cards_upgraded":["Defend_G","Strike_G"]},{"damage_healed":0,"gold_gain":0,"player_choice":"Read","damage_taken":0,"max_hp_gain":0,"max_hp_loss":0,"event_name":"The Library","floor":20,"gold_loss":0,"cards_obtained":["Predator"]},{"damage_healed":0,"gold_gain":0,"player_choice":"Memory 3","damage_taken":10,"max_hp_gain":0,"max_hp_loss":0,"event_name":"SensoryStone","floor":45,"gold_loss":0}],"is_beta":false,"boss_relics":[{"not_picked":["Coffee Dripper","Runic Dome"],"picked":"Philosopher\u0027s Stone"},{"not_picked":["Fusion Hammer","Tiny House"],"picked":"Sozu"}],"items_purged_floors":[39,47,53],"is_endless":false,"potions_floor_spawned":[1,2,6,10,16,18,24,29,30,31,33,37,38,48],"ascension_level":1}}