{"host":"cjhtzh7tp54jdfyv","time":1612981269,"event":{"mods":["AchievementEnabler","BaseMod","Colored Map","Colored Powertips","Curses Come First","DeckTracker","Minty Spire (QoL Compilation)","RNG Fix","Relic Sorter","Relic Stats","StSLib","UnlockEverythingMod","ojb\u0027s Better Paths Mod","ojb\u0027s Info Mod"],"gold_per_floor":[114,114,130,141,141,174,188,188,188,7,20,33,60,91,91,91,91],"floor_reached":16,"language":"ENG","playtime":1368,"items_purged":["Defend_G"],"score":223,"play_id":"c4932372-feb3-49dc-bcee-11ef55c826cf","local_time":"20210210132109","is_ascension_mode":true,"campfire_choices":[{"data":"Calculated Gamble","floor":8,"key":"SMITH"},{"floor":15,"key":"REST"}],"circlet_count":0,"master_deck":["AscendersBane","Strike_G","Strike_G","Strike_G","Strike_G","Strike_G","Defend_G","Defend_G","Defend_G","Defend_G","Survivor","Neutralize","Dagger Throw","Leg Sweep","Backstab","Calculated Gamble+1","Infinite Blades","Blade Dance","Slice","Tactician","Prepared","Reflex","Tools of the Trade"],"relics":["Ring of the Snake","Unceasing Top","Spirit Poop","Snake Skull","Letter Opener","Odd Mushroom","Toy Ornithopter"],"acts_visited":["Exordium"],"potions_floor_usage":[6,14,16],"damage_taken":[{"damage":6,"enemies":"2 Louse","floor":1,"turns":4},{"damage":1,"enemies":"Small Slimes","floor":3,"turns":3},{"damage":4,"enemies":"Jaw Worm","floor":4,"turns":7},{"damage":17,"enemies":"3 Sentries","floor":6,"turns":12},{"damage":0,"enemies":"Blue Slaver","floor":7,"turns":5},{"damage":0,"enemies":"3 Louse","floor":11,"turns":2},{"damage":0,"enemies":"2 Fungi Beasts","floor":12,"turns":3},{"damage":8,"enemies":"The Mushroom Lair","floor":13,"turns":4},{"damage":22,"enemies":"Gremlin Nob","floor":14,"turns":4},{"damage":31,"enemies":"Slime Boss","floor":16,"turns":9}],"seed_played":"3187903502860053566","potions_obtained":[{"floor":1,"key":"Weak Potion"},{"floor":3,"key":"CunningPotion"},{"floor":12,"key":"EssenceOfSteel"}],"is_trial":false,"path_per_floor":["M","?","M","M","?","E","M","R","T","$","M","M","?","E","R","B"],"character_chosen":"THE_SILENT","items_purchased":["Blade Dance","Slice"],"campfire_rested":1,"item_purchase_floors":[10,10],"current_hp_per_floor":[53,53,52,48,48,31,31,31,31,31,31,31,23,1,20,0,0],"gold":91,"neow_bonus":"ONE_RARE_RELIC","is_daily":false,"chose_seed":false,"campfire_upgraded":1,"win_rate":0.0,"timestamp":1612981269,"path_taken":["M","?","M","M","?","E","M","R","T","?","M","M","?","E","R","BOSS"],"items_purchased_type":["Card","Card"],"build_version":"2020-12-22","purchased_purges":1,"victory":false,"max_hp_per_floor":[66,66,66,66,66,66,66,66,66,66,66,66,66,66,66,66,66],"relic_stats":{"counters":[10,53],"Snake Skull":[0],"Letter Opener":[40],"obtain_stats":[{"Spirit Poop":2,"Snake Skull":6,"Letter Opener":9,"Odd Mushroom":13,"Unceasing Top":0,"Toy Ornithopter":14,"Ring of the Snake":0},{"Spirit Poop":1,"Snake Skull":4,"Letter Opener":5,"Odd Mushroom":8,"Unceasing Top":0,"Toy Ornithopter":9,"Ring of the Snake":0},{"Spirit Poop":4,"Snake Skull":26,"Letter Opener":31,"Odd Mushroom":40,"Unceasing Top":0,"Toy Ornithopter":44,"Ring of the Snake":0}],"Unceasing Top":[11],"Toy Ornithopter":5,"Ring of the Snake":[20]},"card_choices":[{"not_picked":["Poisoned Stab","Backflip"],"picked":"Dagger Throw","floor":1},{"not_picked":["Reflex","Flying Knee"],"picked":"Leg Sweep","floor":3},{"not_picked":["All Out Attack","Deadly Poison"],"picked":"Backstab","floor":4},{"not_picked":["Blade Dance","Doppelganger"],"picked":"Calculated Gamble","floor":6},{"not_picked":["Deflect","Backflip"],"picked":"Infinite Blades","floor":7},{"not_picked":["Dodge and Roll","Prepared"],"picked":"Tactician","floor":11},{"not_picked":["Expertise","Deflect"],"picked":"Prepared","floor":12},{"not_picked":["Backflip","Noxious Fumes"],"picked":"Reflex","floor":13},{"not_picked":["Dodge and Roll","Infinite Blades"],"picked":"Tools of the Trade","floor":14}],"player_experience":4794700,"relics_obtained":[{"floor":6,"key":"Snake Skull"},{"floor":9,"key":"Letter Opener"},{"floor":13,"key":"Odd Mushroom"},{"floor":14,"key":"Toy Ornithopter"}],"event_choices":[{"cards_removed":["Decay"],"damage_healed":0,"gold_gain":0,"player_choice":"Offered Curse","damage_taken":0,"relics_obtained":["Spirit Poop"],"max_hp_gain":0,"max_hp_loss":0,"event_name":"Bonfire Elementals","floor":2,"gold_loss":0},{"damage_healed":0,"gold_gain":0,"player_choice":"Ignored","damage_taken":0,"max_hp_gain":0,"max_hp_loss":0,"event_name":"Liars Game","floor":5,"gold_loss":0},{"damage_healed":0,"gold_gain":0,"player_choice":"Fought Mushrooms","damage_taken":0,"max_hp_gain":0,"max_hp_loss":0,"event_name":"Mushrooms","floor":13,"gold_loss":0}],"is_beta":false,"boss_relics":[],"items_purged_floors":[10],"is_endless":false,"potions_floor_spawned":[1,3,12],"killed_by":"Slime Boss","ascension_level":20}}