{"host":"c4wbe3youf5363qr","time":1612940890,"event":{"mods":["Act Like it!","BaseMod","Bestiary","Curses Come First","DeckTracker","Energized Spire","Minty Spire (QoL Compilation)","Relic Stats","Reliquary","StSLib","The Marked"],"gold_per_floor":[117,117,117,135,149,180,208,208,235,245,276,226,246,86,86,188,188,204,204,214,129,129],"floor_reached":21,"language":"ENG","playtime":915,"items_purged":["Strike_G"],"score":189,"play_id":"ff957c93-472a-4619-8b9d-1ed3986d366c","local_time":"20210209230810","is_ascension_mode":false,"campfire_choices":[{"floor":8,"key":"REST"},{"floor":15,"key":"REST"}],"circlet_count":0,"master_deck":["Strike_G","Strike_G","Strike_G","Strike_G","Defend_G","Defend_G","Defend_G","Defend_G","Defend_G","Survivor","Neutralize+1","Blade Dance+1","Infinite Blades","Masterful Stab","Sucker Punch","Grand Finale","Backflip","Well Laid Plans","Finesse","Die Die Die","Distraction+1"],"relics":["Ring of the Snake","reliquary:PorcupineQuills","Strawberry","Odd Mushroom","Regal Pillow","Orichalcum","energizedSpire:SpiderWeb","WingedGreaves"],"acts_visited":["Exordium","TheCity"],"potions_floor_usage":[7],"damage_taken":[{"damage":2,"enemies":"Small Slimes","floor":1,"turns":4},{"damage":10,"enemies":"Jaw Worm","floor":4,"turns":4},{"damage":0,"enemies":"2 Louse","floor":5,"turns":2},{"damage":30,"enemies":"Lagavulin","floor":6,"turns":7},{"damage":0,"enemies":"The Mushroom Lair","floor":7,"turns":4},{"damage":8,"enemies":"2 Fungi Beasts","floor":10,"turns":4},{"damage":31,"enemies":"Gremlin Nob","floor":11,"turns":6},{"damage":1,"enemies":"Exordium Wildlife","floor":13,"turns":6},{"damage":9,"enemies":"Slime Boss","floor":16,"turns":8},{"damage":28,"enemies":"Spheric Guardian","floor":18,"turns":6},{"damage":2,"enemies":"Chosen","floor":20,"turns":4}],"seed_played":"6098994402581828063","potions_obtained":[{"floor":5,"key":"Explosive Potion"},{"floor":6,"key":"FearPotion"},{"floor":10,"key":"Dexterity Potion"},{"floor":13,"key":"Weak Potion"}],"is_trial":false,"path_per_floor":["M","?","?","M","M","E","?","R","T","M","E","?","M","$","R","B",null,"M","?","M","?"],"character_chosen":"THE_SILENT","items_purchased":["Finesse"],"campfire_rested":2,"item_purchase_floors":[14],"current_hp_per_floor":[68,68,68,58,58,35,35,58,58,50,19,19,18,18,56,47,77,49,49,47,47,47],"gold":129,"neow_bonus":"UPGRADE_CARD","is_daily":false,"chose_seed":false,"campfire_upgraded":0,"win_rate":0.0,"timestamp":1612940890,"path_taken":["M","?","?","M","M","E","?","R","T","M","E","?","?","?","R","BOSS","M","?","?","?"],"items_purchased_type":["Card"],"build_version":"2020-12-22","purchased_purges":1,"victory":false,"max_hp_per_floor":[70,70,70,70,70,77,77,77,77,77,77,77,77,77,77,77,77,77,77,77,77,77],"relic_stats":{"Regal Pillow":15,"counters":[11,55],"Orichalcum":[18],"obtain_stats":[{"Regal Pillow":9,"reliquary:PorcupineQuills":3,"Strawberry":6,"WingedGreaves":21,"Odd Mushroom":7,"Orichalcum":11,"energizedSpire:SpiderWeb":17,"Ring of the Snake":0},{"Regal Pillow":5,"reliquary:PorcupineQuills":1,"Strawberry":4,"WingedGreaves":11,"Odd Mushroom":5,"Orichalcum":7,"energizedSpire:SpiderWeb":9,"Ring of the Snake":0},{"Regal Pillow":21,"reliquary:PorcupineQuills":4,"Strawberry":17,"WingedGreaves":55,"Odd Mushroom":21,"Orichalcum":31,"energizedSpire:SpiderWeb":45,"Ring of the Snake":0}],"Ring of the Snake":[22]},"card_choices":[{"not_picked":["Infinite Blades","Flechettes"],"picked":"Blade Dance","floor":1},{"not_picked":["Backflip","Bane"],"picked":"Infinite Blades","floor":4},{"not_picked":["Quick Slash","Sucker Punch"],"picked":"Masterful Stab","floor":5},{"not_picked":["Outmaneuver","Flechettes"],"picked":"Sucker Punch","floor":6},{"not_picked":["Cloak And Dagger","Deflect"],"picked":"Grand Finale","floor":7},{"not_picked":["Bouncing Flask","Calculated Gamble"],"picked":"Backflip","floor":10},{"not_picked":["Noxious Fumes","Infinite Blades"],"picked":"Well Laid Plans","floor":11},{"not_picked":["Concentrate","Deflect","All Out Attack"],"picked":"SKIP","floor":13},{"not_picked":["Storm of Steel","Bullet Time"],"picked":"Die Die Die","floor":16},{"not_picked":["Setup","Dagger Throw","Bane"],"picked":"SKIP","floor":18},{"not_picked":["PiercingWail","All Out Attack"],"picked":"Distraction+1","floor":20}],"player_experience":329386,"relics_obtained":[{"floor":6,"key":"Strawberry"},{"floor":7,"key":"Odd Mushroom"},{"floor":9,"key":"Regal Pillow"},{"floor":11,"key":"Orichalcum"}],"event_choices":[{"damage_healed":0,"gold_gain":0,"player_choice":"Grow","damage_taken":0,"max_hp_gain":0,"max_hp_loss":0,"event_name":"Living Wall","floor":2,"gold_loss":0,"cards_upgraded":["Blade Dance"]},{"damage_healed":0,"gold_gain":0,"player_choice":"Box","damage_taken":0,"relics_obtained":["reliquary:PorcupineQuills"],"max_hp_gain":0,"max_hp_loss":0,"event_name":"Big Fish","floor":3,"gold_loss":0,"cards_obtained":["Regret"]},{"damage_healed":0,"gold_gain":0,"player_choice":"Fought Mushrooms","damage_taken":0,"max_hp_gain":0,"max_hp_loss":0,"event_name":"Mushrooms","floor":7,"gold_loss":0},{"cards_removed":["Regret"],"damage_healed":0,"gold_gain":0,"player_choice":"Card Removal","damage_taken":0,"max_hp_gain":0,"max_hp_loss":0,"event_name":"The Cleric","floor":12,"gold_loss":50},{"damage_healed":0,"gold_gain":0,"player_choice":"Bought 0 Potions","damage_taken":0,"max_hp_gain":0,"max_hp_loss":0,"event_name":"The Woman in Blue","floor":19,"gold_loss":0},{"damage_healed":0,"gold_gain":0,"player_choice":"Obtained Relic","damage_taken":0,"relics_obtained":["WingedGreaves"],"max_hp_gain":0,"max_hp_loss":0,"event_name":"Addict","floor":21,"gold_loss":85}],"is_beta":false,"boss_relics":[{"not_picked":["energizedSpire:EnergizedDie","Black Star"],"picked":"energizedSpire:SpiderWeb"}],"items_purged_floors":[14],"is_endless":false,"potions_floor_spawned":[5,6,10,13],"ascension_level":0}}