{"host":"c97twqu0op5dg8i4","time":1612942277,"event":{"mods":["AchievementEnabler","BaseMod","Colored Map","Minty Spire (QoL Compilation)","Permanent Neow"],"gold_per_floor":[116,129,304,35,45,45,80,92,115,115,130,130,30,30,30,134,134,144,160,160,113,137,137,171,183,195,226,238,250,362,393,405,512,524,546,576,588,600,629,641,664,676,715,727,739,751,563,210,210,210,210,210,210,55,85,85],"floor_reached":57,"language":"ENG","playtime":2308,"items_purged":["Doubt","Hello World","Dualcast"],"score":1700,"play_id":"5222481a-3c8e-47ae-9422-572697d4c900","local_time":"20210210023117","is_ascension_mode":true,"campfire_choices":[{"data":"Blizzard","floor":6.0,"key":"SMITH"},{"data":"Gash","floor":10.0,"key":"SMITH"},{"data":"Glacier","floor":12.0,"key":"SMITH"},{"floor":15.0,"key":"REST"},{"data":"Echo Form","floor":23.0,"key":"SMITH"},{"data":"Gash","floor":25.0,"key":"SMITH"},{"data":"Consume","floor":28.0,"key":"SMITH"},{"data":"Defragment","floor":32.0,"key":"SMITH"},{"floor":40.0,"key":"RECALL"},{"data":"Redo","floor":42.0,"key":"SMITH"},{"data":"Coolheaded","floor":45.0,"key":"SMITH"},{"data":"Coolheaded","floor":50,"key":"SMITH"},{"data":"Loop","floor":53,"key":"SMITH"}],"circlet_count":0,"master_deck":["AscendersBane","Consume+1","FTL+1","Gash+1","Redo+1","Blizzard+1","Coolheaded+1","Coolheaded+1","Self Repair","Gash+1","Glacier+1","Echo Form+1","Hologram+1","Go for the Eyes+1","Buffer+1","Gash","Defragment+1","Gash+1","Gash+1","Loop+1","Gash","Glacier+1"],"relics":["Pandora\u0027s Box","PreservedInsect","Ancient Tea Set","Bag of Preparation","Astrolabe","Anchor","MawBank","Bag of Marbles","Runic Pyramid","HornCleat","Smiling Mask","Bronze Scales","TheAbacus","DollysMirror","Happy Flower","Whetstone","Mummified Hand"],"acts_visited":["Exordium","TheCity","TheBeyond","TheEnding"],"potions_floor_usage":[56,56],"damage_taken":[{"damage":0.0,"enemies":"2 Louse","floor":1.0,"turns":2.0},{"damage":0.0,"enemies":"Small Slimes","floor":2.0,"turns":3.0},{"damage":2.0,"enemies":"Cultist","floor":5.0,"turns":3.0},{"damage":32.0,"enemies":"3 Sentries","floor":7.0,"turns":7.0},{"damage":16.0,"enemies":"Exordium Thugs","floor":8.0,"turns":5.0},{"damage":13.0,"enemies":"Blue Slaver","floor":11.0,"turns":3.0},{"damage":15.0,"enemies":"The Guardian","floor":16.0,"turns":9.0},{"damage":1.0,"enemies":"Chosen","floor":18.0,"turns":7.0},{"damage":12.0,"enemies":"3 Byrds","floor":19.0,"turns":6.0},{"damage":14.0,"enemies":"Book of Stabbing","floor":24.0,"turns":6.0},{"damage":0.0,"enemies":"Sentry and Sphere","floor":27.0,"turns":6.0},{"damage":4.0,"enemies":"Centurion and Healer","floor":31.0,"turns":5.0},{"damage":2.0,"enemies":"Automaton","floor":33.0,"turns":10.0},{"damage":0.0,"enemies":"Orb Walker","floor":35.0,"turns":5.0},{"damage":4.0,"enemies":"3 Shapes","floor":36.0,"turns":5.0},{"damage":18.0,"enemies":"Transient","floor":39.0,"turns":5.0},{"damage":0.0,"enemies":"Maw","floor":41.0,"turns":6.0},{"damage":13.0,"enemies":"Nemesis","floor":43.0,"turns":7.0},{"damage":24,"enemies":"Awakened One","floor":51,"turns":9},{"damage":33,"enemies":"Shield and Spear","floor":55,"turns":5},{"damage":35,"enemies":"The Heart","floor":56,"turns":8}],"seed_played":"2475014776560431936","potions_obtained":[{"floor":1.0,"key":"FearPotion"},{"floor":7.0,"key":"Regen Potion"},{"floor":18.0,"key":"LiquidBronze"},{"floor":24.0,"key":"Energy Potion"},{"floor":33.0,"key":"DistilledChaos"}],"is_trial":false,"path_per_floor":["M","M","?","$","M","R","E","M","T","R","M","R","$","?","R","B",null,"M","M","?","$","T","R","E","R","T","M","R","$","?","M","R","B",null,"M","M","T","?","M","R","M","R","E","T","R","T","$","$","?","R","B",null,"R","$","E","B",null],"character_chosen":"DEFECT","items_purchased":["PreservedInsect","Coolheaded","Gash","TheAbacus","Gash","DollysMirror","Happy Flower","Whetstone"],"campfire_rested":1,"item_purchase_floors":[4,4,21,47,48,48,48,54],"current_hp_per_floor":[68,68,68,68,66,66,41,46,46,46,40,40,40,45,69,61,75,80,75,75,75,75,75,68,68,68,75,75,75,75,78,78,80,80,80,80,80,80,76,76,80,80,80,80,80,80,80,80,76,76,52,70,70,70,51,23],"gold":85,"neow_bonus":"BOSS_RELIC","is_daily":false,"chose_seed":false,"campfire_upgraded":11,"win_rate":0.0,"timestamp":1612942277,"path_taken":["M","M","?","$","M","R","E","M","T","R","M","R","$","?","R","BOSS","M","M","?","$","?","R","E","R","T","?","R","$","?","?","R","BOSS","M","M","?","?","?","R","M","R","E","T","R","?","?","$","?","R","BOSS","R","$","E","BOSS"],"items_purchased_type":["Relic","Card","Card","Relic","Card","Relic","Relic","Relic"],"build_version":"2020-12-22","purchased_purges":3,"victory":true,"max_hp_per_floor":[75,75,75,75,75,75,75,75,75,75,75,75,75,80,80,80,80,80,80,80,80,80,80,80,80,80,80,80,80,80,80,80,80,80,80,80,80,80,80,80,80,80,80,80,80,80,80,80,76,76,76,76,76,76,76,76],"card_choices":[{"not_picked":["Aggregate","Ball Lightning"],"picked":"Coolheaded","floor":1.0},{"not_picked":["Sweeping Beam","Heatsinks","Rebound"],"picked":"SKIP","floor":2.0},{"not_picked":["Heatsinks","Recycle"],"picked":"Self Repair","floor":5.0},{"not_picked":["Redo","Heatsinks"],"picked":"Gash","floor":7.0},{"not_picked":["Sweeping Beam","Sunder","Rip and Tear"],"picked":"SKIP","floor":8.0},{"not_picked":["Storm","Turbo"],"picked":"Glacier","floor":11.0},{"not_picked":["Multi-Cast","Thunder Strike"],"picked":"Echo Form","floor":16.0},{"not_picked":["White Noise","Go for the Eyes","Redo"],"picked":"SKIP","floor":18.0},{"not_picked":["Undo+1","Aggregate","Heatsinks"],"picked":"SKIP","floor":19.0},{"not_picked":["Steam+1","Leap","Fusion"],"picked":"SKIP","floor":24.0},{"not_picked":["BootSequence+1","Ball Lightning+1","Stack"],"picked":"SKIP","floor":27.0},{"not_picked":["Barrage","Amplify"],"picked":"Defragment","floor":31.0},{"not_picked":["Steam","Skim+1"],"picked":"Gash+1","floor":35.0},{"not_picked":["BootSequence","Streamline"],"picked":"Gash","floor":36.0},{"not_picked":["Compile Driver+1","Steam Power","Sunder+1"],"picked":"SKIP","floor":39.0},{"not_picked":["Conserve Battery+1","Consume+1"],"picked":"Loop","floor":41.0},{"not_picked":["Chaos","Reinforced Body","Undo+1"],"picked":"SKIP","floor":43.0},{"not_picked":["Barrage+1","Turbo","Tempest"],"picked":"SKIP","floor":55}],"player_experience":357691,"relics_obtained":[{"floor":7.0,"key":"Ancient Tea Set"},{"floor":9.0,"key":"Bag of Preparation"},{"floor":22.0,"key":"Anchor"},{"floor":24.0,"key":"MawBank"},{"floor":26.0,"key":"Bag of Marbles"},{"floor":37.0,"key":"HornCleat"},{"floor":43.0,"key":"Smiling Mask"},{"floor":46.0,"key":"Bronze Scales"},{"floor":55,"key":"Mummified Hand"}],"event_choices":[{"damage_healed":0.0,"max_hp_gain":0.0,"max_hp_loss":0.0,"gold_gain":175.0,"event_name":"Liars Game","player_choice":"AGREE","floor":3.0,"gold_loss":0.0,"damage_taken":0.0,"cards_obtained":["Doubt"]},{"damage_healed":0.0,"max_hp_gain":5.0,"max_hp_loss":0.0,"gold_gain":0.0,"event_name":"Big Fish","player_choice":"Donut","floor":14.0,"gold_loss":0.0,"damage_taken":0.0},{"damage_healed":0.0,"max_hp_gain":0.0,"max_hp_loss":0.0,"gold_gain":0.0,"event_name":"The Woman in Blue","player_choice":"Bought 0 Potions","floor":20.0,"gold_loss":0.0,"damage_taken":0.0},{"damage_healed":0.0,"max_hp_gain":0.0,"max_hp_loss":0.0,"gold_gain":100.0,"event_name":"Golden Shrine","player_choice":"Pray","floor":30.0,"gold_loss":0.0,"damage_taken":0.0},{"damage_healed":0.0,"max_hp_gain":0.0,"max_hp_loss":0.0,"gold_gain":0.0,"event_name":"SecretPortal","player_choice":"Ignored","floor":38.0,"gold_loss":0.0,"damage_taken":0.0},{"damage_healed":0,"gold_gain":0,"player_choice":"Max HP","damage_taken":0,"max_hp_gain":0,"max_hp_loss":4,"event_name":"Winding Halls","floor":49,"gold_loss":0}],"is_beta":false,"boss_relics":[{"not_picked":["Calling Bell","Velvet Choker"],"picked":"Astrolabe"},{"not_picked":["SacredBark","Philosopher\u0027s Stone"],"picked":"Runic Pyramid"}],"items_purged_floors":[4,13,47],"is_endless":false,"potions_floor_spawned":[1,7,18,19,24,33,35,55],"ascension_level":11}}