{"host":"ibckqdmmf9y74ymf","time":1612920988,"event":{"mods":["2.2 Compatiblity","BaseMod","Colored Map","Curses Come First","Highlight Path","Minty Spire (QoL Compilation)","Quick Restart","Rare Cards Sparkle","Relic Stats","StSLib"],"gold_per_floor":[111,111,126,136,153,153,183,193,193,203,203,216,233,308,308,308,308],"floor_reached":16,"language":"ENG","playtime":389,"items_purged":[],"score":212,"play_id":"5fec55f7-e83b-462c-96cc-4d469d96b3e2","local_time":"20210210023628","is_ascension_mode":true,"campfire_choices":[{"data":"Streamline","floor":6,"key":"SMITH"},{"floor":11,"key":"REST"},{"floor":15,"key":"REST"}],"circlet_count":0,"master_deck":["AscendersBane","Strike_B","Strike_B","Strike_B","Strike_B","Defend_B","Defend_B","Defend_B","Defend_B","Zap","Dualcast","Streamline+1","Ball Lightning","Capacitor","Loop","Sweeping Beam","Static Discharge","Buffer","Cold Snap","Lockon"],"relics":["Cracked Core","NeowsBlessing","Orichalcum","Anchor"],"acts_visited":[],"potions_floor_usage":[10,16],"damage_taken":[{"damage":0,"enemies":"Small Slimes","floor":1,"turns":1},{"damage":0,"enemies":"Cultist","floor":3,"turns":1},{"damage":0,"enemies":"2 Louse","floor":4,"turns":1},{"damage":11,"enemies":"Blue Slaver","floor":5,"turns":3},{"damage":30,"enemies":"Lagavulin","floor":7,"turns":7},{"damage":9,"enemies":"3 Louse","floor":8,"turns":3},{"damage":1,"enemies":"Looter","floor":10,"turns":2},{"damage":5,"enemies":"Gremlin Gang","floor":12,"turns":4},{"damage":14,"enemies":"Lots of Slimes","floor":13,"turns":3},{"damage":26,"enemies":"The Guardian","floor":16,"turns":8}],"seed_played":"-7751399689071340849","potions_obtained":[{"floor":4,"key":"SteroidPotion"},{"floor":5,"key":"Fire Potion"},{"floor":7,"key":"Fire Potion"},{"floor":13,"key":"SpeedPotion"}],"is_trial":false,"path_per_floor":["M","?","M","M","M","R","E","M","T","M","R","M","M","?","R","B"],"character_chosen":"DEFECT","items_purchased":[],"campfire_rested":2,"item_purchase_floors":[],"current_hp_per_floor":[64,71,71,71,60,60,30,21,21,20,41,36,22,11,32,6,6],"gold":308,"neow_bonus":"THREE_ENEMY_KILL","is_daily":false,"chose_seed":false,"campfire_upgraded":1,"win_rate":0.0,"timestamp":1612920988,"path_taken":["M","?","?","M","M","R","E","M","T","M","R","M","M","?","R","BOSS"],"items_purchased_type":[],"build_version":"2020-12-22","purchased_purges":0,"victory":false,"max_hp_per_floor":[71,71,71,71,71,71,71,71,71,71,71,71,71,71,71,71,71],"relic_stats":{"counters":[10,33],"Orichalcum":[54],"obtain_stats":[{"Anchor":9,"NeowsBlessing":0,"Orichalcum":7,"Cracked Core":0},{"Anchor":6,"NeowsBlessing":0,"Orichalcum":5,"Cracked Core":0},{"Anchor":16,"NeowsBlessing":0,"Orichalcum":13,"Cracked Core":0}]},"card_choices":[{"not_picked":["Rebound","Hologram"],"picked":"Streamline","floor":1},{"not_picked":["Sweeping Beam","Cold Snap"],"picked":"Ball Lightning","floor":3},{"not_picked":["Go for the Eyes","Sweeping Beam"],"picked":"Capacitor","floor":4},{"not_picked":["Stack","Coolheaded"],"picked":"Loop","floor":5},{"not_picked":["Turbo","Darkness"],"picked":"Sweeping Beam","floor":7},{"not_picked":["Sweeping Beam","Skim"],"picked":"Static Discharge","floor":8},{"not_picked":["Ball Lightning","Double Energy"],"picked":"Buffer","floor":10},{"not_picked":["Go for the Eyes","Beam Cell"],"picked":"Cold Snap","floor":12},{"not_picked":["Reinforced Body","Beam Cell"],"picked":"Lockon","floor":13}],"player_experience":699998,"relics_obtained":[{"floor":7,"key":"Orichalcum"},{"floor":9,"key":"Anchor"}],"event_choices":[{"damage_healed":7,"gold_gain":0,"player_choice":"Full Heal","damage_taken":0,"max_hp_gain":0,"max_hp_loss":0,"event_name":"Wheel of Change","floor":2,"gold_loss":0},{"damage_healed":0,"gold_gain":75,"player_choice":"Gather Gold","damage_taken":11,"max_hp_gain":0,"max_hp_loss":0,"event_name":"World of Goop","floor":14,"gold_loss":0}],"is_beta":false,"boss_relics":[],"items_purged_floors":[],"is_endless":false,"potions_floor_spawned":[4,5,7,13],"killed_by":"The Guardian","ascension_level":20}}