{"host":"5rycm1ajjg5acc5q","time":1612989048,"event":{"mods":["BaseMod","Better Third Choice","Downfall","Highlight Path","Minty Spire (QoL Compilation)","Replay The Spire","StSLib"],"gold_per_floor":[99,115,115,115,131,131,203,220,235,235,235,263,25,59,71,169,169,169,179,197,214,214,43,43,108,165,217,117,187,87,143,198,339,339,239,239,293,57,57,57,57,57,57,197,248,314,370,435,478,544,595,635,635,701,17,17,17,17],"floor_reached":59,"language":"ENG","playtime":14581,"items_purged":["Pain","Guardian:Strike_Guardian","Guardian:Strike_Guardian"],"score":1872,"play_id":"4c9c0489-7940-4431-82cf-1f9be0c2e2ec","local_time":"20210210143048","is_ascension_mode":true,"campfire_choices":[{"data":"Guardian:SphericShield","floor":1,"key":"SMITH"},{"data":"Guardian:BodySlam","floor":6,"key":"SMITH"},{"data":"Guardian:CurlUp","floor":11,"key":"SMITH"},{"data":"Guardian:AncientConstruct","floor":18,"key":"SMITH"},{"floor":28,"key":"RECALL"},{"data":"Guardian:RevengeProtocol","floor":30,"key":"SMITH"},{"data":"Guardian:Emergency","floor":35,"key":"SMITH"},{"data":"Guardian:ConstructionForm","floor":56,"key":"SMITH"}],"circlet_count":0,"master_deck":["Guardian:Defend_Guardian","Guardian:Defend_Guardian","Guardian:Defend_Guardian","Guardian:Defend_Guardian","Guardian:CurlUp+1","Guardian:TwinSlam","Guardian:SphericShield+1","Guardian:BodySlam+1","Guardian:PiercingHide","Guardian:TimeCapacitor","Guardian:DonusPower","Guardian:ConstructionForm+1","Guardian:Recover","Guardian:AncientConstruct+1","Guardian:ChargeCore+1","Guardian:ShieldSpikes","Guardian:Emergency","Guardian:Orbwalk","Guardian:BronzeOrb+1","Guardian:SpikerProtocol","Guardian:Preprogram","ReplayTheSpireMod:Trickstab+1","Guardian:Recover+1","Guardian:Emergency+1","Guardian:Suspension+1","Guardian:RevengeProtocol+1","Guardian:SpikerProtocol","Guardian:StasisField","Guardian:Preprogram","Guardian:DecasProtection","Guardian:Repulse","Replay:SS_hec_1","expansioncontent:InvincibleStrength","expansioncontent:Chronoboost","Guardian:Gem_Yellow","Guardian:DecasProtection+1","Guardian:FloatingOrbs+1","Guardian:BronzeOrb+1","Guardian:FastForward+1","Guardian:DecasProtection+1","Guardian:RollAttack+1","Guardian:Recover+1","Guardian:PiercingHide+1","expansioncontent:QuickStudy+1","Guardian:ConstructionForm"],"relics":["Guardian:ModeShifterPlus","WarpedTongs","Replay:Ringing Soul","Guardian:PickAxe","Anchor","Replay:Rubber Ducky","Molten Egg 2","downfall:KnowingSkull","BargainBundle","Dream Catcher","downfall:HeartBlessingGreen","Juzu Bracelet","downfall:HeartBlessingRed","Runic Dome","downfall:HeartBlessingBlue","Toxic Egg 2","Iron Hammer","Blue Candle","Gremlin Horn","ReplayFunnel","Pear","Counterbalance","Garlic","StoneCalendar","Medical Kit"],"acts_visited":["Exordium","TheCity","TheBeyond","TheEnding"],"potions_floor_usage":[10,12,15,33,33,38,52,58,58,58],"damage_taken":[{"damage":8,"enemies":"Small Slimes","floor":2,"turns":3},{"damage":5,"enemies":"2 Louse","floor":5,"turns":2},{"damage":2,"enemies":"Cultist","floor":8,"turns":2},{"damage":5,"enemies":"Large Slime","floor":9,"turns":4},{"damage":0,"enemies":"Large Slime","floor":10,"turns":1},{"damage":4,"enemies":"Lagavulin","floor":12,"turns":5},{"damage":5,"enemies":"downfall:FleeingMerchant","floor":13,"turns":4},{"damage":0,"enemies":"3 Sentries","floor":14,"turns":9},{"damage":0,"enemies":"Exordium Wildlife","floor":15,"turns":3},{"damage":0,"enemies":"IC_STATUS_ARCHETYPE","floor":16,"turns":12},{"damage":0,"enemies":"Chosen","floor":19,"turns":3},{"damage":0,"enemies":"3 Byrds","floor":20,"turns":3},{"damage":0,"enemies":"Snecko","floor":21,"turns":6},{"damage":3,"enemies":"downfall:FleeingMerchant","floor":23,"turns":4},{"damage":3,"enemies":"Gremlin Leader","floor":25,"turns":5},{"damage":3,"enemies":"Sentry and Sphere","floor":26,"turns":6},{"damage":3,"enemies":"3 Cultists","floor":27,"turns":5},{"damage":3,"enemies":"Slavers","floor":29,"turns":4},{"damage":0,"enemies":"Centurion and Healer","floor":31,"turns":6},{"damage":3,"enemies":"Shelled Parasite and Fungi","floor":32,"turns":4},{"damage":3,"enemies":"DF_ARCHETYPE_CLAW","floor":33,"turns":5},{"damage":3,"enemies":"Orb Walker","floor":37,"turns":2},{"damage":3,"enemies":"downfall:FleeingMerchant","floor":38,"turns":4},{"damage":3,"enemies":"downfall:FleeingMerchant","floor":44,"turns":4},{"damage":3,"enemies":"3 Darklings","floor":45,"turns":6},{"damage":3,"enemies":"Nemesis","floor":46,"turns":7},{"damage":3,"enemies":"Maw","floor":47,"turns":6},{"damage":3,"enemies":"R_Hoarder","floor":48,"turns":9},{"damage":3,"enemies":"Giant Head","floor":50,"turns":7},{"damage":3,"enemies":"4 Shapes","floor":51,"turns":4},{"damage":41,"enemies":"SI_POISON_ARCHETYPE","floor":52,"turns":15},{"damage":3,"enemies":"downfall:CharBossMerchant","floor":54,"turns":12},{"damage":3,"enemies":"downfall:NeowBoss","floor":57,"turns":17},{"damage":29,"enemies":"downfall:NeowBossFinal","floor":58,"turns":19}],"seed_played":"7224853341012458436","potions_obtained":[{"floor":2,"key":"SkillPotion"},{"floor":5,"key":"Explosive Potion"},{"floor":12,"key":"BlessingOfTheForge"},{"floor":25,"key":"SteroidPotion"},{"floor":26,"key":"Swift Potion"},{"floor":32,"key":"Swift Potion"},{"floor":33,"key":"Block Potion"},{"floor":45,"key":"Fire Potion"},{"floor":47,"key":"bronze:BurnAndBuffPotion"},{"floor":48,"key":"Adrenaline Potion"},{"floor":50,"key":"Adrenaline Potion"},{"floor":51,"key":"Guardian:AcceleratePotion"},{"floor":54,"key":"FearPotion"}],"is_trial":false,"path_per_floor":["R","M","?","?","M","R","T","M","M","?","R","E","$","E","M","B",null,"R","M","M","M","?","$","T","E","M","M","R","E","R","M","M","B",null,"R","?","M","$","?","PTL","PTL","?","T","?","M","E","M","E","?","E","M","B",null,"E","$","R","B","B",null],"character_chosen":"GUARDIAN","items_purchased":["Replay:Rubber Ducky","BargainBundle","Guardian:BronzeOrb+1","Guardian:SpikerProtocol","Guardian:Gem_Green","Guardian:Preprogram","ReplayTheSpireMod:Trickstab+1","Fire Potion","Doom Potion","AttackPotion","Guardian:Repulse","Toxic Egg 2","Iron Hammer","Guardian:Gem_Blue","Medical Kit","Guardian:Recover+1","Guardian:PiercingHide+1","expansioncontent:QuickStudy","Guardian:ConstructionForm"],"campfire_rested":0,"item_purchase_floors":[13,23,23,23,23,23,23,23,23,23,38,38,38,38,55,55,55,55,55],"current_hp_per_floor":[56,48,48,48,43,43,43,44,42,45,45,41,39,42,45,48,101,101,104,107,110,102,102,102,102,102,102,102,102,102,105,102,102,131,141,144,144,144,139,139,139,132,132,132,132,132,132,142,101,101,101,60,187,187,190,190,187,158],"gold":17,"neow_bonus":"THREE_RARE_CARDS","is_daily":false,"chose_seed":false,"campfire_upgraded":7,"win_rate":0.0,"timestamp":1612989048,"path_taken":["R","M","?","?","?","R","T","M","M","?","R","E","?","E","M","BOSS","R","M","M","M","?","$","T","E","M","M","R","E","R","M","M","BOSS","R","?","M","$","?","PTL","PTL","?","T","?","M","E","M","E","?","E","M","BOSS","E","$","R","BOSS","BOSS"],"items_purchased_type":["Relic","Relic","Card","Card","Card","Card","Card","Potion","Potion","Potion","Card","Relic","Relic","Card","Relic","Card","Card","Card","Card"],"build_version":"2020-12-22","purchased_purges":3,"victory":true,"max_hp_per_floor":[80,80,80,80,80,80,80,83,86,89,89,89,92,95,98,101,101,101,104,107,110,110,113,113,116,119,122,122,125,125,128,128,131,131,141,144,147,150,150,150,150,153,153,156,159,162,165,178,181,184,187,187,187,190,193,193,193,193],"card_choices":[{"not_picked":["Guardian:ConstructionForm","Guardian:Gem_Orange"],"picked":"Guardian:SphericShield","floor":0},{"not_picked":["Guardian:Orbwalk","Guardian:VentSteam"],"picked":"Guardian:BodySlam","floor":2},{"not_picked":["Guardian:Incinerate","Guardian:CrystalBeam"],"picked":"Guardian:Gem_Yellow","floor":5},{"not_picked":["Guardian:WalkerClaw","Guardian:Reroute"],"picked":"Guardian:PiercingHide","floor":8},{"not_picked":["Guardian:CrystalBeam","Guardian:WalkerClaw"],"picked":"Guardian:TimeCapacitor","floor":9},{"not_picked":["Guardian:WalkerClaw","Guardian:TemporalStrike","Guardian:Gem_Red"],"picked":"SKIP","floor":12},{"not_picked":["Guardian:ShieldCharger","Guardian:Gem_Blue"],"picked":"Guardian:DonusPower","floor":13},{"not_picked":["Guardian:FloatingOrbs","Guardian:EvasiveProtocol"],"picked":"Guardian:ConstructionForm","floor":14},{"not_picked":["Guardian:Gem_Fragmented","Guardian:Gem_Cyan"],"picked":"Guardian:Recover","floor":15},{"not_picked":["Guardian:BaubleBeam+1","Guardian:Gem_Synthetic"],"picked":"Guardian:AncientConstruct","floor":16},{"not_picked":["Guardian:WalkerClaw+1","Guardian:CrystalBeam+1"],"picked":"Guardian:ChargeCore+1","floor":19},{"not_picked":["Guardian:GuardianWhirl+1","Guardian:ShieldCharger"],"picked":"Guardian:ShieldSpikes","floor":20},{"not_picked":["Guardian:Gem_Green","Guardian:TemporalStrike+1"],"picked":"Guardian:Emergency","floor":21},{"not_picked":["Guardian:ChargeCore+1","Guardian:WalkerClaw+1"],"picked":"Guardian:Orbwalk","floor":23},{"not_picked":["Guardian:RefractedBeam+1","Guardian:Planning"],"picked":"Guardian:Recover+1","floor":25},{"not_picked":["Guardian:Gem_Red","Guardian:SentryBeam+1"],"picked":"Guardian:Emergency","floor":26},{"not_picked":["Guardian:MultiBeam+1","Guardian:Planning"],"picked":"Guardian:Suspension+1","floor":27},{"not_picked":["Guardian:Gem_Purple","Guardian:VentSteam"],"picked":"Guardian:RevengeProtocol","floor":29},{"not_picked":["Guardian:RollAttack+1","Guardian:Gem_Cyan"],"picked":"Guardian:SpikerProtocol","floor":31},{"not_picked":["Guardian:Reroute+1","Guardian:TemporalStrike+1","Guardian:Planning"],"picked":"SKIP","floor":32},{"not_picked":["Guardian:FastForward","Guardian:FierceBash+1"],"picked":"Guardian:StasisField","floor":33},{"not_picked":["Guardian:ChargeCore+1","Guardian:ShieldCharger+1"],"picked":"Guardian:Preprogram","floor":37},{"not_picked":["Guardian:TemporalStrike+1","Guardian:BronzeArmor+1"],"picked":"Guardian:DecasProtection","floor":38},{"not_picked":["expansioncontent:HyperBeam","expansioncontent:LastStand"],"picked":"Replay:SS_hec_1","floor":42},{"not_picked":["expansioncontent:PrepareCrush","expansioncontent:AwakenDeath"],"picked":"expansioncontent:InvincibleStrength","floor":42},{"not_picked":["expansioncontent:HyperBeam","expansioncontent:Hexaburn"],"picked":"expansioncontent:Chronoboost","floor":42},{"not_picked":["Guardian:TimeBomb+1","Guardian:Suspension+1"],"picked":"Guardian:Gem_Yellow","floor":44},{"not_picked":["Guardian:PrimingBeam+1","Guardian:Gem_Cyan"],"picked":"Guardian:DecasProtection+1","floor":45},{"not_picked":["Guardian:StasisStrike+1","Guardian:TimeBomb+1"],"picked":"Guardian:Gem_White","floor":46},{"not_picked":["Guardian:MultiBeam+1","Guardian:Gem_Purple"],"picked":"Guardian:FloatingOrbs+1","floor":47},{"not_picked":["Guardian:VentSteam+1","Guardian:Gem_Crimson"],"picked":"Guardian:Gem_Green","floor":48},{"not_picked":["Guardian:PiercingHide+1","Guardian:PrimingBeam+1"],"picked":"Guardian:BronzeOrb+1","floor":49},{"not_picked":["Guardian:SentryBeam+1","Guardian:PrimingBeam+1"],"picked":"Guardian:FastForward+1","floor":50},{"not_picked":["Guardian:ShieldCharger+1","Guardian:PiercingHide+1"],"picked":"Guardian:DecasProtection+1","floor":51},{"not_picked":["Guardian:Gem_Cyan","Guardian:Gem_Blue"],"picked":"Guardian:RollAttack+1","floor":54}],"player_experience":435451,"relics_obtained":[{"floor":7,"key":"Replay:Ringing Soul"},{"floor":12,"key":"Anchor"},{"floor":14,"key":"Molten Egg 2"},{"floor":25,"key":"Dream Catcher"},{"floor":29,"key":"Juzu Bracelet"},{"floor":43,"key":"Gremlin Horn"},{"floor":46,"key":"ReplayFunnel"},{"floor":48,"key":"Pear"},{"floor":49,"key":"Counterbalance"},{"floor":50,"key":"Garlic"},{"floor":54,"key":"StoneCalendar"}],"event_choices":[],"is_beta":false,"boss_relics":[{"not_picked":["Honey Jar","Ring of Chaos"],"picked":"Guardian:ModeShifterPlus"},{"not_picked":["Replay:Drink Me","Fusion Hammer"],"picked":"Runic Dome"}],"items_purged_floors":[13,23,55],"is_endless":false,"potions_floor_spawned":[2,5,12,25,26,27,31,32,33,45,47,48,50,51,54],"ascension_level":1}}