{"host":"0iey8v53xvwqxh5z","time":1612934968,"event":{"mods":["BaseMod","BetterRewards","Hubris","Minty Spire (QoL Compilation)","Relic Stats","Replay The Spire","Shop Mod","StSLib","The Cursed"],"gold_per_floor":[116,116,134,134,150,184,30,30,30,40,40,71,85,116,116,218,218,231,330,230,250,250,281,281,316,316,86,111,111,142,157,157,262,312,330,330,330,34,45,71,91,120,120,86,102,132,148,162,162,162,162,162,414,439,439],"floor_reached":56,"language":"ENG","playtime":4047,"items_purged":["TheCursedMod:Strike_TheCursed","TheCursedMod:Strike_TheCursed","TheCursedMod:Defend_TheCursed","TheCursedMod:Defend_TheCursed"],"score":2274,"play_id":"78191535-bbd1-42dd-8e31-0c5bc97f2f3f","local_time":"20210210002928","is_ascension_mode":true,"campfire_choices":[{"data":"TheCursedMod:CursedMace","floor":8,"key":"SMITH"},{"data":"TheCursedMod:SpitefulPlan","floor":15,"key":"SMITH"},{"data":"TheCursedMod:CollectTribute","floor":24,"key":"SMITH"},{"data":"TheCursedMod:CleanUpWorkshop","floor":32,"key":"SMITH"},{"floor":49,"key":"RECALL"},{"data":"TheCursedMod:CursedWand","floor":52,"key":"SMITH"}],"circlet_count":0,"master_deck":["TheCursedMod:Defend_TheCursed+1","TheCursedMod:CursedWand+1","TheCursedMod:CleanUpWorkshop+1","TheCursedMod:Dregs","TheCursedMod:TroublousMinions+1","TheCursedMod:FleshFromBone+1","TheCursedMod:SpitefulPlan+1","TheCursedMod:CursedAmulet+1","TheCursedMod:SpreadPlague+1","TheCursedMod:SurpriseAttack","TheCursedMod:SurpriseAttack","TheCursedMod:Torture+1","TheCursedMod:Torture+1","TheCursedMod:Obscuration+1","TheCursedMod:DarkBarrier+1","TheCursedMod:Obscuration+1","TheCursedMod:AshesToAshes+1","TheCursedMod:CollectTribute+1","TheCursedMod:RapidMovement+1","TheCursedMod:LuckyCharm+1","TheCursedMod:SmokeScreen+1","TheCursedMod:RapidMovement+1","TheCursedMod:Torture+1","TheCursedMod:ForbiddenAlchemy+1","TheCursedMod:ReleasedStrength+1","The Bomb+1","TheCursedMod:LuckyCharm+1","TheCursedMod:SpitefulPray+1","TheCursedMod:SpitefulPray+1","TheCursedMod:RavingStaff+1","TheCursedMod:RavingStaff+1","TheCursedMod:RapidMovement+1","TheCursedMod:FleshFromBone+1","Pot Of Greed+1","Pot Of Greed+1","Pot Of Greed+1","TheCursedMod:Torture+1","TheCursedMod:Torture+1","TheCursedMod:LuckyCharm+1","Pot Of Greed+1","TheCursedMod:FleshFromBone+1","Secret Technique+1","TheCursedMod:CursedSpellbook+1"],"relics":["TheCursedMod:BlackMagic101","Toxic Egg 2","hubris:Spice","ReplayTheSpireMod:TigerMarble","Bronze Scales","Chemical X","Blood Vial","hubris:Towel","hubris:TenFootPole","Lee\u0027s Waffle","Pondfish Scales","Molten Egg 2","Anchor","hubris:Backtick","Ice Cream","Thread and Needle","Golden Egg","Replay:Mystery Machine","Tiny House","hubris:Potato","hubris:SlimyHat","Grinning Jar","hubris:NiceRug","CaptainsWheel","FossilizedHelix","DollysMirror"],"acts_visited":["Exordium","TheCity","TheBeyond","TheEnding"],"potions_floor_usage":[23,25,35,39,40,40,40,45,45,45,45,46,46,47,47,47,47,50,53,53,53,53,53,54,54,54,55,55,55,55,55,55,55,55,55,55,55],"damage_taken":[{"damage":0,"enemies":"2 Louse","floor":1,"turns":2},{"damage":0,"enemies":"Cultist","floor":3,"turns":4},{"damage":2,"enemies":"Jaw Worm","floor":5,"turns":2},{"damage":0,"enemies":"Lagavulin","floor":6,"turns":7},{"damage":0,"enemies":"3 Louse","floor":10,"turns":1},{"damage":9,"enemies":"3 Sentries","floor":12,"turns":8},{"damage":0,"enemies":"Looter","floor":13,"turns":3},{"damage":11,"enemies":"Lagavulin","floor":14,"turns":6},{"damage":0,"enemies":"The Guardian","floor":16,"turns":8},{"damage":0,"enemies":"Chosen","floor":18,"turns":4},{"damage":0,"enemies":"Spheric Guardian","floor":21,"turns":3},{"damage":0,"enemies":"Book of Stabbing","floor":23,"turns":4},{"damage":0,"enemies":"Slavers","floor":25,"turns":6},{"damage":0,"enemies":"Book of Stabbing","floor":28,"turns":4},{"damage":0,"enemies":"Gremlin Leader","floor":30,"turns":6},{"damage":0,"enemies":"Snake Plant","floor":31,"turns":3},{"damage":0,"enemies":"Collector","floor":33,"turns":9},{"damage":4,"enemies":"3 Darklings","floor":35,"turns":5},{"damage":0,"enemies":"Orb Walker","floor":39,"turns":5},{"damage":3,"enemies":"Reptomancer","floor":40,"turns":6},{"damage":0,"enemies":"Maw","floor":41,"turns":6},{"damage":0,"enemies":"Nemesis","floor":42,"turns":7},{"damage":0,"enemies":"3 Darklings","floor":45,"turns":4},{"damage":0,"enemies":"R_Hoarder","floor":46,"turns":8},{"damage":0,"enemies":"Writhing Mass","floor":47,"turns":4},{"damage":1,"enemies":"Sphere and 2 Shapes","floor":48,"turns":4},{"damage":0,"enemies":"Awakened One","floor":50,"turns":9},{"damage":0,"enemies":"hubris:Merchant","floor":53,"turns":4},{"damage":0,"enemies":"Shield and Spear","floor":54,"turns":6},{"damage":0,"enemies":"The Heart","floor":55,"turns":6}],"seed_played":"1535163138862931480","potions_obtained":[{"floor":3,"key":"Energy Potion"},{"floor":5,"key":"Energy Potion"},{"floor":6,"key":"Elixir"},{"floor":16,"key":"Swift Potion"},{"floor":25,"key":"SneckoOil"},{"floor":28,"key":"PowerPotion"},{"floor":30,"key":"FearPotion"},{"floor":39,"key":"Elixir"},{"floor":47,"key":"AttackPotion"},{"floor":48,"key":"Reflective Coating"},{"floor":53,"key":"SkillPotion"}],"is_trial":false,"path_per_floor":["M","?","M","?","M","E","$","R","T","M","?","E","M","E","R","B",null,"M","?","$","M","?","E","R","E","T","$","E","?","E","M","R","B",null,"M","?","?","$","M","E","M","E","T","$","M","E","M","M","R","B",null,"R","$","E","B",null],"character_chosen":"THE_CURSED","items_purchased":["Toxic Egg 2","TheCursedMod:TroublousMinions+1","ReplayTheSpireMod:TigerMarble","TheCursedMod:FleshFromBone+1","Bronze Scales","Chemical X","Blood Vial","TheCursedMod:SpitefulPlan","Lee\u0027s Waffle","TheCursedMod:LuckyCharm","TheCursedMod:SmokeScreen+1","TheCursedMod:LuckyCharm","TheCursedMod:SpitefulPray+1","TheCursedMod:RapidMovement+1","TheCursedMod:Torture+1"],"campfire_rested":0,"item_purchase_floors":[0,0,0,0,0,0,0,0,7,27,27,38,38,44,53],"current_hp_per_floor":[37,37,41,41,41,43,92,92,92,92,92,83,85,76,76,78,92,94,94,94,94,94,94,94,94,94,94,94,94,94,94,94,94,99,95,95,95,95,97,96,98,101,101,101,101,101,101,100,100,101,101,101,101,109,111],"gold":439,"neow_bonus":"","is_daily":false,"chose_seed":false,"campfire_upgraded":5,"win_rate":0.0,"timestamp":1612934968,"path_taken":["M","?","?","?","M","E","?","R","T","M","?","E","M","E","R","BOSS","M","?","$","M","?","E","R","E","T","?","E","?","E","M","R","BOSS","M","?","?","$","M","E","M","E","T","$","M","E","M","M","R","BOSS","R","$","E","BOSS"],"items_purchased_type":["Relic","Card","Relic","Card","Relic","Relic","Relic","Card","Relic","Card","Card","Card","Card","Card","Card"],"build_version":"2020-12-22","purchased_purges":4,"victory":true,"max_hp_per_floor":[83,83,85,85,85,85,92,92,92,92,92,92,92,92,92,92,92,94,94,94,94,94,94,94,94,94,94,94,94,94,94,94,94,99,99,99,99,99,99,99,99,101,101,101,101,101,101,101,101,101,101,101,101,109,111],"relic_stats":{"Blood Vial":22,"Lee\u0027s Waffle":49,"counters":[679,3411],"Bronze Scales":[571],"Chemical X":[20],"obtain_stats":[{"Replay:Accelerometer":42,"hubris:MysteriousPyramids":42,"Sling":53,"Ring of Searing":46,"Blood Vial":25,"Replay:Wanted Poster":38,"hubris:HerbalPaste":53,"hubris:AstralHammer":44,"Fusion Hammer":17,"HandDrill":57,"Replay:Bottled Steam":36,"TheCursedMod:BlackMagic101":0,"MerchantsRug":19,"Eternal Feather":23,"Pen Nib":31,"Bird Faced Urn":14,"ReplayTheSpireMod:Ring of Collecting":2,"Snecko Eye":17,"Unceasing Top":0,"hubris:Reverence":54,"Regal Pillow":6,"Torii":0,"GremlinMask":29,"hubris:EmptyBottle":0,"Ancient Tea Set":44,"Smiling Mask":10,"Pet Ghost":10,"hubris:Backtick":17,"Toolbox":3,"hubris:CuriousFeather":0,"Chemical X":0,"Replay:Bottled Eggs":28,"InkBottle":40,"Potion Belt":45,"Lee\u0027s Waffle":0,"NeowsBlessing":0,"Golden Idol":3,"hubris:64BitClover":28,"PreservedInsect":26,"Ring of Greed":5,"hubris:Towel":37,"Replay:Arrowhead":0,"hubris:Spice":0,"Ornamental Fan":0,"Ring of Misfortune":20,"Garlic":26,"Durian":9,"hubris:BottledRain":9,"Ice Cream":39,"Calipers":0,"Tiny House":34,"Gremlin Horn":20,"Nilry\u0027s Codex":19,"hubris:VirtuousBlindfold":34,"hubris:TerracottaHorce":19,"Centennial Puzzle":8,"Honey Jar":0,"Philosopher\u0027s Stone":17,"Prayer Wheel":7,"Iron Hammer":0,"Girya":26,"hubris:Teleporter":13,"hubris:DuctTape":57,"ReplayTheSpireMod:CursedCoin":0,"Replay:Grab Bag":17,"Ring of Chaos":34,"WarpedTongs":2,"hubris:Zylophone":0,"Du-Vu Doll":0,"OrangePellets":0,"hubris:PeanutButter":9,"Onion Ring":54,"Mirror":38,"Pocketwatch":0,"Juzu Bracelet":42,"Replay:Mystery Machine":30,"Empty Cage":34,"Dream Catcher":6,"Nunchaku":53,"hubris:Icosahedron":9,"Chameleon Ring":11,"hubris:Stopwatch":34,"Red Mask":21,"Replay:Bottled Snecko":28,"Guide Book":37,"hubris:MedicalManual":42,"Replay:WaspNest":53,"Odd Mushroom":10,"Medical Kit":0,"Mercury Hourglass":0,"Calling Bell":17,"Strange Spoon":0,"Cauldron":53,"Pondfish Scales":14,"hubris:BundleOfHerbs":0,"Bag of Marbles":31,"Membership Card":0,"FossilizedHelix":6,"hubris:OldNail":0,"ReplayTheSpireMod:ShopPack":45,"Golden Egg":20,"Whetstone":44,"Ginger":0,"Bottled Tornado":41,"Boot":40,"Old Coin":5,"Replay:Ringing Soul":53,"TheCursedMod:CrystalBall":7,"hubris:DeckOfHolding":40,"MealTicket":28,"Kunai":29,"Replay:Wax Seal":0,"hubris:TinFlute":28,"Pear":58,"Counterbalance":0,"ReplayTheSpireMod:Ring of Addiction":26,"hubris:SphereOfDissonance":40,"Replay:Ancient Bell":17,"SlaversCollar":34,"Runic Dome":34,"hubris:TenFootPole":0,"Kintsugi":17,"Abe\u0027s Treasure":17,"TheCursedMod:SoulVessel":46,"TheCursedMod:FourLeafCloverCharm":17,"Lantern":53,"Blue Doll":27,"StoneCalendar":53,"Bag of Preparation":46,"Replay:Multitool":40,"Cursed Key":17,"hubris:EvacipatedBox":41,"Replay:Rubber Ducky":0,"Matryoshka":6,"Ring of Peace":11,"WingedGreaves":0,"hubris:FunFungus":43,"Ring of Panic":5,"hubris:GlazedTorus":0,"TheCursedMod:BlackMagicAdvanced":34,"Thread and Needle":0,"Frozen Egg 2":0,"MawBank":13,"Bloody Idol":27,"Orrery":0,"Bottled Lightning":54,"ReplayTheSpireMod:Ring of Challenge":20,"ReplayTheSpireMod:Lightbulb":54,"Toy Ornithopter":9,"Mark of the Bloom":49,"hubris:CrystalStatue":34,"TheCursedMod:Tack":54,"Vajra":0,"Lizard Tail":25,"HornCleat":0,"DollysMirror":28,"Strawberry":46,"Toxic Egg 2":0,"Happy Flower":53,"Ring of Hypnosis":5,"Oddly Smooth Stone":0,"Replay:Kaleidoscope":47,"Letter Opener":53,"War Paint":0,"Question Card":12,"Replay:Baseball":21,"Bottled Flame":9,"ReplayTheSpireMod:Shallot":9,"Shuriken":9,"Bronze Scales":27,"Simple Rune":23,"Molten Egg 2":21,"Black Star":34,"ReplayTheSpireMod:TigerMarble":39,"hubris:ToyBattleship":26,"Nloth\u0027s Gift":30,"Grinning Jar":11,"Meat on the Bone":15,"ReplayFunnel":21,"Darkstone Periapt":30,"TheCursedMod:BloodyHarpoon":54,"ReplayTheSpireMod:Ring of Exchange":5,"Replay:PocketPolymizer":0,"Snecko Heart":24,"SacredBark":3,"Mango":0,"Incense Burner":0,"hubris:SlimyHat":28,"ClockworkSouvenir":22,"Frozen Eye":38,"SsserpentHead":5,"Replay:Bandana":7,"Mummified Hand":53,"Pantograph":22,"Gambling Chip":0,"Tiny Chest":14,"Gremlin Food":28,"hubris:DisguiseKit":14,"BargainBundle":0,"ReplayTheSpireMod:Ninjato":54,"Replay:Towering Pillar of Hats":0,"Quantum Egg":0,"TheCursedMod:MagicCandle":0,"Orichalcum":0,"White Beast Statue":0,"Peace Pipe":12,"CaptainsWheel":19,"Anchor":10,"TheCursedMod:OminousMark":34,"ChewingGum":53,"Ring of Fury":2,"Snack Pack":54,"Coffee Dripper":17,"hubris:GrandSneckoEye":17,"TungstenRod":44,"hubris:Potato":41,"hubris:NiceRug":53},{"Replay:Accelerometer":327,"hubris:MysteriousPyramids":107,"Sling":221,"Ring of Searing":385,"Blood Vial":12,"Replay:Wanted Poster":75,"hubris:HerbalPaste":144,"hubris:AstralHammer":50,"Fusion Hammer":397,"HandDrill":84,"Replay:Bottled Steam":324,"TheCursedMod:BlackMagic101":0,"MerchantsRug":398,"Eternal Feather":11,"Pen Nib":13,"Bird Faced Urn":342,"ReplayTheSpireMod:Ring of Collecting":445,"Snecko Eye":542,"Unceasing Top":146,"hubris:Reverence":197,"Regal Pillow":309,"Torii":198,"GremlinMask":292,"hubris:EmptyBottle":25,"Ancient Tea Set":79,"Smiling Mask":599,"Pet Ghost":61,"hubris:Backtick":370,"Toolbox":1,"hubris:CuriousFeather":171,"Chemical X":25,"Replay:Bottled Eggs":348,"InkBottle":326,"Potion Belt":20,"Lee\u0027s Waffle":115,"NeowsBlessing":549,"Golden Idol":59,"hubris:64BitClover":129,"PreservedInsect":41,"Ring of Greed":279,"hubris:Towel":47,"Replay:Arrowhead":25,"hubris:Spice":25,"Ornamental Fan":171,"Ring of Misfortune":424,"Garlic":12,"Durian":175,"hubris:BottledRain":200,"Ice Cream":105,"Calipers":57,"Tiny House":666,"Gremlin Horn":37,"Nilry\u0027s Codex":180,"hubris:VirtuousBlindfold":351,"hubris:TerracottaHorce":65,"Centennial Puzzle":30,"Honey Jar":0,"Philosopher\u0027s Stone":7,"Prayer Wheel":537,"Iron Hammer":57,"Girya":69,"hubris:Teleporter":33,"hubris:DuctTape":83,"ReplayTheSpireMod:CursedCoin":246,"Replay:Grab Bag":603,"Ring of Chaos":493,"WarpedTongs":87,"hubris:Zylophone":25,"Du-Vu Doll":507,"OrangePellets":25,"hubris:PeanutButter":4,"Onion Ring":114,"Mirror":47,"Pocketwatch":416,"Juzu Bracelet":270,"Replay:Mystery Machine":664,"Empty Cage":213,"Dream Catcher":3,"Nunchaku":169,"hubris:Icosahedron":60,"Chameleon Ring":366,"hubris:Stopwatch":523,"Red Mask":97,"Replay:Bottled Snecko":129,"Guide Book":612,"hubris:MedicalManual":138,"Replay:WaspNest":415,"Odd Mushroom":448,"Medical Kit":277,"Mercury Hourglass":25,"Calling Bell":556,"Strange Spoon":86,"Cauldron":196,"Pondfish Scales":63,"hubris:BundleOfHerbs":86,"Bag of Marbles":45,"Membership Card":25,"FossilizedHelix":29,"hubris:OldNail":57,"ReplayTheSpireMod:ShopPack":243,"Golden Egg":207,"Whetstone":20,"Ginger":86,"Bottled Tornado":643,"Boot":269,"Old Coin":279,"Replay:Ringing Soul":144,"TheCursedMod:CrystalBall":90,"hubris:DeckOfHolding":106,"MealTicket":233,"Kunai":70,"Replay:Wax Seal":25,"hubris:TinFlute":183,"Pear":85,"Counterbalance":25,"ReplayTheSpireMod:Ring of Addiction":457,"hubris:SphereOfDissonance":19,"Replay:Ancient Bell":343,"SlaversCollar":14,"Runic Dome":236,"hubris:TenFootPole":334,"Kintsugi":229,"Abe\u0027s Treasure":154,"TheCursedMod:SoulVessel":52,"TheCursedMod:FourLeafCloverCharm":122,"Lantern":196,"Blue Doll":127,"StoneCalendar":169,"Bag of Preparation":21,"Replay:Multitool":48,"Cursed Key":35,"hubris:EvacipatedBox":465,"Replay:Rubber Ducky":25,"Matryoshka":419,"Ring of Peace":152,"WingedGreaves":115,"hubris:FunFungus":242,"Ring of Panic":279,"hubris:GlazedTorus":86,"TheCursedMod:BlackMagicAdvanced":431,"Thread and Needle":198,"Frozen Egg 2":198,"MawBank":94,"Bloody Idol":182,"Orrery":25,"Bottled Lightning":389,"ReplayTheSpireMod:Ring of Challenge":424,"ReplayTheSpireMod:Lightbulb":222,"Toy Ornithopter":251,"Mark of the Bloom":80,"hubris:CrystalStatue":73,"TheCursedMod:Tack":170,"Vajra":361,"Lizard Tail":126,"HornCleat":115,"DollysMirror":12,"Strawberry":166,"Toxic Egg 2":86,"Happy Flower":196,"Ring of Hypnosis":392,"Oddly Smooth Stone":25,"Replay:Kaleidoscope":141,"Letter Opener":275,"War Paint":25,"Question Card":628,"Replay:Baseball":9,"Bottled Flame":151,"ReplayTheSpireMod:Shallot":119,"Shuriken":30,"Bronze Scales":291,"Simple Rune":98,"Molten Egg 2":124,"Black Star":46,"ReplayTheSpireMod:TigerMarble":105,"hubris:ToyBattleship":232,"Nloth\u0027s Gift":491,"Grinning Jar":5,"Meat on the Bone":63,"ReplayFunnel":258,"Darkstone Periapt":264,"TheCursedMod:BloodyHarpoon":276,"ReplayTheSpireMod:Ring of Exchange":392,"Replay:PocketPolymizer":223,"Snecko Heart":401,"SacredBark":509,"Mango":25,"Incense Burner":25,"hubris:SlimyHat":69,"ClockworkSouvenir":180,"Frozen Eye":134,"SsserpentHead":476,"Replay:Bandana":119,"Mummified Hand":220,"Pantograph":97,"Gambling Chip":146,"Tiny Chest":602,"Gremlin Food":43,"hubris:DisguiseKit":94,"BargainBundle":361,"ReplayTheSpireMod:Ninjato":593,"Replay:Towering Pillar of Hats":115,"Quantum Egg":223,"TheCursedMod:MagicCandle":25,"Orichalcum":334,"White Beast Statue":25,"Peace Pipe":62,"CaptainsWheel":123,"Anchor":176,"TheCursedMod:OminousMark":161,"ChewingGum":415,"Ring of Fury":445,"Snack Pack":24,"Coffee Dripper":95,"hubris:GrandSneckoEye":315,"TungstenRod":243,"hubris:Potato":527,"hubris:NiceRug":55},{"Replay:Accelerometer":1603,"hubris:MysteriousPyramids":566,"Sling":1169,"Ring of Searing":1948,"Blood Vial":62,"Replay:Wanted Poster":406,"hubris:HerbalPaste":727,"hubris:AstralHammer":280,"Fusion Hammer":2023,"HandDrill":443,"Replay:Bottled Steam":1591,"TheCursedMod:BlackMagic101":0,"MerchantsRug":2026,"Eternal Feather":58,"Pen Nib":66,"Bird Faced Urn":1675,"ReplayTheSpireMod:Ring of Collecting":2215,"Snecko Eye":2745,"Unceasing Top":738,"hubris:Reverence":1023,"Regal Pillow":1511,"Torii":1030,"GremlinMask":1440,"hubris:EmptyBottle":130,"Ancient Tea Set":424,"Smiling Mask":2984,"Pet Ghost":338,"hubris:Backtick":1866,"Toolbox":3,"hubris:CuriousFeather":879,"Chemical X":130,"Replay:Bottled Eggs":1710,"InkBottle":1600,"Potion Belt":102,"Lee\u0027s Waffle":616,"NeowsBlessing":2771,"Golden Idol":330,"hubris:64BitClover":664,"PreservedInsect":213,"Ring of Greed":1396,"hubris:Towel":252,"Replay:Arrowhead":130,"hubris:Spice":130,"Ornamental Fan":879,"Ring of Misfortune":2139,"Garlic":62,"Durian":896,"hubris:BottledRain":1037,"Ice Cream":557,"Calipers":327,"Tiny House":3337,"Gremlin Horn":188,"Nilry\u0027s Codex":930,"hubris:VirtuousBlindfold":1732,"hubris:TerracottaHorce":357,"Centennial Puzzle":151,"Honey Jar":0,"Philosopher\u0027s Stone":32,"Prayer Wheel":2724,"Iron Hammer":327,"Girya":378,"hubris:Teleporter":163,"hubris:DuctTape":439,"ReplayTheSpireMod:CursedCoin":1253,"Replay:Grab Bag":2999,"Ring of Chaos":2483,"WarpedTongs":459,"hubris:Zylophone":130,"Du-Vu Doll":2605,"OrangePellets":130,"hubris:PeanutButter":14,"Onion Ring":607,"Mirror":252,"Pocketwatch":2099,"Juzu Bracelet":1356,"Replay:Mystery Machine":3325,"Empty Cage":1127,"Dream Catcher":13,"Nunchaku":853,"hubris:Icosahedron":331,"Chameleon Ring":1834,"hubris:Stopwatch":2661,"Red Mask":507,"Replay:Bottled Snecko":664,"Guide Book":3030,"hubris:MedicalManual":700,"Replay:WaspNest":2096,"Odd Mushroom":2235,"Medical Kit":1392,"Mercury Hourglass":130,"Calling Bell":2793,"Strange Spoon":455,"Cauldron":1017,"Pondfish Scales":347,"hubris:BundleOfHerbs":455,"Bag of Marbles":237,"Membership Card":130,"FossilizedHelix":143,"hubris:OldNail":327,"ReplayTheSpireMod:ShopPack":1239,"Golden Egg":1076,"Whetstone":102,"Ginger":455,"Bottled Tornado":3215,"Boot":1351,"Old Coin":1396,"Replay:Ringing Soul":727,"TheCursedMod:CrystalBall":470,"hubris:DeckOfHolding":562,"MealTicket":1209,"Kunai":384,"Replay:Wax Seal":130,"hubris:TinFlute":946,"Pear":448,"Counterbalance":130,"ReplayTheSpireMod:Ring of Addiction":2275,"hubris:SphereOfDissonance":95,"Replay:Ancient Bell":1685,"SlaversCollar":79,"Runic Dome":1218,"hubris:TenFootPole":1640,"Kintsugi":1197,"Abe\u0027s Treasure":773,"TheCursedMod:SoulVessel":289,"TheCursedMod:FourLeafCloverCharm":637,"Lantern":1017,"Blue Doll":659,"StoneCalendar":853,"Bag of Preparation":107,"Replay:Multitool":266,"Cursed Key":180,"hubris:EvacipatedBox":2310,"Replay:Rubber Ducky":130,"Matryoshka":2113,"Ring of Peace":758,"WingedGreaves":616,"hubris:FunFungus":1235,"Ring of Panic":1396,"hubris:GlazedTorus":455,"TheCursedMod:BlackMagicAdvanced":2162,"Thread and Needle":1030,"Frozen Egg 2":1030,"MawBank":487,"Bloody Idol":943,"Orrery":130,"Bottled Lightning":1968,"ReplayTheSpireMod:Ring of Challenge":2139,"ReplayTheSpireMod:Lightbulb":1173,"Toy Ornithopter":1275,"Mark of the Bloom":427,"hubris:CrystalStatue":397,"TheCursedMod:Tack":863,"Vajra":1798,"Lizard Tail":654,"HornCleat":616,"DollysMirror":62,"Strawberry":832,"Toxic Egg 2":455,"Happy Flower":1017,"Ring of Hypnosis":1982,"Oddly Smooth Stone":130,"Replay:Kaleidoscope":712,"Letter Opener":1379,"War Paint":130,"Question Card":3116,"Replay:Baseball":45,"Bottled Flame":753,"ReplayTheSpireMod:Shallot":625,"Shuriken":151,"Bronze Scales":1437,"Simple Rune":510,"Molten Egg 2":644,"Black Star":245,"ReplayTheSpireMod:TigerMarble":557,"hubris:ToyBattleship":1206,"Nloth\u0027s Gift":2466,"Grinning Jar":21,"Meat on the Bone":347,"ReplayFunnel":1308,"Darkstone Periapt":1332,"TheCursedMod:BloodyHarpoon":1384,"ReplayTheSpireMod:Ring of Exchange":1982,"Replay:PocketPolymizer":1179,"Snecko Heart":2037,"SacredBark":2609,"Mango":130,"Incense Burner":130,"hubris:SlimyHat":378,"ClockworkSouvenir":930,"Frozen Eye":679,"SsserpentHead":2367,"Replay:Bandana":625,"Mummified Hand":1161,"Pantograph":507,"Gambling Chip":738,"Tiny Chest":2994,"Gremlin Food":227,"hubris:DisguiseKit":487,"BargainBundle":1798,"ReplayTheSpireMod:Ninjato":2961,"Replay:Towering Pillar of Hats":616,"Quantum Egg":1179,"TheCursedMod:MagicCandle":130,"Orichalcum":1640,"White Beast Statue":130,"Peace Pipe":342,"CaptainsWheel":643,"Anchor":902,"TheCursedMod:OminousMark":811,"ChewingGum":2096,"Ring of Fury":2215,"Snack Pack":121,"Coffee Dripper":498,"hubris:GrandSneckoEye":1546,"TungstenRod":1239,"hubris:Potato":2677,"hubris:NiceRug":311}]},"card_choices":[{"not_picked":["TheCursedMod:CursedArmor+1","TheCursedMod:CircleOfWindfury+1"],"picked":"TheCursedMod:CursedAmulet+1","floor":1},{"not_picked":["TheCursedMod:CursedMace","TheCursedMod:CursedAmulet+1","TheCursedMod:Stigma"],"picked":"SKIP","floor":3},{"not_picked":["TheCursedMod:CursedAmulet+1","TheCursedMod:Stigma"],"picked":"TheCursedMod:CursedMace","floor":3},{"not_picked":["TheCursedMod:SaltUponWound+1","TheCursedMod:Stretching+1"],"picked":"TheCursedMod:SpreadPlague+1","floor":5},{"not_picked":["TheCursedMod:TacticalStrike","TheCursedMod:HellfireBreathing"],"picked":"TheCursedMod:SurpriseAttack","floor":6},{"not_picked":["TheCursedMod:CircleOfCorruption+1","TheCursedMod:Obscuration+1"],"picked":"TheCursedMod:SurpriseAttack","floor":10},{"not_picked":["TheCursedMod:SmokeScreen+1","TheCursedMod:RapidMovement+1"],"picked":"TheCursedMod:Torture+1","floor":12},{"not_picked":["TheCursedMod:SmokeScreen+1","TheCursedMod:CursedArmor+1"],"picked":"TheCursedMod:Torture+1","floor":13},{"not_picked":["TheCursedMod:TacticalStrike+1","TheCursedMod:HellsGateOpen"],"picked":"TheCursedMod:Obscuration+1","floor":14},{"not_picked":["TheCursedMod:OutForBlood","TheCursedMod:VoidForm"],"picked":"TheCursedMod:DarkBarrier+1","floor":16},{"not_picked":["TheCursedMod:SurpriseAttack+1","TheCursedMod:SoulCrush+1"],"picked":"TheCursedMod:Obscuration+1","floor":18},{"not_picked":["TheCursedMod:SaltUponWound+1","TheCursedMod:VitalStrike+1"],"picked":"TheCursedMod:AshesToAshes+1","floor":21},{"not_picked":["TheCursedMod:BloodBarrier+1","TheCursedMod:AshesToAshes+1"],"picked":"TheCursedMod:CollectTribute","floor":23},{"not_picked":["TheCursedMod:ManaBullet+1","TheCursedMod:FleshFromBone+1"],"picked":"TheCursedMod:RapidMovement+1","floor":25},{"not_picked":["TheCursedMod:SaltUponWound+1","TheCursedMod:Stigma+1"],"picked":"TheCursedMod:RapidMovement+1","floor":28},{"not_picked":["TheCursedMod:Evocation+1","TheCursedMod:SoulReap+1","TheCursedMod:SurpriseAttack+1"],"picked":"SKIP","floor":30},{"not_picked":["TheCursedMod:Obscuration+1","TheCursedMod:HellfireBreathing"],"picked":"TheCursedMod:Torture+1","floor":31},{"not_picked":["TheCursedMod:OutForBlood","TheCursedMod:DemonSword+1"],"picked":"TheCursedMod:ForbiddenAlchemy+1","floor":33},{"not_picked":["TheCursedMod:CursedShiv+1","TheCursedMod:SoulReap+1"],"picked":"TheCursedMod:ReleasedStrength+1","floor":34},{"not_picked":["TheCursedMod:CursedAmulet+1","TheCursedMod:SmokeScreen+1","TheCursedMod:VoidForm"],"picked":"SKIP","floor":35},{"not_picked":["ReplayTheSpireMod:Private Reserves+1","Secret Weapon+1"],"picked":"The Bomb+1","floor":36},{"not_picked":["TheCursedMod:CursedArmor+1","TheCursedMod:CircleOfCorruption+1","TheCursedMod:SmokeScreen+1"],"picked":"SKIP","floor":39},{"not_picked":["TheCursedMod:SaltUponWound+1","TheCursedMod:FuryStrike+1"],"picked":"TheCursedMod:SpitefulPray+1","floor":40},{"not_picked":["TheCursedMod:SmokeScreen+1","TheCursedMod:Stretching+1"],"picked":"TheCursedMod:RavingStaff+1","floor":41},{"not_picked":["TheCursedMod:CursedBoomerang+1","TheCursedMod:SmokeScreen+1"],"picked":"TheCursedMod:RavingStaff+1","floor":42},{"not_picked":["TheCursedMod:Obscuration+1","TheCursedMod:Stigma+1"],"picked":"TheCursedMod:FleshFromBone+1","floor":45},{"not_picked":["TheCursedMod:ReleasedKnowledge+1","TheCursedMod:SoulCrush+1","TheCursedMod:CursedAmulet+1"],"picked":"SKIP","floor":46},{"not_picked":["TheCursedMod:TacticalStrike+1","TheCursedMod:SoulCrush+1"],"picked":"TheCursedMod:Torture+1","floor":47},{"not_picked":["TheCursedMod:SmokeScreen+1","TheCursedMod:SoulReap+1","TheCursedMod:CursedStaff+1"],"picked":"SKIP","floor":48},{"not_picked":[],"picked":"TheCursedMod:FleshFromBone+1","floor":53},{"not_picked":[],"picked":"Secret Technique+1","floor":53},{"not_picked":["TheCursedMod:CursedMace+1"],"picked":"SKIP","floor":53},{"not_picked":["TheCursedMod:AbyssShockwave+1"],"picked":"SKIP","floor":53},{"not_picked":["TheCursedMod:HellsGateOpen"],"picked":"SKIP","floor":53},{"not_picked":["Replay:Sssssssssstrike+1"],"picked":"SKIP","floor":53},{"not_picked":["TheCursedMod:SurpriseAttack+1","TheCursedMod:CircleOfCorruption+1"],"picked":"TheCursedMod:CursedSpellbook+1","floor":54}],"player_experience":313477,"relics_obtained":[{"floor":6,"key":"hubris:TenFootPole"},{"floor":9,"key":"Pondfish Scales"},{"floor":12,"key":"Molten Egg 2"},{"floor":14,"key":"Anchor"},{"floor":25,"key":"Thread and Needle"},{"floor":26,"key":"Golden Egg"},{"floor":30,"key":"Replay:Mystery Machine"},{"floor":40,"key":"hubris:Potato"},{"floor":42,"key":"hubris:SlimyHat"},{"floor":46,"key":"Grinning Jar"},{"floor":53,"key":"CaptainsWheel"},{"floor":53,"key":"FossilizedHelix"},{"floor":53,"key":"DollysMirror"},{"floor":54,"key":"hubris:Spice"}],"event_choices":[{"cards_removed":["TheCursedMod:Defend_TheCursed"],"damage_healed":0,"gold_gain":0,"player_choice":"Purged","damage_taken":0,"max_hp_gain":0,"max_hp_loss":0,"event_name":"Purifier","floor":2,"gold_loss":0},{"damage_healed":0,"gold_gain":99,"player_choice":"Stole From Cult","damage_taken":0,"max_hp_gain":0,"max_hp_loss":0,"event_name":"Nest","floor":19,"gold_loss":0},{"damage_healed":0,"gold_gain":0,"player_choice":"Ignored","damage_taken":0,"max_hp_gain":0,"max_hp_loss":0,"event_name":"Ghosts","floor":22,"gold_loss":0},{"cards_removed":["TheCursedMod:Strike_TheCursed"],"damage_healed":0,"gold_gain":0,"player_choice":"Elegance","damage_taken":0,"max_hp_gain":0,"max_hp_loss":0,"event_name":"Back to Basics","floor":29,"gold_loss":0},{"damage_healed":0,"gold_gain":0,"player_choice":"Memory 1","damage_taken":0,"max_hp_gain":0,"max_hp_loss":0,"event_name":"SensoryStone","floor":36,"gold_loss":0},{"cards_removed":["TheCursedMod:CursedMace"],"damage_healed":0,"gold_gain":0,"player_choice":"Removed Attack","damage_taken":0,"max_hp_gain":0,"max_hp_loss":0,"event_name":"Falling","floor":37,"gold_loss":0}],"is_beta":false,"boss_relics":[{"not_picked":["Empty Cage","hubris:Spice"],"picked":"hubris:Backtick"},{"not_picked":["Pandora\u0027s Box","Busted Crown"],"picked":"Tiny House"}],"items_purged_floors":[0,20,27,38],"is_endless":false,"potions_floor_spawned":[3,5,6,16,25,28,30,39,41,42,47,48],"ascension_level":2}}