{"host":"twbuyd87gsx4w7po","time":1612986959,"event":{"mods":["BaseMod","Minty Spire (QoL Compilation)","StSLib"],"gold_per_floor":[114,127,138,150,150,177,177,208,262,262,275,289,306,78,78,181,181,195,208,225,244,244,270,280,280,307,322,333,333,367,53,53,151,151,169,169,185,1184,1201,746,773,773,773,792,825,423,440,440,440,440],"floor_reached":51,"language":"ENG","playtime":3325,"items_purged":["Strike_R","Strike_R","Normality","Normality"],"score":1245,"play_id":"87019730-8622-4888-9b3f-266f2a1dcb52","local_time":"20210210115559","is_ascension_mode":true,"campfire_choices":[{"data":"Shockwave","floor":7.0,"key":"SMITH"},{"data":"True Grit","floor":10.0,"key":"SMITH"},{"data":"Rage","floor":15.0,"key":"SMITH"},{"data":"Limit Break","floor":25.0,"key":"SMITH"},{"data":"Rupture","floor":32.0,"key":"SMITH"},{"data":"Brutality","floor":42,"key":"SMITH"},{"data":"Rupture","floor":49,"key":"SMITH"}],"circlet_count":0,"master_deck":["AscendersBane","Strike_R+1","Defend_R","Defend_R","Defend_R","Defend_R","Bash","Brutality+1","Shockwave+1","Headbutt","Uppercut","True Grit+1","Blood for Blood","Inflame","Feed","Shrug It Off","Rage+1","Limit Break+1","Sentinel","Infernal Blade","Sword Boomerang+1","Rupture+1","Injury","Battle Trance+1","True Grit","Iron Wave+1","Armaments+1","Combust","Pummel+1","Inflame","Dual Wield","Rupture+1","Madness","Madness"],"relics":["Burning Blood","Calipers","Bottled Lightning","Oddly Smooth Stone","Cursed Key","Akabeko","Centennial Puzzle","Nilry\u0027s Codex","Vajra","Membership Card","Whetstone","Philosopher\u0027s Stone","PreservedInsect","Lee\u0027s Waffle","Lizard Tail","Omamori","Bag of Preparation","MealTicket","Sundial","Nunchaku","Frozen Eye"],"acts_visited":["Exordium","TheCity","TheBeyond"],"potions_floor_usage":[41,41,50,50],"damage_taken":[{"damage":3.0,"enemies":"Cultist","floor":1.0,"turns":3.0},{"damage":8.0,"enemies":"Small Slimes","floor":2.0,"turns":4.0},{"damage":8.0,"enemies":"Jaw Worm","floor":3.0,"turns":4.0},{"damage":16.0,"enemies":"2 Fungi Beasts","floor":4.0,"turns":3.0},{"damage":20.0,"enemies":"Lagavulin","floor":6.0,"turns":6.0},{"damage":27.0,"enemies":"Gremlin Nob","floor":8.0,"turns":4.0},{"damage":14.0,"enemies":"Gremlin Gang","floor":11.0,"turns":4.0},{"damage":11.0,"enemies":"Exordium Wildlife","floor":12.0,"turns":3.0},{"damage":13.0,"enemies":"Lots of Slimes","floor":13.0,"turns":6.0},{"damage":29.0,"enemies":"The Guardian","floor":16.0,"turns":10.0},{"damage":23.0,"enemies":"2 Thieves","floor":18.0,"turns":4.0},{"damage":3.0,"enemies":"Chosen","floor":19.0,"turns":4.0},{"damage":1.0,"enemies":"Snecko","floor":20.0,"turns":4.0},{"damage":16.0,"enemies":"Cultist and Chosen","floor":21.0,"turns":6.0},{"damage":36.0,"enemies":"Slavers","floor":23.0,"turns":7.0},{"damage":4.0,"enemies":"Chosen and Byrds","floor":24.0,"turns":6.0},{"damage":4.0,"enemies":"Snecko","floor":27.0,"turns":5.0},{"damage":4.0,"enemies":"Shelled Parasite and Fungi","floor":28.0,"turns":4.0},{"damage":5.0,"enemies":"Book of Stabbing","floor":30.0,"turns":5.0},{"damage":12.0,"enemies":"Champ","floor":33.0,"turns":9.0},{"damage":4.0,"enemies":"Orb Walker","floor":35.0,"turns":2.0},{"damage":9.0,"enemies":"3 Shapes","floor":37.0,"turns":4.0},{"damage":23,"enemies":"Jaw Worm Horde","floor":39,"turns":5},{"damage":32,"enemies":"Reptomancer","floor":41,"turns":6},{"damage":24,"enemies":"Writhing Mass","floor":44,"turns":4},{"damage":5,"enemies":"Giant Head","floor":45,"turns":5},{"damage":6,"enemies":"4 Shapes","floor":47,"turns":6},{"damage":29,"enemies":"Time Eater","floor":50,"turns":5}],"seed_played":"2007737508386698654","potions_obtained":[{"floor":2.0,"key":"SkillPotion"},{"floor":8.0,"key":"PowerPotion"},{"floor":11.0,"key":"EssenceOfSteel"},{"floor":12.0,"key":"SpeedPotion"},{"floor":13.0,"key":"DuplicationPotion"},{"floor":18.0,"key":"FearPotion"},{"floor":19.0,"key":"Swift Potion"},{"floor":24.0,"key":"Fruit Juice"},{"floor":27.0,"key":"Block Potion"},{"floor":28.0,"key":"DuplicationPotion"},{"floor":39,"key":"Weak Potion"},{"floor":44,"key":"Dexterity Potion"},{"floor":45,"key":"Weak Potion"}],"is_trial":false,"path_per_floor":["M","M","M","M","?","E","R","E","T","R","M","M","M","$","R","B",null,"M","M","M","M","?","E","M","R","T","M","M","?","E","$","R","B",null,"M","?","M","?","M","$","E","R","T","M","E","$","M","?","R","B",null],"character_chosen":"IRONCLAD","items_purchased":["Rage","Regen Potion","Membership Card","Regen Potion","Whetstone","PreservedInsect","Combust","Lee\u0027s Waffle","Lizard Tail","DuplicationPotion","Energy Potion","Sundial","Nunchaku","Frozen Eye","Inflame","Dual Wield"],"campfire_rested":0,"item_purchase_floors":[14,14,31,31,31,40,40,40,40,40,40,46,46,46,46,46],"current_hp_per_floor":[75,73,71,61,61,47,47,26,26,26,21,19,15,15,15,10,72,58,61,69,59,59,32,37,37,37,39,49,33,34,34,34,43,95,100,100,100,100,86,128,102,102,102,84,85,100,100,84,84,64],"gold":440,"neow_bonus":"ONE_RANDOM_RARE_CARD","is_daily":false,"chose_seed":false,"campfire_upgraded":7,"win_rate":0.0,"timestamp":1612986959,"path_taken":["M","M","M","M","?","E","R","E","T","R","?","M","M","$","R","BOSS","M","M","M","M","?","E","M","R","T","M","M","?","E","$","R","BOSS","M","?","M","?","M","$","E","R","T","M","E","$","M","?","R","BOSS"],"items_purchased_type":["Card","Potion","Relic","Potion","Relic","Relic","Card","Relic","Relic","Potion","Potion","Relic","Relic","Relic","Card","Card"],"build_version":"2020-12-22","purchased_purges":4,"victory":true,"max_hp_per_floor":[80,80,80,80,80,80,80,80,80,80,83,86,89,89,89,92,92,95,95,98,98,98,101,104,104,104,104,112,112,112,112,112,112,112,115,115,118,118,121,128,128,128,128,128,128,128,128,128,128,131],"card_choices":[{"not_picked":["Armaments","Iron Wave"],"picked":"Shockwave","floor":1.0},{"not_picked":["Flame Barrier","Wild Strike"],"picked":"Headbutt","floor":2.0},{"not_picked":["Power Through","Body Slam"],"picked":"Uppercut","floor":3.0},{"not_picked":["Pommel Strike","Warcry"],"picked":"True Grit","floor":4.0},{"not_picked":["Flex","Brutality"],"picked":"Inflame","floor":6.0},{"not_picked":["Havoc","Clash"],"picked":"Feed","floor":8.0},{"not_picked":["Pummel","Armaments","Twin Strike"],"picked":"SKIP","floor":11.0},{"not_picked":["Anger","Dual Wield","Hemokinesis"],"picked":"SKIP","floor":12.0},{"not_picked":["Power Through","Body Slam"],"picked":"Shrug It Off","floor":13.0},{"not_picked":["Reaper","Brutality"],"picked":"Limit Break","floor":16.0},{"not_picked":["Searing Blow+1","Twin Strike"],"picked":"Sentinel","floor":18.0},{"not_picked":["Warcry","Carnage","Anger+1"],"picked":"SKIP","floor":19.0},{"not_picked":["Bloodletting+1","Seeing Red"],"picked":"Infernal Blade","floor":20.0},{"not_picked":["Iron Wave","Infernal Blade+1"],"picked":"Sword Boomerang","floor":21.0},{"not_picked":["Blood for Blood","Sever Soul"],"picked":"Rupture","floor":23.0},{"not_picked":["Body Slam","Sword Boomerang","Uppercut"],"picked":"SKIP","floor":24.0},{"not_picked":["Spot Weakness+1","Shrug It Off"],"picked":"Battle Trance+1","floor":27.0},{"not_picked":["Anger","Blood for Blood"],"picked":"True Grit","floor":28.0},{"not_picked":["True Grit","Entrench"],"picked":"Iron Wave+1","floor":30.0},{"not_picked":["Havoc+1","Body Slam"],"picked":"Armaments+1","floor":35.0},{"not_picked":["Body Slam","Warcry","Iron Wave"],"picked":"SKIP","floor":37.0},{"not_picked":["Sentinel+1","Thunderclap+1","Spot Weakness+1"],"picked":"SKIP","floor":39},{"not_picked":["Headbutt","Sword Boomerang"],"picked":"Pummel+1","floor":41},{"not_picked":["Sword Boomerang","Armaments+1","Perfected Strike"],"picked":"SKIP","floor":44},{"not_picked":["Immolate","Anger","Intimidate+1"],"picked":"SKIP","floor":45},{"not_picked":["Armaments","Iron Wave"],"picked":"Rupture","floor":47}],"player_experience":297450,"relics_obtained":[{"floor":6.0,"key":"Calipers"},{"floor":8.0,"key":"Bottled Lightning"},{"floor":9.0,"key":"Oddly Smooth Stone"},{"floor":23.0,"key":"Akabeko"},{"floor":26.0,"key":"Centennial Puzzle"},{"floor":29.0,"key":"Nilry\u0027s Codex"},{"floor":30.0,"key":"Vajra"},{"floor":41,"key":"Omamori"},{"floor":43,"key":"Bag of Preparation"},{"floor":45,"key":"MealTicket"}],"event_choices":[{"damage_healed":0.0,"max_hp_gain":0.0,"max_hp_loss":0.0,"gold_gain":0.0,"cards_transformed":["Strike_R"],"event_name":"Transmorgrifier","player_choice":"Transformed","floor":5.0,"gold_loss":0.0,"damage_taken":0.0,"cards_obtained":["Blood for Blood"]},{"damage_healed":0.0,"max_hp_gain":0.0,"max_hp_loss":0.0,"gold_gain":0.0,"event_name":"Vampires","player_choice":"Ignored","floor":22.0,"gold_loss":0.0,"damage_taken":0.0},{"damage_healed":0.0,"max_hp_gain":0.0,"max_hp_loss":0.0,"gold_gain":0.0,"event_name":"Cursed Tome","player_choice":"Obtained Book","floor":29.0,"gold_loss":0.0,"damage_taken":16.0},{"cards_removed":["Strike_R"],"damage_healed":0.0,"max_hp_gain":0.0,"max_hp_loss":0.0,"gold_gain":0.0,"event_name":"Falling","player_choice":"Removed Attack","floor":36.0,"gold_loss":0.0,"damage_taken":0.0},{"damage_healed":0,"gold_gain":999,"player_choice":"Gold","damage_taken":0,"max_hp_gain":0,"max_hp_loss":0,"event_name":"MindBloom","floor":38,"gold_loss":0,"cards_obtained":["Normality","Normality"]},{"damage_healed":0,"gold_gain":0,"player_choice":"Embrace Madness","damage_taken":16,"max_hp_gain":0,"max_hp_loss":0,"event_name":"Winding Halls","floor":48,"gold_loss":0,"cards_obtained":["Madness","Madness"]}],"is_beta":false,"boss_relics":[{"not_picked":["Tiny House","Runic Dome"],"picked":"Cursed Key"},{"not_picked":["Fusion Hammer","Velvet Choker"],"picked":"Philosopher\u0027s Stone"}],"items_purged_floors":[14,31,40,46],"is_endless":false,"potions_floor_spawned":[2,8,11,12,13,18,19,24,27,28,39,44,45],"ascension_level":10}}