{"host":"sup1rd0ujr5jgopq","time":1612958601,"event":{"mods":["BaseMod","Colored Map","Minty Spire (QoL Compilation)","StSLib"],"gold_per_floor":[16,116,130,144,155,182,182,198,198,57,69,80,95,107,107,211,211,228,241,166,176,275,275,275,275,275,275,298,329,342,368,368,473,473,484,484,532,409,409,284,284,284,284,284,301,351,351,367,367,367],"floor_reached":51,"playtime":2287,"items_purged":["Defend_B","Defend_B","Defend_B"],"score":687,"play_id":"501c475f-9e3d-4259-aa86-1c5c85122556","local_time":"20210210070321","is_ascension_mode":false,"campfire_choices":[{"data":"Dualcast","floor":7,"key":"SMITH"},{"data":"Fission","floor":15,"key":"SMITH"},{"data":"Redo","floor":23,"key":"SMITH"},{"data":"Reboot","floor":25,"key":"SMITH"},{"data":"Turbo","floor":27,"key":"SMITH"},{"data":"Zap","floor":32,"key":"SMITH"},{"data":"Darkness","floor":44,"key":"SMITH"},{"data":"Hologram","floor":49,"key":"SMITH"}],"circlet_count":0,"master_deck":["Zap+1","Dualcast+1","Undo","Meteor Strike","Turbo","Beam Cell","Doom and Gloom","Leap","Loop","Conserve Battery","Fission+1","Chill","Reboot+1","Turbo+1","Redo+1","Meteor Strike","Doom and Gloom","Scrape","Doom and Gloom+1","Melter+1","All For One","Darkness+1","Hologram+1","Leap"],"relics":["Cracked Core","Ornamental Fan","Potion Belt","Empty Cage","Pantograph","Juzu Bracelet","Bag of Marbles","Mercury Hourglass","Busted Crown","Peace Pipe","HornCleat","Gambling Chip"],"acts_visited":["Exordium","TheCity","TheBeyond"],"potions_floor_usage":[6,16,19,29,29,29,31,33,33,37,37,50,50,50],"damage_taken":[{"damage":7,"enemies":"Small Slimes","floor":1,"turns":3},{"damage":6,"enemies":"Cultist","floor":3,"turns":3},{"damage":0,"enemies":"Jaw Worm","floor":4,"turns":1},{"damage":2,"enemies":"Blue Slaver","floor":5,"turns":3},{"damage":24,"enemies":"Gremlin Nob","floor":6,"turns":5},{"damage":0,"enemies":"Large Slime","floor":8,"turns":4},{"damage":3,"enemies":"Exordium Wildlife","floor":11,"turns":4},{"damage":0,"enemies":"2 Fungi Beasts","floor":12,"turns":4},{"damage":0,"enemies":"Lots of Slimes","floor":13,"turns":3},{"damage":5,"enemies":"Blue Slaver","floor":14,"turns":5},{"damage":18,"enemies":"The Guardian","floor":16,"turns":8},{"damage":5,"enemies":"Chosen","floor":18,"turns":3},{"damage":10,"enemies":"3 Byrds","floor":19,"turns":5},{"damage":6,"enemies":"Cultist and Chosen","floor":21,"turns":5},{"damage":8,"enemies":"Gremlin Leader","floor":29,"turns":5},{"damage":0,"enemies":"Sentry and Sphere","floor":30,"turns":3},{"damage":16,"enemies":"Slavers","floor":31,"turns":3},{"damage":27,"enemies":"Champ","floor":33,"turns":11},{"damage":0,"enemies":"3 Shapes","floor":35,"turns":4},{"damage":13,"enemies":"2 Orb Walkers","floor":37,"turns":3},{"damage":0,"enemies":"3 Darklings","floor":45,"turns":3},{"damage":0,"enemies":"Mind Bloom Boss Battle","floor":46,"turns":4},{"damage":9,"enemies":"Sphere and 2 Shapes","floor":48,"turns":2},{"damage":43,"enemies":"Donu and Deca","floor":50,"turns":7}],"seed_played":"6397179254455081901","potions_obtained":[{"floor":4,"key":"SpeedPotion"},{"floor":5,"key":"DuplicationPotion"},{"floor":6,"key":"FearPotion"},{"floor":14,"key":"FocusPotion"},{"floor":16,"key":"EntropicBrew"},{"floor":29,"key":"Ancient Potion"},{"floor":31,"key":"LiquidMemories"},{"floor":35,"key":"LiquidBronze"},{"floor":46,"key":"PotionOfCapacity"}],"is_trial":false,"path_per_floor":["M","?","M","M","M","E","R","M","T","$","M","M","M","M","R","B",null,"M","M","$","M","?","R","?","R","T","R","T","E","M","E","R","B",null,"M","?","?","$","?","$","?","?","T","R","M","?","?","M","R","B",null],"character_chosen":"DEFECT","items_purchased":["Fission","Leap"],"campfire_rested":0,"item_purchase_floors":[10,38],"current_hp_per_floor":[68,68,62,62,60,36,36,36,36,36,33,33,33,28,28,10,75,70,60,60,54,54,54,54,54,54,54,54,46,46,30,30,28,75,75,75,62,62,62,62,62,62,62,62,62,71,71,62,62,28],"gold":367,"neow_bonus":"TRANSFORM_TWO_CARDS","is_daily":false,"chose_seed":false,"campfire_upgraded":8,"win_rate":0.0,"timestamp":1612958601,"path_taken":["M","?","M","M","M","E","R","?","T","$","M","M","M","M","R","BOSS","M","M","$","M","?","R","?","R","T","R","?","E","M","E","R","BOSS","M","?","?","$","?","$","?","?","T","R","M","?","?","M","R","BOSS"],"items_purchased_type":["Card","Card"],"build_version":"2020-12-13","purchased_purges":3,"victory":true,"max_hp_per_floor":[75,75,75,75,75,75,75,75,75,75,75,75,75,75,75,75,75,75,75,75,75,75,75,75,75,75,75,75,75,75,75,75,75,75,75,75,75,75,71,71,71,71,71,71,71,71,71,71,71,71],"card_choices":[{"not_picked":["Defragment","Barrage"],"picked":"Turbo","floor":1},{"not_picked":["Sweeping Beam","Rebound"],"picked":"Beam Cell","floor":3},{"not_picked":["Barrage","Cold Snap"],"picked":"Doom and Gloom","floor":4},{"not_picked":["Rip and Tear","Gash"],"picked":"Leap","floor":5},{"not_picked":["Sweeping Beam","Doom and Gloom","Loop"],"picked":"SKIP","floor":6},{"not_picked":["Sweeping Beam","Doom and Gloom"],"picked":"Loop","floor":6},{"not_picked":["Consume","Rip and Tear"],"picked":"Conserve Battery","floor":8},{"not_picked":["Leap","Loop"],"picked":"Chill","floor":11},{"not_picked":["Self Repair","Sweeping Beam"],"picked":"Reboot","floor":12},{"not_picked":["Redo","Leap"],"picked":"Turbo","floor":13},{"not_picked":["Hologram","Rebound"],"picked":"Redo","floor":14},{"not_picked":["Fission","Biased Cognition"],"picked":"Meteor Strike","floor":16},{"not_picked":["Coolheaded","Glacier"],"picked":"Doom and Gloom","floor":18},{"not_picked":["White Noise","Turbo","Genetic Algorithm"],"picked":"SKIP","floor":19},{"not_picked":["Gash","Redo"],"picked":"Scrape","floor":21},{"not_picked":["Leap","BootSequence"],"picked":"Doom and Gloom+1","floor":29},{"not_picked":["Go for the Eyes+1","Electrodynamics","Gash"],"picked":"SKIP","floor":30},{"not_picked":["Scrape+1","Conserve Battery+1"],"picked":"Melter+1","floor":31},{"not_picked":["Electrodynamics","Creative AI"],"picked":"All For One","floor":33},{"not_picked":[],"picked":"Darkness","floor":35},{"not_picked":[],"picked":"Hologram","floor":37},{"not_picked":["Barrage+1"],"picked":"SKIP","floor":45},{"not_picked":["Barrage+1"],"picked":"SKIP","floor":45},{"not_picked":["Beam Cell"],"picked":"SKIP","floor":48}],"player_experience":19745,"relics_obtained":[{"floor":6,"key":"Ornamental Fan"},{"floor":9,"key":"Potion Belt"},{"floor":26,"key":"Pantograph"},{"floor":28,"key":"Juzu Bracelet"},{"floor":29,"key":"Bag of Marbles"},{"floor":31,"key":"Mercury Hourglass"},{"floor":37,"key":"Peace Pipe"},{"floor":43,"key":"HornCleat"},{"floor":46,"key":"Gambling Chip"}],"event_choices":[{"damage_healed":0,"gold_gain":100,"player_choice":"Pray","damage_taken":0,"max_hp_gain":0,"max_hp_loss":0,"event_name":"Golden Shrine","floor":2,"gold_loss":0},{"damage_healed":0,"gold_gain":99,"player_choice":"Stole From Cult","damage_taken":0,"max_hp_gain":0,"max_hp_loss":0,"event_name":"Nest","floor":22,"gold_loss":0},{"damage_healed":0,"gold_gain":0,"player_choice":"Ignored","damage_taken":0,"max_hp_gain":0,"max_hp_loss":0,"event_name":"Ghosts","floor":24,"gold_loss":0},{"damage_healed":0,"gold_gain":0,"player_choice":"Ignored","damage_taken":0,"max_hp_gain":0,"max_hp_loss":0,"event_name":"Tomb of Lord Red Mask","floor":36,"gold_loss":0},{"damage_healed":0,"gold_gain":0,"player_choice":"Fight","damage_taken":0,"max_hp_gain":0,"max_hp_loss":0,"event_name":"Mysterious Sphere","floor":37,"gold_loss":0},{"damage_healed":0,"gold_gain":0,"player_choice":"Max HP","damage_taken":0,"max_hp_gain":0,"max_hp_loss":4,"event_name":"Winding Halls","floor":39,"gold_loss":0},{"damage_healed":0,"gold_gain":0,"player_choice":"Memory 1","damage_taken":0,"max_hp_gain":0,"max_hp_loss":0,"event_name":"SensoryStone","floor":41,"gold_loss":0},{"damage_healed":0,"gold_gain":0,"player_choice":"Ignored","damage_taken":0,"max_hp_gain":0,"max_hp_loss":0,"event_name":"SecretPortal","floor":42,"gold_loss":0},{"damage_healed":0,"gold_gain":0,"player_choice":"Fight","damage_taken":0,"max_hp_gain":0,"max_hp_loss":0,"event_name":"MindBloom","floor":46,"gold_loss":0},{"cards_removed":["Defend_B"],"damage_healed":0,"gold_gain":0,"player_choice":"Removed Skill","damage_taken":0,"max_hp_gain":0,"max_hp_loss":0,"event_name":"Falling","floor":47,"gold_loss":0}],"is_beta":false,"boss_relics":[{"not_picked":["Astrolabe","Fusion Hammer"],"picked":"Empty Cage"},{"not_picked":["Velvet Choker","SacredBark"],"picked":"Busted Crown"}],"items_purged_floors":[20,38,40],"is_endless":false,"potions_floor_spawned":[4,5,6,14,16,29,30,31,35,46],"ascension_level":0}}