{"host":"3twtdwjpiqhvvn5s","time":1612989923,"event":{"mods":["AchievementEnabler","Act Like it!","Aspiration","BaseMod","BetterRewards","Colored Map","Colored Powertips","Downfall","Duelist Mod","Friendly Minions","GifTheSpireLib","Hermit","Hubris","Infinite Spire","Jorbs\u0027s Wanderer Trilogy","Koishi","KomeijiMod","Marisa????????","Minty Spire (QoL Compilation)","Quick Restart","Rare Cards Sparkle","Replay The Spire","Shop Mod","StSLib","Td1madao Mod","The Administrix","The Animator","The Bug Knight","The Caster","The Cursed","The Disciple","The Hierophant","The Necromancer","The Poker Player","The Runesmith","The Servant 0.9.4"],"gold_per_floor":[99,120,45,74,102,128,128,168,168,168,168],"floor_reached":10,"language":"ENG","playtime":1122,"items_purged":["stsjorbsmod:FreshAdventure"],"score":76,"play_id":"d6e69177-7f7d-4969-8bd9-f6aa22eed335","local_time":"20210210144523","daily_mods":["Green Cards","Elite Swarm"],"is_ascension_mode":false,"campfire_choices":[{"floor":7,"key":"REST"}],"circlet_count":0,"master_deck":["stsjorbsmod:ForbiddenGrimoire+1","stsjorbsmod:Strike_Wanderer","stsjorbsmod:Strike_Wanderer+1","stsjorbsmod:Strike_Wanderer+1","stsjorbsmod:Defend_Wanderer","stsjorbsmod:Defend_Wanderer+1","stsjorbsmod:Defend_Wanderer+1","stsjorbsmod:Defend_Wanderer","stsjorbsmod:EyeOfTheStorm","Night Terror+1","stsjorbsmod:Introspection","Night Terror+1","A Thousand Cuts"],"relics":["stsjorbsmod:GrimoireRelic","Shovel","Simple Rune","InkBottle"],"acts_visited":["Exordium"],"potions_floor_usage":[4,8],"damage_taken":[{"damage":3,"enemies":"Small Slimes","floor":2,"turns":6},{"damage":0,"enemies":"Jaw Worm","floor":4,"turns":5},{"damage":4,"enemies":"Cultist","floor":5,"turns":4},{"damage":52,"enemies":"Gremlin Nob","floor":6,"turns":5},{"damage":15,"enemies":"3 Sentries","floor":8,"turns":6},{"damage":38,"enemies":"Gremlin Nob","floor":10,"turns":4}],"seed_played":"1218716093752315031","potions_obtained":[{"floor":2,"key":"Weak Potion"},{"floor":6,"key":"Elixir"}],"is_trial":true,"path_per_floor":["?","M","$","M","M","E","R","E","T","E"],"character_chosen":"WANDERER","items_purchased":[],"campfire_rested":1,"item_purchase_floors":[],"current_hp_per_floor":[68,68,68,68,70,25,46,34,34,0,0],"gold":168,"neow_bonus":"","is_daily":false,"chose_seed":false,"campfire_upgraded":0,"win_rate":0.0,"timestamp":1612989923,"path_taken":["?","M","?","M","M","E","R","E","T","E"],"items_purchased_type":[],"build_version":"2020-12-22","purchased_purges":1,"victory":false,"max_hp_per_floor":[68,68,68,68,70,72,72,72,72,72,72],"card_choices":[{"not_picked":["Skewer","stsjorbsmod:LoseGrip","Deadly Poison"],"picked":"SKIP","floor":2},{"not_picked":["stsjorbsmod:Mania","Blade Dance"],"picked":"stsjorbsmod:Introspection","floor":4},{"not_picked":["Calculated Gamble","Deadly Poison","stsjorbsmod:WanderingMind"],"picked":"SKIP","floor":5},{"not_picked":["stsjorbsmod:Fear","Corpse Explosion"],"picked":"Night Terror","floor":6},{"not_picked":["infinitespire:Neurotoxin","Venomology"],"picked":"A Thousand Cuts","floor":8}],"player_experience":2916489,"relics_obtained":[{"floor":6,"key":"Shovel"},{"floor":8,"key":"Simple Rune"},{"floor":9,"key":"InkBottle"}],"event_choices":[],"is_beta":false,"boss_relics":[],"items_purged_floors":[3],"is_endless":false,"potions_floor_spawned":[2,6],"killed_by":"Gremlin Nob","ascension_level":0}}