{"host":"i09pxcjttd31eh4q","time":1612932363,"event":{"mods":["AchievementEnabler","BaseMod","Colored Map","Keyboard Shortcuts","Minty Spire (QoL Compilation)","StSLib","SuperFastMode"],"gold_per_floor":[361,286,303,283,302,302,329,329,377,377,377,396,431,446,446,532,559,571,590,515,543,280,280,280,311,311,331,38,67,117,132,132,218,218,246,246,16,35,35,35,51,66,147,159,176,203,233,277,289,301,313,325,337,238,271,271],"floor_reached":57,"language":"KOR","playtime":1836,"items_purged":["Strike_P","Strike_P","Strike_P","Defend_P"],"score":3143,"play_id":"61ec10a2-83dc-4cbb-8774-d2642d247705","local_time":"20210210134603","is_ascension_mode":true,"campfire_choices":[{"data":"Eruption","floor":6.0,"key":"SMITH"},{"data":"FollowUp","floor":11.0,"key":"SMITH"},{"data":"Vigilance","floor":15.0,"key":"SMITH"},{"data":"Adaptation","floor":24.0,"key":"SMITH"},{"floor":32.0,"key":"RECALL"},{"data":"MentalFortress","floor":40.0,"key":"SMITH"},{"data":"Adaptation","floor":49,"key":"SMITH"},{"data":"Vault","floor":53,"key":"SMITH"}],"circlet_count":0,"master_deck":["AscendersBane","Eruption+1","Vigilance+1","FollowUp+1","CarveReality","EmptyBody+1","Scrawl+1","Protect+1","Adaptation+1","Vault+1","MentalFortress+1","Adaptation+1"],"relics":["PureWater","Anchor","Lantern","Omamori","CeramicFish","Astrolabe","PreservedInsect","Kunai","HornCleat","Medical Kit","Pear","Coffee Dripper","Letter Opener","MawBank","Toxic Egg 2","Blood Vial"],"acts_visited":["Exordium","TheCity","TheBeyond","TheEnding"],"potions_floor_usage":[51,56,56,56,56],"damage_taken":[{"damage":2.0,"enemies":"Jaw Worm","floor":1.0,"turns":4.0},{"damage":0.0,"enemies":"Cultist","floor":3.0,"turns":3.0},{"damage":0.0,"enemies":"2 Louse","floor":5.0,"turns":3.0},{"damage":0.0,"enemies":"Lagavulin","floor":7.0,"turns":4.0},{"damage":0.0,"enemies":"Red Slaver","floor":12.0,"turns":2.0},{"damage":0.0,"enemies":"Gremlin Nob","floor":13.0,"turns":2.0},{"damage":0.0,"enemies":"Blue Slaver","floor":14.0,"turns":1.0},{"damage":0.0,"enemies":"Slime Boss","floor":16.0,"turns":6.0},{"damage":18.0,"enemies":"Chosen","floor":18.0,"turns":5.0},{"damage":12.0,"enemies":"2 Thieves","floor":19.0,"turns":3.0},{"damage":0.0,"enemies":"Centurion and Healer","floor":21.0,"turns":3.0},{"damage":0.0,"enemies":"Book of Stabbing","floor":25.0,"turns":2.0},{"damage":0.0,"enemies":"Snake Plant","floor":27.0,"turns":2.0},{"damage":0.0,"enemies":"Gremlin Leader","floor":29.0,"turns":3.0},{"damage":0.0,"enemies":"Shelled Parasite and Fungi","floor":31.0,"turns":2.0},{"damage":16.0,"enemies":"Champ","floor":33.0,"turns":10.0},{"damage":0.0,"enemies":"3 Shapes","floor":35.0,"turns":3.0},{"damage":0.0,"enemies":"Orb Walker","floor":38.0,"turns":4.0},{"damage":1,"enemies":"Jaw Worm Horde","floor":41,"turns":4},{"damage":0,"enemies":"Maw","floor":42,"turns":6},{"damage":0,"enemies":"Spire Growth","floor":44,"turns":3},{"damage":0,"enemies":"Transient","floor":45,"turns":7},{"damage":0,"enemies":"Jaw Worm Horde","floor":47,"turns":4},{"damage":0,"enemies":"Giant Head","floor":48,"turns":6},{"damage":0,"enemies":"Awakened One","floor":50,"turns":9},{"damage":10,"enemies":"Time Eater","floor":51,"turns":10},{"damage":0,"enemies":"Shield and Spear","floor":55,"turns":4},{"damage":9,"enemies":"The Heart","floor":56,"turns":9}],"seed_played":"9146896172514673507","potions_obtained":[{"floor":1.0,"key":"SkillPotion"},{"floor":3.0,"key":"SpeedPotion"},{"floor":4.0,"key":"CultistPotion"},{"floor":7.0,"key":"SkillPotion"},{"floor":13.0,"key":"Fire Potion"},{"floor":16.0,"key":"Dexterity Potion"},{"floor":19.0,"key":"Block Potion"},{"floor":31.0,"key":"DistilledChaos"}],"is_trial":false,"path_per_floor":["M","$","M","?","M","R","E","?","T","?","R","M","E","M","R","B",null,"M","M","?","M","$","?","R","E","T","M","$","E","T","M","R","B",null,"M","?","$","M","?","R","M","M","T","M","M","T","M","E","R","B","B",null,"R","$","E","B",null],"character_chosen":"WATCHER","items_purchased":["PreservedInsect","Medical Kit","Adaptation","EntropicBrew"],"campfire_rested":0,"item_purchase_floors":[22,28,37,54],"current_hp_per_floor":[41,41,41,41,41,41,41,41,41,68,68,68,68,68,68,68,68,50,38,38,38,38,78,78,78,78,78,78,88,88,88,88,72,84,84,84,84,84,84,84,83,83,83,83,83,83,83,83,83,83,73,81,81,81,81,74],"gold":271,"neow_bonus":"TWO_FIFTY_GOLD","is_daily":false,"chose_seed":false,"campfire_upgraded":7,"win_rate":0.0,"timestamp":1612932363,"path_taken":["M","$","M","?","?","R","E","?","T","?","R","?","E","M","R","BOSS","M","M","?","M","$","?","R","E","T","?","$","E","?","M","R","BOSS","M","?","$","M","?","R","?","M","T","M","?","?","M","E","R","BOSS","BOSS","R","$","E","BOSS"],"items_purchased_type":["Relic","Relic","Card","Potion"],"build_version":"2020-12-22","purchased_purges":4,"victory":true,"max_hp_per_floor":[68,68,68,68,68,68,68,68,68,68,68,68,68,68,68,68,68,68,68,68,68,68,78,78,78,78,78,78,88,88,88,88,88,88,88,84,84,84,84,84,84,84,84,84,84,84,84,84,84,84,84,84,84,84,84,84],"card_choices":[{"not_picked":["Worship","Protect"],"picked":"FollowUp","floor":1.0},{"not_picked":["SandsOfTime","Prostrate","FlurryOfBlows"],"picked":"SKIP","floor":3.0},{"not_picked":["Wireheading","Evaluate"],"picked":"CarveReality","floor":5.0},{"not_picked":["Perseverance","SandsOfTime","Pray"],"picked":"SKIP","floor":7.0},{"not_picked":["WindmillStrike","SashWhip","FlurryOfBlows"],"picked":"SKIP","floor":12.0},{"not_picked":["Evaluate","Devotion","ReachHeaven"],"picked":"SKIP","floor":13.0},{"not_picked":["PathToVictory","BowlingBash","Perseverance"],"picked":"SKIP","floor":14.0},{"not_picked":["MasterReality","Omniscience"],"picked":"DeusExMachina","floor":16.0},{"not_picked":["CutThroughFate","FlyingSleeves","Vengeance+1"],"picked":"SKIP","floor":18.0},{"not_picked":["Protect","Perseverance","CrushJoints"],"picked":"SKIP","floor":19.0},{"not_picked":["Crescendo","ClearTheMind"],"picked":"Adaptation","floor":21.0},{"not_picked":["SashWhip","Protect","ThirdEye"],"picked":"SKIP","floor":25.0},{"not_picked":["LikeWater","Evaluate+1","PathToVictory"],"picked":"SKIP","floor":27.0},{"not_picked":["Collect","ForeignInfluence","Prostrate"],"picked":"SKIP","floor":29.0},{"not_picked":["Devotion","LikeWater","Worship"],"picked":"SKIP","floor":31.0},{"not_picked":["Omniscience","Alpha"],"picked":"Vault","floor":33.0},{"not_picked":["SashWhip","Prostrate+1"],"picked":"MentalFortress","floor":35.0},{"not_picked":["Nirvana+1","SignatureMove","Conclude+1"],"picked":"SKIP","floor":38.0},{"not_picked":["Perseverance","BowlingBash","Collect"],"picked":"SKIP","floor":41},{"not_picked":["Collect","Pray+1","FlurryOfBlows"],"picked":"SKIP","floor":42},{"not_picked":["Conclude","Meditate+1","SashWhip+1"],"picked":"SKIP","floor":44},{"not_picked":["BowlingBash","Nirvana","Protect"],"picked":"SKIP","floor":45},{"not_picked":["EmptyFist+1","Judgement","Halt"],"picked":"SKIP","floor":47},{"not_picked":["ForeignInfluence+1","Halt+1","WindmillStrike+1"],"picked":"SKIP","floor":48},{"not_picked":["WreathOfFlame+1","Perseverance+1","Meditate+1"],"picked":"SKIP","floor":55}],"player_experience":898097,"relics_obtained":[{"floor":7.0,"key":"Anchor"},{"floor":9.0,"key":"Omamori"},{"floor":13.0,"key":"CeramicFish"},{"floor":25.0,"key":"Kunai"},{"floor":26.0,"key":"HornCleat"},{"floor":29.0,"key":"Pear"},{"floor":43,"key":"Letter Opener"},{"floor":46,"key":"MawBank"},{"floor":48,"key":"Toxic Egg 2"},{"floor":55,"key":"Blood Vial"}],"event_choices":[{"damage_healed":0.0,"max_hp_gain":0.0,"max_hp_loss":0.0,"gold_gain":0.0,"event_name":"The Woman in Blue","player_choice":"Bought 1 Potion","floor":4.0,"gold_loss":0.0,"damage_taken":0.0},{"damage_healed":0.0,"max_hp_gain":0.0,"max_hp_loss":0.0,"gold_gain":0.0,"event_name":"Dead Adventurer","player_choice":"Searched \u00271\u0027 times","floor":8.0,"gold_loss":0.0,"damage_taken":0.0,"relics_obtained":["Lantern"]},{"damage_healed":27.0,"max_hp_gain":0.0,"max_hp_loss":0.0,"gold_gain":0.0,"event_name":"Wheel of Change","player_choice":"Full Heal","floor":10.0,"gold_loss":0.0,"damage_taken":0.0},{"cards_removed":["Defend_P"],"damage_healed":0.0,"max_hp_gain":0.0,"max_hp_loss":0.0,"gold_gain":0.0,"event_name":"Beggar","player_choice":"Gave Gold","floor":20.0,"gold_loss":75.0,"damage_taken":0.0},{"cards_removed":["DeusExMachina"],"damage_healed":30.0,"max_hp_gain":10.0,"max_hp_loss":0.0,"gold_gain":0.0,"event_name":"Bonfire Elementals","player_choice":"Offered Rare","floor":23.0,"gold_loss":0.0,"damage_taken":0.0},{"damage_healed":0.0,"max_hp_gain":0.0,"max_hp_loss":4.0,"gold_gain":0.0,"event_name":"Winding Halls","player_choice":"Max HP","floor":36.0,"gold_loss":0.0,"damage_taken":0.0},{"damage_healed":0.0,"max_hp_gain":0.0,"max_hp_loss":0.0,"gold_gain":0.0,"event_name":"SecretPortal","player_choice":"Ignored","floor":39.0,"gold_loss":0.0,"damage_taken":0.0}],"is_beta":false,"boss_relics":[{"not_picked":["Sozu","Philosopher\u0027s Stone"],"picked":"Astrolabe"},{"not_picked":["Black Star","SacredBark"],"picked":"Coffee Dripper"}],"items_purged_floors":[2,22,28,37],"is_endless":false,"potions_floor_spawned":[1,3,7,13,16,19,21,31,38,42,45,47,48],"ascension_level":20}}