{"host":"1vy6j31128f61x2z","time":1612995322,"event":{"mods":["AchievementEnabler","BaseMod","Colored Powertips","Minty Spire (QoL Compilation)","Permanent Neow"],"gold_per_floor":[109,109,124,49,349,383,397,20,20,20,39,73,73,73,73,177,177,190,7,7,17,17,44,44,63,63,96,107,107,107,120,120,224,224,241,241,241,253,253,282,282,79,159,175,29,29,29,39,39,39],"floor_reached":51,"language":"ENG","playtime":3211,"items_purged":["Strike_B","Strike_B","Strike_B"],"score":861,"play_id":"f7ed9d67-1c97-4519-b24c-78ab95c4e672","local_time":"20210210171522","is_ascension_mode":true,"campfire_choices":[{"data":"Creative AI","floor":10.0,"key":"SMITH"},{"data":"Defragment","floor":13.0,"key":"SMITH"},{"data":"Consume","floor":15.0,"key":"SMITH"},{"floor":24.0,"key":"REST"},{"floor":32.0,"key":"REST"},{"floor":41.0,"key":"REST"},{"data":"Thunder Strike","floor":46,"key":"SMITH"},{"floor":49,"key":"REST"}],"circlet_count":0,"master_deck":["Defend_B+1","Defend_B+1","Defend_B+1","Defend_B+1","Zap+1","Dualcast+1","Rebound+1","Leap+1","Creative AI+1","Consume+1","Defragment+1","Coolheaded+1","Chill+1","Sweeping Beam+1","Buffer+1","Glacier+1","Coolheaded+1","Machine Learning+1","Buffer+1","Dramatic Entrance+1","Coolheaded+1","Amplify+1","Loop+1","Thunder Strike+1","Tempest+1"],"relics":["FrozenCore","NeowsBlessing","Old Coin","Regal Pillow","Membership Card","Letter Opener","Bottled Flame","Darkstone Periapt","Snecko Eye","Frozen Egg 2","Blood Vial","HornCleat","Oddly Smooth Stone","MutagenicStrength","Strawberry","Eternal Feather","ClockworkSouvenir","Toxic Egg 2","Whetstone","Mark of the Bloom"],"acts_visited":["Exordium","TheCity","TheBeyond"],"potions_floor_usage":[50,50,50],"damage_taken":[{"damage":0.0,"enemies":"2 Louse","floor":1.0,"turns":1.0},{"damage":0.0,"enemies":"Cultist","floor":3.0,"turns":1.0},{"damage":0.0,"enemies":"Gremlin Nob","floor":6.0,"turns":1.0},{"damage":0.0,"enemies":"Small Slimes","floor":7.0,"turns":3.0},{"damage":1.0,"enemies":"3 Louse","floor":11.0,"turns":3.0},{"damage":2.0,"enemies":"3 Sentries","floor":12.0,"turns":8.0},{"damage":0.0,"enemies":"Slime Boss","floor":16.0,"turns":9.0},{"damage":7.0,"enemies":"Spheric Guardian","floor":18.0,"turns":5.0},{"damage":1.0,"enemies":"Chosen","floor":21.0,"turns":8.0},{"damage":28.0,"enemies":"Slavers","floor":23.0,"turns":8.0},{"damage":9.0,"enemies":"Centurion and Healer","floor":25.0,"turns":9.0},{"damage":7.0,"enemies":"Book of Stabbing","floor":27.0,"turns":7.0},{"damage":10.0,"enemies":"Chosen and Byrds","floor":28.0,"turns":7.0},{"damage":0.0,"enemies":"Snecko","floor":31.0,"turns":5.0},{"damage":7.0,"enemies":"Collector","floor":33.0,"turns":11.0},{"damage":0.0,"enemies":"Orb Walker","floor":35.0,"turns":8.0},{"damage":10.0,"enemies":"3 Darklings","floor":38.0,"turns":9.0},{"damage":36.0,"enemies":"Reptomancer","floor":40.0,"turns":8.0},{"damage":0.0,"enemies":"Maw","floor":44.0,"turns":13.0},{"damage":0,"enemies":"Transient","floor":48,"turns":5},{"damage":0,"enemies":"Time Eater","floor":50,"turns":14}],"seed_played":"2863499016199269888","potions_obtained":[{"floor":1.0,"key":"AttackPotion"},{"floor":12.0,"key":"CultistPotion"},{"floor":16.0,"key":"Dexterity Potion"},{"floor":21.0,"key":"BlessingOfTheForge"},{"floor":27.0,"key":"EntropicBrew"},{"floor":33.0,"key":"Explosive Potion"}],"is_trial":false,"path_per_floor":["M","?","M","$","T","E","M","$","T","R","M","E","R","?","R","B",null,"M","$","?","M","?","E","R","M","T","E","M","?","?","M","R","B",null,"M","?","?","M","?","E","R","$","T","M","$","R","?","M","R","B",null],"character_chosen":"DEFECT","items_purchased":["Membership Card","Defragment","Coolheaded","Letter Opener","Frozen Egg 2","Eternal Feather","ClockworkSouvenir","Whetstone","Loop+1","Thunder Strike"],"campfire_rested":4,"item_purchase_floors":[8,8,8,8,19,42,42,45,45,45],"current_hp_per_floor":[75,75,75,75,75,75,75,75,75,75,74,72,72,65,65,65,75,68,68,68,67,67,39,75,66,66,61,53,53,53,55,75,68,75,75,75,71,61,61,34,72,72,72,74,74,78,78,78,78,78],"gold":39,"neow_bonus":"THREE_ENEMY_KILL","is_daily":false,"chose_seed":false,"campfire_upgraded":4,"win_rate":0.0,"timestamp":1612995322,"path_taken":["M","?","M","$","?","E","M","$","T","R","?","E","R","?","R","BOSS","M","$","?","M","?","E","R","M","T","E","M","?","?","M","R","BOSS","M","?","?","M","?","E","R","$","T","M","$","R","?","M","R","BOSS"],"items_purchased_type":["Relic","Card","Card","Relic","Relic","Relic","Relic","Relic","Card","Card"],"build_version":"2020-12-22","purchased_purges":3,"victory":true,"max_hp_per_floor":[75,75,75,75,75,75,75,75,75,75,75,75,75,75,75,75,75,75,75,75,75,75,75,75,75,75,75,75,75,75,75,75,75,75,75,75,71,71,71,78,78,78,78,78,78,78,78,78,78,78],"card_choices":[{"not_picked":["Rip and Tear","Sweeping Beam"],"picked":"Rebound","floor":1.0},{"not_picked":["Rip and Tear","Ball Lightning"],"picked":"Leap","floor":3.0},{"not_picked":["Melter","Sweeping Beam"],"picked":"Creative AI","floor":6.0},{"not_picked":["Darkness","Coolheaded"],"picked":"Consume","floor":7.0},{"not_picked":["White Noise","Doom and Gloom"],"picked":"Chill","floor":11.0},{"not_picked":["Hello World","Double Energy"],"picked":"Sweeping Beam","floor":12.0},{"not_picked":["All For One","Thunder Strike"],"picked":"Buffer","floor":16.0},{"not_picked":["Auto Shields","Leap","Rebound"],"picked":"SKIP","floor":18.0},{"not_picked":["Barrage+1","Hologram+1"],"picked":"Glacier","floor":21.0},{"not_picked":["Doom and Gloom","Beam Cell","Cold Snap"],"picked":"SKIP","floor":23.0},{"not_picked":["Rip and Tear","Fission"],"picked":"Coolheaded","floor":25.0},{"not_picked":["Rip and Tear","Hologram","Compile Driver"],"picked":"SKIP","floor":27.0},{"not_picked":["Ball Lightning+1","Leap","Redo"],"picked":"SKIP","floor":28.0},{"not_picked":["Doom and Gloom","Hologram","Sweeping Beam"],"picked":"SKIP","floor":31.0},{"not_picked":["Biased Cognition+1","Thunder Strike"],"picked":"Buffer+1","floor":33.0},{"not_picked":["Stack","Rebound","Barrage+1"],"picked":"SKIP","floor":35.0},{"not_picked":["Madness","Violence"],"picked":"Dramatic Entrance","floor":36.0},{"not_picked":["Leap+1","Hologram"],"picked":"Coolheaded+1","floor":38.0},{"not_picked":["Cold Snap","Genetic Algorithm","Leap"],"picked":"SKIP","floor":40.0},{"not_picked":["Storm+1","Heatsinks+1"],"picked":"Amplify+1","floor":44.0},{"not_picked":["Beam Cell+1","Gash+1"],"picked":"Tempest+1","floor":48}],"player_experience":39538,"relics_obtained":[{"floor":5.0,"key":"Old Coin"},{"floor":6.0,"key":"Regal Pillow"},{"floor":9.0,"key":"Bottled Flame"},{"floor":12.0,"key":"Darkstone Periapt"},{"floor":23.0,"key":"Blood Vial"},{"floor":26.0,"key":"HornCleat"},{"floor":27.0,"key":"Oddly Smooth Stone"},{"floor":40.0,"key":"Strawberry"},{"floor":43.0,"key":"Toxic Egg 2"}],"event_choices":[{"damage_healed":0.0,"max_hp_gain":0.0,"max_hp_loss":0.0,"gold_gain":0.0,"event_name":"Accursed Blacksmith","player_choice":"Forge","floor":2.0,"gold_loss":0.0,"damage_taken":0.0,"cards_upgraded":["Zap"]},{"cards_removed":["Strike_B"],"damage_healed":0.0,"max_hp_gain":0.0,"max_hp_loss":0.0,"gold_gain":0.0,"event_name":"Golden Wing","player_choice":"Card Removal","floor":14.0,"gold_loss":0.0,"damage_taken":7.0},{"damage_healed":0.0,"max_hp_gain":0.0,"max_hp_loss":0.0,"gold_gain":0.0,"event_name":"Ghosts","player_choice":"Ignored","floor":20.0,"gold_loss":0.0,"damage_taken":0.0},{"damage_healed":0.0,"max_hp_gain":0.0,"max_hp_loss":0.0,"gold_gain":0.0,"event_name":"Vampires","player_choice":"Ignored","floor":22.0,"gold_loss":0.0,"damage_taken":0.0},{"damage_healed":0.0,"max_hp_gain":0.0,"max_hp_loss":0.0,"gold_gain":0.0,"event_name":"The Library","player_choice":"Read","floor":29.0,"gold_loss":0.0,"damage_taken":0.0,"cards_obtained":["Machine Learning"]},{"damage_healed":0.0,"max_hp_gain":0.0,"max_hp_loss":0.0,"gold_gain":0.0,"event_name":"Drug Dealer","player_choice":"Inject Mutagens","floor":30.0,"gold_loss":0.0,"damage_taken":0.0,"relics_obtained":["MutagenicStrength"]},{"damage_healed":0.0,"max_hp_gain":0.0,"max_hp_loss":0.0,"gold_gain":0.0,"event_name":"SensoryStone","player_choice":"Memory 1","floor":36.0,"gold_loss":0.0,"damage_taken":0.0},{"damage_healed":0.0,"max_hp_gain":0.0,"max_hp_loss":4.0,"gold_gain":0.0,"event_name":"Winding Halls","player_choice":"Max HP","floor":37.0,"gold_loss":0.0,"damage_taken":0.0},{"damage_healed":0.0,"max_hp_gain":0.0,"max_hp_loss":0.0,"gold_gain":0.0,"event_name":"Mysterious Sphere","player_choice":"Ignored","floor":39.0,"gold_loss":0.0,"damage_taken":0.0},{"damage_healed":0,"gold_gain":0,"player_choice":"Upgrade","damage_taken":0,"relics_obtained":["Mark of the Bloom"],"max_hp_gain":0,"max_hp_loss":0,"event_name":"MindBloom","floor":47,"gold_loss":0,"cards_upgraded":["Defend_B","Defend_B","Defend_B","Defend_B","Dualcast","Rebound","Leap","Coolheaded","Chill","Buffer","Glacier","Coolheaded"]}],"is_beta":false,"boss_relics":[{"not_picked":["Empty Cage","Sozu"],"picked":"Snecko Eye"},{"not_picked":["Coffee Dripper","Tiny House"],"picked":"FrozenCore"}],"items_purged_floors":[4,8,19],"is_endless":false,"potions_floor_spawned":[1,12,16,21,27,31,33,44],"ascension_level":1}}