{"host":"mqhvlr3kpxebko0t","time":1612971135,"event":{"mods":["AchievementEnabler","BaseMod","Colored Map","Colored Powertips","KOR Keyword Fix","Keyboard Shortcuts","Minty Spire (QoL Compilation)","StSLib","SuperFastMode"],"gold_per_floor":[114,39,39,54,54,92,92,129,156,168,168,51,71,111,111,194,194,207,226,244,294,109,109,121,148,148,148,168,168,168,190,190,261,261,281,86,115,44,59,59,84,84,111,146,170,186,11,26,26,26,26,26,26,26,26],"floor_reached":54,"language":"KOR","playtime":1946,"items_purged":["Strike_B","Strike_B","Defend_B","Defend_B","Defend_B"],"score":1246,"play_id":"284c680a-ead2-4ae9-bbe9-20067fa14d4e","local_time":"20210211003215","is_ascension_mode":true,"campfire_choices":[{"data":"Coolheaded","floor":7,"key":"SMITH"},{"floor":11,"key":"REST"},{"data":"Loop","floor":15,"key":"SMITH"},{"data":"Capacitor","floor":23,"key":"SMITH"},{"floor":29,"key":"REST"},{"floor":32,"key":"REST"},{"data":"Dualcast","floor":40,"key":"SMITH"},{"floor":42,"key":"RECALL"},{"data":"Sunder","floor":49,"key":"SMITH"},{"data":"Self Repair","floor":52,"key":"SMITH"}],"circlet_count":0,"master_deck":["AscendersBane","Zap+1","Dualcast+1","Coolheaded+1","Sunder+1","Go for the Eyes+1","Fusion+1","Coolheaded+1","BootSequence+1","Loop+1","Amplify+1","Undo+1","Consume+1","Capacitor+1","Turbo+1","Glacier+1","White Noise+1","Hologram+1","Conserve Battery+1","Chill+1","Self Repair+1","Fission+1"],"relics":["Cracked Core","NeowsBlessing","CeramicFish","Toxic Egg 2","Toy Ornithopter","Pear","Runic Pyramid","Cables","Philosopher\u0027s Stone","Ice Cream","Oddly Smooth Stone"],"acts_visited":["Exordium","TheCity","TheBeyond","TheEnding"],"potions_floor_usage":[13,28,31,33,37,45,50],"damage_taken":[{"damage":0,"enemies":"Small Slimes","floor":1,"turns":1},{"damage":0,"enemies":"Cultist","floor":4,"turns":1},{"damage":0,"enemies":"3 Sentries","floor":6,"turns":1},{"damage":26,"enemies":"Gremlin Nob","floor":8,"turns":4},{"damage":4,"enemies":"2 Louse","floor":10,"turns":3},{"damage":0,"enemies":"Gremlin Gang","floor":13,"turns":3},{"damage":10,"enemies":"Lagavulin","floor":14,"turns":8},{"damage":6,"enemies":"The Guardian","floor":16,"turns":12},{"damage":0,"enemies":"3 Byrds","floor":18,"turns":6},{"damage":3,"enemies":"Shell Parasite","floor":19,"turns":7},{"damage":25,"enemies":"Shelled Parasite and Fungi","floor":24,"turns":5},{"damage":35,"enemies":"Chosen and Byrds","floor":25,"turns":6},{"damage":11,"enemies":"Snecko","floor":28,"turns":7},{"damage":10,"enemies":"Sentry and Sphere","floor":31,"turns":6},{"damage":30,"enemies":"Collector","floor":33,"turns":20},{"damage":4,"enemies":"3 Shapes","floor":35,"turns":8},{"damage":6,"enemies":"3 Darklings","floor":37,"turns":7},{"damage":16,"enemies":"Writhing Mass","floor":39,"turns":9},{"damage":0,"enemies":"Mind Bloom Boss Battle","floor":41,"turns":11},{"damage":0,"enemies":"Giant Head","floor":44,"turns":15},{"damage":0,"enemies":"Sphere and 2 Shapes","floor":45,"turns":6},{"damage":0,"enemies":"Spire Growth","floor":46,"turns":9},{"damage":0,"enemies":"3 Darklings","floor":48,"turns":8},{"damage":6,"enemies":"Donu and Deca","floor":50,"turns":9},{"damage":85,"enemies":"Shield and Spear","floor":54,"turns":11}],"seed_played":"6420624201958504123","potions_obtained":[{"floor":6,"key":"AttackPotion"},{"floor":10,"key":"Energy Potion"},{"floor":14,"key":"Dexterity Potion"},{"floor":28,"key":"Regen Potion"},{"floor":35,"key":"AttackPotion"},{"floor":39,"key":"Block Potion"},{"floor":44,"key":"SneckoOil"},{"floor":46,"key":"LiquidBronze"}],"is_trial":false,"path_per_floor":["M","$","?","M","?","E","R","E","T","M","R","$","M","E","R","B",null,"M","M","?","?","$","R","M","M","T","$","M","R","?","M","R","B",null,"M","$","M","$","M","R","?","R","T","E","M","M","$","M","R","B",null,"R","$","E"],"character_chosen":"DEFECT","items_purchased":["Coolheaded+1","Capacitor","Conserve Battery+1","Self Repair"],"campfire_rested":3,"item_purchase_floors":[12,22,36,38],"current_hp_per_floor":[64,64,64,64,64,64,64,38,38,34,55,55,60,60,60,54,74,74,71,71,71,71,71,46,11,11,11,5,29,29,38,62,37,70,66,66,65,65,63,63,77,77,77,81,81,81,81,81,81,81,81,81,81,0,0],"gold":26,"neow_bonus":"THREE_ENEMY_KILL","is_daily":false,"chose_seed":false,"campfire_upgraded":6,"win_rate":0.0,"timestamp":1612971135,"path_taken":["M","$","?","?","?","E","R","E","T","M","R","$","?","E","R","BOSS","M","?","?","?","$","R","?","M","T","$","M","R","?","?","R","BOSS","M","$","?","$","M","R","?","R","T","E","M","M","$","M","R","BOSS","R","$","E"],"items_purchased_type":["Card","Card","Card","Card"],"build_version":"2020-12-22","purchased_purges":5,"victory":false,"max_hp_per_floor":[71,71,71,71,71,71,71,71,71,71,71,71,71,81,81,81,81,81,81,81,81,81,81,81,81,81,81,81,81,81,81,81,81,81,81,81,81,81,81,81,81,81,81,81,81,81,81,81,81,81,81,81,81,81,81],"card_choices":[{"not_picked":["Turbo","Skim"],"picked":"Coolheaded","floor":1},{"not_picked":["Gash","Barrage"],"picked":"Sunder","floor":4},{"not_picked":["Gash","Melter"],"picked":"Go for the Eyes","floor":6},{"not_picked":["Gash","Storm"],"picked":"Fusion+1","floor":8},{"not_picked":["Tempest+1","Amplify+1","Leap+1"],"picked":"SKIP","floor":10},{"not_picked":["Skim+1","Gash"],"picked":"BootSequence+1","floor":13},{"not_picked":["Rebound","Leap+1"],"picked":"Loop","floor":14},{"not_picked":["All For One","Hyperbeam"],"picked":"Amplify+1","floor":16},{"not_picked":["Gash","Barrage","Beam Cell"],"picked":"SKIP","floor":18},{"not_picked":["Go for the Eyes","Lockon","Coolheaded+1"],"picked":"SKIP","floor":19},{"not_picked":["Fusion+1","Scrape","Gash"],"picked":"SKIP","floor":24},{"not_picked":["Beam Cell","Compile Driver"],"picked":"Turbo+1","floor":25},{"not_picked":["Scrape","BootSequence+1"],"picked":"Glacier+1","floor":28},{"not_picked":["Gash","Rebound"],"picked":"White Noise+1","floor":31},{"not_picked":["Melter","Leap+1"],"picked":"Hologram+1","floor":35},{"not_picked":["Rebound","Conserve Battery+1"],"picked":"Chill+1","floor":37},{"not_picked":["Storm","Barrage","Hello World+1"],"picked":"SKIP","floor":39},{"not_picked":["Streamline+1","Gash","Hello World"],"picked":"SKIP","floor":44},{"not_picked":["Streamline+1","Hello World"],"picked":"Fission+1","floor":45},{"not_picked":["Redo+1","Turbo+1","Chaos+1"],"picked":"SKIP","floor":46},{"not_picked":["Conserve Battery+1","Tempest+1","Coolheaded+1"],"picked":"SKIP","floor":48}],"player_experience":704424,"relics_obtained":[{"floor":6,"key":"CeramicFish"},{"floor":8,"key":"Toxic Egg 2"},{"floor":9,"key":"Toy Ornithopter"},{"floor":14,"key":"Pear"},{"floor":26,"key":"Cables"},{"floor":41,"key":"Ice Cream"},{"floor":44,"key":"Oddly Smooth Stone"}],"event_choices":[{"damage_healed":0,"gold_gain":0,"player_choice":"Upgraded","damage_taken":0,"max_hp_gain":0,"max_hp_loss":0,"event_name":"Upgrade Shrine","floor":3,"gold_loss":0,"cards_upgraded":["Zap"]},{"cards_removed":["Strike_B"],"damage_healed":0,"gold_gain":0,"player_choice":"Offered Basic","damage_taken":0,"max_hp_gain":0,"max_hp_loss":0,"event_name":"Bonfire Elementals","floor":5,"gold_loss":0},{"damage_healed":0,"gold_gain":0,"cards_transformed":["Strike_B","Defend_B"],"player_choice":"Became Test Subject","damage_taken":0,"max_hp_gain":0,"max_hp_loss":0,"event_name":"Drug Dealer","floor":20,"gold_loss":0,"cards_obtained":["Undo","Consume"]},{"damage_healed":0,"gold_gain":100,"player_choice":"Bet on Murderer","damage_taken":0,"max_hp_gain":0,"max_hp_loss":0,"event_name":"The Joust","floor":21,"gold_loss":50},{"damage_healed":0,"gold_gain":0,"player_choice":"Forge","damage_taken":0,"max_hp_gain":0,"max_hp_loss":0,"event_name":"Accursed Blacksmith","floor":30,"gold_loss":0,"cards_upgraded":["Go for the Eyes"]},{"damage_healed":0,"gold_gain":0,"player_choice":"Fight","damage_taken":0,"max_hp_gain":0,"max_hp_loss":0,"event_name":"MindBloom","floor":41,"gold_loss":0}],"is_beta":false,"boss_relics":[{"not_picked":["Ectoplasm","Busted Crown"],"picked":"Runic Pyramid"},{"not_picked":["Calling Bell","SacredBark"],"picked":"Philosopher\u0027s Stone"}],"items_purged_floors":[2,12,22,36,47],"is_endless":false,"potions_floor_spawned":[6,10,14,16,18,24,25,28,35,39,44,46,48],"killed_by":"Shield and Spear","ascension_level":15}}