{"host":"od5ywzqo3ufwbec6","time":1612986630,"event":{"mods":["2.2 Compatiblity","AchievementEnabler","BaseMod","Conspire","Infinite Spire","JesterMod","Jorbs\u0027s Wanderer Trilogy","Minty Spire (QoL Compilation)","Replay The Spire","StSLib","The Bladedancer","The Exalted","The Judge","The Runesmith","The Sage","The Servant 0.9.4","The Trickster","Wandering Minibosses"],"gold_per_floor":[109,209,220,67,37,68,68,68,68,68,83,6,22,22,22,19,19,19,19],"floor_reached":18,"language":"RUS","playtime":971,"items_purged":[],"score":110,"play_id":"309bbc93-2396-424b-8189-ba41cbfe0aad","local_time":"20210210225030","is_ascension_mode":false,"campfire_choices":[{"data":"ReplayTheSpireMod:Shiv Toss","floor":7,"key":"SMITH"},{"floor":10,"key":"REST"},{"floor":17,"key":"REST"}],"circlet_count":0,"master_deck":["Strike_G","Strike_G","Strike_G","Strike_G","Strike_G","Defend_G","Defend_G","Defend_G","Defend_G","Defend_G","Survivor","Neutralize","Prepared","Hidden Blade","ReplayTheSpireMod:Shiv Toss+1","Hidden Blade","Deflect","conspire:DoublingDagger","Prepared","Dagger Throw"],"relics":["Ring of the Snake","Sling","PreservedInsect","conspire:Flyswatter"],"acts_visited":["Exordium"],"potions_floor_usage":[18,18],"damage_taken":[{"damage":7,"enemies":"Small Slimes","floor":1,"turns":3},{"damage":0,"enemies":"Cultist","floor":3,"turns":4},{"damage":44,"enemies":"Lagavulin","floor":6,"turns":8},{"damage":16,"enemies":"Jaw Worm","floor":11,"turns":6},{"damage":2,"enemies":"Large Slime","floor":13,"turns":11},{"damage":9,"enemies":"Exordium Thugs","floor":16,"turns":6},{"damage":57,"enemies":"Fading Forest","floor":18,"turns":9}],"seed_played":"3907844176034203421","potions_obtained":[{"floor":3,"key":"LiquidMemories"},{"floor":16,"key":"Languid Potion"}],"is_trial":false,"path_per_floor":["M","?","M","$","?","E","R","?","T","R","M","$","M","PTL","PTL","M","R","B"],"character_chosen":"THE_SILENT","items_purchased":["Sling","conspire:DoublingDagger"],"campfire_rested":2,"item_purchase_floors":[4,12],"current_hp_per_floor":[63,63,63,63,63,19,19,19,19,40,24,24,22,22,22,13,34,0,0],"gold":19,"neow_bonus":"THREE_CARDS","is_daily":false,"chose_seed":false,"campfire_upgraded":1,"win_rate":0.0,"timestamp":1612986630,"path_taken":["M","?","?","?","?","E","R","?","T","R","?","?","M","PTL","PTL","?","R","BOSS"],"items_purchased_type":["Relic","Card"],"build_version":"2020-12-22","purchased_purges":0,"victory":false,"max_hp_per_floor":[70,70,70,70,70,70,70,70,70,70,70,70,70,70,70,70,70,70,70],"card_choices":[{"not_picked":["Riddle With Holes","Bouncing Flask"],"picked":"Prepared","floor":0},{"not_picked":["Quick Slash","PiercingWail"],"picked":"Hidden Blade","floor":1},{"not_picked":["Flying Knee","Sucker Punch"],"picked":"ReplayTheSpireMod:Shiv Toss","floor":3},{"not_picked":["Backstab","Malaise"],"picked":"Hidden Blade","floor":6},{"not_picked":["Toxin Wave","Caltrops"],"picked":"Deflect","floor":11},{"not_picked":["PiercingWail","Quick Slash"],"picked":"Prepared","floor":13},{"not_picked":["PiercingWail","Outmaneuver"],"picked":"Dagger Throw","floor":16}],"player_experience":242050,"relics_obtained":[{"floor":6,"key":"PreservedInsect"},{"floor":9,"key":"conspire:Flyswatter"}],"event_choices":[{"damage_healed":0,"gold_gain":100,"player_choice":"Pray","damage_taken":0,"max_hp_gain":0,"max_hp_loss":0,"event_name":"Golden Shrine","floor":2,"gold_loss":0},{"damage_healed":0,"gold_gain":0,"player_choice":"Left Gold","damage_taken":0,"max_hp_gain":0,"max_hp_loss":0,"event_name":"World of Goop","floor":5,"gold_loss":30},{"damage_healed":0,"gold_gain":0,"player_choice":"Leave","damage_taken":0,"max_hp_gain":0,"max_hp_loss":0,"event_name":"FaceTrader","floor":8,"gold_loss":0}],"is_beta":false,"boss_relics":[],"items_purged_floors":[],"is_endless":false,"potions_floor_spawned":[3,13,16],"killed_by":"Fading Forest","ascension_level":0}}