{"host":"si2ec0wbmfkjihef","time":1612987679,"event":{"mods":["AchievementEnabler","Act Like it!","BaseMod","BetterRewards","Colored Map","Colored Powertips","Energized Spire","Evolution","Gold Saver","Highlight Path","Infinite Spire","Minty Spire (QoL Compilation)","Quick Restart","Reworked Bosses","StSLib","The Jungle"],"gold_per_floor":[325,86,86,86,86,86,100,120,120,51,51,66,78,78,78,181,181,193,193,193,193,193,193,37,37,62,62,81,92,92,92],"floor_reached":30,"language":"DEU","playtime":1068,"items_purged":[],"score":227,"play_id":"7da6f2b4-5844-4232-b3d9-827002daed49","local_time":"20210210210759","is_ascension_mode":true,"campfire_choices":[{"data":"Compile Driver","floor":6,"key":"SMITH"},{"data":"Capacitor","floor":11,"key":"SMITH"},{"floor":15,"key":"REST"},{"floor":23,"key":"REST"},{"data":"Genetic Algorithm","floor":25,"key":"SMITH"},{"data":"Static Discharge","floor":27,"key":"SMITH"}],"circlet_count":0,"master_deck":["Compile Driver+1","Compile Driver","Strike_B","Strike_B","Defend_B","Defend_B","Defend_B","Defend_B","Zap+1","Dualcast","Conserve Battery","Coolheaded","Capacitor+1","Static Discharge","Loop+1","Biased Cognition","Cold Snap","Genetic Algorithm+1","Static Discharge+1","Ball Lightning+1"],"relics":["Cracked Core","EVO:Axolotl","NeowsBlessing","Cables","Tiny Chest","Inserter","infinitespire:SolderingIron","Toy Ornithopter"],"acts_visited":["Exordium","TheCity"],"potions_floor_usage":[],"damage_taken":[{"damage":0,"enemies":"Jaw Worm","floor":1,"turns":1},{"damage":0,"enemies":"Small Slimes","floor":7,"turns":1},{"damage":0,"enemies":"2 Louse","floor":8,"turns":1},{"damage":25,"enemies":"Exordium Thugs","floor":12,"turns":5},{"damage":32,"enemies":"Gremlin Gang","floor":13,"turns":4},{"damage":36,"enemies":"The Guardian","floor":16,"turns":10},{"damage":35,"enemies":"2 Thieves","floor":18,"turns":4},{"damage":24,"enemies":"Spheric Guardian","floor":28,"turns":4},{"damage":15,"enemies":"Snake Plant","floor":29,"turns":2},{"damage":24,"enemies":"Chosen and Byrds","floor":30,"turns":4}],"seed_played":"1654193413057053150","potions_obtained":[{"floor":13,"key":"EssenceOfSteel"}],"is_trial":false,"path_per_floor":["M","$","?","?","?","R","M","M","T","$","R","M","M","?","R","B",null,"M","AVR","?","T","?","R","$","R","T","R","M","M","M"],"character_chosen":"DEFECT","items_purchased":["Cables","Capacitor","Genetic Algorithm","Static Discharge"],"campfire_rested":2,"item_purchase_floors":[2,10,24,24],"current_hp_per_floor":[75,75,75,75,75,75,75,75,75,75,75,50,18,18,40,4,75,40,40,40,40,40,62,62,62,62,62,38,23,0,0],"gold":92,"neow_bonus":"THREE_ENEMY_KILL","is_daily":false,"chose_seed":false,"campfire_upgraded":4,"win_rate":0.0,"timestamp":1612987679,"path_taken":["M","$","?","?","?","R","M","?","T","$","R","M","?","?","R","BOSS","M","AVR","?","?","?","R","$","R","T","R","M","M","?"],"items_purchased_type":["Relic","Card","Card","Card"],"build_version":"2020-12-22","purchased_purges":0,"victory":false,"max_hp_per_floor":[75,75,75,75,75,75,75,75,75,75,75,75,75,75,75,75,75,75,75,75,75,75,75,75,75,75,75,75,75,75,75],"card_choices":[{"not_picked":["Steam","Turbo","Gash"],"picked":"SKIP","floor":1},{"not_picked":["Rebound","Fusion"],"picked":"Conserve Battery","floor":7},{"not_picked":["Tempest","Go for the Eyes"],"picked":"Coolheaded","floor":8},{"not_picked":["Heatsinks","Undo"],"picked":"Static Discharge","floor":12},{"not_picked":["Reprogram","Barrage"],"picked":"Loop","floor":13},{"not_picked":["Reboot","Rainbow"],"picked":"Biased Cognition","floor":16},{"not_picked":["Force Field","Streamline"],"picked":"Cold Snap","floor":18},{"not_picked":["Sunder","Chill","Stack"],"picked":"SKIP","floor":28},{"not_picked":["Coolheaded+1","Lockon"],"picked":"Ball Lightning+1","floor":29}],"player_experience":105419,"relics_obtained":[{"floor":9,"key":"Tiny Chest"},{"floor":21,"key":"infinitespire:SolderingIron"},{"floor":26,"key":"Toy Ornithopter"}],"event_choices":[{"damage_healed":0,"gold_gain":0,"player_choice":"Grow","damage_taken":0,"max_hp_gain":0,"max_hp_loss":0,"event_name":"Living Wall","floor":3,"gold_loss":0,"cards_upgraded":["Zap"]},{"damage_healed":0,"gold_gain":0,"player_choice":"Bought 0 Potions","damage_taken":0,"max_hp_gain":0,"max_hp_loss":0,"event_name":"The Woman in Blue","floor":5,"gold_loss":0},{"damage_healed":0,"gold_gain":0,"player_choice":"Ignored","damage_taken":0,"max_hp_gain":0,"max_hp_loss":0,"event_name":"Ghosts","floor":20,"gold_loss":0},{"damage_healed":0,"gold_gain":0,"player_choice":"Forge","damage_taken":0,"max_hp_gain":0,"max_hp_loss":0,"event_name":"Accursed Blacksmith","floor":22,"gold_loss":0,"cards_upgraded":["Loop"]}],"is_beta":false,"boss_relics":[{"not_picked":["energizedSpire:UnstableMolecules","energizedSpire:SpiderWeb"],"picked":"Inserter"}],"items_purged_floors":[],"is_endless":false,"potions_floor_spawned":[1,13,16,29],"killed_by":"Chosen and Byrds","ascension_level":1}}