{"host":"nsc6ozq3atyrdr3m","time":1612997762,"event":{"mods":["BaseMod","Colored Map","Minty Spire (QoL Compilation)"],"gold_per_floor":[116,116,116,66,86,86,118,133,156,156,187,206,220,254,254,254,254],"floor_reached":16,"language":"FRA","playtime":277,"items_purged":[],"score":290,"play_id":"6f7a96ef-cd11-4cb6-af6c-809b3961d76a","local_time":"20210210235602","is_ascension_mode":true,"campfire_choices":[{"data":"Flex","floor":6,"key":"SMITH"},{"data":"Sword Boomerang","floor":10,"key":"SMITH"},{"floor":15,"key":"REST"}],"circlet_count":0,"master_deck":["AscendersBane","Strike_R","Strike_R","Strike_R","Strike_R","Strike_R","Defend_R","Defend_R","Defend_R","Defend_R","Bash","Inflame","Regret","Flex+1","Sword Boomerang+1","Twin Strike","Pommel Strike","Thunderclap"],"relics":["Burning Blood","NeowsBlessing","Strawberry","Pantograph","MealTicket","Boot","Bag of Preparation"],"acts_visited":["Exordium"],"potions_floor_usage":[14],"damage_taken":[{"damage":0,"enemies":"2 Louse","floor":1,"turns":1},{"damage":0,"enemies":"Small Slimes","floor":5,"turns":1},{"damage":0,"enemies":"3 Sentries","floor":7,"turns":2},{"damage":4,"enemies":"Cultist","floor":8,"turns":3},{"damage":27,"enemies":"Lagavulin","floor":11,"turns":6},{"damage":4,"enemies":"2 Fungi Beasts","floor":12,"turns":3},{"damage":23,"enemies":"Large Slime","floor":13,"turns":7},{"damage":14,"enemies":"Gremlin Nob","floor":14,"turns":3},{"damage":59,"enemies":"Slime Boss","floor":16,"turns":6}],"seed_played":"-8352778834000178212","potions_obtained":[{"floor":7,"key":"Fire Potion"},{"floor":11,"key":"SpeedPotion"},{"floor":12,"key":"DistilledChaos"},{"floor":14,"key":"EssenceOfSteel"}],"is_trial":false,"path_per_floor":["M","$","?","$","M","R","E","M","T","R","E","M","M","E","R","B"],"character_chosen":"IRONCLAD","items_purchased":["Flex"],"campfire_rested":1,"item_purchase_floors":[4],"current_hp_per_floor":[74,74,81,81,82,82,82,82,82,82,61,63,46,38,62,23,23],"gold":254,"neow_bonus":"THREE_ENEMY_KILL","is_daily":false,"chose_seed":false,"campfire_upgraded":2,"win_rate":0.0,"timestamp":1612997762,"path_taken":["M","$","?","$","M","R","E","M","T","R","E","M","M","E","R","BOSS"],"items_purchased_type":["Card"],"build_version":"2020-12-22","purchased_purges":0,"victory":false,"max_hp_per_floor":[75,75,82,82,82,82,82,82,82,82,82,82,82,82,82,82,82],"card_choices":[{"not_picked":["Armaments","Second Wind"],"picked":"Inflame","floor":1},{"not_picked":["Clothesline","Sever Soul","Feel No Pain"],"picked":"SKIP","floor":5},{"not_picked":["Disarm","Sever Soul"],"picked":"Sword Boomerang","floor":7},{"not_picked":["True Grit","Combust"],"picked":"Twin Strike","floor":8},{"not_picked":["True Grit","Feel No Pain","Rupture"],"picked":"SKIP","floor":11},{"not_picked":["Twin Strike","Body Slam"],"picked":"Pommel Strike","floor":12},{"not_picked":["Combust","Havoc","True Grit"],"picked":"SKIP","floor":13},{"not_picked":["Sentinel","Warcry"],"picked":"Thunderclap","floor":14}],"player_experience":390459,"relics_obtained":[{"floor":7,"key":"Pantograph"},{"floor":9,"key":"MealTicket"},{"floor":11,"key":"Boot"},{"floor":14,"key":"Bag of Preparation"}],"event_choices":[{"damage_healed":0,"gold_gain":0,"player_choice":"Box","damage_taken":0,"relics_obtained":["Strawberry"],"max_hp_gain":0,"max_hp_loss":0,"event_name":"Big Fish","floor":3,"gold_loss":0,"cards_obtained":["Regret"]}],"is_beta":false,"boss_relics":[],"items_purged_floors":[],"is_endless":false,"potions_floor_spawned":[7,11,12,13,14],"killed_by":"Slime Boss","ascension_level":20}}