{"host":"2kfsro7skzomnm41","time":1612916503,"event":{"mods":["AchievementEnabler","BaseMod","Googly Eyes","Highlight Path","Minty Spire (QoL Compilation)","StSLib"],"gold_per_floor":[117,129,140,151,151,151,180,68,144,144,164,164,182,13,13,108,108,127,127,117,117,117,143,155,202,214,246,258,301,327,354,366,475,487,512,538,46,59,72,72,401,414,438,470,516,531,21,40,40,40,40,40,40,72,72,72],"floor_reached":55,"language":"ENG","playtime":4182,"items_purged":["Strike_G","Setup","Skewer+1"],"score":1404,"play_id":"2950ff6c-082d-49d1-9fa7-6215c0ab1737","local_time":"20210209192143","is_ascension_mode":true,"campfire_choices":[{"data":"Neutralize","floor":6.0,"key":"SMITH"},{"data":"Skewer","floor":10.0,"key":"SMITH"},{"data":"Noxious Fumes","floor":12.0,"key":"SMITH"},{"floor":15.0,"key":"REST"},{"data":"Crippling Poison","floor":24,"key":"SMITH"},{"data":"Catalyst","floor":32,"key":"SMITH"},{"data":"Burst","floor":40,"key":"SMITH"},{"floor":49,"key":"RECALL"},{"data":"Catalyst","floor":52,"key":"SMITH"}],"circlet_count":0,"master_deck":["AscendersBane","Survivor","Neutralize+1","Cloak And Dagger","Dagger Throw","Sucker Punch","Escape Plan","Noxious Fumes+1","Crippling Poison+1","Backflip","Phantasmal Killer","Finesse","Cloak And Dagger+1","Backflip","Prepared+1","Underhanded Strike","Terror","Ghostly","Ghostly","Ghostly","Ghostly","Ghostly","Catalyst+1","Doppelganger","Crippling Poison","Backflip","Bouncing Flask+1","Burst+1","Heel Hook","Catalyst+1","Sucker Punch","Burst","Backflip+1","Master of Strategy","Acrobatics","Acrobatics","Malaise","PiercingWail","Madness","Escape Plan+1"],"relics":["Ring of the Snake","NeowsBlessing","Turnip","Pantograph","Coffee Dripper","MawBank","Bottled Flame","Happy Flower","Vajra","Pandora\u0027s Box","Boot","Old Coin","Bag of Preparation","Bird Faced Urn","Ice Cream","White Beast Statue"],"acts_visited":["Exordium","TheCity","TheBeyond","TheEnding"],"potions_floor_usage":[16,23,29,33,33,45,50,50],"damage_taken":[{"damage":0.0,"enemies":"Small Slimes","floor":1.0,"turns":1.0},{"damage":0.0,"enemies":"Jaw Worm","floor":2.0,"turns":1.0},{"damage":0.0,"enemies":"2 Louse","floor":3.0,"turns":1.0},{"damage":3.0,"enemies":"Looter","floor":4.0,"turns":4.0},{"damage":43.0,"enemies":"Gremlin Nob","floor":7.0,"turns":6.0},{"damage":0.0,"enemies":"Blue Slaver","floor":11.0,"turns":4.0},{"damage":0.0,"enemies":"Large Slime","floor":13.0,"turns":4.0},{"damage":22,"enemies":"The Guardian","floor":16,"turns":9},{"damage":12,"enemies":"Spheric Guardian","floor":18,"turns":6},{"damage":10,"enemies":"2 Thieves","floor":20,"turns":4},{"damage":3,"enemies":"Slavers","floor":23,"turns":6},{"damage":0,"enemies":"Gremlin Leader","floor":25,"turns":6},{"damage":1,"enemies":"Sentry and Sphere","floor":27,"turns":5},{"damage":13,"enemies":"Slavers","floor":29,"turns":7},{"damage":2,"enemies":"3 Cultists","floor":30,"turns":6},{"damage":2,"enemies":"Centurion and Healer","floor":31,"turns":6},{"damage":27,"enemies":"Collector","floor":33,"turns":8},{"damage":0,"enemies":"Orb Walker","floor":35,"turns":3},{"damage":0,"enemies":"3 Shapes","floor":36,"turns":4},{"damage":1,"enemies":"Writhing Mass","floor":38,"turns":3},{"damage":1,"enemies":"Jaw Worm Horde","floor":39,"turns":4},{"damage":0,"enemies":"Giant Head","floor":41,"turns":4},{"damage":0,"enemies":"Transient","floor":42,"turns":4},{"damage":0,"enemies":"Nemesis","floor":44,"turns":5},{"damage":6,"enemies":"2 Orb Walkers","floor":45,"turns":5},{"damage":15,"enemies":"Writhing Mass","floor":46,"turns":7},{"damage":5,"enemies":"3 Darklings","floor":48,"turns":4},{"damage":9,"enemies":"Awakened One","floor":50,"turns":11},{"damage":5,"enemies":"Shield and Spear","floor":54,"turns":7},{"damage":39,"enemies":"The Heart","floor":55,"turns":8}],"seed_played":"-3351044923585517821","potions_obtained":[{"floor":2.0,"key":"LiquidBronze"},{"floor":3.0,"key":"Weak Potion"},{"floor":4.0,"key":"DistilledChaos"},{"floor":11.0,"key":"SkillPotion"},{"floor":20,"key":"Poison Potion"},{"floor":27,"key":"CunningPotion"},{"floor":30,"key":"SkillPotion"},{"floor":35,"key":"Fire Potion"},{"floor":39,"key":"Fire Potion"},{"floor":45,"key":"Fire Potion"}],"is_trial":false,"path_per_floor":["M","M","M","M","?","R","E","$","T","R","M","R","M","$","R","B",null,"M","?","M","?","?","E","R","E","T","M","?","E","M","M","R","B",null,"M","M","$","M","M","R","E","M","T","E","?","M","$","M","R","B",null,"R","$","E","B"],"character_chosen":"THE_SILENT","items_purchased":["Noxious Fumes","Crippling Poison","Finesse","Boot","Master of Strategy","Acrobatics","Ice Cream","Madness"],"campfire_rested":1,"item_purchase_floors":[8,8,14,37,37,37,47,47],"current_hp_per_floor":[63,63,63,60,60,60,17,17,17,17,17,17,17,17,38,41,63,51,51,41,41,35,32,32,32,32,31,31,18,16,14,14,8,28,28,28,28,27,26,26,26,26,26,26,20,5,5,2,2,20,31,31,31,28,0,0],"gold":72,"neow_bonus":"THREE_ENEMY_KILL","is_daily":false,"chose_seed":false,"campfire_upgraded":7,"win_rate":0.0,"timestamp":1612916503,"path_taken":["M","M","M","M","?","R","E","$","T","R","M","R","M","$","R","BOSS","M","?","M","?","?","E","R","E","T","M","?","E","M","M","R","BOSS","M","M","$","M","M","R","E","M","T","E","?","M","$","M","R","BOSS","R","$","E","BOSS"],"items_purchased_type":["Card","Card","Card","Relic","Card","Card","Relic","Card"],"build_version":"2020-12-22","purchased_purges":3,"victory":false,"max_hp_per_floor":[70,70,70,70,70,70,70,70,70,70,70,70,70,70,70,70,70,70,70,70,70,35,35,35,35,35,35,35,35,35,35,35,35,35,35,35,35,35,35,35,35,35,35,35,35,35,35,35,35,35,35,35,35,35,35,35],"card_choices":[{"not_picked":["Bane","Underhanded Strike"],"picked":"Cloak And Dagger","floor":1.0},{"not_picked":["Slice","Deadly Poison"],"picked":"Dagger Throw","floor":2.0},{"not_picked":["Prepared","Finisher"],"picked":"Sucker Punch","floor":3.0},{"not_picked":["Flying Knee","Underhanded Strike"],"picked":"Escape Plan","floor":4.0},{"not_picked":["Choke","Acrobatics"],"picked":"Skewer","floor":7.0},{"not_picked":["Outmaneuver","Sucker Punch"],"picked":"Backflip","floor":11.0},{"not_picked":["Outmaneuver","Blade Dance"],"picked":"Phantasmal Killer","floor":13.0},{"not_picked":["Predator","Flying Knee"],"picked":"Cloak And Dagger+1","floor":18},{"not_picked":["Caltrops+1","Quick Slash"],"picked":"Prepared+1","floor":20},{"not_picked":["PiercingWail+1","Flying Knee"],"picked":"Catalyst","floor":23},{"not_picked":["A Thousand Cuts","Cloak And Dagger","Outmaneuver+1"],"picked":"SKIP","floor":25},{"not_picked":["Cloak And Dagger","Sucker Punch"],"picked":"Doppelganger","floor":27},{"not_picked":["Outmaneuver+1","Backstab"],"picked":"Crippling Poison","floor":29},{"not_picked":["Dagger Throw+1","Outmaneuver"],"picked":"Backflip","floor":30},{"not_picked":["Eviscerate","Flying Knee"],"picked":"Bouncing Flask+1","floor":31},{"not_picked":["Sucker Punch+1","Prepared"],"picked":"Backflip+1","floor":35},{"not_picked":["Masterful Stab+1","Dagger Throw+1","All Out Attack"],"picked":"SKIP","floor":36},{"not_picked":["Slice+1","Acrobatics","Predator+1"],"picked":"SKIP","floor":38},{"not_picked":["Dodge and Roll+1","Leg Sweep","Blade Dance"],"picked":"SKIP","floor":39},{"not_picked":["Caltrops+1","Reflex"],"picked":"Acrobatics","floor":41},{"not_picked":["Quick Slash+1","Dagger Throw+1","Sucker Punch"],"picked":"SKIP","floor":42},{"not_picked":["Sucker Punch","Dagger Spray+1"],"picked":"Malaise","floor":44},{"not_picked":["Choke","Poisoned Stab"],"picked":"PiercingWail","floor":45},{"not_picked":["Backstab+1","Deflect+1","Backflip"],"picked":"SKIP","floor":46},{"not_picked":["Dagger Spray+1","Quick Slash"],"picked":"Escape Plan+1","floor":48},{"not_picked":["Poisoned Stab","Quick Slash+1","All Out Attack+1"],"picked":"SKIP","floor":54}],"player_experience":297596,"relics_obtained":[{"floor":7.0,"key":"Turnip"},{"floor":9.0,"key":"Pantograph"},{"floor":23,"key":"MawBank"},{"floor":25,"key":"Bottled Flame"},{"floor":26,"key":"Happy Flower"},{"floor":29,"key":"Vajra"},{"floor":41,"key":"Old Coin"},{"floor":44,"key":"Bag of Preparation"},{"floor":45,"key":"Bird Faced Urn"},{"floor":54,"key":"White Beast Statue"}],"event_choices":[{"damage_healed":0.0,"max_hp_gain":0.0,"max_hp_loss":0.0,"gold_gain":0.0,"event_name":"Liars Game","player_choice":"Ignored","floor":5.0,"gold_loss":0.0,"damage_taken":0.0},{"damage_healed":0,"gold_gain":0,"player_choice":"Read","damage_taken":0,"max_hp_gain":0,"max_hp_loss":0,"event_name":"The Library","floor":19,"gold_loss":0,"cards_obtained":["Backflip"]},{"damage_healed":0,"gold_gain":0,"cards_transformed":["Strike_G","Strike_G"],"player_choice":"Became Test Subject","damage_taken":0,"max_hp_gain":0,"max_hp_loss":0,"event_name":"Drug Dealer","floor":21,"gold_loss":0,"cards_obtained":["Underhanded Strike","Terror"]},{"damage_healed":0,"gold_gain":0,"player_choice":"Became a Ghost","damage_taken":0,"max_hp_gain":0,"max_hp_loss":35,"event_name":"Ghosts","floor":22,"gold_loss":0,"cards_obtained":["Ghostly","Ghostly","Ghostly","Ghostly","Ghostly"]},{"cards_removed":["Defend_G"],"damage_healed":0,"gold_gain":0,"player_choice":"Elegance","damage_taken":0,"max_hp_gain":0,"max_hp_loss":0,"event_name":"Back to Basics","floor":28,"gold_loss":0},{"damage_healed":0,"gold_gain":0,"player_choice":"Fight","damage_taken":0,"max_hp_gain":0,"max_hp_loss":0,"event_name":"Mysterious Sphere","floor":45,"gold_loss":0}],"is_beta":false,"boss_relics":[{"not_picked":["Runic Dome","Black Star"],"picked":"Coffee Dripper"},{"not_picked":["Philosopher\u0027s Stone","Snecko Eye"],"picked":"Pandora\u0027s Box"}],"items_purged_floors":[14,37,47],"is_endless":false,"potions_floor_spawned":[2,3,4,11,20,27,30,31,35,39,44,45],"killed_by":"The Heart","ascension_level":11}}