{"host":"coame8l8goqx0svj","time":1612952519,"event":{"mods":["BaseMod","Downfall","Minty Spire (QoL Compilation)","StSLib"],"gold_per_floor":[99,118,131,231,231,231,277,295,312,212,512,512,539,159,169,273,273,173,187,201,276,293,278,302,314,314,324,21,49,49,49,49,152,152,152,152,202,218,241,257,283,302,302,327,338,33,33,33,43,43],"floor_reached":51,"language":"ENG","playtime":3414,"items_purged":["bronze:Strike"],"score":823,"play_id":"40c72130-3b45-47de-8644-5a144afc07ff","local_time":"20210210112159","is_ascension_mode":true,"campfire_choices":[{"data":"bronze:Replicate","floor":1.0,"key":"SMITH"},{"floor":6.0,"key":"REST"},{"floor":10.0,"key":"REST"},{"data":"bronze:MaxOutput","floor":12.0,"key":"SMITH"},{"data":"bronze:BurnOut","floor":18.0,"key":"SMITH"},{"data":"bronze:Spike","floor":30.0,"key":"SMITH"},{"data":"bronze:Hardcode","floor":35.0,"key":"SMITH"},{"floor":43.0,"key":"REST"},{"floor":47.0,"key":"REST"}],"circlet_count":0,"master_deck":["bronze:Strike","bronze:Defend","bronze:Defend","bronze:Defend","bronze:Defend","bronze:Replicate+1","bronze:Goto","bronze:WildBeam","bronze:Shield","bronze:ItsAFeature","bronze:Spike+1","bronze:Flail","bronze:MaxOutput+1","downfall:Icky","downfall:Icky","bronze:AlphaBuild","bronze:ItsAFeature","bronze:BurnOut+1","bronze:FineTuning+1","bronze:Frontload+1","bronze:Format","bronze:Constructor","bronze:FineTuning+1","CurseOfTheBell","bronze:FunctionCard","bronze:MaxOutput+1","bronze:Constructor+1","bronze:Optimize+1","bronze:BronzeOrb","bronze:BuggyMess","bronze:ItsAFeature","bronze:BuggyMess+1"],"relics":["bronze:BronzeCore","downfall:HeartBlessingBlue","Boot","Regal Pillow","Medical Kit","bronze:MakeshiftBattery","downfall:HeartBlessingGreen","Centennial Puzzle","MutagenicStrength","champ:DuelingGlove","Potion Belt","Calling Bell","Question Card","Lizard Tail","Happy Flower","bronze:BottledCode","Girya","bronze:CableSpool","Bag of Marbles","Bird Faced Urn","Mango"],"acts_visited":["Exordium","TheCity","TheBeyond"],"potions_floor_usage":[50],"damage_taken":[{"damage":5.0,"enemies":"2 Louse","floor":2.0,"turns":2.0},{"damage":0.0,"enemies":"Cultist","floor":3.0,"turns":3.0},{"damage":24.0,"enemies":"Cultist","floor":5.0,"turns":6.0},{"damage":2.0,"enemies":"Jaw Worm","floor":8.0,"turns":3.0},{"damage":7.0,"enemies":"Exordium Thugs","floor":9.0,"turns":4.0},{"damage":13.0,"enemies":"3 Sentries","floor":13.0,"turns":8.0},{"damage":0.0,"enemies":"downfall:FleeingMerchant","floor":14.0,"turns":4.0},{"damage":3.0,"enemies":"Blue Slaver","floor":15.0,"turns":3.0},{"damage":22.0,"enemies":"SI_SHIV_ARCHETYPE","floor":16.0,"turns":9.0},{"damage":6.0,"enemies":"Shell Parasite","floor":19.0,"turns":2.0},{"damage":0.0,"enemies":"3 Byrds","floor":20.0,"turns":3.0},{"damage":12.0,"enemies":"3 Cultists","floor":22.0,"turns":3.0},{"damage":3.0,"enemies":"downfall:FleeingMerchant","floor":23.0,"turns":4.0},{"damage":0.0,"enemies":"Centurion and Healer","floor":25.0,"turns":6.0},{"damage":7.0,"enemies":"Snake Plant","floor":27.0,"turns":3.0},{"damage":0.0,"enemies":"downfall:FleeingMerchant","floor":28.0,"turns":4.0},{"damage":0.0,"enemies":"Book of Stabbing","floor":29.0,"turns":5.0},{"damage":0.0,"enemies":"3 Cultists","floor":32.0,"turns":1.0},{"damage":6.0,"enemies":"DF_ARCHETYPE_CLAW","floor":33.0,"turns":6.0},{"damage":22.0,"enemies":"DF_ARCHETYPE_CLAW","floor":37.0,"turns":7.0},{"damage":33.0,"enemies":"3 Shapes","floor":38.0,"turns":1.0},{"damage":0.0,"enemies":"downfall:FleeingMerchant","floor":39.0,"turns":1.0},{"damage":0.0,"enemies":"Orb Walker","floor":40.0,"turns":3.0},{"damage":31.0,"enemies":"Jaw Worm Horde","floor":42.0,"turns":6.0},{"damage":26.0,"enemies":"Giant Head","floor":44.0,"turns":8.0},{"damage":10.0,"enemies":"Maw","floor":45.0,"turns":7.0},{"damage":27.0,"enemies":"Spire Growth","floor":49.0,"turns":3.0},{"damage":37,"enemies":"WA_ARCHETYPE_DIVINITY","floor":50,"turns":14}],"seed_played":"3257330848578873877","potions_obtained":[{"floor":5.0,"key":"Swift Potion"},{"floor":8.0,"key":"Dexterity Potion"},{"floor":13.0,"key":"Weak Potion"},{"floor":15.0,"key":"SmokeBomb"},{"floor":29.0,"key":"Explosive Potion"},{"floor":31.0,"key":"bronze:BuildAFunctionPotion"},{"floor":31.0,"key":"champ:CounterPotion"},{"floor":31.0,"key":"Ancient Potion"},{"floor":33.0,"key":"DuplicationPotion"},{"floor":37.0,"key":"champ:CounterPotion"},{"floor":38.0,"key":"hexamod:SoulburnPotion"},{"floor":40.0,"key":"SkillPotion"},{"floor":49.0,"key":"SneckoOil"}],"is_trial":false,"path_per_floor":["R","M","M","?","?","R","T","M","M","R","?","R","E","$","M","B",null,"R","M","M","?","M","$","T","M","?","M","$","E","R","?","M","B",null,"R","?","?","M","?","M","T","M","R","E","M","$","R","?","M","B",null],"character_chosen":"THE_AUTOMATON","items_purchased":["bronze:ItsAFeature","Regal Pillow","Medical Kit","champ:DuelingGlove","bronze:CableSpool","Mango"],"campfire_rested":4,"item_purchase_floors":[14,14,14,28,39,46],"current_hp_per_floor":[49,44,44,44,20,41,41,39,32,66,66,66,53,53,50,28,80,80,74,74,74,62,59,59,59,59,52,52,52,52,52,52,46,80,80,70,48,15,15,15,15,19,55,29,31,45,84,84,59,38],"gold":43,"neow_bonus":"TRANSFORM_TWO_CARDS","is_daily":false,"chose_seed":false,"campfire_upgraded":5,"win_rate":0.0,"timestamp":1612952519,"path_taken":["R","M","M","?","?","R","T","M","M","R","?","R","E","$","M","BOSS","R","M","M","?","M","$","T","?","?","M","$","E","R","?","M","BOSS","R","?","?","M","?","M","T","M","R","E","M","$","R","?","M","BOSS"],"items_purchased_type":["Card","Relic","Relic","Relic","Relic","Relic"],"build_version":"2020-12-22","purchased_purges":1,"victory":true,"max_hp_per_floor":[70,70,70,70,70,70,70,70,70,80,80,80,80,80,80,80,80,80,80,80,80,80,80,80,80,80,80,80,80,80,80,80,80,80,80,70,70,70,70,70,70,70,70,70,70,84,84,84,84,84],"card_choices":[{"not_picked":["bronze:Branch","bronze:WildBeam"],"picked":"bronze:Shield","floor":2.0},{"not_picked":["bronze:Invalidate","bronze:Flail"],"picked":"bronze:ItsAFeature","floor":3.0},{"not_picked":[],"picked":"bronze:Spike","floor":5.0},{"not_picked":[],"picked":"bronze:DazingPulse","floor":5.0},{"not_picked":["bronze:BugBarrage","bronze:Branch"],"picked":"bronze:Flail","floor":8.0},{"not_picked":["bronze:Flail","bronze:ClassDefault"],"picked":"bronze:MaxOutput","floor":9.0},{"not_picked":["bronze:OilSpill","bronze:DigitalCarnage","bronze:Invalidate"],"picked":"SKIP","floor":13.0},{"not_picked":["bronze:DigitalCarnage","bronze:Overheat"],"picked":"bronze:AlphaBuild","floor":14.0},{"not_picked":["bronze:CloningBeam","bronze:BitShift","bronze:DelayedSlice"],"picked":"SKIP","floor":15.0},{"not_picked":["bronze:Virus","bronze:HardenedForm"],"picked":"bronze:BurnOut","floor":16.0},{"not_picked":["bronze:Branch","bronze:Boost","bronze:Overload+1"],"picked":"SKIP","floor":19.0},{"not_picked":["bronze:Repulsor","bronze:Shell"],"picked":"bronze:FineTuning+1","floor":20.0},{"not_picked":["bronze:BugBarrage","bronze:Overheat"],"picked":"bronze:Frontload+1","floor":22.0},{"not_picked":["bronze:Overheat","bronze:Separator","bronze:Backtrace"],"picked":"SKIP","floor":23.0},{"not_picked":["bronze:Branch","bronze:InfiniteBeams+1"],"picked":"bronze:Format","floor":25.0},{"not_picked":["bronze:WhirlingStrike","bronze:Separator"],"picked":"bronze:Constructor","floor":27.0},{"not_picked":["bronze:Constructor","bronze:Boost","bronze:Frontload"],"picked":"SKIP","floor":28.0},{"not_picked":["bronze:ForceShield","bronze:OilSpill"],"picked":"bronze:FineTuning+1","floor":29.0},{"not_picked":["bronze:TinkerersToolbox","bronze:AlphaBuild"],"picked":"bronze:Hardcode","floor":33.0},{"not_picked":["bronze:ForceShield","bronze:Iterate+1","bronze:Separator+1"],"picked":"bronze:MaxOutput+1","floor":37.0},{"not_picked":["bronze:WhirlingStrike+1","bronze:Mutator","bronze:CloningBeam"],"picked":"bronze:Constructor+1","floor":38.0},{"not_picked":["bronze:CloningBeam+1","bronze:CutThrough+1","bronze:Overload","bronze:WildBeam"],"picked":"SKIP","floor":39.0},{"not_picked":["bronze:DelayedSlice+1","bronze:OilSpill","bronze:Virus"],"picked":"bronze:Optimize+1","floor":40.0},{"not_picked":["bronze:Deprecate","bronze:OilSpill","bronze:DelayedSlice"],"picked":"bronze:BronzeOrb","floor":42.0},{"not_picked":["bronze:Flail+1","bronze:Boost","bronze:BugBarrage"],"picked":"bronze:BuggyMess","floor":44.0},{"not_picked":["bronze:Branch","bronze:OilSpill","bronze:Shield"],"picked":"bronze:ItsAFeature","floor":45.0},{"not_picked":["bronze:BitShift+1","bronze:NullPointer+1","bronze:OilSpill"],"picked":"bronze:BuggyMess+1","floor":49.0}],"player_experience":1777136,"relics_obtained":[{"floor":13.0,"key":"Boot"},{"floor":24.0,"key":"Centennial Puzzle"},{"floor":29.0,"key":"Potion Belt"},{"floor":34.0,"key":"Question Card"},{"floor":34.0,"key":"Lizard Tail"},{"floor":34.0,"key":"Happy Flower"},{"floor":37.0,"key":"Girya"},{"floor":41.0,"key":"Bag of Marbles"},{"floor":44.0,"key":"Bird Faced Urn"}],"event_choices":[{"damage_healed":0.0,"max_hp_gain":0.0,"max_hp_loss":0.0,"gold_gain":0.0,"event_name":"Drug Dealer","player_choice":"Inject Mutagens","floor":26.0,"gold_loss":0.0,"damage_taken":0.0,"relics_obtained":["MutagenicStrength"]},{"damage_healed":0.0,"max_hp_gain":0.0,"max_hp_loss":0.0,"gold_gain":0.0,"event_name":"Lab","player_choice":"Got Potions","floor":31.0,"gold_loss":0.0,"damage_taken":0.0}],"is_beta":false,"boss_relics":[{"not_picked":["Snecko Eye","bronze:ElectromagneticCoil"],"picked":"bronze:MakeshiftBattery"},{"not_picked":["Coffee Dripper","Philosopher\u0027s Stone"],"picked":"Calling Bell"}],"items_purged_floors":[39],"is_endless":false,"potions_floor_spawned":[5,8,13,15,19,25,27,29,33,37,38,40,49],"ascension_level":3}}