{"host":"sum4dy402bbv9y4o","time":1612992773,"event":{"mods":["Aspiration","BaseMod","Conspire","Highlight Path","Minty Spire (QoL Compilation)","StSLib"],"gold_per_floor":[116,31,50,50,50,50,117,137,137,148,178,192,292,307,307,384,384,403,416,331,5,17,52,52,77,104,104,119,119,119],"floor_reached":29,"language":"ENG","playtime":1110,"items_purged":[],"score":750,"play_id":"9c3f0570-f06d-43a0-ad9d-de02fe901246","local_time":"20210211003253","is_ascension_mode":true,"campfire_choices":[{"data":"Eruption","floor":6,"key":"SMITH"},{"floor":15,"key":"REST"},{"data":"TalkToTheHand","floor":24,"key":"SMITH"},{"data":"TalkToTheHand","floor":27,"key":"SMITH"}],"circlet_count":0,"master_deck":["AscendersBane","conspire:GhostlyStrike","conspire:GhostlyStrike","conspire:GhostlyStrike","conspire:GhostlyDefend","conspire:GhostlyDefend","conspire:GhostlyDefend","Eruption+1","Vigilance","Normality","DevaForm","WaveOfTheHand","CrushJoints","TalkToTheHand+1","EmptyFist","TalkToTheHand+1","EmptyFist","Halt","FollowUp","SandsOfTime","CutThroughFate","BowlingBash+1","LessonLearned","FlurryOfBlows","FlurryOfBlows","Protect","EmptyFist","Protect+1","Tantrum","FlurryOfBlows"],"relics":["PureWater","Mercury Hourglass","Prayer Wheel","Bottled Lightning","Happy Flower","aspiration:SeaSaltIceCream","NeowsBlessing","aspiration:Lifesprig","Damaru","aspiration:HiddenCompartment"],"acts_visited":["Exordium","TheCity"],"potions_floor_usage":[7,7,7,16,16,29],"damage_taken":[{"damage":6,"enemies":"2 Louse","floor":1,"turns":3},{"damage":4,"enemies":"Small Slimes","floor":3,"turns":5},{"damage":12,"enemies":"3 Sentries","floor":7,"turns":5},{"damage":0,"enemies":"Cultist","floor":8,"turns":2},{"damage":7,"enemies":"Large Slime","floor":10,"turns":4},{"damage":17,"enemies":"Lagavulin","floor":11,"turns":5},{"damage":1,"enemies":"Exordium Wildlife","floor":12,"turns":3},{"damage":4,"enemies":"3 Louse","floor":14,"turns":2},{"damage":0,"enemies":"Slime Boss","floor":16,"turns":5},{"damage":17,"enemies":"Chosen","floor":18,"turns":4},{"damage":0,"enemies":"3 Byrds","floor":19,"turns":4},{"damage":0,"enemies":"Centurion and Healer","floor":22,"turns":1},{"damage":0,"enemies":"Book of Stabbing","floor":23,"turns":1},{"damage":0,"enemies":"Slavers","floor":25,"turns":1},{"damage":2,"enemies":"Snecko","floor":28,"turns":6},{"damage":48,"enemies":"Book of Stabbing","floor":29,"turns":5}],"seed_played":"4166623009746341939","potions_obtained":[{"floor":1,"key":"EntropicBrew"},{"floor":11,"key":"FearPotion"},{"floor":14,"key":"AttackPotion"},{"floor":16,"key":"Ancient Potion"},{"floor":23,"key":"SpeedPotion"}],"is_trial":false,"path_per_floor":["M","$","M","?","?","R","E","M","T","M","E","M","?","M","R","B",null,"M","M","?","$","M","E","R","E","T","R","M","E"],"character_chosen":"WATCHER","items_purchased":["TalkToTheHand","aspiration:SeaSaltIceCream","EmptyFist"],"campfire_rested":1,"item_purchase_floors":[2,21,21],"current_hp_per_floor":[55,55,51,51,51,51,39,39,39,32,15,14,14,10,30,30,59,42,42,42,42,42,42,42,42,42,42,40,0,0],"gold":119,"neow_bonus":"TRANSFORM_TWO_CARDS","is_daily":false,"chose_seed":false,"campfire_upgraded":3,"win_rate":0.0,"timestamp":1612992773,"path_taken":["M","$","M","?","?","R","E","M","T","M","E","M","?","M","R","BOSS","M","?","?","$","M","E","R","E","T","R","M","E"],"items_purchased_type":["Card","Relic","Card"],"build_version":"2020-12-22","purchased_purges":0,"victory":false,"max_hp_per_floor":[68,68,68,68,68,68,68,68,68,68,68,68,68,68,68,68,68,68,68,68,68,68,68,68,68,68,68,68,68,68],"card_choices":[{"not_picked":["ClearTheMind","BowlingBash"],"picked":"CrushJoints","floor":1},{"not_picked":["Sanctity","CrushJoints"],"picked":"EmptyFist","floor":3},{"not_picked":["ThirdEye","Crescendo"],"picked":"TalkToTheHand","floor":7},{"not_picked":["LikeWater","BowlingBash"],"picked":"EmptyFist","floor":8},{"not_picked":["Meditate","Brilliance"],"picked":"Halt","floor":10},{"not_picked":["Worship","Evaluate","SignatureMove"],"picked":"SKIP","floor":10},{"not_picked":["Omniscience","ReachHeaven"],"picked":"FollowUp","floor":11},{"not_picked":["Evaluate","SashWhip"],"picked":"SandsOfTime","floor":12},{"not_picked":["LikeWater","Crescendo","CrushJoints"],"picked":"SKIP","floor":12},{"not_picked":["InnerPeace","Crescendo"],"picked":"CutThroughFate","floor":14},{"not_picked":["Swivel","Crescendo"],"picked":"BowlingBash","floor":14},{"not_picked":["Vault","DeusExMachina"],"picked":"LessonLearned","floor":16},{"not_picked":["Halt","CutThroughFate"],"picked":"FlurryOfBlows","floor":18},{"not_picked":["Consecrate","FollowUp"],"picked":"FlurryOfBlows","floor":18},{"not_picked":["CrushJoints","Prostrate"],"picked":"Protect","floor":19},{"not_picked":["JustLucky+1","BowlingBash","ThirdEye"],"picked":"SKIP","floor":19},{"not_picked":["JustLucky","ThirdEye","Vault"],"picked":"SKIP","floor":22},{"not_picked":["SashWhip","Prostrate","Halt"],"picked":"SKIP","floor":22},{"not_picked":["ThirdEye","Prostrate"],"picked":"Protect+1","floor":23},{"not_picked":["FlyingSleeves","Perseverance"],"picked":"Tantrum","floor":25},{"not_picked":["Consecrate+1","BattleHymn"],"picked":"FlurryOfBlows","floor":28},{"not_picked":["ClearTheMind","PathToVictory","Wallop"],"picked":"SKIP","floor":28}],"player_experience":3090951,"relics_obtained":[{"floor":7,"key":"Mercury Hourglass"},{"floor":9,"key":"Prayer Wheel"},{"floor":11,"key":"Bottled Lightning"},{"floor":23,"key":"aspiration:Lifesprig"},{"floor":25,"key":"Damaru"},{"floor":26,"key":"aspiration:HiddenCompartment"}],"event_choices":[{"damage_healed":0,"gold_gain":0,"player_choice":"Agree","damage_taken":0,"max_hp_gain":0,"max_hp_loss":0,"event_name":"conspire:LoneGhost","floor":4,"gold_loss":0},{"damage_healed":0,"gold_gain":100,"player_choice":"Gold","damage_taken":0,"max_hp_gain":0,"max_hp_loss":0,"event_name":"Wheel of Change","floor":13,"gold_loss":0},{"damage_healed":0,"gold_gain":0,"player_choice":"Obtained Relic","damage_taken":0,"relics_obtained":["Happy Flower"],"max_hp_gain":0,"max_hp_loss":0,"event_name":"Addict","floor":20,"gold_loss":85}],"is_beta":false,"boss_relics":[{"not_picked":["conspire:SeveredTorchhead","conspire:SlowCooker","Coffee Dripper"]}],"items_purged_floors":[],"is_endless":false,"potions_floor_spawned":[1,11,14,16,23],"killed_by":"Book of Stabbing","ascension_level":20}}