{"host":"epc8efk9vrywpcsw","time":1612978897,"event":{"mods":["BaseMod","Minty Spire (QoL Compilation)","Relic Stats","StSLib"],"gold_per_floor":[110,124,124,199,54,54,84,84,84,116,116,266,266,266,278,290,290],"floor_reached":16,"language":"ENG","playtime":218,"items_purged":[],"score":239,"play_id":"e77cf6f4-a612-4df6-980f-1883e5543f02","local_time":"20210210184137","is_ascension_mode":true,"campfire_choices":[{"data":"White Noise","floor":6,"key":"SMITH"},{"data":"Storm","floor":8,"key":"SMITH"},{"floor":15,"key":"REST"}],"circlet_count":0,"master_deck":["AscendersBane","Strike_B","Strike_B","Strike_B+1","Strike_B+1","Defend_B","Defend_B","Defend_B","Defend_B","Zap","Dualcast","Gash","Self Repair","White Noise+1","Gash","Storm+1","Glacier","Doubt","Regret"],"relics":["Cracked Core","NeowsBlessing","Bird Faced Urn","The Courier","HornCleat","Smiling Mask","MawBank"],"acts_visited":["Exordium"],"potions_floor_usage":[16,16],"damage_taken":[{"damage":0,"enemies":"Small Slimes","floor":1,"turns":1},{"damage":0,"enemies":"2 Louse","floor":2,"turns":1},{"damage":0,"enemies":"3 Sentries","floor":7,"turns":1},{"damage":16,"enemies":"Gremlin Nob","floor":10,"turns":3},{"damage":43,"enemies":"Slime Boss","floor":16,"turns":8}],"seed_played":"5548121022505493720","potions_obtained":[{"floor":1,"key":"PotionOfCapacity"},{"floor":7,"key":"Weak Potion"},{"floor":10,"key":"SkillPotion"}],"is_trial":false,"path_per_floor":["M","M","?","?","$","R","E","R","T","E","?","?","?","?","R","B"],"character_chosen":"DEFECT","items_purchased":["White Noise","Gash"],"campfire_rested":1,"item_purchase_floors":[5,5],"current_hp_per_floor":[64,64,43,32,32,32,32,32,32,29,29,29,29,11,32,0,0],"gold":290,"neow_bonus":"THREE_ENEMY_KILL","is_daily":false,"chose_seed":false,"campfire_upgraded":2,"win_rate":0.0,"timestamp":1612978897,"path_taken":["M","M","?","?","$","R","E","R","T","E","?","?","?","?","R","BOSS"],"items_purchased_type":["Card","Card"],"build_version":"2020-12-22","purchased_purges":0,"victory":false,"max_hp_per_floor":[71,71,71,71,71,71,71,71,71,71,71,71,71,71,71,71,71],"relic_stats":{"counters":[5,14],"Bird Faced Urn":[12],"Smiling Mask":0,"MawBank":24,"obtain_stats":[{"HornCleat":10,"NeowsBlessing":0,"Bird Faced Urn":7,"The Courier":9,"Cracked Core":0,"Smiling Mask":13,"MawBank":14},{"HornCleat":4,"NeowsBlessing":0,"Bird Faced Urn":3,"The Courier":3,"Cracked Core":0,"Smiling Mask":4,"MawBank":4},{"HornCleat":6,"NeowsBlessing":0,"Bird Faced Urn":3,"The Courier":3,"Cracked Core":0,"Smiling Mask":6,"MawBank":6}]},"card_choices":[{"not_picked":["Turbo","Conserve Battery"],"picked":"Gash","floor":1},{"not_picked":["Cold Snap","Rebound"],"picked":"Self Repair","floor":2},{"not_picked":["Aggregate","Compile Driver"],"picked":"Storm","floor":7},{"not_picked":["Rip and Tear","Compile Driver"],"picked":"Glacier","floor":10}],"player_experience":517922,"relics_obtained":[{"floor":7,"key":"Bird Faced Urn"},{"floor":9,"key":"The Courier"},{"floor":10,"key":"HornCleat"}],"event_choices":[{"damage_healed":0,"gold_gain":0,"player_choice":"Entered Light","damage_taken":21,"max_hp_gain":0,"max_hp_loss":0,"event_name":"Shining Light","floor":3,"gold_loss":0,"cards_upgraded":["Strike_B","Strike_B"]},{"damage_healed":0,"gold_gain":75,"player_choice":"Gather Gold","damage_taken":11,"max_hp_gain":0,"max_hp_loss":0,"event_name":"World of Goop","floor":4,"gold_loss":0},{"damage_healed":0,"gold_gain":0,"player_choice":"Ignored","damage_taken":0,"max_hp_gain":0,"max_hp_loss":0,"event_name":"Golden Wing","floor":11,"gold_loss":0},{"damage_healed":0,"gold_gain":150,"player_choice":"AGREE","damage_taken":0,"max_hp_gain":0,"max_hp_loss":0,"event_name":"Liars Game","floor":12,"gold_loss":0,"cards_obtained":["Doubt"]},{"damage_healed":0,"gold_gain":0,"player_choice":"Box","damage_taken":0,"relics_obtained":["Smiling Mask"],"max_hp_gain":0,"max_hp_loss":0,"event_name":"Big Fish","floor":13,"gold_loss":0,"cards_obtained":["Regret"]},{"damage_healed":0,"gold_gain":0,"player_choice":"Success","damage_taken":18,"relics_obtained":["MawBank"],"max_hp_gain":0,"max_hp_loss":0,"event_name":"Scrap Ooze","floor":14,"gold_loss":0}],"is_beta":false,"boss_relics":[],"items_purged_floors":[],"is_endless":false,"potions_floor_spawned":[1,7,10],"killed_by":"Slime Boss","ascension_level":17}}