{"host":"qrt7o4dq2qslzw13","time":1612996966,"event":{"mods":["AchievementEnabler","BaseMod","Colored Map","Colored Powertips","Minty Spire (QoL Compilation)","Quick Restart","StSLib","SuperFastMode"],"gold_per_floor":[38,38,70,83,258,307,307,361,361,44,44,44,44,44,44,143,143,159,159,176,176,187,187,204,204,204,252,278,298,51,64,64,64,64],"floor_reached":33,"language":"ENG","playtime":597,"items_purged":[],"score":455,"play_id":"10d912fd-c538-41de-a58c-962c100392ec","local_time":"20210210174246","is_ascension_mode":true,"campfire_choices":[{"floor":7.0,"key":"REST"},{"floor":12.0,"key":"REST"},{"floor":15.0,"key":"REST"},{"floor":23.0,"key":"REST"},{"floor":25.0,"key":"REST"},{"floor":32.0,"key":"REST"}],"circlet_count":0,"master_deck":["AscendersBane","Strike_G","Strike_G","Strike_G","Strike_G","Strike_G+1","Defend_G","Defend_G+1","Defend_G","Defend_G","Defend_G","Survivor","Neutralize","HandOfGreed","Outmaneuver","Poisoned Stab","PiercingWail","Doubt","Distraction","Finisher","Blade Dance","Mind Blast","Poisoned Stab","Pain","Unload","Slice","Accuracy","Ghostly","Ghostly","Ghostly","Ghostly","Ghostly","Escape Plan","Blade Dance","Finisher"],"relics":["Ring of the Serpent","CaptainsWheel","Mercury Hourglass","Singing Bowl","Juzu Bracelet","WarpedTongs","HornCleat","Blue Candle","Red Mask","Bag of Marbles","Bottled Tornado"],"acts_visited":["Exordium","TheCity"],"potions_floor_usage":[33],"damage_taken":[{"damage":8.0,"enemies":"Small Slimes","floor":1.0,"turns":3.0},{"damage":8.0,"enemies":"Jaw Worm","floor":3.0,"turns":5.0},{"damage":0.0,"enemies":"Cultist","floor":4.0,"turns":3.0},{"damage":21.0,"enemies":"Gremlin Nob","floor":6.0,"turns":4.0},{"damage":40.0,"enemies":"Lagavulin","floor":8.0,"turns":9.0},{"damage":26.0,"enemies":"Slime Boss","floor":16.0,"turns":9.0},{"damage":18.0,"enemies":"2 Thieves","floor":18.0,"turns":4.0},{"damage":30.0,"enemies":"Shell Parasite","floor":20.0,"turns":5.0},{"damage":0.0,"enemies":"Snecko","floor":22.0,"turns":4.0},{"damage":6.0,"enemies":"Sentry and Sphere","floor":24.0,"turns":6.0},{"damage":4.0,"enemies":"Masked Bandits","floor":27.0,"turns":6.0},{"damage":3.0,"enemies":"Cultist and Chosen","floor":29.0,"turns":6.0},{"damage":4.0,"enemies":"Shelled Parasite and Fungi","floor":31.0,"turns":2.0},{"damage":61,"enemies":"Collector","floor":33,"turns":7}],"seed_played":"-8725000410266908848","potions_obtained":[{"floor":1.0,"key":"PowerPotion"},{"floor":3.0,"key":"Poison Potion"},{"floor":16.0,"key":"AttackPotion"},{"floor":20.0,"key":"DistilledChaos"},{"floor":24.0,"key":"LiquidMemories"}],"is_trial":false,"path_per_floor":["M","$","M","M","?","E","R","E","T","$","?","R","?","?","R","B",null,"M","?","M","?","M","R","M","R","T","?","T","M","$","M","R","B"],"character_chosen":"THE_SILENT","items_purchased":["Juzu Bracelet","Blade Dance","Mind Blast","Poisoned Stab","Bottled Tornado"],"campfire_rested":6,"item_purchase_floors":[10,10,10,10,30],"current_hp_per_floor":[55,55,47,47,47,26,47,7,7,7,7,28,14,14,35,9,55,37,37,7,7,9,20,14,25,25,23,23,20,20,16,27,0,0],"gold":64,"neow_bonus":"RANDOM_COLORLESS_2","is_daily":false,"chose_seed":false,"campfire_upgraded":0,"win_rate":0.0,"timestamp":1612996966,"path_taken":["M","$","M","M","?","E","R","E","T","$","?","R","?","?","R","BOSS","M","?","M","?","M","R","M","R","T","?","?","M","$","M","R","BOSS"],"items_purchased_type":["Relic","Card","Card","Card","Relic"],"build_version":"2020-12-22","purchased_purges":0,"victory":false,"max_hp_per_floor":[70,70,70,70,70,70,70,70,70,70,70,70,70,70,70,70,70,70,70,70,35,37,37,37,37,37,39,39,39,39,39,39,39,39],"card_choices":[{"not_picked":["Violence","Sadistic Nature"],"picked":"HandOfGreed","floor":0.0},{"not_picked":["All Out Attack","Backflip"],"picked":"Outmaneuver","floor":1.0},{"not_picked":["Blur","Masterful Stab"],"picked":"Poisoned Stab","floor":3.0},{"not_picked":["Deadly Poison","Prepared"],"picked":"PiercingWail","floor":4.0},{"not_picked":["Deadly Poison","Grand Finale"],"picked":"Distraction","floor":6.0},{"not_picked":["Grand Finale","Slice"],"picked":"Finisher","floor":8.0},{"not_picked":["Corpse Explosion","Die Die Die"],"picked":"Unload","floor":16.0},{"not_picked":["Poisoned Stab","Heel Hook"],"picked":"Slice","floor":18.0},{"not_picked":["PiercingWail","Bane"],"picked":"Accuracy","floor":20.0},{"not_picked":["Acrobatics","Deflect","Bane"],"picked":"Singing Bowl","floor":22.0},{"not_picked":["Underhanded Strike","Deflect"],"picked":"Escape Plan","floor":24.0},{"not_picked":["Sucker Punch+1","Eviscerate","Dash"],"picked":"Singing Bowl","floor":27.0},{"not_picked":["Acrobatics","Backflip"],"picked":"Blade Dance","floor":29.0},{"not_picked":["Bane","Setup"],"picked":"Finisher","floor":31.0}],"player_experience":632221,"relics_obtained":[{"floor":6.0,"key":"CaptainsWheel"},{"floor":8.0,"key":"Mercury Hourglass"},{"floor":9.0,"key":"Singing Bowl"},{"floor":26.0,"key":"Blue Candle"},{"floor":27.0,"key":"Red Mask"},{"floor":28.0,"key":"Bag of Marbles"}],"event_choices":[{"damage_healed":0.0,"max_hp_gain":0.0,"max_hp_loss":0.0,"gold_gain":175.0,"event_name":"Liars Game","player_choice":"AGREE","floor":5.0,"gold_loss":0.0,"damage_taken":0.0,"cards_obtained":["Doubt"]},{"damage_healed":0.0,"max_hp_gain":0.0,"max_hp_loss":0.0,"gold_gain":0.0,"event_name":"Accursed Blacksmith","player_choice":"Rummage","floor":11.0,"gold_loss":0.0,"damage_taken":0.0,"relics_obtained":["WarpedTongs"],"cards_obtained":["Pain"]},{"damage_healed":0.0,"max_hp_gain":0.0,"max_hp_loss":0.0,"gold_gain":0.0,"event_name":"Shining Light","player_choice":"Entered Light","floor":13.0,"gold_loss":0.0,"damage_taken":14.0,"cards_upgraded":["Defend_G","Strike_G"]},{"damage_healed":0.0,"max_hp_gain":0.0,"max_hp_loss":0.0,"gold_gain":0.0,"event_name":"Dead Adventurer","player_choice":"Searched \u00270\u0027 times","floor":14.0,"gold_loss":0.0,"damage_taken":0.0},{"damage_healed":0.0,"max_hp_gain":0.0,"max_hp_loss":0.0,"gold_gain":0.0,"event_name":"The Mausoleum","player_choice":"Opened","floor":19.0,"gold_loss":0.0,"damage_taken":0.0,"relics_obtained":["HornCleat"]},{"damage_healed":0.0,"max_hp_gain":0.0,"max_hp_loss":35.0,"gold_gain":0.0,"event_name":"Ghosts","player_choice":"Became a Ghost","floor":21.0,"gold_loss":0.0,"damage_taken":0.0,"cards_obtained":["Ghostly","Ghostly","Ghostly","Ghostly","Ghostly"]},{"damage_healed":0.0,"max_hp_gain":0.0,"max_hp_loss":0.0,"gold_gain":0.0,"event_name":"Masked Bandits","player_choice":"Fought Bandits","floor":27.0,"gold_loss":0.0,"damage_taken":0.0}],"is_beta":false,"boss_relics":[{"not_picked":["Runic Pyramid","Tiny House"],"picked":"Ring of the Serpent"}],"items_purged_floors":[],"is_endless":false,"potions_floor_spawned":[1,3,16,20,24,27],"killed_by":"Collector","ascension_level":12}}