{"host":"5td1gsj4mnrioltg","time":1612943482,"event":{"mods":["2.2 Compatiblity","AchievementEnabler","Act Like it!","Aspiration","BaseMod","Beaked The Cultist","Better Altar","Better Match","Better Note","Better Sensory Stone","Better Silent Start","Better Skull","Better Third Choice","Better Vampires","BetterRewards","Bossed Relics","Colored Map","Colored Powertips","Displayed Cursed Tome","Downfall","Emptier Cage","Evolution","Friendly Minions","GifTheSpireLib","Highlight Path","Ironclad Rager","Jedi Mod","JesterMod","Mad Scientist","Menagerie","Minty Spire (QoL Compilation)","Permanent Neow","Quick Restart","Reliquary","Replay The Spire","Reworked Bosses","Shade Mod","Spicy Shops","StSLib","The Blue Laboratory","The Dragon Tamer","The Dragonkin","The Druid","The Elementalist","The Marked","The Necromancer","The Runesmith","Thieving Mod","Transform Curses","Wandering Minibosses"],"gold_per_floor":[116,41,41,56,56,56,76,131,156,156,175,187,187,205,205,304,304,244,244,256,267,282,282,282],"floor_reached":23,"language":"ENG","playtime":806,"items_purged":["Strike_R"],"score":284,"play_id":"cc06b064-b286-4f03-88cc-0cb118252334","local_time":"20210209235122","is_ascension_mode":true,"campfire_choices":[{"data":"Sword Boomerang","floor":6,"key":"SMITH"},{"floor":10,"key":"REST"},{"data":"1","floor":13,"key":"LIFT"},{"floor":15,"key":"REST"}],"circlet_count":0,"master_deck":["AscendersBane","Sword Boomerang+1","Strike_R","Strike_R","Strike_R","Defend_R","Defend_R","Defend_R","Defend_R","Bash","Regret","Injury","Spot Weakness","Sword Boomerang+1","ReplayTheSpireMod:Muscle Training","Demon Form","Twin Strike+1","downfall:Bewildered","Sword Boomerang+1"],"relics":["Burning Blood","EVO:Axolotl","NeowsBlessing","aspiration:HummingbirdHeart","Molten Egg 2","Girya","aspiration:FutureDiary","jedi:cryingmask"],"acts_visited":["Exordium","TheCity"],"potions_floor_usage":[16,18,23],"damage_taken":[{"damage":0,"enemies":"Small Slimes","floor":1,"turns":1},{"damage":0,"enemies":"2 Louse","floor":4,"turns":1},{"damage":0,"enemies":"Jaw Worm","floor":7,"turns":1},{"damage":58,"enemies":"Lagavulin Event","floor":8,"turns":7},{"damage":30,"enemies":"Large Slime","floor":11,"turns":5},{"damage":8,"enemies":"Blue Slaver","floor":12,"turns":4},{"damage":7,"enemies":"3 Louse","floor":14,"turns":2},{"damage":54,"enemies":"Fading Forest","floor":16,"turns":11},{"damage":15,"enemies":"2 Thieves","floor":18,"turns":4},{"damage":10,"enemies":"Shell Parasite","floor":20,"turns":3},{"damage":26,"enemies":"Snake Plant","floor":21,"turns":4},{"damage":20,"enemies":"Sentry and Sphere","floor":22,"turns":4},{"damage":19,"enemies":"Slavers","floor":23,"turns":3}],"seed_played":"-2564883661966522933","potions_obtained":[{"floor":7,"key":"blueLaboratory:SmithPotion"},{"floor":8,"key":"blueLaboratory:IronCompound"},{"floor":16,"key":"SkillPotion"},{"floor":20,"key":"BlessingOfTheForge"}],"is_trial":false,"path_per_floor":["M","$","?","M","?","R","M","?","T","R","M","M","R","M","R","B",null,"M","?","M","M","M","E"],"character_chosen":"IRONCLAD","items_purchased":[],"campfire_rested":2,"item_purchase_floors":[],"current_hp_per_floor":[78,78,78,80,80,80,80,28,28,52,28,26,26,25,49,23,66,57,57,53,33,19,0,0],"gold":282,"neow_bonus":"THREE_ENEMY_KILL","is_daily":false,"chose_seed":false,"campfire_upgraded":1,"win_rate":0.0,"timestamp":1612943482,"path_taken":["M","$","?","M","?","R","M","?","T","R","M","M","R","?","R","BOSS","M","?","M","?","M","E"],"items_purchased_type":[],"build_version":"2020-12-22","purchased_purges":1,"victory":false,"max_hp_per_floor":[80,80,80,80,80,80,80,80,80,80,80,80,80,80,80,80,80,80,80,80,80,80,80,80],"card_choices":[{"not_picked":["Clothesline","ReplayTheSpireMod:Strike From Hell","Second Wind"],"picked":"SKIP","floor":1},{"not_picked":["ReplayTheSpireMod:LeadingStrike","Clothesline","Clash"],"picked":"SKIP","floor":4},{"not_picked":["Heavy Blade+1","True Grit"],"picked":"Spot Weakness","floor":7},{"not_picked":["Intimidate","ReplayTheSpireMod:Strike From Hell+1","Sever Soul+1"],"picked":"SKIP","floor":11},{"not_picked":["Thunderclap+1","ReplayTheSpireMod:Strike From Hell+1"],"picked":"Sword Boomerang+1","floor":12},{"not_picked":["jedi:controlledanger","Infernal Blade"],"picked":"ReplayTheSpireMod:Muscle Training","floor":14},{"not_picked":["Hemogenesis+1","Exhume"],"picked":"Demon Form","floor":16},{"not_picked":["Entrench","Thunderclap+1"],"picked":"Twin Strike+1","floor":18},{"not_picked":["Replay:Undeath\u0027s Touch+1","Warcry"],"picked":"Sword Boomerang+1","floor":20},{"not_picked":["Body Slam+1","Iron Wave+1","jedi:collectorstrike+1"],"picked":"SKIP","floor":21},{"not_picked":["Evolve","jedi:suffering+1","Double Tap"],"picked":"SKIP","floor":22}],"player_experience":1321321,"relics_obtained":[{"floor":8,"key":"Girya"}],"event_choices":[{"damage_healed":0,"gold_gain":0,"player_choice":"Box","damage_taken":0,"relics_obtained":["aspiration:HummingbirdHeart"],"max_hp_gain":0,"max_hp_loss":0,"event_name":"Big Fish","floor":3,"gold_loss":0,"cards_obtained":["Regret"]},{"damage_healed":0,"gold_gain":0,"player_choice":"Searched \u00271\u0027 times","damage_taken":0,"max_hp_gain":0,"max_hp_loss":0,"event_name":"Dead Adventurer","floor":8,"gold_loss":0}],"is_beta":false,"boss_relics":[{"not_picked":["Replay:Bronze Core","beaked:MawFillet"],"picked":"aspiration:FutureDiary"}],"items_purged_floors":[2],"is_endless":false,"potions_floor_spawned":[7,8,14,16,20],"killed_by":"Slavers","ascension_level":11}}