{"host":"yplejd20ey2t49en","time":1612980912,"event":{"mods":["BaseMod","Colored Powertips","Highlight Path","Minty Spire (QoL Compilation)","Relic Stats"],"gold_per_floor":[113,130,141,156,166,166,191,191,217,167,182,194,194,42,42,141,141,157,157,72,9,35,47,93,121,133,179,209,30,30,43,43,145,145,160,160,175,191,191,191,226,237,237,260,287,287,314,331,331,331,331,331,95,122,122,122],"floor_reached":55,"language":"ENG","playtime":3503,"items_purged":["Strike_R"],"score":1184,"play_id":"6860c443-5776-4c25-9ee0-65ab6fdb3c44","local_time":"20210210201512","is_ascension_mode":true,"campfire_choices":[{"data":"Bash","floor":6,"key":"SMITH"},{"floor":8,"key":"REST"},{"data":"Rupture","floor":13,"key":"SMITH"},{"data":"Twin Strike","floor":15,"key":"SMITH"},{"data":"Disarm","floor":23,"key":"SMITH"},{"data":"True Grit","floor":30,"key":"SMITH"},{"floor":32,"key":"REST"},{"data":"Rupture","floor":40,"key":"SMITH"},{"floor":46,"key":"RECALL"},{"data":"Armaments","floor":49,"key":"SMITH"},{"data":"Ghostly","floor":52,"key":"SMITH"}],"circlet_count":0,"master_deck":["Strike_R","Defend_R","Defend_R","Defend_R","Defend_R","Bash+1","Twin Strike+1","Combust","Headbutt","Burning Pact","Disarm+1","Armaments+1","Rupture+1","Juggernaut","Heavy Blade+1","Ghostly","Ghostly","Ghostly","Ghostly","Ghostly+1","Iron Wave","Feel No Pain","True Grit+1","Metallicize","Shrug It Off","Rupture+1","Flame Barrier","Chrysalis","Body Slam+1","Power Through+1","Rampage","Pommel Strike"],"relics":["Black Blood","Lantern","Prayer Wheel","Centennial Puzzle","Bronze Scales","Busted Crown","MawBank","Smiling Mask","Happy Flower","ClockworkSouvenir","Eternal Feather","PreservedInsect","Ancient Tea Set","Dream Catcher","Bird Faced Urn"],"acts_visited":["Exordium","TheCity","TheBeyond","TheEnding"],"potions_floor_usage":[31,33,41,47,55,55,55],"damage_taken":[{"damage":2.0,"enemies":"2 Louse","floor":1.0,"turns":2.0},{"damage":12,"enemies":"Jaw Worm","floor":2,"turns":2},{"damage":0,"enemies":"Cultist","floor":3,"turns":2},{"damage":7,"enemies":"2 Fungi Beasts","floor":4,"turns":4},{"damage":16,"enemies":"Blue Slaver","floor":5,"turns":4},{"damage":51,"enemies":"Lagavulin","floor":7,"turns":8},{"damage":0,"enemies":"Large Slime","floor":11,"turns":4},{"damage":8,"enemies":"2 Fungi Beasts","floor":12,"turns":4},{"damage":7,"enemies":"Slime Boss","floor":16,"turns":6},{"damage":15,"enemies":"Shell Parasite","floor":18,"turns":6},{"damage":14,"enemies":"3 Byrds","floor":22,"turns":2},{"damage":7,"enemies":"Slavers","floor":24,"turns":6},{"damage":13,"enemies":"3 Cultists","floor":25,"turns":4},{"damage":14,"enemies":"Gremlin Leader","floor":27,"turns":6},{"damage":2,"enemies":"Centurion and Healer","floor":28,"turns":7},{"damage":6,"enemies":"Snake Plant","floor":31,"turns":5},{"damage":25,"enemies":"Collector","floor":33,"turns":9},{"damage":6,"enemies":"3 Darklings","floor":35,"turns":7},{"damage":7,"enemies":"Orb Walker","floor":37,"turns":5},{"damage":4,"enemies":"Maw","floor":38,"turns":6},{"damage":4,"enemies":"Nemesis","floor":41,"turns":7},{"damage":21,"enemies":"4 Shapes","floor":42,"turns":7},{"damage":9,"enemies":"Reptomancer","floor":45,"turns":7},{"damage":11,"enemies":"Giant Head","floor":47,"turns":8},{"damage":2,"enemies":"3 Darklings","floor":48,"turns":6},{"damage":48,"enemies":"Time Eater","floor":50,"turns":11},{"damage":41,"enemies":"Shield and Spear","floor":54,"turns":7},{"damage":31,"enemies":"The Heart","floor":55,"turns":6}],"seed_played":"-5513217944593580210","potions_obtained":[{"floor":4,"key":"Strength Potion"},{"floor":5,"key":"SkillPotion"},{"floor":7,"key":"FairyPotion"},{"floor":31,"key":"LiquidMemories"},{"floor":37,"key":"GamblersBrew"},{"floor":41,"key":"DuplicationPotion"},{"floor":47,"key":"Strength Potion"},{"floor":54,"key":"Dexterity Potion"}],"is_trial":false,"path_per_floor":["M","M","M","M","M","R","E","R","T","?","M","M","R","$","R","B",null,"M","?","?","?","M","R","E","M","T","E","M","$","R","M","R","B",null,"M","?","M","M","?","R","E","M","T","T","E","R","E","M","R","B",null,"R","$","E","B"],"character_chosen":"IRONCLAD","items_purchased":["Bronze Scales","Metallicize","ClockworkSouvenir","Rampage","PowerPotion","FairyPotion"],"campfire_rested":2,"item_purchase_floors":[14,29,29,53,53,53],"current_hp_per_floor":[76,70,76,75,65,65,20,44,44,44,50,48,48,48,48,47,72,63,40,40,40,32,32,31,24,24,16,20,20,20,20,32,13,33,39,39,40,40,35,35,40,31,31,31,34,40,40,40,40,18,35,40,40,23,0,0],"gold":122,"neow_bonus":"RANDOM_COMMON_RELIC","is_daily":false,"chose_seed":false,"campfire_upgraded":8,"win_rate":0.0,"timestamp":1612980912,"path_taken":["M","M","M","M","M","R","E","R","T","?","M","M","R","$","R","BOSS","M","?","?","?","M","R","E","M","T","E","M","$","R","M","R","BOSS","M","?","M","?","?","R","E","M","T","?","E","R","E","M","R","BOSS","R","$","E","BOSS"],"items_purchased_type":["Relic","Card","Relic","Card","Potion","Potion"],"build_version":"2020-12-22","purchased_purges":1,"victory":false,"max_hp_per_floor":[80,80,80,80,80,80,80,80,80,80,80,80,80,80,80,80,80,80,40,40,40,40,40,40,40,40,40,40,40,40,40,40,40,40,40,40,40,40,40,40,40,40,40,40,40,40,40,40,40,40,40,40,40,40,40,40],"relic_stats":{"Happy Flower":[32],"counters":[28,158],"Black Blood":196,"Eternal Feather":11,"PreservedInsect":281,"MawBank":108,"Smiling Mask":25,"Centennial Puzzle":[63],"Dream Catcher":0,"Busted Crown":58,"Bronze Scales":[548],"Bird Faced Urn":[8],"Prayer Wheel":12,"obtain_stats":[{"Lantern":0,"Happy Flower":27,"Black Blood":34,"Eternal Feather":43,"PreservedInsect":44,"MawBank":20,"Smiling Mask":24,"Ancient Tea Set":45,"Burning Blood":0,"ClockworkSouvenir":29,"Centennial Puzzle":9,"Dream Catcher":47,"Busted Crown":17,"Bronze Scales":14,"Bird Faced Urn":54,"Prayer Wheel":7},{"Lantern":0,"Happy Flower":14,"Black Blood":17,"Eternal Feather":22,"PreservedInsect":22,"MawBank":10,"Smiling Mask":12,"Ancient Tea Set":23,"Burning Blood":0,"ClockworkSouvenir":15,"Centennial Puzzle":6,"Dream Catcher":24,"Busted Crown":9,"Bronze Scales":8,"Bird Faced Urn":27,"Prayer Wheel":6},{"Lantern":0,"Happy Flower":60,"Black Blood":81,"Eternal Feather":113,"PreservedInsect":113,"MawBank":42,"Smiling Mask":50,"Ancient Tea Set":120,"Burning Blood":0,"ClockworkSouvenir":67,"Centennial Puzzle":22,"Dream Catcher":128,"Busted Crown":36,"Bronze Scales":30,"Bird Faced Urn":152,"Prayer Wheel":22}]},"card_choices":[{"not_picked":["True Grit","Havoc"],"picked":"Twin Strike","floor":1.0},{"not_picked":["Heavy Blade","Clash"],"picked":"Combust","floor":2},{"not_picked":["Infernal Blade","Flex","Power Through"],"picked":"SKIP","floor":3},{"not_picked":["Second Wind","Power Through"],"picked":"Headbutt","floor":4},{"not_picked":["Pommel Strike","Cleave"],"picked":"Burning Pact","floor":5},{"not_picked":["Thunderclap","Anger","Headbutt"],"picked":"SKIP","floor":7},{"not_picked":["Carnage","Sever Soul"],"picked":"Disarm","floor":11},{"not_picked":["Body Slam","Dropkick"],"picked":"Armaments","floor":11},{"not_picked":["True Grit","Havoc"],"picked":"Rupture","floor":12},{"not_picked":["Iron Wave","Perfected Strike","Brutality"],"picked":"SKIP","floor":12},{"not_picked":["Corruption","Berserk"],"picked":"Juggernaut","floor":16},{"not_picked":[],"picked":"Heavy Blade+1","floor":18},{"not_picked":["Armaments"],"picked":"SKIP","floor":18},{"not_picked":[],"picked":"Iron Wave","floor":22},{"not_picked":["Intimidate"],"picked":"SKIP","floor":22},{"not_picked":[],"picked":"Feel No Pain","floor":24},{"not_picked":["Twin Strike"],"picked":"SKIP","floor":25},{"not_picked":["Warcry"],"picked":"SKIP","floor":25},{"not_picked":["Barricade"],"picked":"SKIP","floor":27},{"not_picked":[],"picked":"True Grit","floor":28},{"not_picked":["Heavy Blade+1"],"picked":"SKIP","floor":28},{"not_picked":[],"picked":"Shrug It Off","floor":31},{"not_picked":["Sword Boomerang"],"picked":"SKIP","floor":31},{"not_picked":["Thunderclap+1"],"picked":"SKIP","floor":35},{"not_picked":["Reckless Charge"],"picked":"SKIP","floor":35},{"not_picked":["Bloodletting+1"],"picked":"SKIP","floor":37},{"not_picked":["Blood for Blood"],"picked":"SKIP","floor":37},{"not_picked":[],"picked":"Flame Barrier","floor":38},{"not_picked":["Cleave+1"],"picked":"SKIP","floor":38},{"not_picked":[],"picked":"Chrysalis","floor":39},{"not_picked":[],"picked":"Body Slam+1","floor":41},{"not_picked":["Heavy Blade+1"],"picked":"SKIP","floor":42},{"not_picked":["Heavy Blade+1"],"picked":"SKIP","floor":42},{"not_picked":["Fiend Fire"],"picked":"SKIP","floor":45},{"not_picked":["Wild Strike+1"],"picked":"SKIP","floor":47},{"not_picked":[],"picked":"Power Through+1","floor":48},{"not_picked":["True Grit+1"],"picked":"SKIP","floor":48},{"not_picked":[],"picked":"Pommel Strike","floor":54}],"player_experience":702582,"relics_obtained":[{"floor":7,"key":"Prayer Wheel"},{"floor":9,"key":"Centennial Puzzle"},{"floor":24,"key":"Smiling Mask"},{"floor":27,"key":"Happy Flower"},{"floor":43,"key":"Eternal Feather"},{"floor":44,"key":"PreservedInsect"},{"floor":45,"key":"Ancient Tea Set"},{"floor":47,"key":"Dream Catcher"},{"floor":54,"key":"Bird Faced Urn"}],"event_choices":[{"cards_removed":["Strike_R"],"damage_healed":0,"gold_gain":0,"player_choice":"Card Removal","damage_taken":0,"max_hp_gain":0,"max_hp_loss":0,"event_name":"The Cleric","floor":10,"gold_loss":50},{"damage_healed":0,"gold_gain":0,"player_choice":"Became a Ghost","damage_taken":0,"max_hp_gain":0,"max_hp_loss":40,"event_name":"Ghosts","floor":19,"gold_loss":0,"cards_obtained":["Ghostly","Ghostly","Ghostly","Ghostly","Ghostly"]},{"damage_healed":0,"gold_gain":0,"player_choice":"Obtained Relic","damage_taken":0,"relics_obtained":["MawBank"],"max_hp_gain":0,"max_hp_loss":0,"event_name":"Addict","floor":20,"gold_loss":85},{"cards_removed":["Strike_R"],"damage_healed":0,"gold_gain":0,"player_choice":"Gave Gold","damage_taken":0,"max_hp_gain":0,"max_hp_loss":0,"event_name":"Beggar","floor":21,"gold_loss":75},{"damage_healed":0,"gold_gain":0,"cards_transformed":["Strike_R"],"player_choice":"Transformed","damage_taken":0,"max_hp_gain":0,"max_hp_loss":0,"event_name":"Transmorgrifier","floor":36,"gold_loss":0,"cards_obtained":["Rupture"]},{"damage_healed":0,"gold_gain":0,"player_choice":"Memory 2","damage_taken":5,"max_hp_gain":0,"max_hp_loss":0,"event_name":"SensoryStone","floor":39,"gold_loss":0}],"is_beta":false,"boss_relics":[{"not_picked":["Fusion Hammer","Snecko Eye"],"picked":"Busted Crown"},{"not_picked":["Velvet Choker","Calling Bell"],"picked":"Black Blood"}],"items_purged_floors":[53],"is_endless":false,"potions_floor_spawned":[4,5,7,16,22,31,37,41,47,54],"killed_by":"The Heart","ascension_level":9}}