{"host":"nsiiwrl41ak9l0n5","time":1612948539,"event":{"mods":["BaseMod","Better Altar","Better Match","Better Note","Better Sensory Stone","Better Skull","BetterRewards","Colored Map","Colored Powertips","Emptier Cage","GifTheSpireLib","HexUI Lib","Highlight Path","Keyboard Shortcuts","Lobotomy","LobotomyExtend","Minty Spire (QoL Compilation)","Permanent Neow","Quick Restart","Rare Cards Sparkle","Relic Sorter","SacredBarkPlus","Spicy Shops","StSLib"],"gold_per_floor":[114,29,29,42,117,117,150,593,593,606,606,637,47,66,66,171,171,185,185,205,219,48,79,79,79,105,105,30,46,46,46,46,46,46],"floor_reached":33,"language":"ENG","playtime":2904,"items_purged":[],"score":346,"play_id":"dabb216e-1ee7-4816-b60d-c8fd19048ca5","local_time":"20210210191539","is_ascension_mode":false,"campfire_choices":[{"floor":6.0,"key":"REST"},{"floor":15.0,"key":"REST"},{"data":"CherryBlossom","floor":30,"key":"SMITH"},{"data":"CherryBlossom","floor":32,"key":"SMITH"}],"circlet_count":0,"master_deck":["SpecialBullet","SpecialBullet","SpecialBullet","SpecialBullet","SpecialBullet","SpecialBullet","SpecialBullet","SecurityCode","InformationCode","DisciplinaryCode","BlueStar","Christmas+1","Madness+1","WristCuter","BigBird","FourthMatchFlame","UniverseFragment","HereticApostle","SomewhereSpear","BlueStar","FourthMatchFlame","Regret_ego","GoldRush","CherryBlossom+1","Regret_ego+1","ControlCode","WhiteNight","WristCuter","CherryBlossom+1","FourthMatchFlame","TT2Protocol","Decay","Regret","RecordCode","MeatLantern","FourthMatchFlame+1","Clumsy"],"relics":["CogitoBucket","AdjustmentMirror","Du-Vu Doll","LetterFromLob","Moonlight_r","MagicBullet_r","Nunchaku","Pear","Amita_r","TungstenRod","Strange Spoon","Boot","DollysMirror","Cursed Key","Toxic Egg 2","Eternal Feather","Bag of Preparation","TreeSap","Lantern"],"acts_visited":["Exordium","TheCity"],"potions_floor_usage":[16,16,21,33,33,33],"damage_taken":[{"damage":6.0,"enemies":"Cultist","floor":1.0,"turns":3.0},{"damage":0.0,"enemies":"Jaw Worm","floor":4.0,"turns":9.0},{"damage":18.0,"enemies":"Lagavulin","floor":7.0,"turns":4.0},{"damage":36.0,"enemies":"Small Slimes","floor":10.0,"turns":3.0},{"damage":18.0,"enemies":"3 Sentries","floor":12.0,"turns":4.0},{"damage":26.0,"enemies":"Red Slaver","floor":14.0,"turns":4.0},{"damage":79,"enemies":"The Guardian","floor":16,"turns":7},{"damage":1,"enemies":"2 Thieves","floor":18,"turns":2},{"damage":23,"enemies":"3 Byrds","floor":20,"turns":2},{"damage":11,"enemies":"Shelled Parasite and Fungi","floor":21,"turns":2},{"damage":44,"enemies":"Gremlin Leader","floor":23,"turns":3},{"damage":51,"enemies":"Cultist and Chosen","floor":29,"turns":2},{"damage":72,"enemies":"Champ","floor":33,"turns":2}],"seed_played":"7643067446042300918","potions_obtained":[{"floor":4.0,"key":"PowerPotion"},{"floor":7.0,"key":"BlessingOfTheForge"},{"floor":14.0,"key":"Regen Potion"},{"floor":18,"key":"Explosive Potion"},{"floor":21,"key":"Fire Potion"},{"floor":29,"key":"SkillPotion"}],"is_trial":false,"path_per_floor":["M","$","?","M","?","R","E","?","T","M","?","E","$","M","R","B",null,"M","?","M","M","$","E","R","?","T","R","?","M","R","T","R","B"],"character_chosen":"Angela","items_purchased":["Madness","Strange Spoon","Boot","DollysMirror","FourthMatchFlame","Regret_ego","CherryBlossom","Toxic Egg 2"],"campfire_rested":2,"item_purchase_floors":[2,13,13,13,13,13,22,22],"current_hp_per_floor":[63,63,45,45,34,52,53,26,36,26,26,40,40,34,58,12,82,84,84,76,89,89,69,69,69,69,69,69,43,43,43,43,0,0],"gold":46,"neow_bonus":"ONE_RARE_RELIC","is_daily":false,"chose_seed":false,"campfire_upgraded":2,"win_rate":0.0,"timestamp":1612948539,"path_taken":["M","$","?","M","?","R","E","?","T","?","?","E","?","M","R","BOSS","M","?","?","M","$","E","R","?","T","R","?","M","R","?","R","BOSS"],"items_purchased_type":["Card","Relic","Relic","Relic","Card","Card","Card","Relic"],"build_version":"2020-12-22","purchased_purges":0,"victory":false,"max_hp_per_floor":[63,63,63,63,63,63,63,63,73,74,74,77,77,81,81,82,82,84,84,87,89,89,90,90,90,90,90,90,91,91,91,91,91,91],"card_choices":[{"not_picked":["VoidDream","Scarecrow"],"picked":"BlueStar","floor":1.0},{"not_picked":["Spore"],"picked":"Christmas","floor":1.0},{"not_picked":["PunishingBird","Scorched"],"picked":"DreamingCurrent","floor":4.0},{"not_picked":["Noise"],"picked":"WristCuter","floor":4.0},{"not_picked":["SpiderBud","HappyTeddy"],"picked":"BigBird","floor":7.0},{"not_picked":["Hornet"],"picked":"FourthMatchFlame","floor":7.0},{"not_picked":["MeatLantern","FieryBird"],"picked":"UniverseFragment","floor":10.0},{"not_picked":["TodaysExpression","Justitia"],"picked":"SKIP","floor":10.0},{"not_picked":["HeroicMonk","MHz"],"picked":"SpiderBud","floor":12.0},{"not_picked":["InTheNameOfLoveAndHate"],"picked":"SomewhereSpear","floor":12.0},{"not_picked":["Tough","Penitence"],"picked":"SKIP","floor":14.0},{"not_picked":["TheSmile"],"picked":"GoldRush","floor":16},{"not_picked":["Harvest"],"picked":"CherryBlossom","floor":18},{"not_picked":["Wingbeat"],"picked":"Regret_ego+1","floor":20},{"not_picked":["OldLady","GalaxyChild"],"picked":"WhiteNight","floor":21},{"not_picked":["Pinks"],"picked":"WristCuter","floor":21},{"not_picked":["ParadiseLost"],"picked":"FourthMatchFlame","floor":23},{"not_picked":["GalaxyChild","WhitesApple"],"picked":"MeatLantern","floor":29},{"not_picked":["TodaysExpression+1"],"picked":"FourthMatchFlame+1","floor":29}],"player_experience":184003,"relics_obtained":[{"floor":1.0,"key":"LetterFromLob"},{"floor":7.0,"key":"Nunchaku"},{"floor":9.0,"key":"Pear"},{"floor":12.0,"key":"TungstenRod"},{"floor":23,"key":"Eternal Feather"},{"floor":26,"key":"Bag of Preparation"},{"floor":31,"key":"Lantern"}],"event_choices":[{"damage_healed":0.0,"max_hp_gain":0.0,"max_hp_loss":0.0,"gold_gain":75.0,"event_name":"World of Goop","player_choice":"Gather Gold","floor":5.0,"gold_loss":0.0,"damage_taken":11.0},{"damage_healed":0.0,"max_hp_gain":0.0,"max_hp_loss":0.0,"gold_gain":443.0,"event_name":"betterSkull:BetterSkull","player_choice":"GO GO GO GO ","floor":8.0,"gold_loss":0.0,"damage_taken":31.0,"cards_upgraded":[],"relics_obtained":[]},{"damage_healed":0.0,"max_hp_gain":0.0,"max_hp_loss":0.0,"gold_gain":0.0,"event_name":"Wheel of Change","player_choice":"Cursed","floor":11.0,"gold_loss":0.0,"damage_taken":0.0,"cards_obtained":["Decay"]},{"damage_healed":0,"gold_gain":0,"player_choice":"Ignored","damage_taken":0,"max_hp_gain":0,"max_hp_loss":0,"event_name":"betterNote:BetterNote","floor":19,"gold_loss":0,"cards_obtained":["Defend_G"]},{"damage_healed":0,"gold_gain":0,"player_choice":" Defy","damage_taken":0,"max_hp_gain":0,"max_hp_loss":0,"event_name":"betterAltar:BetterAltar","floor":25,"gold_loss":0,"cards_obtained":["Decay"]},{"cards_removed":["DreamingCurrent"],"damage_healed":0,"gold_gain":0,"player_choice":"Gave Gold","damage_taken":0,"max_hp_gain":0,"max_hp_loss":0,"event_name":"Beggar","floor":28,"gold_loss":75}],"is_beta":false,"boss_relics":[{"not_picked":["Runic Pyramid","SlaversCollar"],"picked":"Cursed Key"}],"items_purged_floors":[],"is_endless":false,"potions_floor_spawned":[4,7,14,18,21,29],"killed_by":"Champ","ascension_level":0}}