{"host":"0gg6nsoypjji1x9f","time":1612934787,"event":{"mods":["100% Spire Juice","Act Like it!","Arknights","BaseMod","CapriCore","GungeonMod","Hermit","HololiveMod","Jedi Mod","KinomotoSakuraMod(Ä¾Ö®±¾Ó£)","Minty Spire (QoL Compilation)","Quick Restart","Relic Filter Mod","Relic Stats","Replay The Spire","StSLib","The Dragon Tamer","The Hierophant","The Immortal","TheWitcher","Warlord Emblem","¡¾ÒÅÎï¿¨ÅÆ¡¿REMEMod"],"gold_per_floor":[114,2,2,30,80,105,105,125,174,24,24,56,76,91,91,188,188,206,206,206,216,216,216,233,247,247,260,260,275,275,32,32,130,130,130,53,85,85,85],"floor_reached":38,"language":"ZHS","playtime":3407,"items_purged":["ClowCardTheShield","ClowCardTheSword"],"score":480,"play_id":"2c37e6e4-2631-48da-84a6-fcc535d5f58d","local_time":"20210210132627","is_ascension_mode":false,"campfire_choices":[{"floor":7.0,"key":"RECALL"},{"floor":15.0,"key":"REST"},{"data":"ClowCardTheFlower","floor":23.0,"key":"SMITH"},{"data":"ClowCardTheArrow","floor":28.0,"key":"SMITH"},{"data":"ClowCardTheFight","floor":35,"key":"SMITH"}],"circlet_count":0,"master_deck":["SakuraCardTheWood+","SakuraCardTheBubbles+","ClowCardTheSword","SpellCardSeal","ClowCardTheArrow+1","Devotion","ClowCardTheShadow","ClowCardTheDash","ClowCardTheWindy","ClowCardTheFloat+1","ClowCardTheFight+1","ClowCardTheMist+1","ClowCardTheReturn+1","ClowCardTheFlower+1","ClowCardTheSand","ClowCardTheDream","ClowCardTheJump+1","ClowCardTheWave+1","SakuraCardTheLove+","ClowCardTheLittle+1","ClowCardTheTwin+1","ClowCardTheBig+1"],"relics":["KSMOD_SealedBook","KSMOD_SealedWand","REME_ComplimentaryCards","Vajra","Mango","Oddly Smooth Stone","Gambling Chip","jedi:crownofsimplicity","HandDrill","Frozen Egg 2","SlaversCollar","MealTicket","Replay:Drink Me","DemoMod:NanoMachines"],"acts_visited":["Exordium","TheCity","TheEnding"],"potions_floor_usage":[38,38,38],"damage_taken":[{"damage":4.0,"enemies":"Jaw Worm","floor":1.0,"turns":4.0},{"damage":23.0,"enemies":"3 Sentries","floor":6.0,"turns":7.0},{"damage":2.0,"enemies":"2 Louse","floor":8.0,"turns":3.0},{"damage":13.0,"enemies":"Lagavulin","floor":12.0,"turns":4.0},{"damage":0.0,"enemies":"Cultist","floor":13.0,"turns":2.0},{"damage":6.0,"enemies":"3 Louse","floor":14.0,"turns":3.0},{"damage":4.0,"enemies":"The Guardian","floor":16.0,"turns":8.0},{"damage":2.0,"enemies":"3 Byrds","floor":18.0,"turns":3.0},{"damage":0.0,"enemies":"Shell Parasite","floor":21.0,"turns":4.0},{"damage":23.0,"enemies":"Cultist and Chosen","floor":24.0,"turns":5.0},{"damage":8.0,"enemies":"Chosen and Byrds","floor":25.0,"turns":4.0},{"damage":12.0,"enemies":"Shelled Parasite and Fungi","floor":27.0,"turns":3.0},{"damage":18.0,"enemies":"Centurion and Healer","floor":29.0,"turns":5.0},{"damage":0.0,"enemies":"Champ","floor":33.0,"turns":6.0},{"damage":41,"enemies":"Shield and Spear","floor":37,"turns":6},{"damage":49,"enemies":"The Heart","floor":38,"turns":2}],"seed_played":"325870774218532667","potions_obtained":[{"floor":6.0,"key":"Elixir"},{"floor":14.0,"key":"jedi:StrikingPotion"},{"floor":16.0,"key":"Strength Potion"},{"floor":21.0,"key":"Cursed Concoction"},{"floor":24.0,"key":"PowerPotion"}],"is_trial":false,"path_per_floor":["M","$","?","?","T","E","R","M","T","$","?","E","M","M","R","B",null,"M","?","?","M","?","R","M","M","T","M","R","M","?","$","R","B",null,"R","$","E","B"],"character_chosen":"KINOMOTOSAKURA","items_purchased":["ClowCardTheSleep","HandDrill","DemoMod:WeirdEgg","ClowCardTheBig+1"],"campfire_rested":1,"item_purchase_floors":[2,10,31,36],"current_hp_per_floor":[73,73,73,57,57,34,34,32,32,32,32,19,19,13,40,36,91,89,89,89,89,89,89,66,58,58,58,58,40,40,40,40,40,69,69,69,28,0,0],"gold":85,"neow_bonus":"TEN_PERCENT_HP_BONUS","is_daily":false,"chose_seed":false,"campfire_upgraded":3,"win_rate":0.0,"timestamp":1612934787,"path_taken":["M","$","?","?","?","E","R","?","T","?","?","E","M","M","R","BOSS","M","?","?","M","?","R","?","M","T","M","R","M","?","$","R","BOSS","R","$","E","BOSS"],"items_purchased_type":["Card","Relic","Relic","Card"],"build_version":"2020-12-22","purchased_purges":2,"victory":false,"max_hp_per_floor":[77,77,77,91,91,91,91,91,91,91,91,91,91,91,91,91,91,91,91,91,91,91,91,91,91,91,91,91,91,91,91,91,91,69,69,69,69,69,69],"relic_stats":{"counters":[16,69],"Gambling Chip":[34],"MealTicket":0,"HandDrill":[14],"obtain_stats":[{"DemoMod:Armor":37,"KSMOD_SealedBook":0,"DemoMod:WeirdEgg":31,"Vajra":3,"Oddly Smooth Stone":5,"Mango":4,"DemoMod:GlassGuonStoneRelic":6,"jedi:crownofsimplicity":9,"Frozen Egg 2":12,"SlaversCollar":17,"Gambling Chip":6,"DemoMod:NanoMachines":37,"MealTicket":38,"KSMOD_SealedWand":0,"HandDrill":10,"Replay:Drink Me":34,"REME_ComplimentaryCards":0},{"DemoMod:Armor":15,"KSMOD_SealedBook":0,"DemoMod:WeirdEgg":13,"Vajra":1,"Oddly Smooth Stone":1,"Mango":1,"DemoMod:GlassGuonStoneRelic":2,"jedi:crownofsimplicity":3,"Frozen Egg 2":4,"SlaversCollar":7,"Gambling Chip":2,"DemoMod:NanoMachines":15,"MealTicket":16,"KSMOD_SealedWand":0,"HandDrill":3,"Replay:Drink Me":14,"REME_ComplimentaryCards":0},{"DemoMod:Armor":67,"KSMOD_SealedBook":0,"DemoMod:WeirdEgg":55,"Vajra":4,"Oddly Smooth Stone":4,"Mango":4,"DemoMod:GlassGuonStoneRelic":11,"jedi:crownofsimplicity":14,"Frozen Egg 2":18,"SlaversCollar":31,"Gambling Chip":11,"DemoMod:NanoMachines":67,"MealTicket":67,"KSMOD_SealedWand":0,"HandDrill":14,"Replay:Drink Me":61,"REME_ComplimentaryCards":0}]},"card_choices":[{"not_picked":["ClowCardTheLock","ClowCardTheVoice"],"picked":"ClowCardTheArrow","floor":1.0},{"not_picked":["ClowCardTheRain","ClowCardTheWood"],"picked":"ClowCardTheShadow","floor":4.0},{"not_picked":["ClowCardTheVoice","ClowCardTheSnow"],"picked":"ClowCardTheDash","floor":6.0},{"not_picked":["ClowCardTheFreeze","ClowCardTheMaze"],"picked":"ClowCardTheWindy","floor":8.0},{"not_picked":["ClowCardTheIllusion","ClowCardTheChange"],"picked":"ClowCardTheBubbles","floor":12.0},{"not_picked":["ClowCardTheRain","ClowCardTheSnow"],"picked":"ClowCardTheFloat+1","floor":13.0},{"not_picked":["ClowCardTheSilent","ClowCardTheStorm","ClowCardTheLibra"],"picked":"SKIP","floor":14.0},{"not_picked":["ClowCardTheDash","ClowCardTheThrough"],"picked":"ClowCardTheFight","floor":16.0},{"not_picked":["ClowCardTheLittle+1","ClowCardTheWood+1"],"picked":"ClowCardTheMist+1","floor":18.0},{"not_picked":["ClowCardTheSilent","ClowCardTheArrow","ClowCardTheLock"],"picked":"SKIP","floor":21.0},{"not_picked":["ClowCardTheMaze","ClowCardTheWood"],"picked":"ClowCardTheSand","floor":24.0},{"not_picked":["ClowCardTheEarthy","ClowCardTheSnow+1"],"picked":"ClowCardTheDream","floor":25.0},{"not_picked":["ClowCardTheIllusion","ClowCardTheStorm+1"],"picked":"ClowCardTheJump+1","floor":27.0},{"not_picked":["ClowCardTheFreeze","ClowCardTheRain"],"picked":"ClowCardTheWave+1","floor":29.0},{"not_picked":["ClowCardTheThunder","ClowCardTheReturn+1"],"picked":"ClowCardTheTwin+1","floor":33.0},{"not_picked":["ClowCardTheMaze+1","ClowCardTheSilent+1","ClowCardTheFly"],"picked":"SKIP","floor":37}],"player_experience":156387,"relics_obtained":[{"floor":4.0,"key":"Mango"},{"floor":5.0,"key":"Oddly Smooth Stone"},{"floor":6.0,"key":"Gambling Chip"},{"floor":9.0,"key":"jedi:crownofsimplicity"},{"floor":12.0,"key":"Frozen Egg 2"},{"floor":37,"key":"DemoMod:NanoMachines"}],"event_choices":[{"damage_healed":0.0,"max_hp_gain":0.0,"max_hp_loss":0.0,"gold_gain":0.0,"event_name":"Big Fish","player_choice":"Box","floor":3.0,"gold_loss":0.0,"damage_taken":0.0,"relics_obtained":["Vajra"],"cards_obtained":["Regret"]},{"damage_healed":0.0,"max_hp_gain":0.0,"max_hp_loss":0.0,"gold_gain":0.0,"cards_transformed":["ClowCardTheShield","ClowCardTheSword"],"event_name":"Drug Dealer","player_choice":"Became Test Subject","floor":19.0,"gold_loss":0.0,"damage_taken":0.0,"cards_obtained":["ClowCardTheReturn","ClowCardTheFlower"]},{"damage_healed":0.0,"max_hp_gain":0.0,"max_hp_loss":0.0,"gold_gain":0.0,"event_name":"Vampires","player_choice":"Ignored","floor":20.0,"gold_loss":0.0,"damage_taken":0.0},{"cards_removed":["Regret"],"damage_healed":0.0,"max_hp_gain":0.0,"max_hp_loss":0.0,"gold_gain":0.0,"event_name":"Back to Basics","player_choice":"Elegance","floor":22.0,"gold_loss":0.0,"damage_taken":0.0}],"is_beta":false,"boss_relics":[{"not_picked":["jedi:hotpepper","Hololive_TopUpMoneyS"],"picked":"SlaversCollar"},{"not_picked":["Kintsugi","Hololive_ChaosS"],"picked":"Replay:Drink Me"}],"items_purged_floors":[2,31],"is_endless":false,"potions_floor_spawned":[6,14,16,21,24,25],"killed_by":"The Heart","ascension_level":0}}