{"host":"w4ub8crw9ou4a5am","time":1612990121,"event":{"mods":["2.2 Compatiblity","BaseMod","Challenge The Spire","Colored Powertips","Hermit","Hubris","Jorbs\u0027s Wanderer Trilogy","KinomotoSakuraMod(????)","Koishi","Marisa????????","Minty Spire (QoL Compilation)","Quick Restart","Rare Cards Sparkle","Remilia??????","StSLib","The Administrix","The Animator","The Bug Knight","The Cursed","The Disciple","The Hierophant","The Jungle","The Marked","The Necromancer","The Senshi","The Servant 0.9.4","WarShipGirlsR/????R mod"],"gold_per_floor":[109,109,120,120,143,187,187,200,270,283,38,100,100,115,115,234,234,247,247,260,44,64,64,95,95,95,95,120,120,163,181,181,312,312,347,382,66,66,91,91,135,163,213,225,267,333,375,45,45,45,45,45,7,53,53],"floor_reached":56,"language":"ENG","playtime":5869,"items_purged":[],"score":1474,"play_id":"93220bb0-c524-4b36-9d8a-a7aaab2aaa4d","local_time":"20210210154841","is_ascension_mode":false,"campfire_choices":[{"floor":7,"key":"REST"},{"floor":13,"key":"RECALL"},{"floor":15,"key":"REST"},{"floor":23,"key":"REST"},{"floor":27,"key":"REST"},{"floor":29,"key":"REST"},{"floor":32,"key":"REST"},{"floor":40,"key":"REST"},{"floor":49,"key":"REST"},{"floor":52,"key":"REST"}],"circlet_count":0,"master_deck":["TheCursedMod:CursedWand","TheCursedMod:Dregs","TheCursedMod:CursedStaff","TheCursedMod:CircleOfCorruption","TheCursedMod:LuckyCharm","Injury","TheCursedMod:HellfireBreathing","TheCursedMod:CircleOfCorruption","TheCursedMod:SpitefulPlan","TheCursedMod:SurpriseAttack","TheCursedMod:AntiAging","TheCursedMod:SpitefulPlan","TheCursedMod:CircleOfFlame","TheCursedMod:CircleOfAbyss","TheCursedMod:ForbiddenAlchemy","TheCursedMod:DemonicPact","TheCursedMod:SpitefulPray","TheCursedMod:VoidForm","TheCursedMod:SoulCrush","TheCursedMod:AbyssShockwave","TheCursedMod:VitalStrike","TheCursedMod:TacticalStrike","TheCursedMod:WearCloak","Bandage Up","TheCursedMod:HellsGateOpen","TheCursedMod:Hemoplague","TheCursedMod:SpitefulStrike","TheCursedMod:Hemoplague+1","hubris:Greed","TheCursedMod:CircleOfBlood","TheCursedMod:SpitefulPray","hubris:Greed","TheCursedMod:CursedRelics","TheCursedMod:SpitefulPray","TheCursedMod:CursedBlade","hubris:EnhanceAbility","TheCursedMod:EmpowerCircles","TheCursedMod:CursedMace","TheCursedMod:AbyssShockwave","TheCursedMod:StingEye+1","TheCursedMod:CursedArmor+1","TheCursedMod:CircleOfFlame","TheCursedMod:CursedBlade","TheCursedMod:VoidForm","TheCursedMod:SpitefulStrike","Finesse","TheCursedMod:ManaCirculation","hubris:Greed","TheCursedMod:SurpriseAttack+1","hubris:Greed","hubris:Greed"],"relics":["TheCursedMod:BlackMagic101","Golden Idol","Incense Burner","Membership Card","Pandora\u0027s Box","hubris:PeanutButter","HollowMod:PaleOreRelic","Blue Candle","ScarletDevilRocket","Fusion Hammer","AntiCross","Lee\u0027s Waffle","Juzu Bracelet","MawBank","Blood Vial","hubris:SlimyHat","Lantern","Kunai"],"acts_visited":["Exordium","TheCity","TheBeyond","TheEnding"],"potions_floor_usage":[6,16,18,22,24,24,24,24,24,30,31,31,31,31,31,33,39,42,50,50,50,54,55,55,55],"damage_taken":[{"damage":1,"enemies":"2 Louse","floor":1,"turns":3},{"damage":0,"enemies":"Small Slimes","floor":3,"turns":3},{"damage":0,"enemies":"Cultist","floor":5,"turns":4},{"damage":25,"enemies":"Lagavulin","floor":6,"turns":6},{"damage":6,"enemies":"Large Slime","floor":8,"turns":6},{"damage":0,"enemies":"3 Louse","floor":10,"turns":4},{"damage":3,"enemies":"Red Slaver","floor":14,"turns":3},{"damage":43,"enemies":"The Guardian","floor":16,"turns":11},{"damage":29,"enemies":"Spheric Guardian","floor":18,"turns":5},{"damage":73,"enemies":"3 Byrds","floor":20,"turns":6},{"damage":36,"enemies":"Sentry and Sphere","floor":22,"turns":7},{"damage":0,"enemies":"HollowMod:Nosk","floor":24,"turns":9},{"damage":39,"enemies":"Shelled Parasite and Fungi","floor":28,"turns":6},{"damage":38,"enemies":"Book of Stabbing","floor":30,"turns":5},{"damage":5,"enemies":"Snecko","floor":31,"turns":5},{"damage":69,"enemies":"hubris:MusketHawk","floor":33,"turns":9},{"damage":25,"enemies":"3 Shapes","floor":35,"turns":4},{"damage":14,"enemies":"Orb Walker","floor":36,"turns":3},{"damage":0,"enemies":"Transient","floor":39,"turns":5},{"damage":42,"enemies":"Giant Head","floor":41,"turns":7},{"damage":0,"enemies":"Jaw Worm Horde","floor":42,"turns":4},{"damage":0,"enemies":"3 Darklings","floor":45,"turns":5},{"damage":34,"enemies":"Nemesis","floor":46,"turns":5},{"damage":23,"enemies":"4 Shapes","floor":47,"turns":3},{"damage":15,"enemies":"hubris:GrandSnecko","floor":50,"turns":5},{"damage":31,"enemies":"Shield and Spear","floor":54,"turns":5},{"damage":114,"enemies":"The Heart","floor":55,"turns":9}],"seed_played":"-9025843763242717715","potions_obtained":[{"floor":1,"key":"FearPotion"},{"floor":3,"key":"Energy Potion"},{"floor":10,"key":"Dexterity Potion"},{"floor":16,"key":"Ancient Potion"},{"floor":20,"key":"SkillPotion"},{"floor":22,"key":"ColorlessPotion"},{"floor":28,"key":"AttackPotion"},{"floor":30,"key":"Regen Potion"},{"floor":36,"key":"SkillPotion"},{"floor":39,"key":"GamblersBrew"},{"floor":41,"key":"Fire Potion"},{"floor":42,"key":"DuplicationPotion"}],"is_trial":false,"path_per_floor":["M","?","M","?","M","E","R","M","T","M","$","?","R","M","R","B",null,"M","?","M","$","M","R","E","?","T","R","M","R","E","M","R","B",null,"M","M","$","?","M","R","E","M","T","?","M","E","M","$","R","B",null,"R","$","E","B",null],"character_chosen":"THE_CURSED","items_purchased":["Membership Card","TheCursedMod:AntiAging","TheCursedMod:SpitefulPlan","Bandage Up","hubris:PeanutButter","TheCursedMod:HellsGateOpen","AntiCross","Lee\u0027s Waffle","hubris:EnhanceAbility","TheCursedMod:EmpowerCircles","hubris:SlimyHat","TheCursedMod:VoidForm","Lantern","TheCursedMod:SpitefulStrike","Finesse","Strength Potion","BlessingOfTheForge","TheCursedMod:ManaCirculation"],"campfire_rested":9,"item_purchase_floors":[11,11,11,21,21,21,37,37,37,37,48,48,48,48,48,48,48,53],"current_hp_per_floor":[67,67,67,67,67,42,68,62,62,62,62,62,62,61,88,47,93,66,105,34,34,4,36,42,42,42,75,42,75,43,54,89,29,120,103,93,129,129,131,131,91,97,97,97,115,89,72,72,113,113,137,137,137,108,6],"gold":53,"neow_bonus":"TWENTY_PERCENT_HP_BONUS","is_daily":false,"chose_seed":false,"campfire_upgraded":0,"win_rate":0.0,"timestamp":1612990121,"path_taken":["M","?","M","?","M","E","R","M","T","M","$","?","R","M","R","BOSS","M","?","?","$","M","R","E","?","T","R","M","R","E","M","R","BOSS","M","M","$","?","?","R","E","M","T","?","M","E","M","$","R","BOSS","R","$","E","BOSS"],"items_purchased_type":["Relic","Card","Card","Card","Relic","Card","Relic","Relic","Card","Card","Relic","Card","Relic","Card","Card","Potion","Potion","Card"],"build_version":"2020-12-22","purchased_purges":0,"victory":true,"max_hp_per_floor":[89,89,89,89,89,89,89,89,89,89,89,89,89,91,91,93,93,95,105,107,107,109,109,111,111,111,111,113,113,115,117,117,120,120,122,122,129,129,131,131,133,133,133,133,135,137,137,137,137,137,137,137,137,139,141],"card_choices":[{"not_picked":["TheCursedMod:CircleOfBlood","TheCursedMod:TacticalStrike"],"picked":"TheCursedMod:CursedStaff","floor":1},{"not_picked":["TheCursedMod:SaltUponWound","TheCursedMod:CircleOfCorruption"],"picked":"TheCursedMod:LuckyCharm","floor":3},{"not_picked":["TheCursedMod:Stretching","TheCursedMod:CircleOfFlame"],"picked":"TheCursedMod:HellfireBreathing","floor":5},{"not_picked":["TheCursedMod:SpreadPlague","TheCursedMod:RapidMovement"],"picked":"TheCursedMod:CircleOfCorruption","floor":6},{"not_picked":["TheCursedMod:ManaBullet","TheCursedMod:Obscuration"],"picked":"TheCursedMod:SpitefulPlan","floor":8},{"not_picked":["TheCursedMod:RapidMovement","TheCursedMod:CircleOfBlood"],"picked":"TheCursedMod:SurpriseAttack","floor":10},{"not_picked":["TheCursedMod:SurpriseAttack","TheCursedMod:StingEye"],"picked":"TheCursedMod:CircleOfFlame","floor":14},{"not_picked":["TheCursedMod:NeowsMight","TheCursedMod:ManaCirculation"],"picked":"TheCursedMod:CircleOfAbyss","floor":16},{"not_picked":["TheCursedMod:FleshFromBone","TheCursedMod:BlessingInDisguise"],"picked":"TheCursedMod:TacticalStrike","floor":18},{"not_picked":["TheCursedMod:StingEye","TheCursedMod:Stigma"],"picked":"TheCursedMod:WearCloak","floor":20},{"not_picked":["TheCursedMod:WearCloak","TheCursedMod:CursedAmulet"],"picked":"TheCursedMod:Hemoplague","floor":22},{"not_picked":["TheCursedMod:StingEye","TheCursedMod:CircleOfBlood"],"picked":"TheCursedMod:SpitefulStrike","floor":24},{"not_picked":["TheCursedMod:Mangle+1","TheCursedMod:CircleOfAmplification"],"picked":"TheCursedMod:Hemoplague+1","floor":28},{"not_picked":["TheCursedMod:Stigma","TheCursedMod:ManaBullet+1"],"picked":"TheCursedMod:CircleOfBlood","floor":30},{"not_picked":["TheCursedMod:FleshFromBone","TheCursedMod:TroublousMinions"],"picked":"TheCursedMod:SpitefulPray","floor":31},{"not_picked":["TheCursedMod:OutForBlood","TheCursedMod:AntiAging"],"picked":"TheCursedMod:CursedRelics","floor":33},{"not_picked":["TheCursedMod:CircleOfWindfury","TheCursedMod:RavingStaff"],"picked":"TheCursedMod:SpitefulPray","floor":35},{"not_picked":["TheCursedMod:ManaBullet","TheCursedMod:Wield"],"picked":"TheCursedMod:CursedBlade","floor":36},{"not_picked":["TheCursedMod:SmokeScreen+1","TheCursedMod:SoulCrush"],"picked":"TheCursedMod:CursedMace","floor":39},{"not_picked":["TheCursedMod:RapidMovement","TheCursedMod:CursedArmor+1"],"picked":"TheCursedMod:AbyssShockwave","floor":41},{"not_picked":["TheCursedMod:FleshFromBone","TheCursedMod:AshesToAshes"],"picked":"TheCursedMod:StingEye+1","floor":42},{"not_picked":["TheCursedMod:SpitefulPlan+1","TheCursedMod:RapidMovement"],"picked":"TheCursedMod:CursedArmor+1","floor":45},{"not_picked":["TheCursedMod:DemonicPact","TheCursedMod:TacticalStrike+1"],"picked":"TheCursedMod:CircleOfFlame","floor":46},{"not_picked":["TheCursedMod:TacticalStrike","TheCursedMod:Stretching"],"picked":"TheCursedMod:CursedBlade","floor":47},{"not_picked":["TheCursedMod:RapidMovement","TheCursedMod:Obscuration"],"picked":"TheCursedMod:SurpriseAttack+1","floor":54}],"player_experience":1700106,"relics_obtained":[{"floor":6,"key":"Incense Burner"},{"floor":24,"key":"HollowMod:PaleOreRelic"},{"floor":26,"key":"Blue Candle"},{"floor":30,"key":"ScarletDevilRocket"},{"floor":41,"key":"Juzu Bracelet"},{"floor":43,"key":"MawBank"},{"floor":46,"key":"Blood Vial"},{"floor":54,"key":"Kunai"}],"event_choices":[{"damage_healed":0,"gold_gain":0,"player_choice":"Take Wound","damage_taken":0,"relics_obtained":["Golden Idol"],"max_hp_gain":0,"max_hp_loss":0,"event_name":"Golden Idol","floor":4,"gold_loss":0,"cards_obtained":["Injury"]},{"damage_healed":0,"gold_gain":62,"player_choice":"Gained Gold","damage_taken":0,"max_hp_gain":0,"max_hp_loss":0,"event_name":"Golden Wing","floor":12,"gold_loss":0},{"cards_removed":["TheCursedMod:ManaCirculation"],"damage_healed":29,"gold_gain":0,"player_choice":"Offered Rare","damage_taken":0,"max_hp_gain":10,"max_hp_loss":0,"event_name":"Bonfire Elementals","floor":19,"gold_loss":0},{"damage_healed":0,"gold_gain":0,"player_choice":"Ignored","damage_taken":0,"max_hp_gain":0,"max_hp_loss":0,"event_name":"Vampires","floor":25,"gold_loss":0},{"damage_healed":0,"gold_gain":0,"player_choice":"Ignored","damage_taken":0,"max_hp_gain":0,"max_hp_loss":0,"event_name":"Transmorgrifier","floor":38,"gold_loss":0},{"cards_removed":["TheCursedMod:CleanUpWorkshop"],"damage_healed":0,"gold_gain":0,"player_choice":"Removed Skill","damage_taken":0,"max_hp_gain":0,"max_hp_loss":0,"event_name":"Falling","floor":44,"gold_loss":0}],"is_beta":false,"boss_relics":[{"not_picked":["Snecko Eye","Runic Dome"],"picked":"Pandora\u0027s Box"},{"not_picked":["TheCursedMod:FourLeafCloverCharm","Calling Bell"],"picked":"Fusion Hammer"}],"items_purged_floors":[],"is_endless":false,"potions_floor_spawned":[1,3,10,16,20,22,28,30,36,39,41,42],"ascension_level":0}}