{"host":"u9h06qdlnp3wgzsw","time":1612968015,"event":{"mods":["Act Like it!","BaseMod","Conspire","Curses Come First","Downfall","Hallownest","Hermit","Hubris","Minty Spire (QoL Compilation)","Quick Restart","Rare Cards Sparkle","Replay The Spire","Shop Mod","StSLib","The Disciple","The Hierophant","The Servant 0.9.4"],"gold_per_floor":[114,133,33,33,33,66,119,181,205,249,293,25,25,62,62,204,204,261,271,271],"floor_reached":19,"language":"ENG","playtime":1237,"items_purged":[],"score":296,"play_id":"33991757-26ab-4fdb-97d3-ce204c1aa150","local_time":"20210210094015","is_ascension_mode":true,"campfire_choices":[{"floor":13,"key":"REST"},{"floor":15,"key":"REST"}],"circlet_count":0,"master_deck":["Strike_B","Strike_B","Strike_B","Strike_B","Defend_B","Defend_B","Defend_B","Defend_B","Chill","conspire:SpireCoStock","conspire:SpireCoStock","Bash","FIFO Queue","Consume","Beam Cell","ReplayTheSpireMod:Calculation Training","Crystallizer","Core Surge"],"relics":["NeowsBlessing","Iron Core","Replay:Bandana","ReplayTheSpireMod:Ninjato","Smiling Mask","hubris:ToyBattleship","Runic Capacitor","Inserter"],"acts_visited":["Exordium","TheCity"],"potions_floor_usage":[8,10,16,16,16,19],"damage_taken":[{"damage":0.0,"enemies":"Small Slimes","floor":1.0,"turns":1.0},{"damage":0,"enemies":"Jaw Worm","floor":2,"turns":1},{"damage":0,"enemies":"Gremlin Nob","floor":6,"turns":1},{"damage":9,"enemies":"Cultist","floor":7,"turns":4},{"damage":25,"enemies":"3 Sentries","floor":8,"turns":9},{"damage":20,"enemies":"Gremlin Nob","floor":10,"turns":4},{"damage":0,"enemies":"2 Fungi Beasts","floor":11,"turns":4},{"damage":7,"enemies":"Exordium Wildlife","floor":14,"turns":4},{"damage":9,"enemies":"Fading Forest","floor":16,"turns":11},{"damage":53,"enemies":"3 Byrds","floor":18,"turns":8},{"damage":28,"enemies":"Shell Parasite","floor":19,"turns":3}],"seed_played":"-8701685807257366504","potions_obtained":[{"floor":1,"key":"Adrenaline Potion"},{"floor":6,"key":"sneckomod:MuddlingPotion"},{"floor":8,"key":"Swift Potion"},{"floor":11,"key":"Doom Potion"},{"floor":18,"key":"Milkshake"}],"is_trial":false,"path_per_floor":["M","M","?","?","?","E","M","E","T","E","M","$","R","M","R","B",null,"M","M"],"character_chosen":"DEFECT","items_purchased":["Runic Capacitor","Crystallizer","Explosive Potion"],"campfire_rested":2,"item_purchase_floors":[12,12,12],"current_hp_per_floor":[75,75,75,75,75,75,66,41,41,21,21,21,43,36,58,57,71,18,0,0],"gold":271,"neow_bonus":"THREE_ENEMY_KILL","is_daily":false,"chose_seed":false,"campfire_upgraded":0,"win_rate":0.0,"timestamp":1612968015,"path_taken":["M","M","?","?","?","E","?","E","T","E","?","$","R","M","R","BOSS","M","M"],"items_purchased_type":["Relic","Card","Potion"],"build_version":"2020-12-22","purchased_purges":0,"victory":false,"max_hp_per_floor":[75,75,75,75,75,75,75,75,75,75,75,75,75,75,75,75,75,75,75,75],"card_choices":[{"not_picked":["Beam Cell","Rip and Tear","Steam"],"picked":"SKIP","floor":1},{"not_picked":["Aggregate","Steam"],"picked":"Chill","floor":2},{"not_picked":["Doom and Gloom","Barrage"],"picked":"FIFO Queue","floor":6},{"not_picked":["ReplayTheSpireMod:System Scan","Rebound"],"picked":"Consume","floor":7},{"not_picked":["Conserve Battery","Steam","Leap"],"picked":"SKIP","floor":8},{"not_picked":["Limit Break","White Noise"],"picked":"Beam Cell","floor":10},{"not_picked":["Panic Button","Skim"],"picked":"ReplayTheSpireMod:Calculation Training","floor":11},{"not_picked":["Sweeping Beam","Go for the Eyes","Heavy Blade"],"picked":"SKIP","floor":14},{"not_picked":["ReplayRNGCard","Hyperbeam"],"picked":"Core Surge","floor":16},{"not_picked":["Steam Power","ReplayTheSpireMod:Repulse","Panic Button"],"picked":"SKIP","floor":18}],"player_experience":1033223,"relics_obtained":[{"floor":6,"key":"Replay:Bandana"},{"floor":8,"key":"ReplayTheSpireMod:Ninjato"},{"floor":9,"key":"Smiling Mask"},{"floor":10,"key":"hubris:ToyBattleship"}],"event_choices":[{"damage_healed":0,"gold_gain":0,"player_choice":"Invest 2","damage_taken":0,"max_hp_gain":0,"max_hp_loss":0,"event_name":"conspire:Investor","floor":3,"gold_loss":0},{"cards_removed":["Zap"],"damage_healed":0,"gold_gain":0,"player_choice":"Purged","damage_taken":0,"max_hp_gain":0,"max_hp_loss":0,"event_name":"Purifier","floor":5,"gold_loss":0}],"is_beta":false,"boss_relics":[{"not_picked":["Snecko Eye","hubris:CrackedHourglass"],"picked":"Inserter"}],"items_purged_floors":[],"is_endless":false,"potions_floor_spawned":[1,6,8,11,18],"killed_by":"Shell Parasite","ascension_level":5}}