{"host":"8is2j71l4wmybkoi","time":1612970357,"event":{"mods":["AchievementEnabler","BaseMod","Colored Map","Minty Spire (QoL Compilation)","Rare Cards Sparkle","StSLib","SuperFastMode"],"gold_per_floor":[111,125,125,137,152,177,177,211,211,211,211,227,227,261,261,338,338,350,360,360,378,90,117,117,135,135,161,181,181,181,192,192,192,192],"floor_reached":33,"language":"KOR","playtime":932,"items_purged":["Strike_R"],"score":537,"play_id":"a14a7731-bc26-4f6f-affc-420fac484bc6","local_time":"20210211001917","is_ascension_mode":true,"campfire_choices":[{"data":"Inflame","floor":7.0,"key":"SMITH"},{"data":"Shockwave","floor":10.0,"key":"SMITH"},{"data":"Flame Barrier","floor":13.0,"key":"SMITH"},{"data":"Second Wind","floor":15.0,"key":"SMITH"},{"floor":24.0,"key":"RECALL"},{"floor":30.0,"key":"REST"},{"floor":32.0,"key":"REST"}],"circlet_count":0,"master_deck":["AscendersBane","Strike_R+1","Strike_R+1","Defend_R","Defend_R","Defend_R","Defend_R","Bash","Dramatic Entrance","Shockwave+1","Anger","Inflame+1","Flame Barrier+1","Twin Strike","Second Wind+1","Barricade","Bloodletting+1","Blood for Blood","Evolve","Power Through","Enlightenment","Body Slam","Feel No Pain+1"],"relics":["Burning Blood","Bottled Tornado","Meat on the Bone","Eternal Feather","Letter Opener","Fusion Hammer","Akabeko","TungstenRod","Smiling Mask","Enchiridion"],"acts_visited":["Exordium","TheCity"],"potions_floor_usage":[],"damage_taken":[{"damage":3.0,"enemies":"2 Louse","floor":1.0,"turns":2.0},{"damage":0.0,"enemies":"Small Slimes","floor":2.0,"turns":3.0},{"damage":4.0,"enemies":"Jaw Worm","floor":4.0,"turns":3.0},{"damage":0.0,"enemies":"2 Fungi Beasts","floor":5.0,"turns":2.0},{"damage":35.0,"enemies":"3 Sentries","floor":6.0,"turns":6.0},{"damage":8.0,"enemies":"Gremlin Nob","floor":8.0,"turns":3.0},{"damage":15.0,"enemies":"Exordium Thugs","floor":12.0,"turns":2.0},{"damage":20.0,"enemies":"Lagavulin","floor":14.0,"turns":6.0},{"damage":48.0,"enemies":"Hexaghost","floor":16.0,"turns":9.0},{"damage":7.0,"enemies":"3 Byrds","floor":18.0,"turns":4.0},{"damage":30.0,"enemies":"Shell Parasite","floor":19.0,"turns":4.0},{"damage":23.0,"enemies":"Snake Plant","floor":21.0,"turns":2.0},{"damage":42.0,"enemies":"Book of Stabbing","floor":23.0,"turns":6.0},{"damage":15.0,"enemies":"Centurion and Healer","floor":25.0,"turns":5.0},{"damage":30.0,"enemies":"Slavers","floor":27.0,"turns":6.0},{"damage":17.0,"enemies":"Snecko","floor":28.0,"turns":3.0},{"damage":9.0,"enemies":"3 Cultists","floor":31.0,"turns":5.0},{"damage":75,"enemies":"Collector","floor":33,"turns":9}],"seed_played":"-4258655574114800441","potions_obtained":[{"floor":2.0,"key":"SteroidPotion"},{"floor":4.0,"key":"Ancient Potion"},{"floor":19.0,"key":"SkillPotion"},{"floor":23.0,"key":"Energy Potion"},{"floor":28.0,"key":"Regen Potion"}],"is_trial":false,"path_per_floor":["M","M","?","M","M","E","R","E","T","R","?","M","R","E","R","B",null,"M","M","?","M","$","E","R","M","T","E","M","?","R","M","R","B"],"character_chosen":"IRONCLAD","items_purchased":["Evolve","Power Through","Enlightenment"],"campfire_rested":2,"item_purchase_floors":[22,22,22],"current_hp_per_floor":[71,75,52,54,60,31,31,29,29,38,38,41,50,48,57,27,63,62,50,50,45,45,21,33,36,36,24,25,8,42,51,75,0,0],"gold":192,"neow_bonus":"RANDOM_COLORLESS","is_daily":false,"chose_seed":false,"campfire_upgraded":4,"win_rate":0.0,"timestamp":1612970357,"path_taken":["M","M","?","M","M","E","R","E","T","R","?","M","R","E","R","BOSS","M","M","?","M","$","E","R","M","T","E","M","?","R","M","R","BOSS"],"items_purchased_type":["Card","Card","Card"],"build_version":"2020-12-22","purchased_purges":1,"victory":false,"max_hp_per_floor":[75,75,75,75,75,75,75,75,75,75,75,75,75,75,75,75,75,75,75,75,75,75,75,75,75,75,75,75,75,75,75,75,75,75],"card_choices":[{"not_picked":["Forethought","Dark Shackles"],"picked":"Dramatic Entrance","floor":0.0},{"not_picked":["Thunderclap","Body Slam"],"picked":"Shockwave","floor":1.0},{"not_picked":["Perfected Strike","Heavy Blade"],"picked":"Anger","floor":2.0},{"not_picked":["Wild Strike","Ghostly Armor","Anger"],"picked":"SKIP","floor":4.0},{"not_picked":["Clash","Flex"],"picked":"Inflame","floor":5.0},{"not_picked":["Feel No Pain","Battle Trance"],"picked":"Flame Barrier","floor":6.0},{"not_picked":["Flex","Perfected Strike"],"picked":"Twin Strike","floor":8.0},{"not_picked":["Headbutt","Havoc","Flex"],"picked":"SKIP","floor":12.0},{"not_picked":["Perfected Strike","Seeing Red"],"picked":"Second Wind","floor":14.0},{"not_picked":["Impervious","Berserk"],"picked":"Barricade","floor":16.0},{"not_picked":["Iron Wave","Shrug It Off"],"picked":"Bloodletting+1","floor":18.0},{"not_picked":["Armaments","Heavy Blade"],"picked":"Blood for Blood","floor":19.0},{"not_picked":["Reckless Charge","Clothesline","Blood for Blood"],"picked":"SKIP","floor":21.0},{"not_picked":["Clothesline","Berserk"],"picked":"Body Slam","floor":23.0},{"not_picked":["Wild Strike","Searing Blow"],"picked":"Feel No Pain+1","floor":25.0},{"not_picked":["Headbutt","Havoc","Clash"],"picked":"SKIP","floor":27.0},{"not_picked":["Body Slam","Thunderclap","Warcry"],"picked":"SKIP","floor":28.0},{"not_picked":["Anger","Barricade","Searing Blow"],"picked":"SKIP","floor":31.0}],"player_experience":1118510,"relics_obtained":[{"floor":6.0,"key":"Bottled Tornado"},{"floor":8.0,"key":"Meat on the Bone"},{"floor":9.0,"key":"Eternal Feather"},{"floor":14.0,"key":"Letter Opener"},{"floor":23.0,"key":"Akabeko"},{"floor":26.0,"key":"TungstenRod"},{"floor":27.0,"key":"Smiling Mask"},{"floor":29.0,"key":"Enchiridion"}],"event_choices":[{"damage_healed":0.0,"max_hp_gain":0.0,"max_hp_loss":0.0,"gold_gain":0.0,"event_name":"Shining Light","player_choice":"Entered Light","floor":3.0,"gold_loss":0.0,"damage_taken":23.0,"cards_upgraded":["Strike_R","Strike_R"]},{"cards_removed":["Strike_R"],"damage_healed":0.0,"max_hp_gain":0.0,"max_hp_loss":0.0,"gold_gain":0.0,"event_name":"Living Wall","player_choice":"Forget","floor":11.0,"gold_loss":0.0,"damage_taken":0.0},{"cards_removed":["Strike_R"],"damage_healed":0.0,"max_hp_gain":0.0,"max_hp_loss":0.0,"gold_gain":0.0,"event_name":"Back to Basics","player_choice":"Elegance","floor":20.0,"gold_loss":0.0,"damage_taken":0.0},{"damage_healed":0.0,"max_hp_gain":0.0,"max_hp_loss":0.0,"gold_gain":0.0,"event_name":"Cursed Tome","player_choice":"Obtained Book","floor":29.0,"gold_loss":0.0,"damage_taken":21.0}],"is_beta":false,"boss_relics":[{"not_picked":["Philosopher\u0027s Stone","Runic Dome"],"picked":"Fusion Hammer"}],"items_purged_floors":[22],"is_endless":false,"potions_floor_spawned":[2,4,5,19,23,28],"killed_by":"Collector","ascension_level":15}}