{"host":"takgv9cv6xf64vhq","time":1612944814,"event":{"mods":["BaseMod","Colored Powertips","Conspire","Decade(王小明)","Downfall","Energized Spire","Hermit","Hubris","LagranYue(拉格朗・月)","Marisa（F雨　魔理沙）","Minty Spire (QoL Compilation)","Replay The Spire","StSLib","The Cursed","The Hierophant","The Jungle","The Servant 0.9.4","TheHeartMod"],"gold_per_floor":[114,114,4,4,28,28,48,48,48,62,76,39,62,77,77,198,198,221,234,234,250,63,63,63],"floor_reached":23,"language":"ZHS","playtime":1227,"items_purged":["Strike_B"],"score":231,"play_id":"d31bde8f-8b13-4ce2-82bf-451cff3adacd","local_time":"20210210161334","is_ascension_mode":true,"campfire_choices":[{"data":"Self Repair","floor":6,"key":"SMITH"}],"circlet_count":0,"master_deck":["Defend_B","Defend_B","Zap","Dualcast","Sweeping Beam","Self Repair+1","Steam","BasicCrystalCard","Auto Shields","Hologram","Melter","Ball Lightning","Compile Driver","Core Surge","TheCursedMod:Dregs","Steam","Steam+1","Coolheaded","Gash+1"],"relics":["energizedSpire:DeadBattery","Golden Idol","hubris:64BitClover","Durian","hubris:Towel","Kintsugi","Tiny Chest","Bag of Preparation"],"acts_visited":["Exordium","TheCity"],"potions_floor_usage":[16,18,19,21,23],"damage_taken":[{"damage":6,"enemies":"2 Louse","floor":1,"turns":2},{"damage":2,"enemies":"Jaw Worm","floor":5,"turns":3},{"damage":0,"enemies":"Cultist","floor":7,"turns":3},{"damage":9,"enemies":"Exordium Thugs","floor":10,"turns":4},{"damage":1,"enemies":"3 Louse","floor":11,"turns":4},{"damage":1,"enemies":"2 Fungi Beasts","floor":13,"turns":4},{"damage":3,"enemies":"Exordium Thugs","floor":14,"turns":5},{"damage":36,"enemies":"Fading Forest","floor":16,"turns":11},{"damage":14,"enemies":"Shell Parasite","floor":18,"turns":6},{"damage":22,"enemies":"conspire:FuzzyDice","floor":19,"turns":6},{"damage":0,"enemies":"Shelled Parasite and Fungi","floor":21,"turns":5},{"damage":86,"enemies":"Gremlin Leader","floor":23,"turns":9}],"seed_played":"-5768708346079576283","potions_obtained":[{"floor":5,"key":"Dexterity Potion"},{"floor":11,"key":"Regen Potion"},{"floor":13,"key":"Fire Potion"},{"floor":14,"key":"SkillPotion"},{"floor":16,"key":"Milkshake"},{"floor":18,"key":"AttackPotion"}],"is_trial":false,"path_per_floor":["M","?","$","?","M","R","M","T","T","M","M","$","M","M","R","B",null,"M","M","?","M","$","E"],"character_chosen":"DEFECT","items_purchased":["Self Repair","Melter","Gash+1","Bag of Preparation"],"campfire_rested":0,"item_purchase_floors":[3,12,22,22],"current_hp_per_floor":[69,69,69,51,56,56,66,66,71,72,80,80,80,80,80,64,76,72,60,60,70,70,0,0],"gold":63,"neow_bonus":"BOSS_RELIC","is_daily":false,"chose_seed":false,"campfire_upgraded":1,"win_rate":0.0,"timestamp":1612944814,"path_taken":["M","?","$","?","M","R","M","?","T","?","M","?","M","M","R","BOSS","M","M","?","M","$","E"],"items_purchased_type":["Card","Card","Card","Relic"],"build_version":"2020-12-22","purchased_purges":1,"victory":false,"max_hp_per_floor":[75,75,75,75,75,75,75,75,80,80,80,80,80,80,80,80,80,80,80,80,80,80,80,80],"card_choices":[{"not_picked":["Barrage","Capacitor"],"picked":"Sweeping Beam","floor":1},{"not_picked":["Rebound","Barrage"],"picked":"Steam","floor":5},{"not_picked":["Streamline","Storm"],"picked":"BasicCrystalCard","floor":7},{"not_picked":["Amplify","Redo"],"picked":"Auto Shields","floor":10},{"not_picked":["Double Energy","Go for the Eyes"],"picked":"Hologram","floor":11},{"not_picked":["Coolheaded","ReplayTheSpireMod:Reroute Power"],"picked":"Ball Lightning","floor":13},{"not_picked":["Leap","Stack"],"picked":"Compile Driver","floor":14},{"not_picked":["Hyperbeam","hubris:DoWhile"],"picked":"Core Surge","floor":16},{"not_picked":["Redo","Scrape"],"picked":"Steam","floor":18},{"not_picked":["FIFO Queue","Rebound"],"picked":"Steam+1","floor":19},{"not_picked":["Leap","Auto Shields"],"picked":"Coolheaded","floor":21}],"player_experience":484754,"relics_obtained":[{"floor":8,"key":"hubris:64BitClover"},{"floor":9,"key":"Durian"},{"floor":19,"key":"Tiny Chest"}],"event_choices":[{"damage_healed":0,"gold_gain":0,"player_choice":"Leave","damage_taken":0,"max_hp_gain":0,"max_hp_loss":0,"event_name":"conspire:Investor","floor":2,"gold_loss":0},{"damage_healed":0,"gold_gain":0,"player_choice":"Take Damage","damage_taken":18,"relics_obtained":["Golden Idol"],"max_hp_gain":0,"max_hp_loss":0,"event_name":"Golden Idol","floor":4,"gold_loss":0},{"cards_removed":["Delirium"],"damage_healed":0,"gold_gain":0,"player_choice":"Elegance","damage_taken":0,"max_hp_gain":0,"max_hp_loss":0,"event_name":"Back to Basics","floor":20,"gold_loss":0}],"is_beta":false,"boss_relics":[{"not_picked":["energizedSpire:StickyHand","hubris:HollowSoul"],"picked":"Kintsugi"}],"items_purged_floors":[3],"is_endless":false,"potions_floor_spawned":[5,11,13,14,16,18],"killed_by":"Gremlin Leader","ascension_level":5}}