{"host":"ewn058xs2vaj5uc6","time":1612941383,"event":{"mods":["ATMod(??Mod)","Act Like it!","Aspiration","BaseMod","Better Vampires","BetterRewards","Bossed Relics","Colored Map","Colored Powertips","Downfall","Fox Events","Highlight Path","Minty Spire (QoL Compilation)","MostiFishMod","Quick Restart","Red Circlet Mod","Relic Filter Mod","Reliquary","Replay The Spire","Shop Mod","StSLib","SuperFastMode","TestMod","TheWitcher","??????REMEMod","????"],"gold_per_floor":[99,111,127,138,149,180,180,34,34,101,251,270,270,283,299,415,415,22,32,32,97,247,319,367,367,437,496,291,291,291,345,403,562,562,28,28,28,48,62,77,77,117,117,117],"floor_reached":42,"language":"ZHS","playtime":1330,"items_purged":["Regret","hexamod:Strike","hexamod:Defend","ks:0","hexamod:Defend"],"score":680,"play_id":"a959b921-c0c6-422b-b2bf-a42fce8958e6","local_time":"20210210151623","is_ascension_mode":true,"campfire_choices":[{"data":"hexamod:Sear","floor":1,"key":"PURGE"}],"circlet_count":0,"master_deck":["hexamod:Strike","hexamod:Strike","hexamod:Defend","hexamod:Defend","hexamod:Float","hexamod:SpectersWail","hexamod:SpectersWail","hexamod:UnleashSpirits","hexamod:GhostLash","hexamod:NightmareStrike","hexamod:Hexaguard+1","hexamod:Hexaguard"],"relics":["testmod-TestBox","AT_ATBox","REME_ComplimentaryCards","ExusiaiGun","JellyFishMachine","reliquary:PrincelyHelmet","GreenFoldingFan","MerchantsRug","Akabeko","downfall:KnowingSkull","Anchor","Centennial Puzzle","ReplayTheSpireMod:Shallot","Oddly Smooth Stone","Transparent","downfall:HeartBlessingBlue","downfall:HeartBlessingGreen","Vajra","ClockworkSouvenir","AT_DeathDance","DaveBox","White Beast Statue","Guardian:BottledAnomaly","AT_SilverBalance"],"acts_visited":["Exordium","TheCity","TheBeyond"],"potions_floor_usage":[5,16,16,33,33],"damage_taken":[{"damage":0,"enemies":"Small Slimes","floor":2,"turns":1},{"damage":0,"enemies":"Cultist","floor":3,"turns":1},{"damage":0,"enemies":"2 Louse","floor":4,"turns":1},{"damage":0,"enemies":"Gremlin Gang","floor":5,"turns":1},{"damage":0,"enemies":"Gremlin Nob","floor":6,"turns":2},{"damage":2,"enemies":"3 Sentries","floor":10,"turns":3},{"damage":0,"enemies":"2 Fungi Beasts","floor":12,"turns":1},{"damage":0,"enemies":"Large Slime","floor":14,"turns":2},{"damage":0,"enemies":"3 Louse","floor":15,"turns":1},{"damage":8,"enemies":"IC_STATUS_ARCHETYPE","floor":16,"turns":2},{"damage":2,"enemies":"Shell Parasite","floor":19,"turns":1},{"damage":7,"enemies":"Centurion and Healer","floor":21,"turns":2},{"damage":7,"enemies":"Gremlin Leader","floor":23,"turns":2},{"damage":5,"enemies":"Book of Stabbing","floor":26,"turns":1},{"damage":5,"enemies":"Chosen and Byrds","floor":27,"turns":1},{"damage":5,"enemies":"Sentry and Sphere","floor":31,"turns":1},{"damage":7,"enemies":"Snake Plant","floor":32,"turns":2},{"damage":17,"enemies":"WA_ARCHETYPE_CALM","floor":33,"turns":2},{"damage":15,"enemies":"Orb Walker","floor":38,"turns":1},{"damage":15,"enemies":"3 Darklings","floor":39,"turns":1},{"damage":45,"enemies":"downfall:FleeingMerchant","floor":40,"turns":3},{"damage":33,"enemies":"R_Hoarder","floor":42,"turns":2}],"seed_played":"2672789550306047491","potions_obtained":[{"floor":2,"key":"Fire Potion"},{"floor":4,"key":"Venom Potion"},{"floor":6,"key":"Strength Potion"},{"floor":14,"key":"Strength Potion"},{"floor":16,"key":"Fire Potion"},{"floor":23,"key":"SkillPotion"},{"floor":25,"key":"foxEvents:VialedCaress"},{"floor":38,"key":"SteroidPotion"},{"floor":39,"key":"SteroidPotion"},{"floor":40,"key":"FearPotion"}],"is_trial":false,"path_per_floor":["R_BF","M","M","M","M","E","T","R","?","E","?","M","?","M","M","B",null,"R_BF","M","?","M","?","E","T","?","E","M","R","?","?","M","M","B",null,"R_BF","?","?","M","M","$","T","E"],"character_chosen":"THE_SPIRIT","items_purchased":["AT_BladeRuinedKing","MerchantsRug","Akabeko","testmod-MagicalMallet","Oddly Smooth Stone","Vajra","ClockworkSouvenir","AT_DeathDance","Guardian:BottledAnomaly"],"campfire_rested":0,"item_purchase_floors":[8,18,18,18,28,35,35,35,40],"current_hp_per_floor":[70,70,70,70,70,70,70,70,70,68,68,68,56,60,64,60,70,70,70,63,66,66,69,69,59,59,59,59,57,57,57,57,50,57,67,67,67,67,67,67,67,0,0,0],"gold":117,"neow_bonus":"BOSS_RELIC","is_daily":false,"chose_seed":false,"campfire_upgraded":0,"win_rate":0.0,"timestamp":1612941383,"path_taken":["R_BF","M","M","M","M","E","T","R","?","E","?","?","?","M","M","BOSS","R_BF","M","?","?","?","E","T","?","E","M","R","?","?","M","M","BOSS","R_BF","?","?","M","M","$","T","E"],"items_purchased_type":["Relic","Relic","Relic","Relic","Relic","Relic","Relic","Relic","Relic"],"build_version":"2020-12-22","purchased_purges":5,"victory":false,"max_hp_per_floor":[70,70,70,70,70,70,70,70,70,70,70,70,70,70,70,70,70,70,70,70,70,70,70,70,59,59,59,59,57,57,57,57,57,57,67,67,67,67,67,67,67,67,67,67],"card_choices":[{"not_picked":["hexamod:EtherealExpedition","hexamod:DynamicBlow","hexamod:ExtraCrispy"],"picked":"SKIP","floor":2},{"not_picked":["hexamod:HeatMetal","hexamod:BurningTouch","hexamod:Hexaguard"],"picked":"SKIP","floor":3},{"not_picked":["hexamod:EmpoweredFlame","hexamod:ShieldOfDarkness","hexamod:FastForward"],"picked":"SKIP","floor":4},{"not_picked":["hexamod:SkipABeat","hexamod:Hexaguard","hexamod:FlamesFromBeyond"],"picked":"SKIP","floor":5},{"not_picked":["hexamod:PowerFromBeyond","hexamod:TurnItUp","hexamod:SoulSteal"],"picked":"SKIP","floor":6},{"not_picked":["hexamod:Again","hexamod:GhostOfSpirePast","hexamod:Hexaguard"],"picked":"SKIP","floor":10},{"not_picked":["hexamod:GhostShield","hexamod:DynamicBlow"],"picked":"hexamod:SpectersWail","floor":12},{"not_picked":["hexamod:GhostShield","hexamod:BurningTouch"],"picked":"hexamod:SpectersWail","floor":14},{"not_picked":["hexamod:FastForward","hexamod:SuperheatedStrike","hexamod:FlamesFromBeyond"],"picked":"SKIP","floor":15},{"not_picked":["hexamod:SearingWound","hexamod:Toasty"],"picked":"hexamod:UnleashSpirits","floor":16},{"not_picked":["hexamod:SuperheatedStrike","hexamod:BurningTouch"],"picked":"hexamod:GhostLash","floor":19},{"not_picked":["hexamod:Again","hexamod:NightmareGuise","hexamod:BacktrackSmack"],"picked":"SKIP","floor":21},{"not_picked":["hexamod:ThermalTransfer","hexamod:ShieldOfDarkness","hexamod:Firestarter+1"],"picked":"SKIP","floor":23},{"not_picked":["hexamod:ThermalTransfer","hexamod:ShieldOfDarkness","hexamod:Firestarter+1"],"picked":"SKIP","floor":23},{"not_picked":["hexamod:FlamesFromBeyond+1","hexamod:FastForward+1","hexamod:SpectersWail"],"picked":"SKIP","floor":26},{"not_picked":["hexamod:GhostflameBarrier+1","hexamod:SwordOfDarkness"],"picked":"hexamod:NightmareStrike","floor":27},{"not_picked":["hexamod:GhostLash","hexamod:CatchUp+1"],"picked":"hexamod:Hexaguard+1","floor":31},{"not_picked":["hexamod:SwordOfDarkness+1","hexamod:BacktrackSmack","hexamod:FirstSeal"],"picked":"SKIP","floor":32},{"not_picked":["hexamod:RainOfEmbers+1","hexamod:HauntingEcho+1","hexamod:PhantomCloak+1"],"picked":"SKIP","floor":38},{"not_picked":["hexamod:FlamesFromBeyond","hexamod:GhostOfSpireFuture+1"],"picked":"hexamod:Hexaguard","floor":39},{"not_picked":["hexamod:HauntingEcho","hexamod:SwordOfDarkness+1","hexamod:AdvancingGuard"],"picked":"SKIP","floor":40}],"player_experience":138533,"relics_obtained":[{"floor":6,"key":"REME_ArchaeologicalTools"},{"floor":10,"key":"reliquary:SilkGlove"},{"floor":23,"key":"Anchor"},{"floor":24,"key":"Centennial Puzzle"},{"floor":26,"key":"ReplayTheSpireMod:Shallot"},{"floor":41,"key":"AT_SilverBalance"}],"event_choices":[{"damage_healed":0,"gold_gain":0,"player_choice":"Box","damage_taken":0,"relics_obtained":["reliquary:PrincelyHelmet"],"max_hp_gain":0,"max_hp_loss":0,"event_name":"Big Fish","floor":9,"gold_loss":0,"cards_obtained":["Regret"]},{"damage_healed":0,"gold_gain":0,"player_choice":"Success","damage_taken":12,"relics_obtained":["HollowDreamFlower"],"max_hp_gain":0,"max_hp_loss":0,"event_name":"Scrap Ooze","floor":13,"gold_loss":0},{"damage_healed":0,"gold_gain":150,"player_choice":"Sell","damage_taken":0,"max_hp_gain":0,"max_hp_loss":0,"event_name":"??????","floor":22,"relics_lost":["testmod-MagicalMallet"],"gold_loss":0},{"damage_healed":0,"gold_gain":0,"player_choice":"Swap Relic","damage_taken":0,"relics_obtained":["DaveBox"],"max_hp_gain":0,"max_hp_loss":0,"event_name":"??????","floor":37,"relics_lost":["DaveBox"],"gold_loss":0}],"is_beta":false,"boss_relics":[{"not_picked":["OneHitWonderSystem","Pandora\u0027s Box"],"picked":"GreenFoldingFan"},{"not_picked":["testmod-DeterminationOfClimber","REME_LowDesire"],"picked":"Transparent"}],"items_purged_floors":[18,28,35,40,40],"is_endless":false,"potions_floor_spawned":[2,4,6,14,16,23,32,38,39,40],"killed_by":"R_Hoarder","ascension_level":2}}