{"host":"xkmvu47k9fdstweo","time":1612918714,"event":{"mods":["BaseMod","Colored Map","Conspire","HololiveMod","Hubris","Minty Spire (QoL Compilation)","Quick Restart","Shop Mod","StSLib"],"gold_per_floor":[96,7,37,68,102,146,146,175,200,200,240,266,191,216,216,308,308,333,333,31,44,60,98,98,128,202,202,202,218,260,315,315,397,397,441,457,218,218,14,14,51,95,121,161,189,189,273,113,113,150],"floor_reached":51,"language":"ENG","playtime":2149,"items_purged":["Hololive_Strike","Hololive_Defend","Hololive_Defend"],"score":2128,"play_id":"f2869f63-30b9-498a-88f5-20b5c3883fa0","local_time":"20210209195834","is_ascension_mode":true,"campfire_choices":[{"data":"Hololive_CallUsadaPekora","floor":7.0,"key":"SMITH"},{"data":"Hololive_WolfAndLamb","floor":10.0,"key":"SMITH"},{"data":"Hololive_Watashimo","floor":15.0,"key":"SMITH"},{"data":"Hololive_WolfAndLamb","floor":24,"key":"SMITH"},{"data":"Hololive_CallAkiRosenthal","floor":27,"key":"SMITH"},{"data":"Hololive_CallAmaneKanata","floor":32,"key":"SMITH"},{"data":"Hololive_Yoholoon","floor":40,"key":"SMITH"},{"data":"Hololive_Yoholoon","floor":46,"key":"SMITH"},{"data":"Hololive_SummonFox","floor":49,"key":"SMITH"}],"circlet_count":0,"master_deck":["AscendersBane","Hololive_Breathe","Hololive_CallFriendA","Hololive_CallMinatoAqua","Hololive_CallHoushouMarine","Hololive_CallUsadaPekora+1","Hololive_CallMinatoAqua","Hololive_CallShiroganeNoel","Hololive_CallNekomataOkayu","Hololive_CallAkiRosenthal+1","Hololive_Breathe","Hololive_CallYozoraMel","Hololive_WolfAndLamb+1","Hololive_Psychosis","Hololive_CocoNews","Hololive_Watashimo+1","Hololive_WolfAndLamb+1","Hololive_CallSakuraMiko","Hololive_LuckPotion","Hololive_CallShirakamiFubuki","Hololive_CallInugamiKorone","Hololive_CallMomosuzuNene+4","Hololive_CocoNews+1","Hololive_CallAmaneKanata+1","Hololive_RevenueBasedLive","Hololive_Psychosis+1","Hololive_CallYozoraMel","Hololive_DiamondStrike","Hololive_Yoholoon+1","Hololive_CocoNews","Hololive_Yoholoon+1","Hololive_Yoholoon+1","Hololive_CallSakuraMiko","Hololive_HuntDinosaur+1","Hololive_CocoNews","Hololive_CallShiranuiFlare","Hololive_SummonFox+1"],"relics":["Hololive_TheStar","Thread and Needle","Pen Nib","hubris:TenFootPole","Pantograph","Runic Pyramid","hubris:Icosahedron","Hololive_FriedShrimpLion","PreservedInsect","hubris:SlimyHat","conspire:BottledYoYo","Toy Ornithopter","conspire:RoyalGoblet","Gremlin Horn","Boot","Potion Belt","Vajra"],"acts_visited":["Exordium","TheCity","TheBeyond"],"potions_floor_usage":[30,47],"damage_taken":[{"damage":0.0,"enemies":"Cultist","floor":1.0,"turns":2.0},{"damage":0.0,"enemies":"Jaw Worm","floor":3.0,"turns":3.0},{"damage":0.0,"enemies":"2 Louse","floor":4.0,"turns":2.0},{"damage":0.0,"enemies":"Exordium Wildlife","floor":5.0,"turns":4.0},{"damage":0.0,"enemies":"Gremlin Nob","floor":6.0,"turns":5.0},{"damage":0.0,"enemies":"2 Fungi Beasts","floor":8.0,"turns":3.0},{"damage":0.0,"enemies":"Lagavulin","floor":11.0,"turns":4.0},{"damage":0.0,"enemies":"Looter","floor":12.0,"turns":3.0},{"damage":0.0,"enemies":"Exordium Thugs","floor":14.0,"turns":4.0},{"damage":0.0,"enemies":"Hexaghost","floor":16.0,"turns":6.0},{"damage":0.0,"enemies":"Shell Parasite","floor":18.0,"turns":6.0},{"damage":0.0,"enemies":"conspire:FuzzyDice","floor":21.0,"turns":5.0},{"damage":0.0,"enemies":"Centurion and Healer","floor":22.0,"turns":5.0},{"damage":11,"enemies":"Slavers","floor":23,"turns":3},{"damage":0,"enemies":"conspire:Head Lice","floor":25,"turns":5},{"damage":0,"enemies":"3 Cultists","floor":29,"turns":5},{"damage":0,"enemies":"conspire:SneckoGhost","floor":30,"turns":3},{"damage":0,"enemies":"conspire:HollyBat","floor":31,"turns":6},{"damage":0,"enemies":"Champ","floor":33,"turns":5},{"damage":0,"enemies":"3 Shapes","floor":35,"turns":3},{"damage":0,"enemies":"Orb Walker","floor":36,"turns":3},{"damage":0,"enemies":"Nemesis","floor":41,"turns":5},{"damage":0,"enemies":"Spire Growth","floor":42,"turns":3},{"damage":0,"enemies":"Maw","floor":44,"turns":4},{"damage":0,"enemies":"3 Darklings","floor":45,"turns":4},{"damage":14,"enemies":"Reptomancer","floor":47,"turns":4},{"damage":0,"enemies":"hubris:GrandSnecko","floor":50,"turns":5}],"seed_played":"1299101126342114019","potions_obtained":[{"floor":1.0,"key":"Block Potion"},{"floor":8.0,"key":"ColorlessPotion"},{"floor":11.0,"key":"DistilledChaos"},{"floor":18.0,"key":"SpeedPotion"},{"floor":25,"key":"Block Potion"},{"floor":35,"key":"Regen Potion"},{"floor":47,"key":"Swift Potion"}],"is_trial":false,"path_per_floor":["M","$","M","M","M","E","R","M","T","R","E","M","?","M","R","B",null,"M","?","$","M","M","E","R","E","T","R","?","M","E","M","R","B",null,"M","M","$","?","$","R","E","M","T","M","M","R","E","$","R","B",null],"character_chosen":"Hololive_HololiveCharacter","items_purchased":["Hololive_CallNekomataOkayu","Hololive_FriedShrimpLion","Hololive_LuckPotion","Hololive_CocoNews","Hololive_Yoholoon","Hololive_Yoholoon","Vajra"],"campfire_rested":0,"item_purchase_floors":[2,20,20,37,37,39,48],"current_hp_per_floor":[21,21,21,21,21,21,21,21,21,21,21,21,21,21,21,30,30,30,30,30,30,30,19,19,19,19,19,19,19,19,19,19,30,30,30,30,30,30,30,30,30,30,30,30,30,30,16,16,16,30],"gold":150,"neow_bonus":"ONE_RARE_RELIC","is_daily":false,"chose_seed":false,"campfire_upgraded":9,"win_rate":0.0,"timestamp":1612918714,"path_taken":["M","$","M","M","M","E","R","?","T","R","E","M","?","M","R","BOSS","M","?","?","M","M","E","R","E","T","R","?","?","E","M","R","BOSS","M","M","$","?","$","R","E","M","T","M","M","R","E","$","R","BOSS"],"items_purchased_type":["Card","Relic","Card","Card","Card","Card","Relic"],"build_version":"2020-12-22","purchased_purges":3,"victory":true,"max_hp_per_floor":[30,30,30,30,30,30,30,30,30,30,30,30,30,30,30,30,30,30,30,30,30,30,30,30,30,30,30,30,30,30,30,30,30,30,30,30,30,30,30,30,30,30,30,30,30,30,30,30,30,30],"card_choices":[{"not_picked":["Hololive_CallArtia","Hololive_CallAyundaRisu","Hololive_CallShirakamiFubuki"],"picked":"Hololive_CallShiroganeNoel","floor":1.0},{"not_picked":["Hololive_CallFriendA","Hololive_CallOzoraSubaru","Hololive_LuckPotion"],"picked":"Hololive_CallTokoyamiTowa","floor":3.0},{"not_picked":["Hololive_OvertimeWork","Hololive_CallShiroganeNoel","Hololive_CocoNews"],"picked":"Hololive_CallAkiRosenthal","floor":4.0},{"not_picked":["Hololive_Trident","Hololive_CallNekomataOkayu","Hololive_Sequa"],"picked":"Hololive_Breathe","floor":5.0},{"not_picked":["Hololive_CallAkiRosenthal","Hololive_CallSpadeEcho","Hololive_StrengthChampion"],"picked":"Hololive_CallYozoraMel","floor":6.0},{"not_picked":["Hololive_LuckPotion","Hololive_CallRosalyn","Hololive_Psychosis"],"picked":"Hololive_WolfAndLamb","floor":8.0},{"not_picked":["Hololive_Trident","Hololive_CallArtia","Hololive_ASMR"],"picked":"Hololive_Psychosis","floor":11.0},{"not_picked":["Hololive_LuckPotion","Hololive_Watashimo","Hololive_CallAkaiHaato"],"picked":"Hololive_CocoNews","floor":12.0},{"not_picked":["Hololive_LuckPotion","Hololive_HuntDinosaur","Hololive_CallYozoraMel"],"picked":"Hololive_Watashimo","floor":14.0},{"not_picked":["Hololive_StarCraft","Hololive_OpenUp","Hololive_AWSL"],"picked":"Hololive_WolfAndLamb","floor":16.0},{"not_picked":["Hololive_LuckPotion+1","Hololive_Breathe","Hololive_Trident"],"picked":"Hololive_CallSakuraMiko","floor":18.0},{"not_picked":["Hololive_CallTokinoSora","Hololive_Teleport","Hololive_LuckPotion"],"picked":"Hololive_CallShirakamiFubuki","floor":21.0},{"not_picked":["Hololive_Rebound","Hololive_ManjiGathering","Hololive_DevilCharm"],"picked":"Hololive_CallInugamiKorone","floor":22.0},{"not_picked":["Hololive_Breathe","Hololive_FlareMind","Hololive_CallAZKi"],"picked":"Hololive_CallMomosuzuNene","floor":23},{"not_picked":["Hololive_HuntDinosaur","Hololive_CallMoonaHoshinova","Hololive_ManjiGathering+1"],"picked":"Hololive_CocoNews+1","floor":25},{"not_picked":["Hololive_CallShiroganeNoel","Hololive_Drill","Hololive_StrengthChampion"],"picked":"Hololive_RevenueBasedLive","floor":29},{"not_picked":["Hololive_ScarfAndHalo","Hololive_Trident","Hololive_CallMurasakiShion"],"picked":"Hololive_Psychosis+1","floor":30},{"not_picked":["Hololive_OvertimeWork","Hololive_CallHoushouMarine","Hololive_FlyingPonyTail"],"picked":"Hololive_CallYozoraMel","floor":31},{"not_picked":["Hololive_BeCareful","Hololive_AWSL","Hololive_Recruit"],"picked":"Hololive_DiamondStrike","floor":33},{"not_picked":["Hololive_Drill","Hololive_CallDoris+1","Hololive_ManjiGathering+1","Hololive_Watashimo"],"picked":"SKIP","floor":35},{"not_picked":["Hololive_LuckPotion","Hololive_ManjiGathering","Hololive_CallRosalyn"],"picked":"Hololive_Yoholoon+1","floor":36},{"not_picked":["Hololive_CallMurasakiShion","Hololive_CallSpadeEcho","Hololive_DurableLive"],"picked":"Hololive_CallSakuraMiko","floor":41},{"not_picked":["Hololive_Trident","Hololive_Sequa","Hololive_CallHoushouMarine"],"picked":"Hololive_HuntDinosaur+1","floor":42},{"not_picked":["Hololive_HuntDinosaur+1","Hololive_Psychosis","Hololive_Breathe"],"picked":"Hololive_CocoNews","floor":44},{"not_picked":["Hololive_CallMoonaHoshinova","Hololive_OvertimeWork","Hololive_CallArtia"],"picked":"Hololive_CallShiranuiFlare","floor":45},{"not_picked":["Hololive_StarCraft","Hololive_Drill+1","Hololive_StrengthChampion"],"picked":"Hololive_SummonFox","floor":47}],"player_experience":349064,"relics_obtained":[{"floor":6.0,"key":"Pen Nib"},{"floor":9.0,"key":"hubris:TenFootPole"},{"floor":11.0,"key":"Pantograph"},{"floor":23,"key":"PreservedInsect"},{"floor":25,"key":"hubris:SlimyHat"},{"floor":26,"key":"conspire:BottledYoYo"},{"floor":30,"key":"Toy Ornithopter"},{"floor":41,"key":"Gremlin Horn"},{"floor":43,"key":"Boot"},{"floor":47,"key":"Potion Belt"}],"event_choices":[{"cards_removed":["Hololive_Strike"],"damage_healed":0.0,"max_hp_gain":0.0,"max_hp_loss":0.0,"gold_gain":0.0,"event_name":"The Cleric","player_choice":"Card Removal","floor":13.0,"gold_loss":75.0,"damage_taken":0.0},{"damage_healed":0,"gold_gain":0,"player_choice":"1 cards matched","damage_taken":0,"max_hp_gain":0,"max_hp_loss":0,"event_name":"Match and Keep!","floor":28,"gold_loss":0,"cards_obtained":["Hololive_CallAmaneKanata"]},{"cards_removed":["Hololive_CallTokoyamiTowa"],"damage_healed":0,"gold_gain":0,"player_choice":"Removed Power","damage_taken":0,"max_hp_gain":0,"max_hp_loss":0,"event_name":"Falling","floor":38,"gold_loss":0}],"is_beta":false,"boss_relics":[{"not_picked":["hubris:GrandSneckoEye","Fusion Hammer"],"picked":"Runic Pyramid"},{"not_picked":["conspire:SlowCooker","conspire:SeveredTorchhead"],"picked":"conspire:RoyalGoblet"}],"items_purged_floors":[20,37,39],"is_endless":false,"potions_floor_spawned":[1,8,11,14,16,18,25,29,31,35,41,44,47],"ascension_level":18}}