{"host":"qje7bge8e4rv32w4","time":1612958997,"event":{"mods":["BaseMod","KinomotoSakuraMod(ƒæ÷Æ±æ”£)","Marisa£®ÏF”Í°°ƒß¿Ì…≥£©","Minty Spire (QoL Compilation)","Remilia£®¿Ÿ√◊¿Ú—«£©","StSLib","The Bug Knight","The Servant 0.9.4","Youmu£®ªÍ∆«—˝√Œ£©"],"gold_per_floor":[117,42,2,22,22,22,57,57,104,124,139,158,158,170,170,170,170],"floor_reached":16,"language":"ZHS","playtime":786,"items_purged":["Strike_YM"],"score":127,"play_id":"723c612b-97b3-4520-aec0-d6006aa2f9c2","local_time":"20210210200957","is_ascension_mode":false,"campfire_choices":[{"data":"FastingOfTheYoungPreta","floor":6,"key":"SMITH"},{"data":"SlashOfPresentWorld","floor":13,"key":"SMITH"},{"data":"SlashOfDepartureFromHesitation","floor":15,"key":"SMITH"}],"circlet_count":0,"master_deck":["Strike_YM","Strike_YM","Defend_YM","Defend_YM","Defend_YM","Defend_YM","SlashOfPresentWorld+1","WheelOfPainOfLivingAndDead","SlashOfDepartureFromHesitation+1","FastingOfTheYoungPreta+1","HesitationCuttingSword"],"relics":["HalfPhantom","NeowsBlessing","Akabeko","Omamori"],"acts_visited":["Exordium"],"potions_floor_usage":[16,16,16],"damage_taken":[{"damage":0,"enemies":"Cultist","floor":1,"turns":1},{"damage":0,"enemies":"Small Slimes","floor":4,"turns":1},{"damage":0,"enemies":"3 Sentries","floor":7,"turns":1},{"damage":5,"enemies":"2 Louse","floor":10,"turns":2},{"damage":4,"enemies":"Large Slime","floor":11,"turns":5},{"damage":4,"enemies":"Gremlin Gang","floor":12,"turns":7},{"damage":9,"enemies":"2 Fungi Beasts","floor":14,"turns":2},{"damage":52,"enemies":"Slime Boss","floor":16,"turns":10}],"seed_played":"-7097977590896190788","potions_obtained":[{"floor":10,"key":"EntropicBrew"},{"floor":11,"key":"FearPotion"}],"is_trial":false,"path_per_floor":["M","$","$","M","?","R","E","?","T","M","M","M","R","M","R","B"],"character_chosen":"YOUMU","items_purchased":["SlashOfDepartureFromHesitation"],"campfire_rested":0,"item_purchase_floors":[3],"current_hp_per_floor":[75,75,75,75,75,75,75,75,75,70,66,62,62,53,53,1,1],"gold":170,"neow_bonus":"THREE_ENEMY_KILL","is_daily":false,"chose_seed":false,"campfire_upgraded":3,"win_rate":0.0,"timestamp":1612958997,"path_taken":["M","?","$","M","?","R","E","?","T","M","M","M","R","M","R","BOSS"],"items_purchased_type":["Card"],"build_version":"2020-12-22","purchased_purges":1,"victory":false,"max_hp_per_floor":[75,75,75,75,75,75,75,75,75,75,75,75,75,75,75,75,75],"card_choices":[{"not_picked":["SpiritCuttingSword","FlashingScatteredFlowers","BloodOfAsura"],"picked":"SKIP","floor":1},{"not_picked":["HumanKnowledgeSword","FourBirthsSword"],"picked":"FastingOfTheYoungPreta","floor":4},{"not_picked":["SanzenSekai","FlashingScatteredFlowers","LowerRealmReflectionSlash"],"picked":"SKIP","floor":7},{"not_picked":["ObsessionWithThePresentWorld","TwoHundredYojanaInOneSlash","SanzenSekai"],"picked":"SKIP","floor":10},{"not_picked":["SpiritCuttingSword","FlashingScatteredFlowers","HeavenlyHaloSlash"],"picked":"SKIP","floor":11},{"not_picked":["SlashOfDepartureFromHesitation","CherryBlossomFlashing","DispleasureOfTheSevenHakus"],"picked":"SKIP","floor":12},{"not_picked":["LowerRealmReflectionSlash","ConstancyOfTheConventionalTruth","LifeCuttingSword"],"picked":"SKIP","floor":14}],"player_experience":1055921,"relics_obtained":[{"floor":7,"key":"Akabeko"},{"floor":9,"key":"Omamori"}],"event_choices":[{"damage_healed":0,"gold_gain":0,"player_choice":"Ignored","damage_taken":0,"max_hp_gain":0,"max_hp_loss":0,"event_name":"Liars Game","floor":5,"gold_loss":0},{"damage_healed":0,"gold_gain":0,"cards_transformed":["Strike_YM"],"player_choice":"Transformed","damage_taken":0,"max_hp_gain":0,"max_hp_loss":0,"event_name":"Transmorgrifier","floor":8,"gold_loss":0,"cards_obtained":["HesitationCuttingSword"]}],"is_beta":false,"boss_relics":[],"items_purged_floors":[2],"is_endless":false,"potions_floor_spawned":[10,11],"killed_by":"Slime Boss","ascension_level":0}}