{"host":"htqwg582tjjtn9p7","time":1612987205,"event":{"mods":["2.2 Compatiblity","AchievementEnabler","Act Like it!","Aspiration","BaseMod","Better Third Choice","Colored Map","Conspire","Curses Come First","Displayed Cursed Tome","Energized Spire","Force Act Four","Fox Events","GifTheSpireLib","Hermit","Highlight Path","JesterMod","Mad Scientist","Minty Spire (QoL Compilation)","Pale of the Ancients","Permanent Neow","Random Character Button","Relic Stats","Reliquary","Replay The Spire","Robot Space Explorer","Somnambulant","Spicy Shops","Spikes Relics","StSLib","Stuff the Spire","The Blue Laboratory","The Bug Knight","The Forsaken","The Gatherer","The Judge","The Jungle","The Marked","The Runesmith","The Servant 0.9.4","Uncapped"],"gold_per_floor":[114,114,127,177,195,195,236,236,236,269,234,259,409,442,442,537,537,551,576,576,184,207,207,248,248,275,1,1,26,26,60,60,167,176,190,190,212,234,71,71,71,71,97,169,183,183,208,256,256,256,269,290,290,111,111,136,136,185,185,185,185],"floor_reached":60,"language":"ENG","playtime":5143,"items_purged":["Pain","Clumsy"],"score":1345,"play_id":"b08da248-3ef7-42e1-8051-573abd043a4b","local_time":"20210210210005","is_ascension_mode":true,"campfire_choices":[{"data":"StuffTheSpire:Injection","floor":6,"key":"SMITH"},{"data":"Draining Mist","floor":8,"key":"SMITH"},{"data":"Doubt","floor":15,"key":"PURGE"},{"floor":23,"key":"DIG"},{"floor":25,"key":"DIG"},{"floor":30,"key":"REST"},{"floor":32,"key":"REST"},{"floor":40,"key":"DIG"},{"data":"StuffTheSpire:Injection+1","floor":42,"key":"PURGE"},{"data":"Draining Mist","floor":49,"key":"SMITH"},{"floor":57,"key":"DIG"}],"circlet_count":0,"master_deck":["AscendersBane","Strike_G","Strike_G","Strike_G","Strike_G","Defend_G","Defend_G","Defend_G","Defend_G","Defend_G","Survivor","Neutralize","Leg Sweep+1","Reflex","Draining Mist+1","Predator","Dagger Throw","Tools of the Trade","Noxious Fumes","Noxious Fumes","Fluid Movement","Finesse","Necronomicurse","Deflect+1","Tools of the Trade","Draining Mist+1","Backflip","Footwork","Backflip+1","Dash+1","Backflip+1","Panache","Deflect+1"],"relics":["ChewingGum","Golden Idol","conspire:TopHat","BrokenLever","Replay:Multitool","reliquary:Stiletto","conspire:SeveredTorchhead","WarpedTongs","reliquary:IridiumChain","Regal Pillow","conspire:DecoderRing","reliquary:ExpiredCoupon","Blood Vial","OrangePellets","Necronomicon","CeramicFish","energizedSpire:HighHeels","HollowMod:QueensCombRelic","reliquary:FerryPass","The Specimen","theForsaken:HumbleEgg","paleoftheancients:Timepiece","paleoftheancients:KeyRelic","Gremlin Horn","CultistMask","paleoftheancients:SoulOfTheWatcher","Oddly Smooth Stone","ZombieTooth","SnailShell"],"acts_visited":["Exordium","TheCity","TheBeyond","TheBeyond"],"potions_floor_usage":[7,37,45,50,60],"damage_taken":[{"damage":9,"enemies":"conspire:RoseBush","floor":1,"turns":4},{"damage":0,"enemies":"2 Louse","floor":3,"turns":3},{"damage":0,"enemies":"Cultist","floor":5,"turns":4},{"damage":16,"enemies":"3 Sentries","floor":7,"turns":14},{"damage":0,"enemies":"Lagavulin","floor":10,"turns":5},{"damage":0,"enemies":"3 Louse","floor":12,"turns":3},{"damage":6,"enemies":"HollowMod:MossKnight","floor":14,"turns":18},{"damage":14,"enemies":"Hexaghost","floor":16,"turns":12},{"damage":3,"enemies":"Shell Parasite","floor":18,"turns":5},{"damage":0,"enemies":"Spheric Guardian","floor":19,"turns":2},{"damage":1,"enemies":"3 Cultists","floor":22,"turns":6},{"damage":3,"enemies":"HollowMod:Nosk","floor":24,"turns":6},{"damage":5,"enemies":"Centurion and Healer","floor":29,"turns":6},{"damage":32,"enemies":"Slavers","floor":31,"turns":5},{"damage":13,"enemies":"Collector","floor":33,"turns":9},{"damage":11,"enemies":"3 Shapes","floor":35,"turns":5},{"damage":15,"enemies":"3 Darklings","floor":37,"turns":4},{"damage":6,"enemies":"Maw","floor":38,"turns":9},{"damage":0,"enemies":"conspire:MimicChest","floor":44,"turns":9},{"damage":3,"enemies":"Spire Growth","floor":45,"turns":6},{"damage":19,"enemies":"Sphere and 2 Shapes","floor":47,"turns":6},{"damage":0,"enemies":"Giant Head","floor":48,"turns":9},{"damage":36,"enemies":"Replay:Hell Engine","floor":50,"turns":13},{"damage":0,"enemies":"Replay:Hell Engine","floor":51,"turns":12},{"damage":12,"enemies":"Replay:Hell Engine","floor":52,"turns":18},{"damage":10,"enemies":"Replay:Hell Engine","floor":56,"turns":8},{"damage":253,"enemies":"paleoftheancients:N","floor":60,"turns":14}],"seed_played":"7286784730915143697","potions_obtained":[{"floor":3,"key":"CunningPotion"},{"floor":14,"key":"Reflective Coating"},{"floor":16,"key":"Elixir"},{"floor":19,"key":"FairyPotion"},{"floor":33,"key":"Regen Potion"},{"floor":37,"key":"SkillPotion"},{"floor":45,"key":"blueLaboratory:BottleOfRum"},{"floor":48,"key":"blueLaboratory:BlinkPotion"},{"floor":51,"key":"blueLaboratory:HummingbirdPotion"}],"is_trial":false,"path_per_floor":["M","?","M","?","M","R","E","R","T","E","?","M","?","E","R","B",null,"M","M","?","$","M","R","E","R","T","$","?","M","R","E","R","B",null,"M","?","M","M","$","R","?","R","T","?","M","R","M","E","R","B","M","M","?","$","R","M","R","T","?","B"],"character_chosen":"THE_SILENT","items_purchased":["Noxious Fumes","reliquary:IridiumChain","OrangePellets","Fluid Movement","Finesse","Footwork","Panache"],"campfire_rested":2,"item_purchase_floors":[21,21,27,27,27,39,54],"current_hp_per_floor":[50,50,50,50,50,50,34,34,34,34,49,49,49,43,43,29,52,49,49,49,49,48,48,45,45,45,45,24,21,54,24,57,46,57,48,48,49,45,45,40,40,40,40,40,37,40,21,40,40,31,40,34,34,34,40,35,35,35,35,0,0],"gold":185,"neow_bonus":"BOSS_RELIC","is_daily":false,"chose_seed":false,"campfire_upgraded":3,"win_rate":0.0,"timestamp":1612987205,"path_taken":["M","?","M","?","?","R","E","R","T","E","?","M","?","E","R","BOSS","M","M","?","$","M","R","E","R","T","?","?","M","R","E","R","BOSS","M","?","M","M","$","R","?","R","T","?","?","R","M","E","R","BOSS","M","M","?","$","R","M","R","T","?","BOSS"],"items_purchased_type":["Card","Relic","Relic","Card","Card","Card","Card"],"build_version":"2020-12-22","purchased_purges":2,"victory":false,"max_hp_per_floor":[66,60,60,60,60,60,60,60,60,60,60,60,60,60,60,60,60,60,60,60,60,60,60,60,60,60,60,60,60,60,60,60,60,60,60,60,60,60,60,40,40,40,40,40,40,40,40,40,40,40,40,40,40,40,40,40,40,40,40,40,40],"relic_stats":{"Blood Vial":18,"OrangePellets":[69],"Regal Pillow":30,"Gremlin Horn":[18,18],"counters":[27,214],"Golden Idol":167,"CeramicFish":90,"Necronomicon":[56],"obtain_stats":[{"Regal Pillow":23,"SnailShell":58,"Gremlin Horn":50,"CeramicFish":31,"BrokenLever":9,"Replay:Multitool":10,"conspire:TopHat":7,"reliquary:FerryPass":43,"conspire:SeveredTorchhead":17,"Blood Vial":26,"theForsaken:HumbleEgg":48,"ZombieTooth":57,"conspire:DecoderRing":24,"Necronomicon":28,"paleoftheancients:SoulOfTheWatcher":52,"Ring of the Snake":0,"HollowMod:QueensCombRelic":40,"paleoftheancients:KeyRelic":50,"The Specimen":44,"Golden Idol":2,"Oddly Smooth Stone":53,"reliquary:IridiumChain":21,"WarpedTongs":20,"paleoftheancients:Timepiece":50,"reliquary:ExpiredCoupon":25,"OrangePellets":27,"ChewingGum":0,"reliquary:Stiletto":14,"CultistMask":50,"energizedSpire:HighHeels":34},{"Regal Pillow":11,"SnailShell":26,"Gremlin Horn":23,"CeramicFish":14,"BrokenLever":4,"Replay:Multitool":5,"conspire:TopHat":4,"reliquary:FerryPass":18,"conspire:SeveredTorchhead":8,"Blood Vial":12,"theForsaken:HumbleEgg":22,"ZombieTooth":26,"conspire:DecoderRing":12,"Necronomicon":12,"paleoftheancients:SoulOfTheWatcher":25,"Ring of the Snake":0,"HollowMod:QueensCombRelic":18,"paleoftheancients:KeyRelic":23,"The Specimen":19,"Golden Idol":1,"Oddly Smooth Stone":25,"reliquary:IridiumChain":10,"WarpedTongs":10,"paleoftheancients:Timepiece":23,"reliquary:ExpiredCoupon":12,"OrangePellets":12,"ChewingGum":0,"reliquary:Stiletto":7,"CultistMask":23,"energizedSpire:HighHeels":15},{"Regal Pillow":76,"SnailShell":200,"Gremlin Horn":163,"CeramicFish":93,"BrokenLever":25,"Replay:Multitool":30,"conspire:TopHat":25,"reliquary:FerryPass":120,"conspire:SeveredTorchhead":63,"Blood Vial":82,"theForsaken:HumbleEgg":150,"ZombieTooth":200,"conspire:DecoderRing":82,"Necronomicon":82,"paleoftheancients:SoulOfTheWatcher":192,"Ring of the Snake":0,"HollowMod:QueensCombRelic":120,"paleoftheancients:KeyRelic":163,"The Specimen":129,"Golden Idol":4,"Oddly Smooth Stone":192,"reliquary:IridiumChain":70,"WarpedTongs":70,"paleoftheancients:Timepiece":163,"reliquary:ExpiredCoupon":82,"OrangePellets":82,"ChewingGum":0,"reliquary:Stiletto":51,"CultistMask":163,"energizedSpire:HighHeels":102}],"WarpedTongs":[137]},"card_choices":[{"not_picked":["Cloak And Dagger","Slice"],"picked":"StuffTheSpire:Injection","floor":1},{"not_picked":["Acrobatics","StuffTheSpire:MirrorStance"],"picked":"Leg Sweep","floor":3},{"not_picked":["Sucker Punch","Eviscerate"],"picked":"Reflex","floor":5},{"not_picked":["Bane","Pace"],"picked":"Draining Mist","floor":7},{"not_picked":["Accuracy","StuffTheSpire:BumpUp"],"picked":"Predator","floor":10},{"not_picked":["Sucker Punch","Outmaneuver"],"picked":"Malaise","floor":12},{"not_picked":["InfectiousVector","Infinite Blades"],"picked":"Dagger Throw","floor":14},{"not_picked":["Bullet Time","Malaise"],"picked":"Tools of the Trade","floor":16},{"not_picked":["Accuracy","Quick Slash","Dagger Spray"],"picked":"SKIP","floor":18},{"not_picked":["Concentrate","InfectiousVector","Dagger Throw"],"picked":"SKIP","floor":19},{"not_picked":["ReplayTheSpireMod:Exploit Weakness","Choke"],"picked":"Noxious Fumes","floor":22},{"not_picked":["Skewer","Sucker Punch+1","Replay:Poison Smokescreen"],"picked":"SKIP","floor":24},{"not_picked":["Noxious Fumes","Blade Dance"],"picked":"Deflect+1","floor":29},{"not_picked":["Tools of the Trade","StuffTheSpire:BumpUp","Acrobatics"],"picked":"SKIP","floor":31},{"not_picked":["ReplayTheSpireMod:From All Sides","Grand Finale"],"picked":"Tools of the Trade","floor":33},{"not_picked":["Outmaneuver","Blade Dance+1","Deadly Poison"],"picked":"SKIP","floor":35},{"not_picked":["Blade Dance","Dagger Spray"],"picked":"Draining Mist","floor":37},{"not_picked":["Bouncing Flask","Deadly Poison"],"picked":"Backflip","floor":38},{"not_picked":["InfectiousVector+1","Acrobatics"],"picked":"Backflip","floor":44},{"not_picked":["Cloak And Dagger+1","Poisoned Stab","ReplayTheSpireMod:Exploit Weakness+1"],"picked":"SKIP","floor":45},{"not_picked":["Caltrops","StuffTheSpire:BumpUp"],"picked":"Dash+1","floor":47},{"not_picked":["Burst","Accuracy"],"picked":"Backflip+1","floor":48},{"not_picked":["Escape Plan","Sucker Punch+1","ReplayTheSpireMod:Tripwire"],"picked":"SKIP","floor":51},{"not_picked":["StuffTheSpire:Incantation","PiercingWail+1","Heel Hook"],"picked":"SKIP","floor":52},{"not_picked":["All Out Attack","PiercingWail+1"],"picked":"Deflect+1","floor":56}],"player_experience":2011005,"relics_obtained":[{"floor":7,"key":"conspire:TopHat"},{"floor":9,"key":"BrokenLever"},{"floor":10,"key":"Replay:Multitool"},{"floor":14,"key":"reliquary:Stiletto"},{"floor":23,"key":"Regal Pillow"},{"floor":24,"key":"conspire:DecoderRing"},{"floor":25,"key":"reliquary:ExpiredCoupon"},{"floor":26,"key":"Blood Vial"},{"floor":31,"key":"CeramicFish"},{"floor":40,"key":"HollowMod:QueensCombRelic"},{"floor":43,"key":"reliquary:FerryPass"},{"floor":44,"key":"The Specimen"},{"floor":48,"key":"theForsaken:HumbleEgg"},{"floor":52,"key":"paleoftheancients:SoulOfTheWatcher"},{"floor":57,"key":"ZombieTooth"},{"floor":58,"key":"SnailShell"}],"event_choices":[{"damage_healed":0,"gold_gain":0,"player_choice":"Lose Max HP","damage_taken":0,"relics_obtained":["Golden Idol"],"max_hp_gain":0,"max_hp_loss":6,"event_name":"Golden Idol","floor":2,"gold_loss":0},{"damage_healed":0,"gold_gain":50,"player_choice":"Pray","damage_taken":0,"max_hp_gain":0,"max_hp_loss":0,"event_name":"Golden Shrine","floor":4,"gold_loss":0},{"damage_healed":15,"gold_gain":0,"player_choice":"Healed","damage_taken":0,"max_hp_gain":0,"max_hp_loss":0,"event_name":"The Cleric","floor":11,"gold_loss":35},{"damage_healed":0,"gold_gain":150,"player_choice":"AGREE","damage_taken":259,"max_hp_gain":0,"max_hp_loss":0,"event_name":"betterThird:BetterSerpent","floor":13,"gold_loss":0},{"damage_healed":0,"gold_gain":0,"player_choice":"Rummage","damage_taken":0,"relics_obtained":["WarpedTongs"],"max_hp_gain":0,"max_hp_loss":0,"event_name":"Accursed Blacksmith","floor":20,"gold_loss":0,"cards_obtained":["Pain"]},{"damage_healed":0,"gold_gain":0,"player_choice":"Obtained Book","damage_taken":21,"max_hp_gain":0,"max_hp_loss":0,"event_name":"Cursed Tome","floor":28,"gold_loss":0},{"cards_removed":["Strike_G"],"damage_healed":0,"gold_gain":0,"player_choice":"Removed Attack","damage_taken":0,"max_hp_gain":0,"max_hp_loss":0,"event_name":"Falling","floor":36,"gold_loss":0},{"cards_removed":["Malaise"],"damage_healed":0,"gold_gain":0,"player_choice":"Gave Card","damage_taken":0,"relics_obtained":["Oddly Smooth Stone"],"max_hp_gain":0,"max_hp_loss":0,"event_name":"WeMeetAgain","floor":53,"gold_loss":0}],"is_beta":false,"boss_relics":[{"not_picked":["energizedSpire:SpiderWeb","Velvet Choker"],"picked":"conspire:SeveredTorchhead"},{"not_picked":["Tiny House","energizedSpire:EnergizedDie"],"picked":"energizedSpire:HighHeels"}],"items_purged_floors":[21,39],"is_endless":false,"potions_floor_spawned":[3,14,16,19,22,31,33,35,37,45,48,51,56],"killed_by":"paleoftheancients:N","ascension_level":15}}