{"host":"609l7sx3bs4zmbf1","time":1612922855,"event":{"mods":["AchievementEnabler","Aspiration","BaseMod","Bestiary","Better Altar","Better Match","Better Note","Better Sensory Stone","Better Skull","Better Third Choice","BetterRewards","Conspire","GifTheSpireLib","Hero for Fun","Hubris","Minty Spire (QoL Compilation)","Rare Cards Sparkle","Spicy Shops","StSLib","Stuff the Spire","The Blue Laboratory","Uncapped","Waifu the Spire"],"gold_per_floor":[111,33,208,0,0,35,47,80,151,151,169,169,200,211,211,211,211],"floor_reached":16,"language":"ENG","playtime":1157,"items_purged":[],"score":136,"play_id":"529d2a1a-f053-4b77-92be-4bc63961bd7c","local_time":"20210209200735","is_ascension_mode":true,"campfire_choices":[{"floor":12,"key":"REST"},{"floor":15,"key":"REST"}],"circlet_count":0,"master_deck":["Strike_G","Strike_G","Strike_G","Strike_G","Strike_G","Defend_G","Defend_G","Defend_G","Defend_G","Defend_G","Survivor","Neutralize","Underhanded Strike","Doubt","Quick Slash","Crippling Poison","Cloak And Dagger+1","StuffTheSpire:Sprint","StuffTheSpire:MirrorStance","Slice","Outmaneuver"],"relics":["Ring of the Snake","PreservedInsect","Juzu Bracelet","ClockworkSouvenir","Ice Cream","StrikeDummy","Paper Crane","Toy Ornithopter"],"acts_visited":[],"potions_floor_usage":[8,16],"damage_taken":[{"damage":0.0,"enemies":"2 Louse","floor":1.0,"turns":3.0},{"damage":25,"enemies":"Gremlin Nob","floor":6,"turns":4},{"damage":5,"enemies":"Jaw Worm","floor":7,"turns":5},{"damage":33,"enemies":"3 Sentries","floor":8,"turns":8},{"damage":0,"enemies":"Small Slimes","floor":11,"turns":3},{"damage":16,"enemies":"Gremlin Nob","floor":13,"turns":3},{"damage":4,"enemies":"Exordium Thugs","floor":14,"turns":3},{"damage":30,"enemies":"Hexaghost","floor":16,"turns":12}],"seed_played":"-3651468726994690227","potions_obtained":[{"floor":6,"key":"blueLaboratory:LouseDecoction"},{"floor":7,"key":"blueLaboratory:ArtistsPotion"}],"is_trial":false,"path_per_floor":["M","$","?","$","?","E","M","E","T","?","M","R","E","M","R","B"],"character_chosen":"THE_SILENT","items_purchased":["Juzu Bracelet","ClockworkSouvenir","Quick Slash"],"campfire_rested":2,"item_purchase_floors":[2,4,4],"current_hp_per_floor":[70,70,70,70,70,45,40,7,7,7,7,28,12,8,29,4,4],"gold":211,"neow_bonus":"RANDOM_COMMON_RELIC","is_daily":false,"chose_seed":false,"campfire_upgraded":0,"win_rate":0.0,"timestamp":1612922855,"path_taken":["M","$","?","?","?","E","M","E","T","?","M","R","E","M","R","BOSS"],"items_purchased_type":["Relic","Relic","Card"],"build_version":"2020-12-22","purchased_purges":0,"victory":false,"max_hp_per_floor":[70,70,70,70,70,70,70,70,70,70,70,70,70,70,70,70,70],"card_choices":[{"not_picked":["Acrobatics","Slice"],"picked":"Underhanded Strike","floor":1.0},{"not_picked":["Dagger Throw","Cloak And Dagger"],"picked":"Crippling Poison","floor":6},{"not_picked":["Escape Plan","Deadly Poison"],"picked":"Cloak And Dagger","floor":7},{"not_picked":["Bane","Caltrops"],"picked":"StuffTheSpire:Sprint","floor":8},{"not_picked":["Bane","PiercingWail"],"picked":"StuffTheSpire:MirrorStance","floor":11},{"not_picked":["Dodge and Roll","hubris:SlightOfHand"],"picked":"Slice","floor":13},{"not_picked":["Heel Hook","Deadly Poison"],"picked":"Outmaneuver","floor":14}],"player_experience":435403,"relics_obtained":[{"floor":6,"key":"Ice Cream"},{"floor":8,"key":"StrikeDummy"},{"floor":9,"key":"Paper Crane"},{"floor":13,"key":"Toy Ornithopter"}],"event_choices":[{"damage_healed":0.0,"max_hp_gain":0.0,"max_hp_loss":0.0,"gold_gain":175.0,"event_name":"betterThird:BetterSerpent","player_choice":"AGREE","floor":3.0,"gold_loss":0.0,"damage_taken":33.0},{"damage_healed":0,"gold_gain":0,"player_choice":"Left","damage_taken":0,"max_hp_gain":0,"max_hp_loss":0,"event_name":"betterThird:BetterGoop","floor":5,"gold_loss":0},{"damage_healed":0,"gold_gain":0,"player_choice":"Grow","damage_taken":0,"max_hp_gain":0,"max_hp_loss":0,"event_name":"Living Wall","floor":10,"gold_loss":0,"cards_upgraded":["Cloak And Dagger"]}],"is_beta":false,"boss_relics":[],"items_purged_floors":[],"is_endless":false,"potions_floor_spawned":[6,7],"killed_by":"Hexaghost","ascension_level":3}}