{"host":"yans4pr1zf0lm9bx","time":1612994599,"event":{"mods":["AchievementEnabler","BaseMod","Minty Spire (QoL Compilation)","Replay The Spire","StSLib","SuperFastMode","slay the spire mod where everything is the same but ironclad has a cowboy hat"],"gold_per_floor":[119,119,5,5,23,58,90,104,104,132,151,182,199,216,216,315,315,333,333,346,81,81,110,110,110,179,190,190,222,255,112,112,216,216,229,229,252,264,274,274,274],"floor_reached":40,"language":"ENG","playtime":1701,"items_purged":["Strike_B","Dualcast"],"score":600,"play_id":"222e72a7-c1da-4c38-bf6c-59d1b99821f2","local_time":"20210210170319","is_ascension_mode":true,"campfire_choices":[{"floor":15,"key":"REST"},{"data":"Reprogram","floor":25,"key":"SMITH"},{"data":"1","floor":28,"key":"LIFT"},{"floor":32,"key":"REST"}],"circlet_count":0,"master_deck":["Defend_B","Defend_B","Defend_B","Defend_B","Zap","Cold Snap","Gash+1","Hologram","Go for the Eyes","Gash","Panic Button","Steam","Gash","Auto Shields","Melter","Gash+1","Reprogram+1","Secret Technique+1","Go for the Eyes","Rebound","Coolheaded","Skim","Gash","Gash+1","Beam Cell","Hallucinations","Reinforced Body+1"],"relics":["Cracked Core","NeowsBlessing","WingedGreaves","Matryoshka","Blood Vial","Pen Nib","Nunchaku","Tiny Chest","Runic Pyramid","BargainBundle","Girya","Ancient Tea Set","StrikeDummy","Letter Opener","Red Mask","Shovel","DollysMirror","Empty Cage","ReplayTheSpireMod:Ring of Exchange","Ring of Shattering","Dream Catcher"],"acts_visited":["Exordium","TheCity","TheBeyond"],"potions_floor_usage":[7,11,23,23,35,38],"damage_taken":[{"damage":0,"enemies":"Small Slimes","floor":1,"turns":1},{"damage":0,"enemies":"Cultist","floor":5,"turns":1},{"damage":0,"enemies":"Gremlin Nob","floor":6,"turns":1},{"damage":27,"enemies":"Lagavulin","floor":7,"turns":7},{"damage":0,"enemies":"2 Louse","floor":8,"turns":2},{"damage":13,"enemies":"Gremlin Nob","floor":10,"turns":4},{"damage":0,"enemies":"Lots of Slimes","floor":11,"turns":2},{"damage":15,"enemies":"Replay:BlueRogue","floor":12,"turns":5},{"damage":0,"enemies":"2 Fungi Beasts","floor":13,"turns":3},{"damage":0,"enemies":"Looter","floor":14,"turns":3},{"damage":15,"enemies":"The Guardian","floor":16,"turns":10},{"damage":0,"enemies":"Chosen","floor":18,"turns":4},{"damage":10,"enemies":"Spheric Guardian","floor":20,"turns":4},{"damage":7,"enemies":"Slavers","floor":23,"turns":3},{"damage":15,"enemies":"3 Cultists","floor":27,"turns":4},{"damage":21,"enemies":"Masked Bandits","floor":29,"turns":4},{"damage":14,"enemies":"Gremlin Leader","floor":30,"turns":5},{"damage":32,"enemies":"Collector","floor":33,"turns":7},{"damage":12,"enemies":"3 Shapes","floor":35,"turns":4},{"damage":9,"enemies":"3 Darklings","floor":38,"turns":5},{"damage":4,"enemies":"4 Shapes","floor":39,"turns":4},{"damage":73,"enemies":"Giant Head","floor":40,"turns":7}],"seed_played":"1714277239992951045","potions_obtained":[{"floor":1,"key":"AttackPotion"},{"floor":7,"key":"Explosive Potion"},{"floor":10,"key":"AttackPotion"},{"floor":13,"key":"Elixir"},{"floor":16,"key":"DistilledChaos"},{"floor":23,"key":"EssenceOfDarkness"},{"floor":29,"key":"EssenceOfSteel"},{"floor":35,"key":"EssenceOfSteel"},{"floor":38,"key":"BlessingOfTheForge"}],"is_trial":false,"path_per_floor":["M","?","$","?","M","E","E","M","T","E","M","E","M","M","R","B",null,"M","?","M","$","?","E","T","R","T","M","R","?","E","$","R","B",null,"M","?","T","M","M","E"],"character_chosen":"DEFECT","items_purchased":["Gash+1","BargainBundle","Secret Technique","Go for the Eyes","Rebound","DollysMirror"],"campfire_rested":2,"item_purchase_floors":[3,21,21,21,21,31],"current_hp_per_floor":[75,72,72,72,72,72,45,47,47,36,38,25,27,29,51,38,75,75,75,65,65,65,60,60,60,60,47,47,28,16,16,38,8,75,63,63,63,56,54,0,0],"gold":274,"neow_bonus":"THREE_ENEMY_KILL","is_daily":false,"chose_seed":false,"campfire_upgraded":1,"win_rate":0.0,"timestamp":1612994599,"path_taken":["M","?","$","?","M","E","E","M","T","E","M","E","M","M","R","BOSS","M","?","?","$","?","E","?","R","T","M","R","?","E","?","R","BOSS","M","?","?","?","M","E"],"items_purchased_type":["Card","Relic","Card","Card","Card","Relic"],"build_version":"2020-12-22","purchased_purges":2,"victory":false,"max_hp_per_floor":[75,75,75,75,75,75,75,75,75,75,75,75,75,75,75,75,75,75,75,75,75,75,75,75,75,75,75,75,75,75,75,75,75,75,75,75,75,75,75,75,75],"card_choices":[{"not_picked":["ReplayTheSpireMod:Reroute Power","Conserve Battery"],"picked":"Cold Snap","floor":1},{"not_picked":["Fusion","Consume"],"picked":"Hologram","floor":5},{"not_picked":["Cold Snap","Ball Lightning"],"picked":"Go for the Eyes","floor":6},{"not_picked":["ReplaySort","Genetic Algorithm"],"picked":"Gash","floor":7},{"not_picked":["Redo","ReplayTheSpireMod:Repulse"],"picked":"Panic Button","floor":8},{"not_picked":["White Noise","Rebound"],"picked":"Steam","floor":10},{"not_picked":["ReplayTheSpireMod:Reroute Power","Hello World"],"picked":"Gash","floor":11},{"not_picked":["Cold Snap","BasicCrystalCard","Crystallizer"],"picked":"SKIP","floor":12},{"not_picked":["Buffer","Leap"],"picked":"Auto Shields","floor":13},{"not_picked":["Rip and Tear","Turbo"],"picked":"Melter","floor":14},{"not_picked":["ReplayTheSpireMod:System Scan","Ball Lightning","Fusion"],"picked":"SKIP","floor":18},{"not_picked":["Go for the Eyes","Leap"],"picked":"Reprogram","floor":20},{"not_picked":["Go for the Eyes","Cold Snap"],"picked":"Coolheaded","floor":23},{"not_picked":["Ball Lightning","ReplayGash"],"picked":"Skim","floor":27},{"not_picked":["Hello World","Self Repair"],"picked":"Gash","floor":29},{"not_picked":["Barrage+1","Turbo","Sunder"],"picked":"SKIP","floor":30},{"not_picked":["Go for the Eyes","FTL"],"picked":"Beam Cell","floor":35},{"not_picked":["Go for the Eyes","Beam Cell"],"picked":"Reinforced Body+1","floor":38},{"not_picked":["Coolheaded","BasicCrystalCard+1","Streamline+1"],"picked":"SKIP","floor":39}],"player_experience":262514,"relics_obtained":[{"floor":6,"key":"Matryoshka"},{"floor":7,"key":"Blood Vial"},{"floor":9,"key":"Pen Nib"},{"floor":10,"key":"Nunchaku"},{"floor":12,"key":"Tiny Chest"},{"floor":23,"key":"Girya"},{"floor":24,"key":"Ancient Tea Set"},{"floor":24,"key":"StrikeDummy"},{"floor":26,"key":"Letter Opener"},{"floor":29,"key":"Red Mask"},{"floor":30,"key":"Shovel"},{"floor":36,"key":"ReplayTheSpireMod:Ring of Exchange"},{"floor":36,"key":"Ring of Shattering"},{"floor":37,"key":"Dream Catcher"}],"event_choices":[{"damage_healed":0,"gold_gain":0,"player_choice":"Success","damage_taken":3,"relics_obtained":["WingedGreaves"],"max_hp_gain":0,"max_hp_loss":0,"event_name":"Scrap Ooze","floor":2,"gold_loss":0},{"cards_removed":["Strike_B"],"damage_healed":0,"gold_gain":0,"player_choice":"Offered Basic","damage_taken":0,"max_hp_gain":0,"max_hp_loss":0,"event_name":"Bonfire Elementals","floor":4,"gold_loss":0},{"damage_healed":0,"gold_gain":0,"player_choice":"Copied","damage_taken":0,"max_hp_gain":0,"max_hp_loss":0,"event_name":"Duplicator","floor":19,"gold_loss":0,"cards_obtained":["Gash"]},{"damage_healed":0,"gold_gain":0,"player_choice":"Forge","damage_taken":0,"max_hp_gain":0,"max_hp_loss":0,"event_name":"Accursed Blacksmith","floor":22,"gold_loss":0,"cards_upgraded":["Secret Technique"]},{"damage_healed":0,"gold_gain":0,"player_choice":"Fought Bandits","damage_taken":0,"max_hp_gain":0,"max_hp_loss":0,"event_name":"Masked Bandits","floor":29,"gold_loss":0}],"is_beta":false,"boss_relics":[{"not_picked":["Snecko Eye","Busted Crown"],"picked":"Runic Pyramid"},{"not_picked":["Tiny House","Sozu"],"picked":"Empty Cage"}],"items_purged_floors":[3,21],"is_endless":false,"potions_floor_spawned":[1,7,10,13,16,23,29,30,35,38],"killed_by":"Giant Head","ascension_level":4}}