{"host":"qxeepl7ydvsgmfdb","time":1612946980,"event":{"mods":["AchievementEnabler","BaseMod","Colored Powertips","Minty Spire (QoL Compilation)","Quick Restart","slay the spire mod where everything is the same but ironclad has a cowboy hat"],"gold_per_floor":[116,191,366,141,141,174,174,185,185,197,209,244,206,218,230,365,377,405,417,429,429],"floor_reached":20,"language":"ENG","playtime":455,"items_purged":["Doubt"],"score":193,"play_id":"cf10cd74-bbe2-46df-af0b-ddaa6b2cdf50","local_time":"20210210034940","is_ascension_mode":false,"campfire_choices":[{"data":"Eruption","floor":7.0,"key":"SMITH"},{"floor":11.0,"key":"REST"},{"data":"EmptyFist","floor":15.0,"key":"SMITH"}],"circlet_count":0,"master_deck":["Strike_P","Strike_P","Strike_P","Defend_P","Defend_P","Defend_P","Eruption+1","Vigilance","EmptyFist+1","Vault","SashWhip"],"relics":["PureWater","NeowsBlessing","Toy Ornithopter","Mercury Hourglass","MawBank","Golden Idol","Black Star"],"acts_visited":["Exordium","TheCity"],"potions_floor_usage":[],"damage_taken":[{"damage":0.0,"enemies":"Small Slimes","floor":1.0,"turns":1.0},{"damage":0.0,"enemies":"Lagavulin","floor":6.0,"turns":1.0},{"damage":0.0,"enemies":"2 Louse","floor":8.0,"turns":1.0},{"damage":0.0,"enemies":"Cultist","floor":12.0,"turns":2.0},{"damage":45.0,"enemies":"The Guardian","floor":16.0,"turns":16.0},{"damage":10.0,"enemies":"Chosen","floor":18.0,"turns":3.0},{"damage":0,"enemies":"3 Byrds","floor":20,"turns":1}],"seed_played":"5132911846423862544","potions_obtained":[{"floor":1.0,"key":"Block Potion"},{"floor":5.0,"key":"EntropicBrew"},{"floor":5.0,"key":"SteroidPotion"},{"floor":18.0,"key":"PowerPotion"}],"is_trial":false,"path_per_floor":["M","?","?","$","?","E","R","M","T","?","R","M","?","?","R","B",null,"M","$","M"],"character_chosen":"WATCHER","items_purchased":["Toy Ornithopter"],"campfire_rested":1,"item_purchase_floors":[4],"current_hp_per_floor":[72,61,61,61,61,61,61,61,61,43,64,64,64,57,57,17,72,62,62,62,62],"gold":429,"neow_bonus":"THREE_ENEMY_KILL","is_daily":false,"chose_seed":false,"campfire_upgraded":2,"win_rate":0.0,"timestamp":1612946980,"path_taken":["M","?","?","$","?","E","R","?","T","?","R","M","?","?","R","BOSS","M","$","M"],"items_purchased_type":["Relic"],"build_version":"2020-12-22","purchased_purges":1,"victory":false,"max_hp_per_floor":[72,72,72,72,72,72,72,72,72,72,72,72,72,72,72,72,72,72,72,72,72],"card_choices":[{"not_picked":["CrushJoints","BattleHymn","Prostrate"],"picked":"SKIP","floor":1.0},{"not_picked":["ThirdEye","SpiritShield","SashWhip"],"picked":"SKIP","floor":6.0},{"not_picked":["ThirdEye","Tantrum","JustLucky"],"picked":"SKIP","floor":8.0},{"not_picked":["CutThroughFate","SignatureMove"],"picked":"EmptyFist","floor":12.0},{"not_picked":["Brilliance","Devotion"],"picked":"Vault","floor":16.0},{"not_picked":["Vengeance+1","Wireheading"],"picked":"SashWhip","floor":18.0}],"player_experience":149541,"relics_obtained":[{"floor":6.0,"key":"Mercury Hourglass"},{"floor":9.0,"key":"MawBank"}],"event_choices":[{"damage_healed":0.0,"max_hp_gain":0.0,"max_hp_loss":0.0,"gold_gain":75.0,"event_name":"World of Goop","player_choice":"Gather Gold","floor":2.0,"gold_loss":0.0,"damage_taken":11.0},{"damage_healed":0.0,"max_hp_gain":0.0,"max_hp_loss":0.0,"gold_gain":175.0,"event_name":"Liars Game","player_choice":"AGREE","floor":3.0,"gold_loss":0.0,"damage_taken":0.0,"cards_obtained":["Doubt"]},{"damage_healed":0.0,"max_hp_gain":0.0,"max_hp_loss":0.0,"gold_gain":0.0,"event_name":"Lab","player_choice":"Got Potions","floor":5.0,"gold_loss":0.0,"damage_taken":0.0},{"damage_healed":0.0,"max_hp_gain":0.0,"max_hp_loss":0.0,"gold_gain":0.0,"event_name":"Golden Idol","player_choice":"Take Damage","floor":10.0,"gold_loss":0.0,"damage_taken":18.0,"relics_obtained":["Golden Idol"]},{"cards_removed":["Strike_P"],"damage_healed":0.0,"max_hp_gain":0.0,"max_hp_loss":0.0,"gold_gain":0.0,"event_name":"The Cleric","player_choice":"Card Removal","floor":13.0,"gold_loss":50.0,"damage_taken":0.0},{"cards_removed":["Defend_P"],"damage_healed":0.0,"max_hp_gain":0.0,"max_hp_loss":0.0,"gold_gain":0.0,"event_name":"Golden Wing","player_choice":"Card Removal","floor":14.0,"gold_loss":0.0,"damage_taken":7.0}],"is_beta":false,"boss_relics":[{"not_picked":["Tiny House","Astrolabe"],"picked":"Black Star"}],"items_purged_floors":[4],"is_endless":false,"potions_floor_spawned":[1,18],"killed_by":"3 Byrds","ascension_level":0}}