{"host":"gk5m6v7zec9neb0j","time":1612997656,"event":{"mods":["AchievementEnabler","AlwaysNeverKeys","BaseMod","BetterRewards","Block Reminder","Minty Spire (QoL Compilation)","Rare Cards Sparkle","Relic Stats","StSLib"],"gold_per_floor":[109,127,77,77,94,94,94,94,118,118,135,155,173,183,183,280,280,293,309,219,234,184,184,219,230,230,161,175,101,101,114,114,216,216,233,246,25,39,39,39,52,52,52,63,63,80,93,93,93,93,93,93,15,48,48,48],"floor_reached":55,"language":"ENG","playtime":4635,"items_purged":["Strike_B"],"score":660,"play_id":"15e3d162-3301-4fd9-9244-08f661de8868","local_time":"20210210175416","is_ascension_mode":false,"campfire_choices":[{"data":"Dualcast","floor":6,"key":"SMITH"},{"data":"Zap","floor":8,"key":"SMITH"},{"data":"Coolheaded","floor":10,"key":"SMITH"},{"floor":15,"key":"REST"},{"data":"Hologram","floor":23,"key":"SMITH"},{"data":"Creative AI","floor":30,"key":"SMITH"},{"floor":32,"key":"REST"},{"data":"Creative AI","floor":40,"key":"SMITH"},{"data":"Capacitor","floor":42,"key":"SMITH"},{"data":"Turbo","floor":49,"key":"SMITH"},{"data":"Electrodynamics","floor":52,"key":"SMITH"}],"circlet_count":0,"master_deck":["Defend_B","Defend_B","Defend_B","Defend_B","Zap+1","Dualcast+1","Beam Cell","Coolheaded+1","Go for the Eyes","Coolheaded","Coolheaded","Beam Cell","Gash","Sweeping Beam","Hologram+1","BootSequence","Seek+1","Rebound","BootSequence","Conserve Battery","Fusion+1","Creative AI+1","Capacitor+1","Glacier","Turbo+1","Creative AI+1","Redo+1","Leap+1","Electrodynamics+1","Capacitor","Buffer"],"relics":["Cracked Core","Prayer Wheel","DataDisk","Runic Pyramid","Bag of Preparation","Ancient Tea Set","Nuclear Battery","Mummified Hand","Pear"],"acts_visited":["Exordium","TheCity","TheBeyond","TheEnding"],"potions_floor_usage":[5,12,19,33,50,50,54,55],"damage_taken":[{"damage":2,"enemies":"Small Slimes","floor":1,"turns":3},{"damage":2,"enemies":"2 Louse","floor":2,"turns":2},{"damage":0,"enemies":"Cultist","floor":5,"turns":3},{"damage":6,"enemies":"Exordium Wildlife","floor":11,"turns":4},{"damage":0,"enemies":"Red Slaver","floor":12,"turns":1},{"damage":7,"enemies":"Large Slime","floor":13,"turns":4},{"damage":4,"enemies":"Exordium Wildlife","floor":14,"turns":4},{"damage":1,"enemies":"The Guardian","floor":16,"turns":10},{"damage":14,"enemies":"3 Byrds","floor":18,"turns":4},{"damage":2,"enemies":"Shell Parasite","floor":19,"turns":5},{"damage":3,"enemies":"Chosen and Byrds","floor":21,"turns":6},{"damage":11,"enemies":"Gremlin Leader","floor":24,"turns":7},{"damage":1,"enemies":"Snake Plant","floor":25,"turns":4},{"damage":9,"enemies":"Centurion and Healer","floor":28,"turns":12},{"damage":0,"enemies":"Chosen and Byrds","floor":31,"turns":12},{"damage":68,"enemies":"Automaton","floor":33,"turns":10},{"damage":0,"enemies":"3 Shapes","floor":35,"turns":5},{"damage":0,"enemies":"Orb Walker","floor":36,"turns":5},{"damage":3,"enemies":"Spire Growth","floor":38,"turns":10},{"damage":1,"enemies":"Maw","floor":41,"turns":9},{"damage":5,"enemies":"Writhing Mass","floor":44,"turns":6},{"damage":0,"enemies":"Jaw Worm Horde","floor":46,"turns":3},{"damage":0,"enemies":"Spire Growth","floor":47,"turns":6},{"damage":56,"enemies":"Awakened One","floor":50,"turns":12},{"damage":26,"enemies":"Shield and Spear","floor":54,"turns":10},{"damage":71,"enemies":"The Heart","floor":55,"turns":9}],"seed_played":"-6164942780760858605","potions_obtained":[{"floor":2,"key":"Fire Potion"},{"floor":5,"key":"Fruit Juice"},{"floor":19,"key":"Fruit Juice"},{"floor":24,"key":"ColorlessPotion"},{"floor":33,"key":"Block Potion"},{"floor":38,"key":"Explosive Potion"},{"floor":47,"key":"LiquidBronze"},{"floor":54,"key":"Block Potion"}],"is_trial":false,"path_per_floor":["M","M","?","?","M","R","?","R","T","R","M","M","M","M","R","B",null,"M","M","?","M","?","R","E","M","T","$","M","$","R","M","R","B",null,"M","M","$","M","$","R","M","R","T","M","?","M","M","?","R","B",null,"R","$","E","B"],"character_chosen":"DEFECT","items_purchased":["Beam Cell","Capacitor","Glacier","Electrodynamics","Capacitor"],"campfire_rested":2,"item_purchase_floors":[0,27,29,37,53],"current_hp_per_floor":[73,71,71,64,69,69,57,57,57,57,51,51,44,40,64,63,80,66,69,69,66,66,66,55,54,54,54,45,45,45,45,70,2,85,85,85,85,82,82,82,81,81,81,76,76,76,76,76,76,20,85,85,85,69,0,0],"gold":48,"neow_bonus":"","is_daily":false,"chose_seed":false,"campfire_upgraded":9,"win_rate":0.0,"timestamp":1612997656,"path_taken":["M","M","?","?","M","R","?","R","T","R","M","M","M","M","R","BOSS","M","M","?","?","?","R","E","?","T","$","M","$","R","M","R","BOSS","M","M","$","M","$","R","M","R","T","M","?","?","M","?","R","BOSS","R","$","E","BOSS"],"items_purchased_type":["Card","Card","Card","Card","Card"],"build_version":"2020-12-22","purchased_purges":1,"victory":false,"max_hp_per_floor":[75,75,75,75,80,80,80,80,80,80,80,80,80,80,80,80,80,80,85,85,85,85,85,85,85,85,85,85,85,85,85,85,85,85,85,85,85,85,85,85,85,85,85,85,85,85,85,85,85,85,85,85,85,95,95,95],"relic_stats":{"counters":[202,1243],"Mummified Hand":[121],"Prayer Wheel":17,"Bag of Preparation":[28],"obtain_stats":[{"Ice Cream":0,"Tiny House":17,"Calipers":23,"CeramicFish":26,"Vajra":39,"Runic Capacitor":0,"Whetstone":9,"Bottled Tornado":53,"Boot":44,"Old Coin":38,"FrozenCore":17,"Sozu":34,"Blood Vial":54,"Lizard Tail":0,"HornCleat":42,"DollysMirror":45,"Strawberry":8,"Prayer Wheel":13,"MealTicket":27,"Kunai":0,"Toxic Egg 2":37,"Pear":37,"Happy Flower":45,"Blue Candle":43,"Oddly Smooth Stone":0,"War Paint":54,"Question Card":9,"Akabeko":47,"Cables":0,"Du-Vu Doll":40,"OrangePellets":0,"SlaversCollar":17,"Bronze Scales":0,"Black Star":34,"Symbiotic Virus":26,"StrikeDummy":47,"Pocketwatch":19,"Darkstone Periapt":41,"Regal Pillow":47,"Lantern":54,"Singing Bowl":0,"SacredBark":34,"Mango":0,"Juzu Bracelet":23,"Bag of Preparation":24,"Smiling Mask":27,"Ancient Tea Set":26,"ClockworkSouvenir":0,"Emotion Chip":0,"Dream Catcher":29,"Matryoshka":9,"Mummified Hand":25,"Gambling Chip":0,"Tiny Chest":20,"Chemical X":0,"Cracked Core":0,"Runic Pyramid":34,"Potion Belt":43,"Inserter":34,"Golden Idol":3,"PreservedInsect":40,"Omamori":43,"Frozen Egg 2":39,"Orichalcum":20,"Odd Mushroom":13,"MawBank":9,"White Beast Statue":54,"Mercury Hourglass":9,"Nuclear Battery":17,"Peace Pipe":9,"Strange Spoon":36,"CaptainsWheel":11,"Anchor":10,"DataDisk":9,"Orrery":12,"Bag of Marbles":47,"Art of War":28,"Membership Card":8,"TungstenRod":54,"Toy Ornithopter":26},{"Ice Cream":66,"Tiny House":38,"Calipers":41,"CeramicFish":53,"Vajra":86,"Runic Capacitor":0,"Whetstone":72,"Bottled Tornado":144,"Boot":88,"Old Coin":59,"FrozenCore":100,"Sozu":108,"Blood Vial":171,"Lizard Tail":66,"HornCleat":22,"DollysMirror":88,"Strawberry":45,"Prayer Wheel":126,"MealTicket":160,"Kunai":30,"Toxic Egg 2":109,"Pear":109,"Happy Flower":24,"Blue Candle":22,"Oddly Smooth Stone":146,"War Paint":29,"Question Card":34,"Akabeko":142,"Cables":66,"Du-Vu Doll":111,"OrangePellets":66,"SlaversCollar":155,"Bronze Scales":30,"Black Star":84,"Symbiotic Virus":13,"StrikeDummy":26,"Pocketwatch":156,"Darkstone Periapt":87,"Regal Pillow":90,"Lantern":119,"Singing Bowl":172,"SacredBark":136,"Mango":30,"Juzu Bracelet":159,"Bag of Preparation":188,"Smiling Mask":132,"Ancient Tea Set":189,"ClockworkSouvenir":94,"Emotion Chip":120,"Dream Catcher":133,"Matryoshka":99,"Mummified Hand":13,"Gambling Chip":30,"Tiny Chest":78,"Chemical X":30,"Cracked Core":0,"Runic Pyramid":163,"Potion Belt":87,"Inserter":15,"Golden Idol":31,"PreservedInsect":20,"Omamori":59,"Frozen Egg 2":59,"Orichalcum":102,"Odd Mushroom":153,"MawBank":150,"White Beast Statue":93,"Mercury Hourglass":5,"Nuclear Battery":49,"Peace Pipe":45,"Strange Spoon":137,"CaptainsWheel":6,"Anchor":150,"DataDisk":179,"Orrery":125,"Bag of Marbles":90,"Art of War":133,"Membership Card":125,"TungstenRod":65,"Toy Ornithopter":81},{"Ice Cream":367,"Tiny House":167,"Calipers":179,"CeramicFish":245,"Vajra":473,"Runic Capacitor":0,"Whetstone":385,"Bottled Tornado":905,"Boot":491,"Old Coin":298,"FrozenCore":564,"Sozu":629,"Blood Vial":1048,"Lizard Tail":367,"HornCleat":90,"DollysMirror":491,"Strawberry":191,"Prayer Wheel":768,"MealTicket":980,"Kunai":131,"Toxic Egg 2":637,"Pear":637,"Happy Flower":96,"Blue Candle":90,"Oddly Smooth Stone":924,"War Paint":121,"Question Card":145,"Akabeko":886,"Cables":367,"Du-Vu Doll":657,"OrangePellets":367,"SlaversCollar":957,"Bronze Scales":131,"Black Star":464,"Symbiotic Virus":49,"StrikeDummy":105,"Pocketwatch":961,"Darkstone Periapt":482,"Regal Pillow":504,"Lantern":722,"Singing Bowl":1060,"SacredBark":859,"Mango":131,"Juzu Bracelet":974,"Bag of Preparation":1131,"Smiling Mask":825,"Ancient Tea Set":1135,"ClockworkSouvenir":536,"Emotion Chip":736,"Dream Catcher":832,"Matryoshka":555,"Mummified Hand":49,"Gambling Chip":131,"Tiny Chest":418,"Chemical X":131,"Cracked Core":0,"Runic Pyramid":1002,"Potion Belt":482,"Inserter":60,"Golden Idol":133,"PreservedInsect":82,"Omamori":298,"Frozen Egg 2":298,"Orichalcum":574,"Odd Mushroom":945,"MawBank":935,"White Beast Statue":527,"Mercury Hourglass":15,"Nuclear Battery":225,"Peace Pipe":191,"Strange Spoon":860,"CaptainsWheel":19,"Anchor":935,"DataDisk":1086,"Orrery":758,"Bag of Marbles":504,"Art of War":832,"Membership Card":758,"TungstenRod":359,"Toy Ornithopter":442}]},"card_choices":[{"not_picked":["Beam Cell","Gash"],"picked":"Coolheaded","floor":1},{"not_picked":["Hologram","Beam Cell"],"picked":"Go for the Eyes","floor":2},{"not_picked":["Steam","Loop"],"picked":"Coolheaded","floor":5},{"not_picked":["Storm","Tempest"],"picked":"Coolheaded","floor":11},{"not_picked":["Static Discharge","Blizzard"],"picked":"Beam Cell","floor":11},{"not_picked":["Heatsinks","Stack"],"picked":"Gash","floor":12},{"not_picked":["Rainbow","Ball Lightning"],"picked":"Sweeping Beam","floor":12},{"not_picked":["Sweeping Beam","Chill"],"picked":"Streamline","floor":13},{"not_picked":["Steam Power","Sweeping Beam"],"picked":"Hologram","floor":13},{"not_picked":["Beam Cell","Reinforced Body"],"picked":"BootSequence","floor":14},{"not_picked":["Auto Shields","Doom and Gloom","Hyperbeam"],"picked":"SKIP","floor":14},{"not_picked":["Multi-Cast","Buffer"],"picked":"Seek","floor":16},{"not_picked":["Loop+1","FTL+1"],"picked":"Rebound","floor":18},{"not_picked":["Hologram","Ball Lightning+1"],"picked":"BootSequence","floor":18},{"not_picked":["Go for the Eyes","Storm"],"picked":"Conserve Battery","floor":19},{"not_picked":["Go for the Eyes","Heatsinks"],"picked":"Fusion+1","floor":19},{"not_picked":["Stack","Coolheaded","Hello World"],"picked":"SKIP","floor":21},{"not_picked":["Ball Lightning","Barrage","Redo"],"picked":"SKIP","floor":21},{"not_picked":["Reprogram","Consume"],"picked":"Creative AI","floor":24},{"not_picked":["Storm+1","Chill","Aggregate"],"picked":"SKIP","floor":25},{"not_picked":["Ball Lightning","Sweeping Beam+1","Turbo"],"picked":"SKIP","floor":25},{"not_picked":["Cold Snap","Hello World","Steam"],"picked":"SKIP","floor":28},{"not_picked":["Streamline","Darkness","Genetic Algorithm+1"],"picked":"SKIP","floor":28},{"not_picked":["Chill","Heatsinks+1"],"picked":"Turbo","floor":31},{"not_picked":["Turbo+1","Hologram+1","Redo"],"picked":"SKIP","floor":31},{"not_picked":["Electrodynamics","Multi-Cast"],"picked":"Creative AI","floor":33},{"not_picked":["Glacier","Streamline+1"],"picked":"Redo+1","floor":35},{"not_picked":["Melter+1","Rebound+1","Hologram"],"picked":"SKIP","floor":35},{"not_picked":["Steam+1","Beam Cell+1"],"picked":"Leap+1","floor":36},{"not_picked":["Cold Snap","Coolheaded","Redo"],"picked":"SKIP","floor":36},{"not_picked":["Capacitor+1","Buffer","Rip and Tear+1"],"picked":"SKIP","floor":38},{"not_picked":["Conserve Battery","Redo+1","Consume"],"picked":"SKIP","floor":38},{"not_picked":["Cold Snap","Turbo+1","Leap+1"],"picked":"SKIP","floor":41},{"not_picked":["Steam+1","Multi-Cast","Coolheaded+1"],"picked":"SKIP","floor":41},{"not_picked":["Compile Driver+1","Conserve Battery+1","Turbo"],"picked":"SKIP","floor":44},{"not_picked":["Cold Snap","All For One","Conserve Battery+1"],"picked":"SKIP","floor":44},{"not_picked":["Auto Shields+1","Ball Lightning+1","Melter+1"],"picked":"SKIP","floor":46},{"not_picked":["Streamline","Hello World","Undo"],"picked":"SKIP","floor":46},{"not_picked":["Steam+1","Coolheaded","Conserve Battery+1"],"picked":"SKIP","floor":47},{"not_picked":["Barrage","Steam","Cold Snap+1"],"picked":"SKIP","floor":47},{"not_picked":["Coolheaded+1","Leap"],"picked":"Buffer","floor":54}],"player_experience":807066,"relics_obtained":[{"floor":9,"key":"DataDisk"},{"floor":24,"key":"Bag of Preparation"},{"floor":26,"key":"Ancient Tea Set"},{"floor":43,"key":"Mummified Hand"},{"floor":54,"key":"Pear"}],"event_choices":[{"cards_removed":["Strike_B"],"damage_healed":0,"gold_gain":0,"player_choice":"Card Removal","damage_taken":0,"max_hp_gain":0,"max_hp_loss":0,"event_name":"The Cleric","floor":3,"gold_loss":50},{"cards_removed":["Strike_B"],"damage_healed":0,"gold_gain":0,"player_choice":"Card Removal","damage_taken":7,"max_hp_gain":0,"max_hp_loss":0,"event_name":"Golden Wing","floor":4,"gold_loss":0},{"damage_healed":0,"gold_gain":0,"player_choice":"Success","damage_taken":12,"relics_obtained":["Prayer Wheel"],"max_hp_gain":0,"max_hp_loss":0,"event_name":"Scrap Ooze","floor":7,"gold_loss":0},{"cards_removed":["Strike_B"],"damage_healed":0,"gold_gain":0,"player_choice":"Upgrade and Remove","damage_taken":0,"max_hp_gain":0,"max_hp_loss":0,"event_name":"Designer","floor":20,"gold_loss":90,"cards_upgraded":["Seek"]},{"damage_healed":0,"gold_gain":0,"player_choice":"Bet on Murderer","damage_taken":0,"max_hp_gain":0,"max_hp_loss":0,"event_name":"The Joust","floor":22,"gold_loss":50},{"damage_healed":0,"gold_gain":0,"player_choice":"Ignored","damage_taken":0,"max_hp_gain":0,"max_hp_loss":0,"event_name":"SecretPortal","floor":45,"gold_loss":0},{"cards_removed":["Streamline"],"damage_healed":0,"gold_gain":0,"player_choice":"Removed Attack","damage_taken":0,"max_hp_gain":0,"max_hp_loss":0,"event_name":"Falling","floor":48,"gold_loss":0}],"is_beta":false,"boss_relics":[{"not_picked":["Tiny House","Cursed Key"],"picked":"Runic Pyramid"},{"not_picked":["Snecko Eye","Coffee Dripper"],"picked":"Nuclear Battery"}],"items_purged_floors":[37],"is_endless":false,"potions_floor_spawned":[1,2,5,19,24,33,36,38,47,54],"killed_by":"The Heart","ascension_level":0}}