{"host":"q349ucdsdrgdzjwk","time":1612976684,"event":{"mods":["2.2 Compatiblity","A Penny For Your Troubles","AchievementEnabler","BaseMod","Beaked The Cultist","Better Altar","Better Match","Better Note","Better Skull","Better Third Choice","BetterRewards","Displayed Cursed Tome","Downfall","Friendly Minions","Googly Eyes","Gremlin Mod","Hermit","Hubris","Infinite Spire","Marisa????????","Minty Spire (QoL Compilation)","Permanent Neow","Relic Filter Mod","Reliquary","Replay The Spire","Robot Space Explorer","Shop Mod","Spire Arcade","StSLib","The Construct","The Cursed","The Disciple","The Marked","The Necromancer","The Servant 0.9.4","TheVacant","Transform Curses"],"gold_per_floor":[112,124,138,148,162,189,189,204,285,313,325,356,356,390,390,487,487,502,516,234,234],"floor_reached":20,"language":"ENG","playtime":2108,"items_purged":["LockedOrichalcum"],"score":350,"play_id":"2389ed95-3896-44f5-a0de-380b3e259c47","local_time":"20210210170444","is_ascension_mode":true,"campfire_choices":[{"data":"SecondHand","floor":7,"key":"SMITH"},{"data":"LockedThread","floor":13,"key":"SMITH"},{"data":"LockedThread","floor":15,"key":"SMITH"}],"circlet_count":0,"master_deck":["Strike_Br","Strike_Br","Strike_Br","Strike_Br","Defend_Br+1","Defend_Br+1","Defend_Br+1","Defend_Br+1","SecondHand+1","PatternShift","WindUp","HandsUpB","HandsUpC","Goo","LockedThread+1","LockedThread+1","WatchCommand","OldTimer","CurseOfTheBell","VestedLegacy","ExoVibe+3"],"relics":["Chronometer","Chemical X","infinitespire:Lychee Nut","Membership Card","WingedGreaves","hubris:OldNail","infinitespire:Broken Mirror","reliquary:IridiumChain","Vajra","reliquary:Firecrackers","Calling Bell","Bag of Preparation","Replay:Bottled Eggs","Bird Faced Urn","TheAbacus","reliquary:Knoch","MerchantsRug"],"acts_visited":["Exordium","TheCity"],"potions_floor_usage":[0,10,12,12,20,20],"damage_taken":[{"damage":0,"enemies":"Cultist","floor":1,"turns":4},{"damage":0,"enemies":"Small Slimes","floor":2,"turns":3},{"damage":2,"enemies":"Jaw Worm","floor":3,"turns":6},{"damage":8,"enemies":"Red Slaver","floor":4,"turns":4},{"damage":8,"enemies":"Exordium Thugs","floor":5,"turns":7},{"damage":18,"enemies":"Replay:BlueRogue","floor":6,"turns":7},{"damage":0,"enemies":"2 Fungi Beasts","floor":8,"turns":4},{"damage":10,"enemies":"3 Sentries","floor":10,"turns":9},{"damage":0,"enemies":"Large Slime","floor":11,"turns":6},{"damage":9,"enemies":"Gremlin Nob","floor":12,"turns":4},{"damage":0,"enemies":"Lagavulin","floor":14,"turns":8},{"damage":9,"enemies":"Hexaghost","floor":16,"turns":12},{"damage":9,"enemies":"Spheric Guardian","floor":18,"turns":7},{"damage":8,"enemies":"Shell Parasite","floor":19,"turns":9},{"damage":57,"enemies":"hubris:Merchant","floor":20,"turns":5}],"seed_played":"-3118843454080935262","potions_obtained":[{"floor":1,"key":"SpeedPotion"},{"floor":6,"key":"ColorlessPotion"},{"floor":8,"key":"SpeedPotion"},{"floor":12,"key":"champ:CounterPotion"},{"floor":19,"key":"Energy Potion"}],"is_trial":false,"path_per_floor":["M","M","M","M","M","E","R","M","T","E","M","E","R","E","R","B",null,"M","M","$"],"character_chosen":"CHRONO_CLASS","items_purchased":["Chemical X","Membership Card","Fruit Juice","ExoVibe+1","TheAbacus","reliquary:Knoch","MerchantsRug"],"campfire_rested":0,"item_purchase_floors":[0,0,0,20,20,20,20],"current_hp_per_floor":[53,53,53,48,46,34,34,40,40,36,42,39,39,45,45,42,53,49,45,0,0],"gold":234,"neow_bonus":"","is_daily":false,"chose_seed":false,"campfire_upgraded":3,"win_rate":0.0,"timestamp":1612976684,"path_taken":["M","M","?","?","M","E","R","M","T","E","M","E","R","E","R","BOSS","M","M","$"],"items_purchased_type":["Relic","Relic","Potion","Card","Relic","Relic","Relic"],"build_version":"2020-12-22","purchased_purges":1,"victory":false,"max_hp_per_floor":[53,53,53,53,53,53,53,53,53,53,53,53,53,53,53,53,53,53,53,53,53],"card_choices":[{"not_picked":["Parity","LockedAnchor"],"picked":"WindUp","floor":1},{"not_picked":["CrunchTime","WakeUpCall"],"picked":"HandsUpB","floor":2},{"not_picked":["LockedTurtyl","TickedOff"],"picked":"HandsUpC","floor":3},{"not_picked":["LockedScales","Engulf","ReapSow"],"picked":"SKIP","floor":4},{"not_picked":["Backlash","LockedScales","AlternateTimeline"],"picked":"SKIP","floor":5},{"not_picked":["LockedMedicine","LockedTornado"],"picked":"Goo","floor":6},{"not_picked":["Echonomics","ExoVibe","LockedWarPaint"],"picked":"SKIP","floor":8},{"not_picked":["LockedMawBank","LockedBlood"],"picked":"LockedThread","floor":10},{"not_picked":["BlueShift","Goo"],"picked":"LockedThread","floor":11},{"not_picked":["LockedPlans","WakeUpCall","FormalWear"],"picked":"SKIP","floor":12},{"not_picked":["ResonantCall","LockedMawBank"],"picked":"WatchCommand","floor":14},{"not_picked":["Echonomics","OracleForm"],"picked":"OldTimer","floor":16},{"not_picked":["BiteCommand","FormalWear"],"picked":"LockedOrichalcum","floor":18},{"not_picked":["Parity","WindUp+1"],"picked":"VestedLegacy","floor":19}],"player_experience":463043,"relics_obtained":[{"floor":6,"key":"hubris:OldNail"},{"floor":9,"key":"infinitespire:Broken Mirror"},{"floor":10,"key":"reliquary:IridiumChain"},{"floor":12,"key":"Vajra"},{"floor":14,"key":"reliquary:Firecrackers"},{"floor":17,"key":"Bag of Preparation"},{"floor":17,"key":"Replay:Bottled Eggs"},{"floor":17,"key":"Bird Faced Urn"}],"event_choices":[],"is_beta":false,"boss_relics":[{"not_picked":["Replay:Grab Bag","SacredBark"],"picked":"Calling Bell"}],"items_purged_floors":[20],"is_endless":false,"potions_floor_spawned":[1,6,8,12,19],"killed_by":"hubris:Merchant","ascension_level":1}}