{"host":"k87gk30kzrxagk11","time":1612984716,"event":{"mods":["BaseMod","Googly Eyes","Hermit","Infinite Spire","Minty Spire (QoL Compilation)","Replay The Spire","StSLib","The Bug Knight","The Cursed"],"gold_per_floor":[117,192,212,212,137,137,167,167,247,280,280],"floor_reached":10,"language":"ENG","playtime":300,"items_purged":["HollowMod:QuickDashStart"],"score":99,"play_id":"7e7a80c1-1ab3-4473-b97c-4b2c13b25539","local_time":"20210210121836","is_ascension_mode":false,"campfire_choices":[{"data":"HollowMod:HowlingWraiths","floor":6,"key":"SMITH"},{"data":"HollowMod:PogoStrike","floor":8,"key":"SMITH"}],"circlet_count":0,"master_deck":["HollowMod:NailStrikeStart","HollowMod:NailStrikeStart","HollowMod:NailStrikeStart","HollowMod:NailStrikeStart","HollowMod:QuickDashStart","HollowMod:QuickDashStart","HollowMod:QuickDashStart","HollowMod:FocusHealStart","HollowMod:PogoStrike+1","HollowMod:HowlingWraiths+1","HollowMod:TaintedHusks+1","HollowMod:GrimmsGift"],"relics":["HollowMod:VesselMask","NeowsBlessing","The Courier","Quantum Egg","Oddly Smooth Stone"],"acts_visited":["Exordium"],"potions_floor_usage":[],"damage_taken":[{"damage":0,"enemies":"Jaw Worm","floor":1,"turns":1},{"damage":0,"enemies":"Cultist","floor":3,"turns":1},{"damage":0,"enemies":"3 Sentries","floor":7,"turns":1},{"damage":33,"enemies":"Gremlin Nob","floor":10,"turns":4}],"seed_played":"-7666719253418394392","potions_obtained":[{"floor":1,"key":"Adrenaline Potion"}],"is_trial":false,"path_per_floor":["M","?","M","?","$","R","E","R","T","E"],"character_chosen":"THE_BUGKNIGHT","items_purchased":[],"campfire_rested":0,"item_purchase_floors":[],"current_hp_per_floor":[75,68,68,68,68,68,68,68,68,35,35],"gold":280,"neow_bonus":"THREE_ENEMY_KILL","is_daily":false,"chose_seed":false,"campfire_upgraded":2,"win_rate":0.0,"timestamp":1612984716,"path_taken":["M","?","?","?","$","R","E","R","T","E"],"items_purchased_type":[],"build_version":"2020-12-22","purchased_purges":1,"victory":false,"max_hp_per_floor":[75,75,75,75,75,75,75,75,75,75,75],"card_choices":[{"not_picked":["HollowMod:NewJinnsSoul","HollowMod:GoodIntentions"],"picked":"HollowMod:HowlingWraiths","floor":1},{"not_picked":["HollowMod:CloakDash","HollowMod:MonarchWings"],"picked":"HollowMod:TaintedHusks","floor":3},{"not_picked":["HollowMod:FastStrike","HollowMod:AbyssShriek"],"picked":"HollowMod:GrimmsGift","floor":7}],"player_experience":106165,"relics_obtained":[{"floor":7,"key":"The Courier"},{"floor":9,"key":"Quantum Egg"},{"floor":10,"key":"Oddly Smooth Stone"}],"event_choices":[{"damage_healed":0,"gold_gain":75,"player_choice":"Touch","damage_taken":7,"max_hp_gain":0,"max_hp_loss":0,"event_name":"FaceTrader","floor":2,"gold_loss":0}],"is_beta":false,"boss_relics":[],"items_purged_floors":[5],"is_endless":false,"potions_floor_spawned":[1],"killed_by":"Gremlin Nob","ascension_level":0}}