{"host":"995ppxxqmb2p2due","time":1612982166,"event":{"mods":["BaseMod","Downfall","Minty Spire (QoL Compilation)","StSLib"],"gold_per_floor":[99,118,118,134,151,151,151,161,61,93,93,193,93,38,51,150,150,150,163,163,163,180,191,263,263,275,295,136,136,155,188,203,203,203,203],"floor_reached":33,"language":"ENG","playtime":2255,"items_purged":[],"score":319,"play_id":"5e91490f-6bdb-4ee4-a482-0acafaef9813","local_time":"20210210133606","is_ascension_mode":false,"campfire_choices":[{"floor":1,"key":"RECALL"},{"data":"champ:Taunt","floor":6,"key":"SMITH"},{"data":"champ:PerfectedStrike","floor":9,"key":"SMITH"},{"data":"champ:BerserkersShout","floor":13,"key":"SMITH"},{"data":"champ:HeavySlash","floor":18,"key":"SMITH"},{"data":"champ:HeartStrike","floor":25,"key":"SMITH"},{"data":"champ:BerserkerStyle","floor":29,"key":"SMITH"}],"circlet_count":0,"master_deck":["champ:Strike","champ:Strike","champ:Strike","champ:Strike","champ:Defend","champ:Defend","champ:Execute","champ:Taunt+1","champ:PerfectedStrike+1","champ:SkillfulDodge+1","champ:Endure","champ:BerserkersShout+1","champ:AdrenalArmor","champ:VampiricStrike","champ:GutPunch+1","champ:HeartStrike+1","champ:Encircle","champ:TripleStrike","champ:HeavySlash+1","champ:Shatter","champ:Backstep","champ:BerserkerStyle+1","champ:PreciseThrust","champ:EnragedBash+1","champ:FocusedBerserking+1"],"relics":["champ:ChampionCrownUpgraded","Pen Nib","Eternal Feather","downfall:HeartBlessingRed","StoneCalendar","downfall:HeartBlessingGreen","Pear","Vajra","WingedGreaves"],"acts_visited":["Exordium","TheCity"],"potions_floor_usage":[16,16,31,33,33],"damage_taken":[{"damage":12,"enemies":"Small Slimes","floor":2,"turns":5},{"damage":0,"enemies":"Cultist","floor":4,"turns":3},{"damage":8,"enemies":"Jaw Worm","floor":5,"turns":2},{"damage":15,"enemies":"2 Fungi Beasts","floor":8,"turns":3},{"damage":45,"enemies":"Gremlin Nob","floor":10,"turns":4},{"damage":75,"enemies":"downfall:Heads","floor":12,"turns":6},{"damage":45,"enemies":"downfall:FleeingMerchant","floor":14,"turns":4},{"damage":15,"enemies":"3 Louse","floor":15,"turns":2},{"damage":63,"enemies":"DF_ARCHETYPE_STREAMLINE","floor":16,"turns":7},{"damage":26,"enemies":"3 Byrds","floor":19,"turns":4},{"damage":25,"enemies":"3 Cultists","floor":22,"turns":2},{"damage":40,"enemies":"Shelled Parasite and Fungi","floor":23,"turns":4},{"damage":45,"enemies":"Snecko","floor":26,"turns":4},{"damage":30,"enemies":"Snake Plant","floor":27,"turns":2},{"damage":47,"enemies":"downfall:FleeingMerchant","floor":28,"turns":4},{"damage":33,"enemies":"3 Cultists","floor":30,"turns":3},{"damage":41,"enemies":"Book of Stabbing","floor":31,"turns":4},{"damage":72,"enemies":"Centurion and Healer","floor":32,"turns":4},{"damage":83,"enemies":"IC_MUSHROOM_ARCHETYPE","floor":33,"turns":7}],"seed_played":"2399273511713565913","potions_obtained":[{"floor":3,"key":"Weak Potion"},{"floor":3,"key":"FearPotion"},{"floor":3,"key":"hexamod:SoulburnPotion"},{"floor":15,"key":"DuplicationPotion"},{"floor":16,"key":"bronze:BurnAndBuffPotion"},{"floor":23,"key":"Ancient Potion"},{"floor":31,"key":"EssenceOfSteel"}],"is_trial":false,"path_per_floor":["R","M","?","M","M","R","T","M","R","E","?","?","R","$","M","B",null,"R","M","?","?","M","M","T","R","M","M","$","R","M","E","M","B"],"character_chosen":"THE_CHAMP","items_purchased":["champ:Encircle","Vajra"],"campfire_rested":0,"item_purchase_floors":[14,28],"current_hp_per_floor":[90,88,88,88,80,80,80,80,86,66,66,28,37,37,37,25,90,90,89,71,71,71,66,76,88,78,78,78,90,90,68,44,0,0,0],"gold":203,"neow_bonus":"RANDOM_COMMON_RELIC","is_daily":false,"chose_seed":false,"campfire_upgraded":6,"win_rate":0.0,"timestamp":1612982166,"path_taken":["R","M","?","?","M","R","T","M","R","E","?","?","R","?","M","BOSS","R","M","?","?","?","M","T","R","M","M","$","R","M","E","M","BOSS"],"items_purchased_type":["Card","Relic"],"build_version":"2020-12-22","purchased_purges":0,"victory":false,"max_hp_per_floor":[90,90,90,90,90,90,90,90,90,90,90,90,90,90,90,90,90,90,90,95,95,95,95,105,105,105,105,105,105,105,105,105,105,105,105],"card_choices":[{"not_picked":["champ:AdrenalArmor","champ:FocusedDefense"],"picked":"champ:PerfectedStrike","floor":2},{"not_picked":["champ:Backstep","champ:CrownThrow"],"picked":"champ:SkillfulDodge","floor":4},{"not_picked":["champ:EndlessRage","champ:ArenaPreparation"],"picked":"champ:Endure","floor":5},{"not_picked":["champ:Haymaker","champ:CrownThrow"],"picked":"champ:BerserkersShout","floor":8},{"not_picked":["champ:Circumvent","champ:StanceDance"],"picked":"champ:AdrenalArmor","floor":10},{"not_picked":["champ:ShieldWall","champ:CrownThrow"],"picked":"champ:GutPunch","floor":12},{"not_picked":["champ:PreciseThrust","champ:ShieldWall"],"picked":"champ:HeartStrike","floor":14},{"not_picked":["champ:EndlessRage","champ:GutPunch"],"picked":"champ:TripleStrike","floor":15},{"not_picked":["champ:Improvising","champ:ShieldThrow"],"picked":"champ:HeavySlash","floor":16},{"not_picked":["champ:PerfectedStrike","champ:CrownThrow"],"picked":"champ:Shatter","floor":19},{"not_picked":["champ:AdrenalArmor","champ:DeathBlow","champ:Duel"],"picked":"SKIP","floor":22},{"not_picked":["champ:Shatter","champ:Endure"],"picked":"champ:Backstep","floor":23},{"not_picked":["champ:EnGarde+1","champ:StanceDance"],"picked":"champ:BerserkerStyle","floor":26},{"not_picked":["champ:HeavySlash","champ:PreemptiveStrike+1"],"picked":"champ:PreciseThrust","floor":27},{"not_picked":["champ:AdrenalArmor","champ:PreciseThrust","champ:Haymaker"],"picked":"SKIP","floor":28},{"not_picked":["champ:Endure","champ:PreciseThrust","champ:PerfectedStrike+1"],"picked":"SKIP","floor":30},{"not_picked":["champ:Encircle","champ:CrownThrow"],"picked":"champ:EnragedBash+1","floor":31},{"not_picked":["champ:CalledShot","champ:TornadoPunch"],"picked":"champ:FocusedBerserking+1","floor":32}],"player_experience":136403,"relics_obtained":[{"floor":7,"key":"Eternal Feather"},{"floor":10,"key":"StoneCalendar"},{"floor":24,"key":"Pear"},{"floor":31,"key":"WingedGreaves"}],"event_choices":[{"damage_healed":0,"gold_gain":0,"player_choice":"Got Potions","damage_taken":0,"max_hp_gain":0,"max_hp_loss":0,"event_name":"Lab","floor":3,"gold_loss":0}],"is_beta":false,"boss_relics":[{"not_picked":["Empty Cage","Runic Pyramid"],"picked":"champ:ChampionCrownUpgraded"}],"items_purged_floors":[],"is_endless":false,"potions_floor_spawned":[10,15,16,23,27,30,31],"killed_by":"IC_MUSHROOM_ARCHETYPE","ascension_level":0}}