{"host":"ajxvnmsjfcleb5r5","time":1612964103,"event":{"mods":["2.2 Compatiblity","AchievementEnabler","BaseMod","Beaked The Cultist","Better Note","BetterRewards","Card Forge","Colored Powertips","DNKmod","Friendly Minions","Infinite Spire","Minty Spire (QoL Compilation)","Quick Restart","Shop Mod","StSLib","SuperFastMode"],"gold_per_floor":[111,127,141,141,158,158,185,185,185,199,25,25,25,54,54,155,155,169,188,198,198,198,208,133,150,225,277,277,303,303,323,323,436,436,470,470,470,491,520,559,606,606,606,649,649,649,698,728,728,738],"floor_reached":51,"language":"KOR","playtime":1813,"items_purged":["beaked:Strike_Y"],"score":766,"play_id":"de69c231-567c-4cd7-ad70-b9b6652bb45b","local_time":"20210210223503","is_ascension_mode":false,"campfire_choices":[{"data":"beaked:CrazyRituals","floor":6.0,"key":"SMITH"},{"data":"beaked:MachineEssence","floor":12.0,"key":"SMITH"},{"data":"beaked:Ceremony","floor":15.0,"key":"SMITH"},{"data":"beaked:BraceForImpact","floor":28.0,"key":"SMITH"},{"data":"beaked:Molting","floor":32.0,"key":"SMITH"},{"data":"beaked:DarkPact","floor":42,"key":"SMITH"},{"data":"Panache","floor":45,"key":"SMITH"},{"floor":49,"key":"RECALL"}],"circlet_count":0,"master_deck":["beaked:Strike_Y","beaked:Strike_Y","beaked:Strike_Y","beaked:Strike_Y","beaked:Defend_Y","beaked:Defend_Y","beaked:Defend_Y","beaked:Defend_Y","beaked:Ceremony+1","beaked:CrazyRituals+1","beaked:CrazyRituals+1","beaked:MachineEssence+1","Panache+1","Regret","beaked:Molting+1","beaked:BraceForImpact+1","beaked:CrazyRituals+1","beaked:Insight+1","beaked:Insight+1","beaked:DarkPact+1","beaked:BraceForImpact+1","beaked:MachineEssence+1","beaked:Hexing+1","beaked:Insight+1","beaked:Molting+1"],"relics":["beaked:BlessedCoat","Hammer of Thor","Seething Fire","Anvil of the Gods","Matryoshka","Toy Ornithopter","NeowsBlessing","StoneCalendar","Dead Branch","infinitespire:FocusingShard","Darkstone Periapt","Frozen Egg 2","White Beast Statue","beaked:SacrificeDoll","Anchor","infinitespire:Midas Blood","Oddly Smooth Stone","TungstenRod","Ornamental Fan","Orichalcum"],"acts_visited":["Exordium","TheCity","TheBeyond"],"potions_floor_usage":[47,50],"damage_taken":[{"damage":0.0,"enemies":"Jaw Worm","floor":1.0,"turns":1.0},{"damage":0.0,"enemies":"Cultist","floor":2.0,"turns":1.0},{"damage":0.0,"enemies":"2 Louse","floor":3.0,"turns":2.0},{"damage":6.0,"enemies":"Exordium Thugs","floor":5.0,"turns":5.0},{"damage":9.0,"enemies":"Lagavulin","floor":7.0,"turns":7.0},{"damage":25.0,"enemies":"Blue Slaver","floor":10.0,"turns":4.0},{"damage":25.0,"enemies":"Gremlin Nob","floor":14.0,"turns":4.0},{"damage":62.0,"enemies":"Slime Boss","floor":16.0,"turns":7.0},{"damage":16.0,"enemies":"Chosen","floor":18.0,"turns":5.0},{"damage":36.0,"enemies":"2 Thieves","floor":19.0,"turns":4.0},{"damage":32.0,"enemies":"Shelled Parasite and Fungi","floor":20.0,"turns":4.0},{"damage":0.0,"enemies":"Cultist and Chosen","floor":23.0,"turns":2.0},{"damage":33.0,"enemies":"Snecko","floor":25.0,"turns":6.0},{"damage":43.0,"enemies":"Gremlin Leader","floor":27.0,"turns":7.0},{"damage":20.0,"enemies":"Snake Plant","floor":29.0,"turns":4.0},{"damage":46.0,"enemies":"Cultist and Chosen","floor":31.0,"turns":6.0},{"damage":80.0,"enemies":"Collector","floor":33.0,"turns":7.0},{"damage":81.0,"enemies":"3 Shapes","floor":35.0,"turns":7.0},{"damage":38,"enemies":"Orb Walker","floor":38,"turns":7},{"damage":46,"enemies":"3 Darklings","floor":39,"turns":7},{"damage":58,"enemies":"Giant Head","floor":40,"turns":7},{"damage":72,"enemies":"Writhing Mass","floor":41,"turns":9},{"damage":78,"enemies":"Sphere and 2 Shapes","floor":44,"turns":7},{"damage":107,"enemies":"Reptomancer","floor":47,"turns":7},{"damage":48,"enemies":"Spire Growth","floor":48,"turns":7},{"damage":81,"enemies":"Awakened One","floor":50,"turns":8}],"seed_played":"2903940719683830143","potions_obtained":[{"floor":1.0,"key":"Dexterity Potion"},{"floor":7.0,"key":"infinitespire:BlackPotion"},{"floor":10.0,"key":"LiquidBronze"},{"floor":16.0,"key":"ColorlessPotion"},{"floor":18.0,"key":"Fruit Juice"},{"floor":19.0,"key":"LiquidMemories"},{"floor":20.0,"key":"SteroidPotion"},{"floor":27.0,"key":"FairyPotion"},{"floor":29.0,"key":"Swift Potion"},{"floor":31.0,"key":"DuplicationPotion"},{"floor":33.0,"key":"Explosive Potion"},{"floor":35,"key":"EssenceOfSteel"},{"floor":47,"key":"Swift Potion"}],"is_trial":false,"path_per_floor":["M","M","M","?","M","R","E","?","T","M","$","R","?","E","R","B",null,"M","M","M","?","?","M","$","M","T","E","R","M","?","M","R","B",null,"M","?","?","M","M","E","M","R","T","M","R","?","E","M","R","B",null],"character_chosen":"BEAKED_THE_CULTIST","items_purchased":["Panache"],"campfire_rested":0,"item_purchase_floors":[11],"current_hp_per_floor":[50,50,50,50,50,50,50,50,50,47,47,47,53,57,57,58,58,58,63,57,57,57,63,63,63,63,63,63,63,63,63,63,63,63,30,30,30,60,63,62,45,45,45,57,57,57,42,63,63,63],"gold":738,"neow_bonus":"THREE_ENEMY_KILL","is_daily":false,"chose_seed":false,"campfire_upgraded":7,"win_rate":0.0,"timestamp":1612964103,"path_taken":["M","M","M","?","?","R","E","?","T","M","$","R","?","E","R","BOSS","M","M","M","?","?","M","?","M","T","E","R","?","?","M","R","BOSS","M","?","?","?","M","E","M","R","T","M","R","?","E","M","R","BOSS"],"items_purchased_type":["Card"],"build_version":"2020-12-22","purchased_purges":1,"victory":true,"max_hp_per_floor":[50,50,50,50,50,50,50,50,50,52,52,52,58,58,58,58,58,58,63,63,63,63,63,63,63,63,63,63,63,63,63,63,63,63,63,63,63,63,63,63,63,63,63,63,63,63,63,63,63,63],"card_choices":[{"not_picked":["beaked:CursingBlood","beaked:SurvivalInstinct","beaked:RuinSticks"],"picked":"SKIP","floor":1.0},{"not_picked":["beaked:WarriorEssence","beaked:Tradeoff","beaked:Cower"],"picked":"SKIP","floor":2.0},{"not_picked":["beaked:DesperateSwing","beaked:Negation","beaked:Struggle"],"picked":"SKIP","floor":3.0},{"not_picked":["beaked:Windmill","beaked:FeelMyPain","beaked:Roost"],"picked":"SKIP","floor":5.0},{"not_picked":["beaked:Overexert","beaked:Windmill"],"picked":"beaked:MachineEssence","floor":7.0},{"not_picked":["beaked:Roost","beaked:Poke","beaked:Tradeoff"],"picked":"SKIP","floor":10.0},{"not_picked":["beaked:Devastation+1","beaked:WindBringer","beaked:Struggle"],"picked":"SKIP","floor":14.0},{"not_picked":["beaked:CursingBlood","beaked:Windmill","beaked:HuntressEssence"],"picked":"SKIP","floor":18.0},{"not_picked":["beaked:CursingBlood","beaked:Flinch+1"],"picked":"beaked:Molting","floor":19.0},{"not_picked":["beaked:Flinch","beaked:Foresight"],"picked":"beaked:BraceForImpact","floor":20.0},{"not_picked":["beaked:MimicHuntress","beaked:Redirect","beaked:Pecker"],"picked":"SKIP","floor":23.0},{"not_picked":["beaked:SacrificialAttack+1","beaked:SurvivalInstinct","beaked:WarriorEssence+1"],"picked":"SKIP","floor":25.0},{"not_picked":["beaked:HuntressEssence","beaked:TuckingFeathers","beaked:StunningBlow"],"picked":"SKIP","floor":27.0},{"not_picked":["beaked:Resilience+1","beaked:Evade"],"picked":"beaked:Insight+1","floor":29.0},{"not_picked":["beaked:Molting","beaked:BounceBack","beaked:Evade"],"picked":"SKIP","floor":31.0},{"not_picked":["beaked:FakeOut","beaked:Brainwash"],"picked":"beaked:DarkPact","floor":33.0},{"not_picked":["beaked:Devastation+1","beaked:VigorBurst","beaked:FeelMyPain+1"],"picked":"SKIP","floor":35},{"not_picked":["beaked:Devastation+1","beaked:VigorBurst","beaked:FeelMyPain+1"],"picked":"SKIP","floor":35},{"not_picked":["beaked:Redirect","beaked:Foresight+1","beaked:DigDeeper"],"picked":"SKIP","floor":38},{"not_picked":["beaked:Redirect+1","beaked:WindBringer+1","beaked:Tweet"],"picked":"SKIP","floor":39},{"not_picked":["beaked:Recite","beaked:Foresight+1"],"picked":"beaked:BraceForImpact+1","floor":40},{"not_picked":["beaked:Foresight+1","beaked:Daydream+1"],"picked":"beaked:MachineEssence+1","floor":41},{"not_picked":["beaked:RuinSticks+1","beaked:BloodRitual"],"picked":"beaked:Hexing+1","floor":44},{"not_picked":["beaked:DigDeep+1","beaked:HuntressEssence"],"picked":"beaked:Insight+1","floor":47},{"not_picked":["beaked:Cower+1","beaked:StunningBlow"],"picked":"beaked:Molting+1","floor":48}],"player_experience":169996,"relics_obtained":[{"floor":7.0,"key":"Dead Branch"},{"floor":9.0,"key":"infinitespire:FocusingShard"},{"floor":9.0,"key":"Darkstone Periapt"},{"floor":14.0,"key":"White Beast Statue"},{"floor":26.0,"key":"Anchor"},{"floor":26.0,"key":"infinitespire:Midas Blood"},{"floor":27.0,"key":"Oddly Smooth Stone"},{"floor":40,"key":"TungstenRod"},{"floor":43,"key":"Ornamental Fan"},{"floor":47,"key":"Orichalcum"}],"event_choices":[{"damage_healed":0.0,"max_hp_gain":0.0,"max_hp_loss":0.0,"gold_gain":0.0,"event_name":"WeMeetAgain","player_choice":"Gave Potion","floor":4.0,"gold_loss":0.0,"damage_taken":0.0,"relics_obtained":["StoneCalendar"]},{"damage_healed":0.0,"max_hp_gain":0.0,"max_hp_loss":0.0,"gold_gain":0.0,"event_name":"Living Wall","player_choice":"Grow","floor":8.0,"gold_loss":0.0,"damage_taken":0.0,"cards_upgraded":["beaked:CrazyRituals"]},{"damage_healed":0.0,"max_hp_gain":0.0,"max_hp_loss":0.0,"gold_gain":0.0,"event_name":"Big Fish","player_choice":"Box","floor":13.0,"gold_loss":0.0,"damage_taken":0.0,"relics_obtained":["Frozen Egg 2"],"cards_obtained":["Regret"]},{"cards_removed":["beaked:CrazyRituals"],"damage_healed":0.0,"max_hp_gain":0.0,"max_hp_loss":0.0,"gold_gain":0.0,"event_name":"betterNote:BetterNote","player_choice":"Take \u0026 Give","floor":21.0,"gold_loss":0.0,"damage_taken":0.0,"cards_obtained":["beaked:CrazyRituals"]},{"damage_healed":0.0,"max_hp_gain":0.0,"max_hp_loss":0.0,"gold_gain":0.0,"event_name":"The Library","player_choice":"Read","floor":22.0,"gold_loss":0.0,"damage_taken":0.0,"cards_obtained":["beaked:Insight"]},{"damage_healed":0.0,"max_hp_gain":0.0,"max_hp_loss":0.0,"gold_gain":0.0,"event_name":"Vampires","player_choice":"Ignored","floor":30.0,"gold_loss":0.0,"damage_taken":0.0},{"damage_healed":0,"gold_gain":0,"player_choice":"Ignored","damage_taken":0,"max_hp_gain":0,"max_hp_loss":0,"event_name":"Tomb of Lord Red Mask","floor":36,"gold_loss":0},{"damage_healed":0,"gold_gain":0,"player_choice":"Bought 0 Potions","damage_taken":0,"max_hp_gain":0,"max_hp_loss":0,"event_name":"The Woman in Blue","floor":37,"gold_loss":0},{"cards_removed":["beaked:Strike_Y"],"damage_healed":0,"gold_gain":0,"player_choice":"Removed Attack","damage_taken":0,"max_hp_gain":0,"max_hp_loss":0,"event_name":"Falling","floor":46,"gold_loss":0}],"is_beta":false,"boss_relics":[{"not_picked":["Pandora\u0027s Box","beaked:FlawlessSticks"],"picked":"beaked:SacrificeDoll"},{"not_picked":["Black Star","Calling Bell"],"picked":"beaked:BlessedCoat"}],"items_purged_floors":[24],"is_endless":false,"potions_floor_spawned":[1,7,10,16,18,19,20,23,25,27,29,31,33,35,38,39,40,41,44,47,48],"ascension_level":0}}