{"host":"sc0o2qwpf9j16a4i","time":1612972964,"event":{"mods":["AchievementEnabler","BaseMod","BetterRewards","Block Reminder","Colored Map","Colored Powertips","Custom Start","Highlight Path","Minty Spire (QoL Compilation)","Relic Stats"],"gold_per_floor":[110,185,185,204,204,204,204,221,246,257,283,296,327,343,343,447,447,466,466,485,47,47,74,74,434,434,449,479,479,508,526,526,628,628,646,656,656,709,512,512,537,550,550,580,590,590,608,22,22,22],"floor_reached":51,"language":"ENG","playtime":1500,"items_purged":["Strike_G","Strike_G"],"score":1050,"play_id":"2043cdb4-15fa-41c9-904a-4296d6c55b1e","local_time":"20210210180244","daily_mods":["Cursed Run","Time Dilation","Lethality"],"is_ascension_mode":false,"campfire_choices":[{"data":"Neutralize","floor":7,"key":"SMITH"},{"data":"Glass Knife","floor":15,"key":"SMITH"},{"floor":32,"key":"REST"},{"data":"Well Laid Plans","floor":40,"key":"SMITH"},{"data":"Footwork","floor":46,"key":"SMITH"},{"data":"Calculated Gamble","floor":49,"key":"SMITH"}],"circlet_count":0,"master_deck":["Defend_G","Defend_G","Defend_G","Defend_G","Defend_G","Survivor","Neutralize+1","Acrobatics","Deadly Poison","Finisher","Normality","Quick Slash","Glass Knife+1","Well Laid Plans+1","Crippling Poison","Calculated Gamble+1","Regret","Unload","Leg Sweep","Blade Dance","Decay","Cloak And Dagger+1","Backflip+1","Shame","Escape Plan+1","Cloak And Dagger+1","Decay","Calculated Gamble+1","Dagger Throw+1","Doubt","Night Terror+1","Dodge and Roll+1","Infinite Blades+1","Cloak And Dagger+1","Dark Shackles+1","Footwork+1","Blur+1","Shame","Backflip+1","Terror+1","Escape Plan+1","Writhe"],"relics":["Cursed Key","Darkstone Periapt","Du-Vu Doll","Pen Nib","The Courier","Juzu Bracelet","HoveringKite","Tough Bandages","Toxic Egg 2","Smiling Mask","Ninja Scroll","Unceasing Top","Sundial","Busted Crown","Pocketwatch","Lantern","Paper Crane","PreservedInsect","Frozen Eye","Potion Belt","Vajra"],"acts_visited":["Exordium","TheCity","TheBeyond"],"potions_floor_usage":[11,16,23,28,30,30,33,41,42,50,50,50,50],"damage_taken":[{"damage":0,"enemies":"Cultist","floor":1,"turns":3},{"damage":0,"enemies":"Small Slimes","floor":4,"turns":2},{"damage":0,"enemies":"2 Louse","floor":8,"turns":2},{"damage":5,"enemies":"Blue Slaver","floor":10,"turns":3},{"damage":2,"enemies":"3 Sentries","floor":11,"turns":4},{"damage":0,"enemies":"Looter","floor":12,"turns":2},{"damage":0,"enemies":"Gremlin Nob","floor":13,"turns":2},{"damage":0,"enemies":"2 Fungi Beasts","floor":14,"turns":3},{"damage":14,"enemies":"Hexaghost","floor":16,"turns":6},{"damage":9,"enemies":"Shell Parasite","floor":18,"turns":2},{"damage":3,"enemies":"Chosen","floor":20,"turns":3},{"damage":12,"enemies":"Gremlin Leader","floor":23,"turns":4},{"damage":19,"enemies":"Centurion and Healer","floor":27,"turns":3},{"damage":1,"enemies":"Book of Stabbing","floor":28,"turns":3},{"damage":10,"enemies":"Gremlin Leader","floor":30,"turns":4},{"damage":0,"enemies":"Snecko","floor":31,"turns":3},{"damage":31,"enemies":"Collector","floor":33,"turns":6},{"damage":0,"enemies":"3 Darklings","floor":35,"turns":1},{"damage":0,"enemies":"Orb Walker","floor":36,"turns":2},{"damage":0,"enemies":"2 Orb Walkers","floor":38,"turns":1},{"damage":0,"enemies":"Nemesis","floor":41,"turns":1},{"damage":0,"enemies":"Spire Growth","floor":42,"turns":1},{"damage":0,"enemies":"Reptomancer","floor":44,"turns":3},{"damage":1,"enemies":"Writhing Mass","floor":45,"turns":3},{"damage":1,"enemies":"Transient","floor":47,"turns":5},{"damage":21,"enemies":"Awakened One","floor":50,"turns":11}],"seed_played":"2154477616330852415","potions_obtained":[{"floor":8,"key":"Dexterity Potion"},{"floor":11,"key":"Block Potion"},{"floor":13,"key":"Swift Potion"},{"floor":16,"key":"CultistPotion"},{"floor":18,"key":"FearPotion"},{"floor":27,"key":"Explosive Potion"},{"floor":28,"key":"PowerPotion"},{"floor":35,"key":"ColorlessPotion"},{"floor":41,"key":"Dexterity Potion"},{"floor":42,"key":"Fire Potion"}],"is_trial":true,"path_per_floor":["M","?","?","M","?","?","R","M","T","M","E","M","E","M","R","B",null,"M","?","M","$","?","E","?","?","T","M","E","?","E","M","R","B",null,"M","M","?","?","$","R","E","M","T","E","M","R","M","$","R","B",null],"character_chosen":"THE_SILENT","items_purchased":["Tough Bandages","Toxic Egg 2","Dark Shackles+1","PowerPotion","ColorlessPotion","Frozen Eye","Potion Belt","Vajra","Ancient Potion","SteroidPotion","Escape Plan+1"],"campfire_rested":1,"item_purchase_floors":[21,21,39,39,39,48,48,48,48,48,48],"current_hp_per_floor":[70,59,52,52,52,52,52,52,58,53,51,51,51,51,51,43,82,73,73,70,70,76,64,64,28,34,15,14,20,10,10,40,15,106,106,106,106,106,106,106,106,106,112,112,111,111,110,110,110,95],"gold":22,"neow_bonus":"","is_daily":false,"chose_seed":false,"campfire_upgraded":5,"win_rate":0.0,"timestamp":1612972964,"path_taken":["M","?","?","M","?","?","R","M","T","M","E","?","E","M","R","BOSS","M","?","M","$","?","E","?","?","T","M","E","?","E","M","R","BOSS","M","M","?","?","?","R","E","M","T","E","M","R","M","$","R","BOSS"],"items_purchased_type":["Relic","Relic","Card","Potion","Potion","Relic","Relic","Relic","Potion","Potion","Card"],"build_version":"2020-12-22","purchased_purges":2,"victory":true,"max_hp_per_floor":[70,70,70,70,70,70,70,70,76,76,76,76,76,76,76,82,82,82,82,82,82,88,88,88,88,94,94,94,100,100,100,100,106,106,106,106,106,106,106,106,106,106,112,112,112,112,112,112,112,118],"relic_stats":{"Darkstone Periapt":48,"counters":[26,83],"HoveringKite":[26],"Pen Nib":[19],"PreservedInsect":0,"Juzu Bracelet":2,"Cursed Key":3,"Smiling Mask":40,"Tough Bandages":[231],"Busted Crown":16,"Sundial":[2],"obtain_stats":[{"Darkstone Periapt":0,"Potion Belt":48,"Lantern":41,"HoveringKite":17,"Vajra":48,"Pen Nib":9,"The Courier":11,"PreservedInsect":44,"Juzu Bracelet":13,"Paper Crane":43,"Cursed Key":0,"Smiling Mask":23,"Du-Vu Doll":0,"Frozen Eye":48,"Tough Bandages":21,"Busted Crown":34,"Ninja Scroll":26,"Sundial":30,"Toxic Egg 2":21,"Unceasing Top":28,"Pocketwatch":38},{"Darkstone Periapt":0,"Potion Belt":25,"Lantern":21,"HoveringKite":9,"Vajra":25,"Pen Nib":3,"The Courier":5,"PreservedInsect":23,"Juzu Bracelet":7,"Paper Crane":22,"Cursed Key":0,"Smiling Mask":12,"Du-Vu Doll":0,"Frozen Eye":25,"Tough Bandages":11,"Busted Crown":17,"Ninja Scroll":12,"Sundial":15,"Toxic Egg 2":11,"Unceasing Top":14,"Pocketwatch":20},{"Darkstone Periapt":0,"Potion Belt":72,"Lantern":60,"HoveringKite":27,"Vajra":72,"Pen Nib":7,"The Courier":14,"PreservedInsect":64,"Juzu Bracelet":18,"Paper Crane":61,"Cursed Key":0,"Smiling Mask":36,"Du-Vu Doll":0,"Frozen Eye":72,"Tough Bandages":32,"Busted Crown":55,"Ninja Scroll":36,"Sundial":46,"Toxic Egg 2":32,"Unceasing Top":42,"Pocketwatch":59}],"Unceasing Top":[5],"Pocketwatch":[9]},"card_choices":[{"not_picked":["Sucker Punch","Tactician"],"picked":"Acrobatics","floor":1},{"not_picked":["Endless Agony","Poisoned Stab"],"picked":"Deadly Poison","floor":4},{"not_picked":["Setup","PiercingWail"],"picked":"Finisher","floor":8},{"not_picked":["Setup","Prepared"],"picked":"Quick Slash","floor":10},{"not_picked":["Well Laid Plans","Poisoned Stab"],"picked":"Glass Knife","floor":11},{"not_picked":["Quick Slash","Deadly Poison"],"picked":"Well Laid Plans","floor":12},{"not_picked":["Tools of the Trade","Bane"],"picked":"Crippling Poison","floor":13},{"not_picked":["Sucker Punch","Dagger Spray"],"picked":"Calculated Gamble","floor":14},{"not_picked":["Bullet Time","Grand Finale"],"picked":"Unload","floor":16},{"not_picked":["Noxious Fumes+1","Flechettes"],"picked":"Leg Sweep","floor":18},{"not_picked":["Sucker Punch","Prepared"],"picked":"Blade Dance","floor":20},{"not_picked":["Well Laid Plans","Deflect+1"],"picked":"Cloak And Dagger+1","floor":23},{"not_picked":["Well Laid Plans","Slice"],"picked":"Escape Plan+1","floor":27},{"not_picked":["Prepared+1","Glass Knife"],"picked":"Cloak And Dagger+1","floor":28},{"not_picked":["Well Laid Plans","Blade Dance+1"],"picked":"Calculated Gamble+1","floor":30},{"not_picked":["All Out Attack","Quick Slash"],"picked":"Dagger Throw+1","floor":31},{"not_picked":["Die Die Die","Adrenaline+1"],"picked":"Night Terror+1","floor":33},{"not_picked":[],"picked":"Dodge and Roll+1","floor":35},{"not_picked":[],"picked":"Infinite Blades+1","floor":36},{"not_picked":[],"picked":"Cloak And Dagger+1","floor":38},{"not_picked":[],"picked":"Footwork","floor":41},{"not_picked":[],"picked":"Blur+1","floor":42},{"not_picked":["Setup+1"],"picked":"SKIP","floor":44},{"not_picked":[],"picked":"Backflip+1","floor":45},{"not_picked":[],"picked":"Terror+1","floor":47}],"player_experience":1314867,"relics_obtained":[{"floor":9,"key":"Pen Nib"},{"floor":11,"key":"The Courier"},{"floor":13,"key":"Juzu Bracelet"},{"floor":23,"key":"Smiling Mask"},{"floor":26,"key":"Ninja Scroll"},{"floor":28,"key":"Unceasing Top"},{"floor":30,"key":"Sundial"},{"floor":38,"key":"Pocketwatch"},{"floor":41,"key":"Lantern"},{"floor":43,"key":"Paper Crane"},{"floor":44,"key":"PreservedInsect"}],"event_choices":[{"damage_healed":0,"gold_gain":75,"player_choice":"Gather Gold","damage_taken":11,"max_hp_gain":0,"max_hp_loss":0,"event_name":"World of Goop","floor":2,"gold_loss":0},{"cards_removed":["Strike_G"],"damage_healed":0,"gold_gain":0,"player_choice":"Card Removal","damage_taken":7,"max_hp_gain":0,"max_hp_loss":0,"event_name":"Golden Wing","floor":3,"gold_loss":0},{"damage_healed":0,"gold_gain":0,"player_choice":"Leave","damage_taken":0,"max_hp_gain":0,"max_hp_loss":0,"event_name":"The Cleric","floor":5,"gold_loss":0},{"cards_removed":["Strike_G"],"damage_healed":0,"gold_gain":0,"player_choice":"Purged","damage_taken":0,"max_hp_gain":0,"max_hp_loss":0,"event_name":"Purifier","floor":6,"gold_loss":0},{"damage_healed":0,"gold_gain":0,"player_choice":"Ignored","damage_taken":0,"max_hp_gain":0,"max_hp_loss":0,"event_name":"Vampires","floor":19,"gold_loss":0},{"damage_healed":0,"gold_gain":0,"player_choice":"Cursed","damage_taken":0,"max_hp_gain":0,"max_hp_loss":0,"event_name":"Wheel of Change","floor":22,"gold_loss":0,"cards_obtained":["Decay"]},{"damage_healed":0,"gold_gain":0,"player_choice":"Read","damage_taken":0,"max_hp_gain":0,"max_hp_loss":0,"event_name":"The Library","floor":24,"gold_loss":0,"cards_obtained":["Backflip"]},{"damage_healed":0,"gold_gain":360,"player_choice":"GOLD GOLD GOLD GOLD ","damage_taken":36,"max_hp_gain":0,"max_hp_loss":0,"event_name":"Knowing Skull","floor":25,"potions_obtained":[],"gold_loss":0,"cards_obtained":[]},{"damage_healed":0,"gold_gain":0,"player_choice":"Smashed Altar","damage_taken":0,"max_hp_gain":0,"max_hp_loss":0,"event_name":"Forgotten Altar","floor":29,"gold_loss":0,"cards_obtained":["Decay"]},{"cards_removed":["Strike_G"],"damage_healed":0,"gold_gain":0,"player_choice":"Removed Attack","damage_taken":0,"max_hp_gain":0,"max_hp_loss":0,"event_name":"Falling","floor":37,"gold_loss":0},{"damage_healed":0,"gold_gain":0,"player_choice":"Fight","damage_taken":0,"max_hp_gain":0,"max_hp_loss":0,"event_name":"Mysterious Sphere","floor":38,"gold_loss":0}],"is_beta":false,"boss_relics":[{"not_picked":["Fusion Hammer","Calling Bell"],"picked":"HoveringKite"},{"not_picked":["Coffee Dripper","Empty Cage"],"picked":"Busted Crown"}],"items_purged_floors":[39,48],"is_endless":false,"potions_floor_spawned":[8,11,13,16,18,27,28,35,41,42],"ascension_level":0}}