{"host":"72j3if4hls1tefkc","time":1612920864,"event":{"mods":["AchievementEnabler","Always Whale","Aspiration","BaseMod","Beaked The Cultist","Colored Map","Conspire","FetchMod","Halation","Hermit","Hubris","Infinite Spire","Minty Spire (QoL Compilation)","Reliquary","Replay The Spire","Shop Mod","StSLib","The Construct","The Cursed","The Jungle","The Marked","The Necromancer","The Poker Player"],"gold_per_floor":[117,67,84,104,119,119,146,146],"floor_reached":7,"language":"ENG","playtime":467,"items_purged":[],"score":66,"play_id":"a9c1d8ae-1557-41f7-976f-3dcf9bf30543","local_time":"20210209183424","is_ascension_mode":true,"campfire_choices":[{"data":"TheCursedMod:SpitefulPlan","floor":6,"key":"SMITH"}],"circlet_count":0,"master_deck":["TheCursedMod:CleanUpWorkshop","TheCursedMod:CursedBoomerang","TheCursedMod:SpitefulStrike","TheCursedMod:CursedSpellbook","TheCursedMod:DoubleShield","TheCursedMod:EmpowerCircles","TheCursedMod:CircleOfFocus","TheCursedMod:CircleOfWindfury","TheCursedMod:CircleOfAbyss","TheCursedMod:CircleOfFlame","TheCursedMod:WearCloak","TheCursedMod:SpitefulPlan+1","TheCursedMod:HellfireBreathing"],"relics":["TheCursedMod:DemonicMark","aspiration:Nostalgia","PokerPlayerMod:DeckCase","halation:QuantumPhysicsTextbook"],"acts_visited":["Exordium"],"potions_floor_usage":[],"damage_taken":[{"damage":0,"enemies":"Cultist","floor":1,"turns":2},{"damage":2,"enemies":"Jaw Worm","floor":3,"turns":3},{"damage":8,"enemies":"conspire:RoseBush","floor":4,"turns":4},{"damage":1,"enemies":"Blue Slaver","floor":5,"turns":3},{"damage":20,"enemies":"3 Sentries","floor":7,"turns":5}],"seed_played":"6208223098420015637","potions_obtained":[{"floor":3,"key":"LiquidBronze"},{"floor":4,"key":"SmokeBomb"}],"is_trial":false,"path_per_floor":["M","?","M","M","M","R","E"],"character_chosen":"THE_CURSED","items_purchased":[],"campfire_rested":0,"item_purchase_floors":[],"current_hp_per_floor":[75,75,73,65,64,64,44,44],"gold":146,"neow_bonus":"NOSTALGIA","is_daily":false,"chose_seed":false,"campfire_upgraded":1,"win_rate":0.0,"timestamp":1612920864,"path_taken":["M","?","M","M","M","R","E"],"items_purchased_type":[],"build_version":"2020-12-22","purchased_purges":0,"victory":false,"max_hp_per_floor":[75,75,75,75,75,75,75,75],"card_choices":[{"not_picked":["TheCursedMod:CircleOfWindfury","TheCursedMod:PrepareRite"],"picked":"TheCursedMod:CircleOfFlame","floor":1},{"not_picked":["TheCursedMod:LuckyCharm","TheCursedMod:FleshFromBone"],"picked":"TheCursedMod:WearCloak","floor":3},{"not_picked":["TheCursedMod:CursedMace","TheCursedMod:Stretching","TheCursedMod:CursedAmulet"],"picked":"SKIP","floor":4},{"not_picked":["TheCursedMod:CircleOfFlame","TheCursedMod:SoulCrush"],"picked":"TheCursedMod:SpitefulPlan","floor":5},{"not_picked":["TheCursedMod:SpitefulPray","TheCursedMod:SmokeScreen"],"picked":"TheCursedMod:HellfireBreathing","floor":7}],"player_experience":418470,"relics_obtained":[{"floor":7,"key":"halation:QuantumPhysicsTextbook"}],"event_choices":[{"cards_removed":["TheCursedMod:RavingStaff"],"damage_healed":0,"gold_gain":0,"player_choice":"Card Removal","damage_taken":0,"max_hp_gain":0,"max_hp_loss":0,"event_name":"The Cleric","floor":2,"gold_loss":50}],"is_beta":false,"boss_relics":[],"items_purged_floors":[],"is_endless":false,"potions_floor_spawned":[3,4],"killed_by":"3 Sentries","ascension_level":5}}