{"host":"j00kb0hny0pcox9b","time":1612945730,"event":{"mods":["AchievementEnabler","BaseMod","Colored Map","Minty Spire (QoL Compilation)","StSLib"],"gold_per_floor":[111,111,11,23,38,38,38,68,68,68,243,254,55,65,65,65,65],"floor_reached":16,"language":"ENG","playtime":673,"items_purged":["Strike_R","Doubt"],"score":100,"play_id":"a10947ae-78b0-4b12-b170-643523a08774","local_time":"20210210012850","is_ascension_mode":false,"campfire_choices":[{"data":"Flame Barrier","floor":6,"key":"SMITH"},{"data":"Shrug It Off","floor":10,"key":"SMITH"},{"data":"Clothesline","floor":15,"key":"SMITH"}],"circlet_count":0,"master_deck":["Strike_R","Strike_R","Strike_R","Strike_R","Defend_R","Defend_R","Defend_R","Defend_R","Bash","Perfected Strike","Dual Wield+1","Twin Strike","Flame Barrier+1","Shrug It Off+1","Clothesline+1","Flex","Rage","Body Slam"],"relics":["Burning Blood","TungstenRod","Charon\u0027s Ashes"],"acts_visited":["Exordium"],"potions_floor_usage":[4,8,14],"damage_taken":[{"damage":0,"enemies":"2 Louse","floor":1,"turns":3},{"damage":5,"enemies":"Small Slimes","floor":4,"turns":3},{"damage":1,"enemies":"Jaw Worm","floor":5,"turns":4},{"damage":43,"enemies":"Gremlin Nob","floor":8,"turns":5},{"damage":0,"enemies":"Exordium Wildlife","floor":12,"turns":4},{"damage":3,"enemies":"3 Louse","floor":14,"turns":5},{"damage":60,"enemies":"Hexaghost","floor":16,"turns":15}],"seed_played":"-8214572502133180379","potions_obtained":[{"floor":1,"key":"SteroidPotion"},{"floor":5,"key":"FearPotion"},{"floor":8,"key":"Weak Potion"}],"is_trial":false,"path_per_floor":["M","?","$","M","M","R","?","E","T","R","?","M","$","M","R","B"],"character_chosen":"IRONCLAD","items_purchased":["Twin Strike","Rage","Body Slam"],"campfire_rested":0,"item_purchase_floors":[3,13,13],"current_hp_per_floor":[80,80,80,80,80,80,85,48,48,48,48,54,54,57,57,0,0],"gold":65,"neow_bonus":"THREE_CARDS","is_daily":false,"chose_seed":false,"campfire_upgraded":3,"win_rate":0.0,"timestamp":1612945730,"path_taken":["M","?","$","M","M","R","?","E","T","R","?","M","$","?","R","BOSS"],"items_purchased_type":["Card","Card","Card"],"build_version":"2020-12-22","purchased_purges":2,"victory":false,"max_hp_per_floor":[80,80,80,80,80,80,85,85,85,85,85,85,85,85,85,85,85],"card_choices":[{"not_picked":["Iron Wave","Clothesline"],"picked":"Perfected Strike","floor":0},{"not_picked":["Infernal Blade","Body Slam"],"picked":"Dual Wield","floor":1},{"not_picked":["Clash","Seeing Red"],"picked":"Flame Barrier","floor":4},{"not_picked":["Warcry","Burning Pact"],"picked":"Shrug It Off","floor":5},{"not_picked":["Flex","Heavy Blade"],"picked":"Clothesline","floor":8},{"not_picked":["Battle Trance","Ghostly Armor"],"picked":"Flex","floor":12},{"not_picked":["True Grit","Second Wind","Clothesline"],"picked":"SKIP","floor":14}],"player_experience":284672,"relics_obtained":[{"floor":8,"key":"TungstenRod"},{"floor":9,"key":"Charon\u0027s Ashes"}],"event_choices":[{"damage_healed":0,"gold_gain":0,"player_choice":"Grow","damage_taken":0,"max_hp_gain":0,"max_hp_loss":0,"event_name":"Living Wall","floor":2,"gold_loss":0,"cards_upgraded":["Dual Wield"]},{"damage_healed":0,"gold_gain":0,"player_choice":"Donut","damage_taken":0,"max_hp_gain":5,"max_hp_loss":0,"event_name":"Big Fish","floor":7,"gold_loss":0},{"damage_healed":0,"gold_gain":175,"player_choice":"AGREE","damage_taken":0,"max_hp_gain":0,"max_hp_loss":0,"event_name":"Liars Game","floor":11,"gold_loss":0,"cards_obtained":["Doubt"]}],"is_beta":false,"boss_relics":[],"items_purged_floors":[3,13],"is_endless":false,"potions_floor_spawned":[1,5,8],"killed_by":"Hexaghost","ascension_level":0}}