{"host":"350rh84kbmtekt58","time":1612943423,"event":{"mods":["AchievementEnabler","Act Like it!","BaseMod","Better Synergies","Block Reminder","CapriCore","Challenge The Spire","Colored Map","Colored Powertips","Communication Mod","Downfall","Energized Spire","Friendly Minions","GifTheSpireLib","Highlight Path","Minty Spire (QoL Compilation)","Quick Restart","Replay The Spire","Shop Mod","StSLib","The Animator","The Disciple","The Immortal","The Marked","The Runesmith","The Servant 0.9.4","The Wild Card","Transform Curses","yUi"],"gold_per_floor":[10,33,52,66,85,112,112,122,146,173,189,216,231,241,241,339,339,349,349,378,402,414,456,18,18,18,18,45,45,78,96,96,196,196,115,132,184,283,283,283,295,295,295,316,340,340,340,340,340,352,352],"floor_reached":50,"language":"ENG","playtime":4787,"items_purged":["downfall:Icky"],"score":933,"play_id":"eec91fad-178a-4eb4-b391-1589e4dc5988","local_time":"20210210015023","is_ascension_mode":true,"campfire_choices":[{"floor":7,"key":"REST"},{"floor":15,"key":"REST"},{"floor":25,"key":"REST"},{"data":"BasicCrystalCard","floor":27,"key":"SMITH"},{"floor":32,"key":"REST"},{"floor":40,"key":"DIG"},{"floor":47,"key":"DIG"},{"floor":49,"key":"RECALL"}],"circlet_count":0,"master_deck":["Strike_B","Strike_B","Strike_B","Strike_B","Defend_B","Defend_B","Defend_B","Defend_B","Zap","Dualcast","Double Energy","Time Bomb","Self Repair","Conserve Battery","ReplayTheSpireMod:Reroute Power","Conserve Battery","Biased Cognition","BasicCrystalCard+1","ReplayRNGCard","Stack","Ball Lightning","Redo","Genetic Algorithm","Amplify","Hello World","Cold Snap","Machine Learning","Reprogram","Chill","Amplify","Conserve Battery+1","Glacier+1","Chaos+1","Go for the Eyes","Beam Cell","Slimebound:CheckThePlaybook","Beam Cell","Madness","Static Discharge","White Noise","Leap","Turbo","Recycle","Consume+1","Chill","Rebound+1","Machine Learning","CommonCold","animator:Curse_Dizziness","downfall:Malfunctioning","Scrape+1","Leap+1","ReplaySolidLightProjector","Stack+1","Chaos+1","Hologram","Reinforced Body","Parasite","Lockon","Turbo+1","Coolheaded+1","Loop","Leap","Barrage+1","All For One","Doubt"],"relics":["Cracked Core","Prayer Wheel","Oddly Smooth Stone","Happy Flower","Geode","Turnip","Garlic","Busted Crown","MawBank","Lantern","Dream Catcher","Replay:Wax Seal","Incense Burner","Tiny Chest","Ring of Hypnosis","ReplayTheSpireMod:Ring of Addiction","Toy Ornithopter","Chameleon Ring","Boot","Replay:Ancient Bell","Blue Doll","Iron Hammer","Shovel","Replay:Multitool","Centennial Puzzle","Replay:Bandana","Strawberry"],"acts_visited":["Exordium","TheCity","TheBeyond"],"potions_floor_usage":[6,6,12,12,16,20,23,30,33,33,36,37,44,50,50],"damage_taken":[{"damage":11,"enemies":"Cultist","floor":1,"turns":5},{"damage":2,"enemies":"Small Slimes","floor":3,"turns":3},{"damage":1,"enemies":"2 Louse","floor":4,"turns":3},{"damage":12,"enemies":"Blue Slaver","floor":5,"turns":5},{"damage":31,"enemies":"3 Sentries","floor":6,"turns":9},{"damage":2,"enemies":"Looter","floor":8,"turns":3},{"damage":18,"enemies":"Gremlin Nob","floor":10,"turns":2},{"damage":1,"enemies":"Exordium Wildlife","floor":11,"turns":3},{"damage":23,"enemies":"3 Sentries","floor":12,"turns":7},{"damage":0,"enemies":"3 Louse","floor":13,"turns":3},{"damage":2,"enemies":"2 Fungi Beasts","floor":14,"turns":2},{"damage":2,"enemies":"Slime Boss","floor":16,"turns":9},{"damage":12,"enemies":"Shell Parasite","floor":18,"turns":6},{"damage":0,"enemies":"3 Byrds","floor":20,"turns":7},{"damage":0,"enemies":"Snake Plant","floor":21,"turns":5},{"damage":37,"enemies":"Slavers","floor":23,"turns":7},{"damage":3,"enemies":"Replay:Snechameleon","floor":28,"turns":5},{"damage":15,"enemies":"Book of Stabbing","floor":30,"turns":7},{"damage":15,"enemies":"3 Cultists","floor":31,"turns":5},{"damage":26,"enemies":"Pondfish","floor":33,"turns":11},{"damage":0,"enemies":"Orb Walker","floor":35,"turns":5},{"damage":18,"enemies":"3 Shapes","floor":36,"turns":7},{"damage":30,"enemies":"2 Orb Walkers","floor":37,"turns":10},{"damage":2,"enemies":"Writhing Mass","floor":41,"turns":11},{"damage":0,"enemies":"Jaw Worm Horde","floor":44,"turns":8},{"damage":39,"enemies":"Transient","floor":45,"turns":5},{"damage":87,"enemies":"Awakened One","floor":50,"turns":18}],"seed_played":"5963743282447495486","potions_obtained":[{"floor":1,"key":"Dexterity Potion"},{"floor":5,"key":"Explosive Potion"},{"floor":6,"key":"Elixir"},{"floor":8,"key":"SpeedPotion"},{"floor":14,"key":"sneckomod:MuddlingPotion"},{"floor":16,"key":"Weak Potion"},{"floor":18,"key":"champ:CounterPotion"},{"floor":23,"key":"SmokeBomb"},{"floor":29,"key":"Dexterity Potion"},{"floor":29,"key":"EssenceOfDarkness"},{"floor":29,"key":"FocusPotion"},{"floor":33,"key":"Fruit Juice"},{"floor":36,"key":"LifebloodPotion"},{"floor":41,"key":"hexamod:SoulburnPotion"},{"floor":44,"key":"hexamod:SoulburnPotion"},{"floor":45,"key":"PotionOfCapacity"}],"is_trial":false,"path_per_floor":["M","T","M","M","M","E","R","M","T","E","M","E","M","M","R","B",null,"M","?","M","M","?","E","$","R","T","R","E","?","E","M","R","B",null,"M","M","?","?","T","R","M","R","T","M","M","?","R","?","R","B"],"character_chosen":"DEFECT","items_purchased":["Dream Catcher","Replay:Wax Seal","Madness","Static Discharge","White Noise"],"campfire_rested":4,"item_purchase_floors":[24,24,24,24,24],"current_hp_per_floor":[64,64,62,68,63,39,61,59,59,41,47,31,31,36,58,63,75,70,70,75,75,75,45,45,67,67,67,64,64,61,53,75,73,82,82,71,53,53,53,53,58,80,80,78,53,78,85,83,83,0,0],"gold":352,"neow_bonus":"THREE_RARE_CARDS","is_daily":false,"chose_seed":false,"campfire_upgraded":1,"win_rate":0.0,"timestamp":1612943423,"path_taken":["M","?","M","M","?","E","R","?","T","E","M","E","M","?","R","BOSS","M","?","M","M","?","E","$","R","T","R","E","?","E","M","R","BOSS","M","M","?","?","?","R","M","R","T","M","M","?","R","?","R","BOSS"],"items_purchased_type":["Relic","Relic","Card","Card","Card"],"build_version":"2020-12-22","purchased_purges":1,"victory":false,"max_hp_per_floor":[75,75,75,75,75,75,75,75,75,75,75,75,75,75,75,75,75,75,75,75,75,75,75,75,75,75,75,75,75,75,75,75,82,82,82,82,82,82,82,82,80,80,80,78,78,78,85,83,83,83,83],"card_choices":[{"not_picked":["Hyperbeam","Echo Form"],"picked":"ReplayTheSpireMod:Fabricate Wheel","floor":0},{"not_picked":["ReplayTheSpireMod:Reroute Power","Redo"],"picked":"Double Energy","floor":1},{"not_picked":["Beam Cell","ReplayTheSpireMod:System Scan"],"picked":"Time Bomb","floor":1},{"not_picked":["Streamline","Turbo"],"picked":"Self Repair","floor":3},{"not_picked":["Steam","Streamline"],"picked":"Conserve Battery","floor":3},{"not_picked":["Steam","Panic Button"],"picked":"ReplayTheSpireMod:Reroute Power","floor":4},{"not_picked":["Aggregate","Barrage"],"picked":"Conserve Battery","floor":4},{"not_picked":["Steam","Coolheaded"],"picked":"Biased Cognition","floor":5},{"not_picked":["Panic Button","Beam Cell"],"picked":"BasicCrystalCard","floor":5},{"not_picked":["Sweeping Beam","Melter"],"picked":"ReplayRNGCard","floor":6},{"not_picked":["Go for the Eyes","Hologram"],"picked":"Stack","floor":8},{"not_picked":["Hologram","Chaos"],"picked":"Ball Lightning","floor":8},{"not_picked":["Heatsinks","Beam Cell"],"picked":"Redo","floor":10},{"not_picked":["Rebound","Beam Cell"],"picked":"Genetic Algorithm","floor":11},{"not_picked":["Beam Cell","Panic Button"],"picked":"Amplify","floor":11},{"not_picked":["Go for the Eyes","Redo"],"picked":"Hello World","floor":12},{"not_picked":["Compile Driver","Go for the Eyes"],"picked":"Cold Snap","floor":13},{"not_picked":["Stack","Compile Driver"],"picked":"Machine Learning","floor":13},{"not_picked":["Hologram","Streamline"],"picked":"Reprogram","floor":14},{"not_picked":["Redo","Panic Button"],"picked":"Chill","floor":14},{"not_picked":["Reboot","All For One"],"picked":"Amplify","floor":16},{"not_picked":[],"picked":"Conserve Battery+1","floor":18},{"not_picked":[],"picked":"Glacier+1","floor":18},{"not_picked":[],"picked":"Chaos+1","floor":20},{"not_picked":["Steam Power"],"picked":"SKIP","floor":20},{"not_picked":[],"picked":"Go for the Eyes","floor":21},{"not_picked":[],"picked":"Beam Cell","floor":21},{"not_picked":[],"picked":"Beam Cell","floor":23},{"not_picked":[],"picked":"Leap","floor":25},{"not_picked":[],"picked":"Turbo","floor":28},{"not_picked":[],"picked":"Recycle","floor":30},{"not_picked":[],"picked":"Consume+1","floor":31},{"not_picked":[],"picked":"Chill","floor":31},{"not_picked":[],"picked":"Rebound+1","floor":32},{"not_picked":[],"picked":"Machine Learning","floor":33},{"not_picked":[],"picked":"CommonCold","floor":34},{"not_picked":[],"picked":"animator:Curse_Dizziness","floor":34},{"not_picked":[],"picked":"downfall:Malfunctioning","floor":34},{"not_picked":[],"picked":"Scrape+1","floor":35},{"not_picked":[],"picked":"Leap+1","floor":35},{"not_picked":[],"picked":"ReplaySolidLightProjector","floor":36},{"not_picked":[],"picked":"Stack","floor":36},{"not_picked":[],"picked":"Chaos+1","floor":37},{"not_picked":[],"picked":"Hologram","floor":38},{"not_picked":[],"picked":"Reinforced Body","floor":38},{"not_picked":[],"picked":"Lockon","floor":41},{"not_picked":[],"picked":"Turbo+1","floor":41},{"not_picked":[],"picked":"Coolheaded+1","floor":42},{"not_picked":[],"picked":"Loop","floor":44},{"not_picked":[],"picked":"Leap","floor":44},{"not_picked":[],"picked":"Barrage+1","floor":45},{"not_picked":[],"picked":"All For One","floor":45}],"player_experience":235336,"relics_obtained":[{"floor":2,"key":"Oddly Smooth Stone"},{"floor":6,"key":"Happy Flower"},{"floor":9,"key":"Geode"},{"floor":10,"key":"Turnip"},{"floor":12,"key":"Garlic"},{"floor":23,"key":"Lantern"},{"floor":26,"key":"Incense Burner"},{"floor":28,"key":"Tiny Chest"},{"floor":29,"key":"Ring of Hypnosis"},{"floor":29,"key":"ReplayTheSpireMod:Ring of Addiction"},{"floor":29,"key":"Toy Ornithopter"},{"floor":29,"key":"Chameleon Ring"},{"floor":30,"key":"Boot"},{"floor":37,"key":"Replay:Multitool"},{"floor":40,"key":"Centennial Puzzle"},{"floor":43,"key":"Replay:Bandana"},{"floor":47,"key":"Strawberry"}],"event_choices":[{"damage_healed":0,"gold_gain":0,"player_choice":"Fight","damage_taken":0,"max_hp_gain":0,"max_hp_loss":0,"event_name":"Mysterious Sphere","floor":37,"gold_loss":0},{"damage_healed":25,"gold_gain":0,"player_choice":"Heal","damage_taken":0,"max_hp_gain":0,"max_hp_loss":0,"event_name":"MindBloom","floor":46,"gold_loss":0,"cards_obtained":["Doubt"]},{"damage_healed":0,"gold_gain":0,"player_choice":"Ignored","damage_taken":0,"max_hp_gain":0,"max_hp_loss":0,"event_name":"SecretPortal","floor":48,"gold_loss":0}],"is_beta":false,"boss_relics":[{"not_picked":["Runesmith:UraniumAnvil","Replay:Wanted Poster"],"picked":"Busted Crown"},{"not_picked":["energizedSpire:RedRose","Replay:Drink Me"],"picked":"Replay:Ancient Bell"},{"not_picked":["Smiling Mask","Replay:Mystery Machine"],"picked":"Blue Doll"},{"not_picked":["Replay:Accelerometer","Replay:Bottled Eggs"],"picked":"Iron Hammer"},{"not_picked":["Bird Faced Urn","Unceasing Top"],"picked":"Shovel"}],"items_purged_floors":[24],"is_endless":false,"potions_floor_spawned":[1,5,6,8,14,16,18,23,33,36,41,44,45],"killed_by":"Awakened One","ascension_level":1}}