{"host":"mmqs5ul2bvb60kyc","time":1612952993,"event":{"mods":["100% Spire Juice","AchievementEnabler","Act Like it!","BaseMod","Colored Map","Colored Powertips","Gensokyo","Minty Spire (QoL Compilation)","Quick Restart","StSLib"],"gold_per_floor":[116,116,116,41,41,41,41,72,72,72,107,107,15,407,407,407,514,34,57,57,66,94,122,165,565,565,639,538,558,2,2,19,19,124,187,416,416,102,102,102,102,131,167,216,745,745,745,334,362,362,362,362,362,56,86,86],"floor_reached":57,"language":"ZHS","playtime":3369,"items_purged":["Moonworks:Strike","Moonworks:LongDistanceShot"],"score":1487,"play_id":"b27ce66f-3707-41aa-84eb-d097f6513148","local_time":"20210210182953","is_ascension_mode":false,"campfire_choices":[{"data":"Moonworks:Ambush","floor":6.0,"key":"SMITH"},{"floor":10.0,"key":"DIG"},{"floor":12.0,"key":"DIG"},{"floor":15.0,"key":"DIG"},{"floor":16.0,"key":"REST"},{"data":"Moonworks:MetallicMonocoque","floor":26,"key":"SMITH"},{"data":"Moonworks:AnotherUltimateWeapon","floor":31,"key":"SMITH"},{"floor":33,"key":"RECALL"},{"data":"Moonworks:x16BigRocket","floor":41,"key":"SMITH"},{"data":"Moonworks:HolyNight","floor":47,"key":"SMITH"},{"data":"EmptyMind","floor":50,"key":"SMITH"},{"data":"Gensokyo:UnlikelyAid","floor":53,"key":"SMITH"}],"circlet_count":0,"master_deck":["Moonworks:Ambush+1","Moonworks:CloudOfSeagulls","Moonworks:CookingTime","Moonworks:MetallicMonocoque+1","Moonworks:NicePresent","Moonworks:AnotherUltimateWeapon+1","Moonworks:x16BigRocket+1","Carnage","Moonworks:IndiscriminateFireSupport+1","Moonworks:FinalSurgery+1","Moonworks:EvilSpyWorkPreparation","Moonworks:UnluckyCharm","Gensokyo:UnlikelyAid+1","Moonworks:ReflectiveShell","Moonworks:SelfDestruct","Moonworks:LuckyCharm","Moonworks:WindyEnchantment","Moonworks:BackdoorTrade","Moonworks:LulusLuckyEgg","EmptyMind+1","TalkToTheHand","Moonworks:HolyNight+1","Moonworks:Encore","Gensokyo:SalamanderShield"],"relics":["Moonworks:BrokenBomb","Moonworks:Homemark","NeowsBlessing","Gensokyo:CelestialsFlawlessClothing","Gensokyo:OccultBall","Whetstone","Toy Ornithopter","CaptainsWheel","Mango","Akabeko","CeramicFish","Ancient Tea Set","Snecko Eye","Gensokyo:DirgeOfMelancholy","Lantern","Oddly Smooth Stone","ClockworkSouvenir","PrismaticShard","TheAbacus","Happy Flower","Pandora\u0027s Box","Gensokyo:EmptyGrave","Medical Kit","FossilizedHelix","Potion Belt","White Beast Statue","Lizard Tail","Thread and Needle","Pocketwatch","Calipers","InkBottle"],"acts_visited":["Exordium","Gensokyo:Gensokyo","Gensokyo:Gensokyoer","TheEnding"],"potions_floor_usage":[17,17,51,56,56,56],"damage_taken":[{"damage":0.0,"enemies":"Gensokyo:2_Kodama","floor":1.0,"turns":1.0},{"damage":0.0,"enemies":"Gensokyo:Aya","floor":8.0,"turns":1.0},{"damage":0.0,"enemies":"Gensokyo:Mamizou","floor":11.0,"turns":2.0},{"damage":63.0,"enemies":"Gensokyo:Aya","floor":14.0,"turns":5.0},{"damage":136,"enemies":"Gensokyo:Kokoro","floor":17,"turns":18},{"damage":0,"enemies":"Gensokyo:AngelMirror","floor":19,"turns":1},{"damage":9,"enemies":"Gensokyo:3_Dogs","floor":22,"turns":4},{"damage":0,"enemies":"Gensokyo:Swordslinger","floor":23,"turns":4},{"damage":12,"enemies":"Gensokyo:Koishi","floor":24,"turns":5},{"damage":0,"enemies":"Gensokyo:Chomper_and_Gloop","floor":28,"turns":2},{"damage":0,"enemies":"Gensokyo:Wraith","floor":29,"turns":4},{"damage":0,"enemies":"Gensokyo:Swordslinger","floor":32,"turns":4},{"damage":56,"enemies":"Gensokyo:Kaguya","floor":34,"turns":9},{"damage":11,"enemies":"Gensokyo:3_Bats","floor":36,"turns":4},{"damage":2,"enemies":"Gensokyo:AncientGuardian","floor":42,"turns":7},{"damage":18,"enemies":"Gensokyo:Sharpion","floor":43,"turns":5},{"damage":5,"enemies":"Gensokyo:4_Bats","floor":45,"turns":6},{"damage":0,"enemies":"Gensokyo:Marisa","floor":49,"turns":6},{"damage":16,"enemies":"Gensokyo:Scarlet_Devils","floor":51,"turns":9},{"damage":0,"enemies":"Shield and Spear","floor":55,"turns":5},{"damage":51,"enemies":"The Heart","floor":56,"turns":6}],"seed_played":"7063167657421950515","potions_obtained":[{"floor":1.0,"key":"PowerPotion"},{"floor":8.0,"key":"LiquidBronze"},{"floor":11.0,"key":"LiquidMemories"},{"floor":23,"key":"DuplicationPotion"},{"floor":24,"key":"Strength Potion"},{"floor":28,"key":"FairyPotion"},{"floor":45,"key":"Fruit Juice"},{"floor":49,"key":"Dexterity Potion"},{"floor":55,"key":"Moonworks:OneHundredPercentOrangeJuicePotion"}],"is_trial":false,"path_per_floor":["M","?","?","$","?","R","?","E","T","R","E","R","COS","E","R","R","B",null,"M","?","?","M","M","E","?","R","T","M","M","COS","R","M","R","B",null,"M","?","COS","?","?","R","M","M","T","M","?","R","$","E","R","B",null,"R","$","E","B",null],"character_chosen":"THE_STARBREAKER","items_purchased":["Lizard Tail","Calipers"],"campfire_rested":1,"item_purchase_floors":[48,54],"current_hp_per_floor":[60,45,51,51,51,51,51,51,51,51,54,68,68,13,13,37,8,80,80,80,80,71,71,65,65,65,65,65,71,71,71,71,71,21,80,69,69,69,69,74,74,72,54,54,49,49,49,49,49,49,49,79,79,79,79,39],"gold":86,"neow_bonus":"THREE_ENEMY_KILL","is_daily":false,"chose_seed":false,"campfire_upgraded":7,"win_rate":0.0,"timestamp":1612952993,"path_taken":["M","?","?","$","?","R","?","E","T","R","E","R","COS","E","R","R","BOSS","M","?","?","M","M","E","?","R","T","M","M","COS","R","M","R","BOSS","M","?","COS","?","?","R","M","M","T","M","?","R","$","E","R","BOSS","R","$","E","BOSS"],"items_purchased_type":["Relic","Relic"],"build_version":"2020-12-22","purchased_purges":2,"victory":true,"max_hp_per_floor":[60,60,66,66,66,66,66,66,66,66,66,80,80,80,80,80,80,80,80,80,80,80,80,80,80,80,80,80,80,80,80,80,80,80,80,80,74,74,74,74,74,74,74,74,74,74,74,74,74,74,79,79,79,79,79,79],"card_choices":[{"not_picked":["Moonworks:Assault","Moonworks:NicePresent"],"picked":"Moonworks:CompletionReward","floor":1.0},{"not_picked":["Moonworks:BigMagnum","Moonworks:Assault"],"picked":"Moonworks:CloudOfSeagulls","floor":7.0},{"not_picked":["Moonworks:BigMagnum","Moonworks:LulusLuckyEgg"],"picked":"Moonworks:CookingTime","floor":7.0},{"not_picked":["Moonworks:Assault","Moonworks:JonathanRush","Moonworks:CloudOfSeagulls"],"picked":"SKIP","floor":8.0},{"not_picked":["Moonworks:ShieldCounter","Moonworks:JonathanRush"],"picked":"Moonworks:MetallicMonocoque","floor":11.0},{"not_picked":["Moonworks:Dash","Moonworks:RagingMadness"],"picked":"Moonworks:NicePresent","floor":14.0},{"not_picked":["Moonworks:GoAway","Moonworks:LeapThroughSpace"],"picked":"Moonworks:AnotherUltimateWeapon","floor":17},{"not_picked":["Moonworks:Assault","Moonworks:AngelHand"],"picked":"Moonworks:x16BigRocket","floor":19},{"not_picked":["Moonworks:SakisCookie","Moonworks:BeyondHell"],"picked":"Moonworks:CompletionReward","floor":22},{"not_picked":["Moonworks:DeployBits","Moonworks:SweetBattle"],"picked":"Moonworks:IndiscriminateFireSupport+1","floor":23},{"not_picked":["Moonworks:Assault","Moonworks:CloudOfSeagulls"],"picked":"Moonworks:FinalSurgery+1","floor":24},{"not_picked":["Moonworks:Dinner+1","Moonworks:Assault"],"picked":"Moonworks:EvilSpyWorkPreparation","floor":28},{"not_picked":["Moonworks:IndiscriminateFireSupport+1","Moonworks:DevilHand+1"],"picked":"Moonworks:UnluckyCharm","floor":29},{"not_picked":["CarveReality","Quick Slash","Auto Shields+1"],"picked":"SKIP","floor":32},{"not_picked":["Immolate","Moonworks:RocketCannon"],"picked":"Gensokyo:UnlikelyAid","floor":34},{"not_picked":["Headbutt","Perfected Strike+1"],"picked":"EmptyMind","floor":36},{"not_picked":["Beam Cell","Gash"],"picked":"TalkToTheHand","floor":42},{"not_picked":["Moonworks:RocketCannon","Moonworks:Accelerator"],"picked":"Moonworks:HolyNight","floor":43},{"not_picked":["Reckless Charge+1","Carnage+1"],"picked":"Moonworks:Encore","floor":43},{"not_picked":["FollowUp","Deflect"],"picked":"Gensokyo:SalamanderShield","floor":45},{"not_picked":["Moonworks:JonathanRush","Twin Strike+1","Moonworks:CloudOfSeagulls+1"],"picked":"SKIP","floor":49},{"not_picked":["Wraith Form v2","ClearTheMind","Swift Strike"],"picked":"SKIP","floor":55},{"not_picked":["Wraith Form v2","ClearTheMind","Swift Strike"],"picked":"SKIP","floor":55},{"not_picked":["Wraith Form v2","ClearTheMind","Swift Strike"],"picked":"SKIP","floor":55}],"player_experience":344898,"relics_obtained":[{"floor":8.0,"key":"Gensokyo:OccultBall"},{"floor":8.0,"key":"Whetstone"},{"floor":9.0,"key":"Shovel"},{"floor":10.0,"key":"Toy Ornithopter"},{"floor":11.0,"key":"CaptainsWheel"},{"floor":12.0,"key":"Mango"},{"floor":14.0,"key":"Gensokyo:OccultBall"},{"floor":14.0,"key":"Akabeko"},{"floor":15.0,"key":"CeramicFish"},{"floor":17,"key":"Gensokyo:OccultBall"},{"floor":23,"key":"Gensokyo:OccultBall"},{"floor":24,"key":"Oddly Smooth Stone"},{"floor":34,"key":"Gensokyo:OccultBall"},{"floor":44,"key":"Potion Belt"},{"floor":49,"key":"Pocketwatch"},{"floor":55,"key":"InkBottle"}],"event_choices":[],"is_beta":false,"boss_relics":[{"not_picked":["Sozu","Busted Crown"],"picked":"Snecko Eye"},{"not_picked":["Tiny House","Runic Dome"],"picked":"Pandora\u0027s Box"}],"items_purged_floors":[4,48],"is_endless":false,"potions_floor_spawned":[1,8,11,23,24,28,29,32,36,42,45,49,55],"ascension_level":0}}