{"host":"m4pe905ae9bldoe7","time":1612953197,"event":{"mods":["BaseMod","Bestiary","Block Reminder","Downfall","Minty Spire (QoL Compilation)","StSLib"],"gold_per_floor":[110,35,35,35,46,46,379,379,379,390,390,403,57,71,71,71,71,71],"floor_reached":17,"language":"ENG","playtime":516,"items_purged":["Strike_R"],"score":234,"play_id":"bd89c5a4-5697-458a-b7a4-a9bc2d86806c","local_time":"20210210113317","is_ascension_mode":true,"campfire_choices":[{"data":"Seeing Red","floor":6,"key":"SMITH"},{"data":"Body Slam","floor":11,"key":"SMITH"},{"floor":15,"key":"REST"},{"data":"Metallicize","floor":16,"key":"SMITH"}],"circlet_count":0,"master_deck":["AscendersBane","Strike_R","Strike_R","Strike_R","Defend_R","Defend_R","Defend_R","Defend_R","Bash","Ghostly Armor","Seeing Red+1","True Grit","Body Slam+1","Metallicize+1"],"relics":["Burning Blood","NeowsBlessing","Blue Candle","Old Coin","Boot","Mercury Hourglass"],"acts_visited":["Exordium"],"potions_floor_usage":[17,17],"damage_taken":[{"damage":0,"enemies":"Jaw Worm","floor":1,"turns":1},{"damage":0,"enemies":"2 Louse","floor":5,"turns":1},{"damage":0,"enemies":"3 Sentries","floor":7,"turns":2},{"damage":0,"enemies":"Cultist","floor":10,"turns":4},{"damage":0,"enemies":"Blue Slaver","floor":12,"turns":6},{"damage":26,"enemies":"Exordium Wildlife","floor":14,"turns":8},{"damage":75,"enemies":"Hexaghost","floor":17,"turns":15}],"seed_played":"4269299225406640236","potions_obtained":[{"floor":1,"key":"Explosive Potion"},{"floor":7,"key":"bronze:BurnAndBuffPotion"}],"is_trial":false,"path_per_floor":["M","$","?","?","M","R","E","?","T","M","R","M","$","M","R","R","B"],"character_chosen":"IRONCLAD","items_purchased":["Metallicize","Mercury Hourglass"],"campfire_rested":1,"item_purchase_floors":[13,13],"current_hp_per_floor":[74,74,74,69,75,75,75,70,70,75,75,75,75,55,75,75,0,0],"gold":71,"neow_bonus":"THREE_ENEMY_KILL","is_daily":false,"chose_seed":false,"campfire_upgraded":3,"win_rate":0.0,"timestamp":1612953197,"path_taken":["M","$","?","?","M","R","E","?","T","M","R","?","?","M","R","R","BOSS"],"items_purchased_type":["Card","Relic"],"build_version":"2020-12-22","purchased_purges":1,"victory":false,"max_hp_per_floor":[75,75,75,75,75,75,75,75,75,75,75,75,75,75,75,75,75,75],"card_choices":[{"not_picked":["Anger","Havoc"],"picked":"Ghostly Armor","floor":1},{"not_picked":["Heavy Blade","Flex"],"picked":"Seeing Red","floor":5},{"not_picked":["Heavy Blade","Sword Boomerang"],"picked":"True Grit","floor":7},{"not_picked":["Shockwave","Rage"],"picked":"Body Slam","floor":10},{"not_picked":["Limit Break","Second Wind","Havoc"],"picked":"SKIP","floor":12},{"not_picked":["Intimidate","Perfected Strike","Infernal Blade"],"picked":"SKIP","floor":14}],"player_experience":544931,"relics_obtained":[{"floor":7,"key":"Old Coin"}],"event_choices":[{"cards_removed":["Strike_R"],"damage_healed":0,"gold_gain":0,"player_choice":"Forget","damage_taken":0,"max_hp_gain":0,"max_hp_loss":0,"event_name":"Living Wall","floor":3,"gold_loss":0},{"damage_healed":0,"gold_gain":0,"player_choice":"Success","damage_taken":5,"relics_obtained":["Boot"],"max_hp_gain":0,"max_hp_loss":0,"event_name":"Scrap Ooze","floor":8,"gold_loss":0}],"is_beta":false,"boss_relics":[],"items_purged_floors":[2],"is_endless":false,"potions_floor_spawned":[1,7],"killed_by":"Hexaghost","ascension_level":16}}