{"host":"22ezjknwheybwqtz","time":1612952881,"event":{"mods":["BaseMod","Downfall","Minty Spire (QoL Compilation)","Shop Mod","StSLib","The Animator","The Necromancer","The Servant 0.9.4"],"gold_per_floor":[111,186,186,186,186,219,219,219,219,243,282,298,133,147,147,256,256,277,48,48,48,68,68,68,97,166,191,214,214,264,284,284,386,411,434,454,454,484,93,123,174,198,247,257,257],"floor_reached":44,"language":"ENG","playtime":3233,"items_purged":["animator:Strike","Shame"],"score":484,"play_id":"03db66f5-2c86-4cc8-a588-f02771044a70","local_time":"20210210182801","is_ascension_mode":false,"campfire_choices":[{"data":"animator:KyokoSakura","floor":7,"key":"SMITH"},{"data":"animator:TanyaDegurechaff","floor":15,"key":"SMITH"},{"data":"animator:Melzalgald","floor":23,"key":"SMITH"},{"data":"animator:Chris","floor":29,"key":"SMITH"},{"data":"animator:Darkness","floor":32,"key":"SMITH"}],"circlet_count":0,"master_deck":["animator:Strike_Konosuba","animator:Defend_Konosuba","animator:Strike","animator:Strike","animator:Defend","animator:Defend","animator:Defend","animator:Kazuma","animator:Aqua","animator:SuzuneAmano+1","animator:KyokoSakura+1","animator:Chris+1","animator:Melzalgald+1","animator:IrohaTamaki","animator:TanyaDegurechaff+1","animator:RoyMustang","animator:Shizu","animator:Mikaela+1","animator:Chris","animator:RoyMustang+1","animator:Shuna+1","animator:Darkness+1","animator:YunYun+1","animator:PandorasActor","animator:Gilgamesh+3","animator:ChaikaBohdan+1","animator:Chris+1","animator:ChaikaTrabant+1","animator:Mitsurugi+1","animator:Megumin+2","animator:Demiurge+1"],"relics":["animator:LivingPicture","animator:TheMissingPiece","animator:PurgingStone","NeowsBlessing","animator:OldCoffin","Strawberry","CloakClasp","Eternal Feather","Mark of Pain","DataDisk","animator:EngravedStaff","Mercury Hourglass","Molten Egg 2","Coffee Dripper","Ancient Tea Set","Orichalcum"],"acts_visited":["Exordium","TheCity","TheBeyond"],"potions_floor_usage":[30,38,40,44],"damage_taken":[{"damage":0,"enemies":"2 Louse","floor":1,"turns":1},{"damage":0,"enemies":"Lagavulin","floor":6,"turns":1},{"damage":0,"enemies":"Jaw Worm","floor":10,"turns":1},{"damage":1,"enemies":"Small Slimes","floor":11,"turns":3},{"damage":10,"enemies":"3 Louse","floor":12,"turns":3},{"damage":0,"enemies":"2 Fungi Beasts","floor":14,"turns":3},{"damage":18,"enemies":"Hexaghost","floor":16,"turns":8},{"damage":13,"enemies":"3 Byrds","floor":18,"turns":5},{"damage":4,"enemies":"Chosen","floor":22,"turns":4},{"damage":20,"enemies":"Shelled Parasite and Fungi","floor":25,"turns":5},{"damage":0,"enemies":"Snecko","floor":27,"turns":3},{"damage":3,"enemies":"Centurion and Healer","floor":28,"turns":5},{"damage":4,"enemies":"animator:HornedBat","floor":30,"turns":4},{"damage":3,"enemies":"Cultist and Chosen","floor":31,"turns":3},{"damage":26,"enemies":"Collector","floor":33,"turns":6},{"damage":9,"enemies":"3 Shapes","floor":35,"turns":4},{"damage":5,"enemies":"3 Darklings","floor":36,"turns":4},{"damage":32,"enemies":"Writhing Mass","floor":38,"turns":5},{"damage":22,"enemies":"Maw","floor":40,"turns":5},{"damage":6,"enemies":"Transient","floor":41,"turns":5},{"damage":3,"enemies":"4 Shapes","floor":42,"turns":2},{"damage":20,"enemies":"Spire Growth","floor":44,"turns":3}],"seed_played":"3502540389869075533","potions_obtained":[{"floor":1,"key":"Swift Potion"},{"floor":14,"key":"SteroidPotion"},{"floor":27,"key":"EssenceOfSteel"},{"floor":30,"key":"GamblersBrew"},{"floor":31,"key":"Regen Potion"},{"floor":33,"key":"Block Potion"},{"floor":36,"key":"animator:GrowthPotion"},{"floor":40,"key":"sneckomod:MuddlingPotion"},{"floor":42,"key":"hexamod:SoulburnPotion"}],"is_trial":false,"path_per_floor":["M","?","T","?","?","E","R","?","T","M","M","M","$","M","R","B",null,"M","$","?","$","M","R","$","M","T","M","M","R","E","M","R","B",null,"M","M","?","M","$","M","M","M","T","M"],"character_chosen":"THE_ANIMATOR","items_purchased":["animator:TanyaDegurechaff","DataDisk","animator:ChaikaTrabant+1","Ancient Tea Set"],"campfire_rested":0,"item_purchase_floors":[13,19,39,39],"current_hp_per_floor":[66,55,55,60,60,67,67,55,55,55,56,48,48,48,57,41,78,65,65,65,65,63,75,75,57,57,59,59,71,67,64,79,55,79,70,67,60,30,30,23,19,16,16,0,0],"gold":257,"neow_bonus":"THREE_ENEMY_KILL","is_daily":false,"chose_seed":false,"campfire_upgraded":5,"win_rate":0.0,"timestamp":1612952881,"path_taken":["M","?","?","?","?","E","R","?","T","M","M","?","?","M","R","BOSS","M","?","?","?","?","R","$","M","T","M","M","R","E","M","R","BOSS","M","?","?","M","?","M","?","?","T","M"],"items_purchased_type":["Card","Relic","Card","Relic"],"build_version":"2020-12-22","purchased_purges":2,"victory":false,"max_hp_per_floor":[66,66,66,71,71,78,78,78,78,78,78,78,78,78,78,78,78,78,78,78,78,78,78,78,78,78,78,79,79,79,79,79,79,79,79,79,79,79,79,80,80,80,80,80,80],"card_choices":[{"not_picked":["animator:Togame","animator:Shuna"],"picked":"animator:SuzuneAmano","floor":1},{"not_picked":["animator:IrohaTamaki","animator:Kazuma"],"picked":"animator:KyokoSakura","floor":6},{"not_picked":["animator:SilverFang","animator:Father"],"picked":"animator:Chris","floor":10},{"not_picked":["animator:Tatsumaki","animator:Sonic"],"picked":"animator:Melzalgald","floor":11},{"not_picked":["animator:Fredrika","animator:Tyuule"],"picked":"animator:IrohaTamaki","floor":12},{"not_picked":["animator:Guy","animator:Kazuma"],"picked":"animator:RoyMustang","floor":14},{"not_picked":["animator:HigakiRinne","animator:Eve"],"picked":"animator:Shizu","floor":16},{"not_picked":["animator:WinryRockbell+1","animator:ZankiKiguchi"],"picked":"animator:Mikaela+1","floor":18},{"not_picked":["animator:Kazuma","animator:Aqua"],"picked":"animator:Chris","floor":22},{"not_picked":["animator:YachiyoNanami","animator:Mikaela"],"picked":"animator:RoyMustang+1","floor":25},{"not_picked":["animator:Sloth","animator:Assassin+1"],"picked":"animator:Shuna+1","floor":27},{"not_picked":["animator:Archer","animator:GuildGirl"],"picked":"animator:Darkness","floor":28},{"not_picked":["animator:Verdia","animator:Darkness"],"picked":"animator:YunYun+1","floor":30},{"not_picked":["animator:NarberalGamma","animator:Togame"],"picked":"animator:PandorasActor","floor":31},{"not_picked":["animator:ItamiYouji+1","animator:Ainz"],"picked":"animator:Gilgamesh+1","floor":33},{"not_picked":["animator:YuiTsuruno+1","animator:IrohaTamaki+1"],"picked":"animator:ChaikaBohdan+1","floor":35},{"not_picked":["animator:Rider","animator:Laby"],"picked":"animator:Chris+1","floor":36},{"not_picked":["animator:Yoichi","animator:Gluttony+1"],"picked":"animator:Mitsurugi+1","floor":40},{"not_picked":["animator:DolaCouronne","animator:Layla+1"],"picked":"animator:Megumin+1","floor":41},{"not_picked":["animator:NarberalGamma+1","animator:UneriGinkaku+1"],"picked":"animator:Demiurge+1","floor":42}],"player_experience":108078,"relics_obtained":[{"floor":3,"key":"animator:OldCoffin"},{"floor":6,"key":"Strawberry"},{"floor":9,"key":"Eternal Feather"},{"floor":26,"key":"Mercury Hourglass"},{"floor":30,"key":"Molten Egg 2"},{"floor":43,"key":"Orichalcum"}],"event_choices":[{"damage_healed":0,"gold_gain":75,"player_choice":"Gather Gold","damage_taken":11,"max_hp_gain":0,"max_hp_loss":0,"event_name":"World of Goop","floor":2,"gold_loss":0},{"damage_healed":0,"gold_gain":0,"player_choice":"Donut","damage_taken":0,"max_hp_gain":5,"max_hp_loss":0,"event_name":"Big Fish","floor":4,"gold_loss":0},{"damage_healed":0,"gold_gain":0,"player_choice":"Grow","damage_taken":0,"max_hp_gain":0,"max_hp_loss":0,"event_name":"Living Wall","floor":5,"gold_loss":0,"cards_upgraded":["animator:SuzuneAmano"]},{"damage_healed":0,"gold_gain":0,"player_choice":"Success","damage_taken":12,"relics_obtained":["CloakClasp"],"max_hp_gain":0,"max_hp_loss":0,"event_name":"Scrap Ooze","floor":8,"gold_loss":0},{"damage_healed":0,"gold_gain":0,"player_choice":"Stole Relic","damage_taken":0,"relics_obtained":["animator:EngravedStaff"],"max_hp_gain":0,"max_hp_loss":0,"event_name":"Addict","floor":20,"gold_loss":0,"cards_obtained":["Shame"]},{"damage_healed":0,"gold_gain":0,"player_choice":"Damaged","damage_taken":7,"max_hp_gain":0,"max_hp_loss":0,"event_name":"Wheel of Change","floor":37,"gold_loss":0}],"is_beta":false,"boss_relics":[{"not_picked":["Empty Cage","Tiny House"],"picked":"Mark of Pain"},{"not_picked":["Busted Crown","Fusion Hammer"],"picked":"Coffee Dripper"}],"items_purged_floors":[19,39],"is_endless":false,"potions_floor_spawned":[1,14,27,28,30,31,33,36,40,42],"killed_by":"Spire Growth","ascension_level":0}}