{"host":"2pkirg8lp2j2yw4c","time":1612993503,"event":{"mods":["AchievementEnabler","BaseMod","BetterRewards","Colored Map","Colored Powertips","Curses Come First","Googly Eyes","Hubris","Infinite Spire","Minty Spire (QoL Compilation)","Quick Restart","Reliquary","StSLib","slay the spire mod where everything is the same but ironclad has a cowboy hat"],"gold_per_floor":[112,212,20,32,50,85,85,85,85],"floor_reached":8,"language":"ENG","playtime":499,"items_purged":[],"score":59,"play_id":"704eaf83-3d64-4545-9c40-b3d3115b229a","local_time":"20210210164503","is_ascension_mode":true,"campfire_choices":[{"data":"Bane","floor":7,"key":"SMITH"}],"circlet_count":0,"master_deck":["Strike_G","Strike_G","Strike_G","Strike_G","Strike_G","Defend_G","Defend_G","Defend_G","Defend_G","Defend_G","Survivor","Neutralize","Bouncing Flask","Calculated Gamble","Bane+1","Deadly Poison","Underhanded Strike","Underhanded Strike","Backflip"],"relics":["Ring of the Snake","HornCleat","hubris:Potato","hubris:EmptyBottle","reliquary:WeakTea"],"acts_visited":["Exordium"],"potions_floor_usage":[6,6],"damage_taken":[{"damage":0,"enemies":"Small Slimes","floor":1,"turns":3},{"damage":0,"enemies":"Cultist","floor":4,"turns":3},{"damage":1,"enemies":"2 Louse","floor":5,"turns":3},{"damage":18,"enemies":"3 Sentries","floor":6,"turns":8},{"damage":38,"enemies":"Gremlin Nob","floor":8,"turns":4}],"seed_played":"-2193112847059000721","potions_obtained":[{"floor":5,"key":"SkillPotion"}],"is_trial":false,"path_per_floor":["M","?","$","M","M","E","R","E"],"character_chosen":"THE_SILENT","items_purchased":["HornCleat","Bouncing Flask","Calculated Gamble","Bane","hubris:EmptyBottle","Underhanded Strike"],"campfire_rested":0,"item_purchase_floors":[0,0,0,0,3,3],"current_hp_per_floor":[49,49,49,49,48,30,30,0,0],"gold":85,"neow_bonus":"","is_daily":false,"chose_seed":false,"campfire_upgraded":1,"win_rate":0.0,"timestamp":1612993503,"path_taken":["M","?","?","M","M","E","R","E"],"items_purchased_type":["Relic","Card","Card","Card","Relic","Card"],"build_version":"2020-12-22","purchased_purges":0,"victory":false,"max_hp_per_floor":[70,70,70,70,70,70,70,70,70],"card_choices":[{"not_picked":["Escape Plan","hubris:SlightOfHand"],"picked":"Deadly Poison","floor":1},{"not_picked":["Quick Slash","Cloak And Dagger"],"picked":"Underhanded Strike","floor":4},{"not_picked":["Dodge and Roll","Bane","Escape Plan"],"picked":"SKIP","floor":5},{"not_picked":["Quick Slash","Deadly Poison"],"picked":"Backflip","floor":6}],"player_experience":158227,"relics_obtained":[{"floor":6,"key":"reliquary:WeakTea"}],"event_choices":[{"damage_healed":0,"gold_gain":100,"player_choice":"Pray","damage_taken":0,"max_hp_gain":0,"max_hp_loss":0,"event_name":"Golden Shrine","floor":2,"gold_loss":0}],"is_beta":false,"boss_relics":[],"items_purged_floors":[],"is_endless":false,"potions_floor_spawned":[5],"killed_by":"Gremlin Nob","ascension_level":1}}