{"host":"50qwps766cbz6ukm","time":1612991826,"event":{"mods":["BaseMod","Colored Map","Colored Powertips","DeckTracker","Highlight Path","Minty Spire (QoL Compilation)","Quick Restart","Remove Card Discount Mod","StSLib","SuperFastMode","Synergy Search"],"gold_per_floor":[114,127,127,137,43,43,77,77,77,77,88,53,53,228,228,329,329,341,341,356,356,369,369,379,224,224,55,73,89,108,121,121,216,216,234,244,244,260,109,109,141,141,166,166,200,210,210,210],"floor_reached":47,"language":"ENG","playtime":1165,"items_purged":["Strike_P","Strike_P","Strike_P","Strike_P","Defend_P","Defend_P","Defend_P","Defend_P","EmptyFist","Pain","Injury","Consecrate"],"score":787,"play_id":"476ed4d8-60ab-4306-8c3f-9f6fda02f430","local_time":"20210210231706","is_ascension_mode":true,"campfire_choices":[{"data":"Eruption","floor":6,"key":"SMITH"},{"data":"Vigilance","floor":8,"key":"SMITH"},{"data":"MentalFortress","floor":13,"key":"SMITH"},{"data":"Consecrate","floor":15,"key":"SMITH"},{"data":"Devotion","floor":23,"key":"SMITH"},{"floor":32,"key":"REST"},{"floor":40,"key":"REST"},{"floor":44,"key":"REST"}],"circlet_count":0,"master_deck":["Eruption+1","Vigilance+1","EmptyFist","Consecrate+1","MentalFortress+1","Devotion+1","MentalFortress+1","Panache","Consecrate+1","Brilliance"],"relics":["PureWater","NeowsBlessing","CloakClasp","Nunchaku","Ginger","HornCleat","SlaversCollar","WarpedTongs","Sling","Philosopher\u0027s Stone","Vajra","Gambling Chip","Centennial Puzzle","Toy Ornithopter"],"acts_visited":["Exordium","TheCity","TheBeyond"],"potions_floor_usage":[16,16,46],"damage_taken":[{"damage":0,"enemies":"Cultist","floor":1,"turns":1},{"damage":0,"enemies":"2 Louse","floor":2,"turns":1},{"damage":0,"enemies":"Jaw Worm","floor":4,"turns":1},{"damage":24,"enemies":"3 Sentries","floor":7,"turns":5},{"damage":8,"enemies":"Lots of Slimes","floor":11,"turns":2},{"damage":30,"enemies":"The Guardian","floor":16,"turns":9},{"damage":0,"enemies":"Chosen","floor":18,"turns":4},{"damage":4,"enemies":"3 Byrds","floor":20,"turns":4},{"damage":9,"enemies":"Snecko","floor":22,"turns":6},{"damage":8,"enemies":"Cultist and Chosen","floor":24,"turns":4},{"damage":0,"enemies":"Centurion and Healer","floor":28,"turns":4},{"damage":0,"enemies":"Snake Plant","floor":29,"turns":3},{"damage":12,"enemies":"Snecko","floor":30,"turns":5},{"damage":0,"enemies":"Centurion and Healer","floor":31,"turns":3},{"damage":0,"enemies":"Automaton","floor":33,"turns":6},{"damage":12,"enemies":"3 Shapes","floor":35,"turns":3},{"damage":16,"enemies":"Orb Walker","floor":36,"turns":3},{"damage":14,"enemies":"3 Darklings","floor":38,"turns":4},{"damage":14,"enemies":"Giant Head","floor":41,"turns":5},{"damage":45,"enemies":"Nemesis","floor":45,"turns":11},{"damage":0,"enemies":"Maw","floor":46,"turns":4},{"damage":12,"enemies":"Sphere and 2 Shapes","floor":47,"turns":1}],"seed_played":"-320033075149117382","potions_obtained":[{"floor":1,"key":"AttackPotion"},{"floor":4,"key":"AttackPotion"},{"floor":7,"key":"Energy Potion"},{"floor":16,"key":"Dexterity Potion"},{"floor":18,"key":"Energy Potion"},{"floor":45,"key":"Strength Potion"},{"floor":46,"key":"Block Potion"}],"is_trial":false,"path_per_floor":["M","M","T","M","$","R","E","R","T","?","M","?","R","?","R","B",null,"M","?","M","?","M","R","M","$","T","$","M","M","M","M","R","B",null,"M","M","?","M","$","R","E","$","T","R","E","M","M"],"character_chosen":"WATCHER","items_purchased":["MentalFortress","Sling","Panache","Vajra"],"campfire_rested":3,"item_purchase_floors":[5,25,27,39],"current_hp_per_floor":[65,65,65,65,65,65,41,41,41,34,26,44,44,44,44,14,58,58,58,54,54,45,45,37,37,37,37,37,37,25,25,46,46,66,54,38,38,24,24,45,31,31,31,52,7,12,0,0],"gold":210,"neow_bonus":"THREE_ENEMY_KILL","is_daily":false,"chose_seed":false,"campfire_upgraded":5,"win_rate":0.0,"timestamp":1612991826,"path_taken":["M","M","?","?","?","R","E","R","T","?","M","?","R","?","R","BOSS","M","?","?","?","?","R","M","$","T","$","M","M","M","M","R","BOSS","M","?","?","M","$","R","E","$","T","R","E","M","M"],"items_purchased_type":["Card","Relic","Card","Relic"],"build_version":"2020-12-22","purchased_purges":12,"victory":false,"max_hp_per_floor":[72,72,72,72,72,72,72,72,72,72,72,72,72,72,72,72,72,72,72,72,72,72,72,72,72,72,72,72,72,72,72,72,72,72,72,72,72,72,72,72,72,72,72,72,72,72,72,72],"card_choices":[{"not_picked":["Meditate","Crescendo"],"picked":"EmptyFist","floor":1},{"not_picked":["Halt","FlyingSleeves"],"picked":"EmptyFist","floor":2},{"not_picked":["FollowUp","Adaptation"],"picked":"Consecrate","floor":4},{"not_picked":["FollowUp","JustLucky"],"picked":"Consecrate","floor":7},{"not_picked":["FlyingSleeves","Study","Weave"],"picked":"SKIP","floor":11},{"not_picked":["Alpha","Wish"],"picked":"Devotion","floor":16},{"not_picked":["ClearTheMind","Sanctity","Crescendo+1"],"picked":"SKIP","floor":18},{"not_picked":["ThirdEye+1","BowlingBash+1","ReachHeaven"],"picked":"SKIP","floor":20},{"not_picked":["EmptyFist+1","BowlingBash+1"],"picked":"MentalFortress+1","floor":22},{"not_picked":["Prostrate","ThirdEye","Study"],"picked":"SKIP","floor":24},{"not_picked":["Indignation+1","Prostrate","DeceiveReality"],"picked":"SKIP","floor":28},{"not_picked":["ForeignInfluence","PathToVictory+1"],"picked":"Consecrate+1","floor":29},{"not_picked":["CrushJoints","PathToVictory","WindmillStrike"],"picked":"SKIP","floor":30},{"not_picked":["ThirdEye","Wallop+1","SpiritShield"],"picked":"SKIP","floor":31},{"not_picked":["Establishment","ConjureBlade"],"picked":"Brilliance","floor":33},{"not_picked":["WheelKick","ReachHeaven+1","CutThroughFate"],"picked":"SKIP","floor":35},{"not_picked":["Swivel+1","Evaluate+1","Indignation+1"],"picked":"SKIP","floor":36},{"not_picked":["FlurryOfBlows+1","Prostrate","Crescendo"],"picked":"SKIP","floor":38},{"not_picked":["CrushJoints+1","Consecrate+1","DeceiveReality+1"],"picked":"SKIP","floor":41},{"not_picked":["Swivel","WheelKick","ReachHeaven+1"],"picked":"SKIP","floor":45},{"not_picked":["BowlingBash","Prostrate+1","FearNoEvil+1"],"picked":"SKIP","floor":46}],"player_experience":587017,"relics_obtained":[{"floor":3,"key":"CloakClasp"},{"floor":7,"key":"Nunchaku"},{"floor":9,"key":"Ginger"},{"floor":41,"key":"Gambling Chip"},{"floor":43,"key":"Centennial Puzzle"},{"floor":45,"key":"Toy Ornithopter"}],"event_choices":[{"damage_healed":0,"gold_gain":0,"player_choice":"Success","damage_taken":7,"relics_obtained":["HornCleat"],"max_hp_gain":0,"max_hp_loss":0,"event_name":"Scrap Ooze","floor":10,"gold_loss":0},{"damage_healed":18,"gold_gain":0,"player_choice":"Healed","damage_taken":0,"max_hp_gain":0,"max_hp_loss":0,"event_name":"The Cleric","floor":12,"gold_loss":35},{"damage_healed":0,"gold_gain":175,"player_choice":"AGREE","damage_taken":0,"max_hp_gain":0,"max_hp_loss":0,"event_name":"Liars Game","floor":14,"gold_loss":0,"cards_obtained":["Doubt"]},{"damage_healed":0,"gold_gain":0,"cards_transformed":["Doubt"],"player_choice":"Transformed","damage_taken":0,"max_hp_gain":0,"max_hp_loss":0,"event_name":"Transmorgrifier","floor":19,"gold_loss":0,"cards_obtained":["Injury"]},{"damage_healed":0,"gold_gain":0,"player_choice":"Rummage","damage_taken":0,"relics_obtained":["WarpedTongs"],"max_hp_gain":0,"max_hp_loss":0,"event_name":"Accursed Blacksmith","floor":21,"gold_loss":0,"cards_obtained":["Pain"]},{"damage_healed":0,"gold_gain":0,"player_choice":"Memory 1","damage_taken":0,"max_hp_gain":0,"max_hp_loss":0,"event_name":"SensoryStone","floor":37,"gold_loss":0}],"is_beta":false,"boss_relics":[{"not_picked":["Empty Cage","Velvet Choker"],"picked":"SlaversCollar"},{"not_picked":["HolyWater","Snecko Eye"],"picked":"Philosopher\u0027s Stone"}],"items_purged_floors":[5,5,5,5,5,5,5,5,5,25,25,39],"is_endless":false,"potions_floor_spawned":[1,4,7,16,18,22,28,30,31,33,41,45,46],"killed_by":"Sphere and 2 Shapes","ascension_level":8}}