{"host":"8z0h4areh8sio1k0","time":1612922155,"event":{"mods":["10 clothes from DAL","Act Like it!","Aspiration","BaseMod","Colored Map","Conspire","Crowbot","Hubris","Library of Ruina Extra","Mimic Mod","Minty Spire (QoL Compilation)","Replay The Spire","StSLib","TestMod","The Blue Laboratory","The Fake Hero","The Hierophant","TheWitcherMod","[Fun]BeWhatYouAte","【功能Mod】精心准备","【遗物Mod】死灵法师NEW","老伊莉雅"],"gold_per_floor":[115,5,5,15,35,35,47,47,47,47,75,75,104,120,120,225,225,241,256,31,45,65,95,95,120,145,156,156,56,56,56,56],"floor_reached":31,"language":"ZHS","playtime":2624,"items_purged":["Strike_W","Strike_W"],"score":310,"play_id":"3c589aeb-cb6a-4555-8250-677c94fa22cc","local_time":"20210210095555","is_ascension_mode":false,"campfire_choices":[{"data":"finger_Of_Death","floor":6.0,"key":"SMITH"},{"data":"Summon_Undead_Army","floor":10.0,"key":"SMITH"},{"data":"Summon_Undead_Army","floor":12.0,"key":"SMITH"},{"floor":15.0,"key":"DIG"},{"data":"Summon_Death_Knight","floor":24,"key":"SMITH"}],"circlet_count":0,"master_deck":["Strike_W","Strike_W","Defend_W","Defend_W","Defend_W","Defend_W","Negative_Energy_Arrows","Bone_Wall","Negative_Energy_Sphere","Summon_Undead_Army+1","Summon_Undead_Army+1","finger_Of_Death+1","Bone_Armor","Vampiric_Strike","Violent_Necrosis+1","Summon_Death_Knight+1","Bone_Armory+1","Thousand_Bone_Knives","Life_Drain"],"relics":["Vampire_Amulet","testmod-TestBox","testmod-CrystalShield","Bottled Lightning","Bag of Marbles","testmod-Antiphasic","aspiration:Nostalgia","PrismaMod:PrismaSapphire","Blood Vial","aspiration:FetidBarrel"],"acts_visited":["Exordium","TheCity"],"potions_floor_usage":[23,23,25,31],"damage_taken":[{"damage":0.0,"enemies":"Jaw Worm","floor":1.0,"turns":6.0},{"damage":1.0,"enemies":"Cultist","floor":4.0,"turns":4.0},{"damage":0.0,"enemies":"2 Louse","floor":5.0,"turns":2.0},{"damage":6.0,"enemies":"Blue Slaver","floor":7.0,"turns":4.0},{"damage":17.0,"enemies":"Lagavulin","floor":11.0,"turns":5.0},{"damage":0.0,"enemies":"Gremlin Nob","floor":13.0,"turns":3.0},{"damage":0.0,"enemies":"Looter","floor":14.0,"turns":3.0},{"damage":19.0,"enemies":"The Guardian","floor":16.0,"turns":8.0},{"damage":7.0,"enemies":"Shell Parasite","floor":18.0,"turns":5.0},{"damage":0.0,"enemies":"Chosen","floor":19.0,"turns":5.0},{"damage":3.0,"enemies":"Snecko","floor":21.0,"turns":4.0},{"damage":3.0,"enemies":"Cultist and Chosen","floor":22.0,"turns":6.0},{"damage":19,"enemies":"conspire:Head Lice","floor":23,"turns":7},{"damage":40,"enemies":"Slavers","floor":25,"turns":8},{"damage":12,"enemies":"Snake Plant","floor":27,"turns":4},{"damage":4,"enemies":"Centurion and Healer","floor":31,"turns":1}],"seed_played":"-6353515203343369303","potions_obtained":[{"floor":5.0,"key":"blueLaboratory:ArtificerPotion"},{"floor":7.0,"key":"PowerPotion"},{"floor":11.0,"key":"blueLaboratory:PhilterOfMotion"},{"floor":13.0,"key":"blueLaboratory:PyrophylliteBrew"},{"floor":19.0,"key":"Weak Potion"},{"floor":21.0,"key":"blueLaboratory:LouseDecoction"},{"floor":22.0,"key":"blueLaboratory:FruitPunch"},{"floor":27,"key":"LiquidBronze"},{"floor":30,"key":"blueLaboratory:StoneskinPotion"},{"floor":30,"key":"Explosive Potion"},{"floor":30,"key":"conspire:TimeTravelPotion"}],"is_trial":false,"path_per_floor":["M","$","?","M","M","R","M","?","T","R","E","R","E","M","R_BF","B",null,"M","M","$","M","M","E","R","E","T","M","?","$","?","M"],"character_chosen":"NECROMANCER","items_purchased":["Summon_Undead_Army","Spectral_Walk","aspiration:Nostalgia"],"campfire_rested":0,"item_purchase_floors":[2,2,20],"current_hp_per_floor":[75,75,75,74,74,74,68,68,68,68,51,51,51,51,51,36,75,68,68,68,65,62,45,45,7,7,1,1,1,1,0,0],"gold":56,"neow_bonus":"THREE_CARDS","is_daily":false,"chose_seed":false,"campfire_upgraded":4,"win_rate":0.0,"timestamp":1612922155,"path_taken":["M","$","?","M","?","R","?","?","T","R","E","R","E","M","R_BF","BOSS","M","M","$","M","M","E","R","E","T","M","?","$","?","M"],"items_purchased_type":["Card","Card","Relic"],"build_version":"2020-12-22","purchased_purges":2,"victory":false,"max_hp_per_floor":[75,75,75,75,75,75,75,75,75,75,75,75,75,75,75,75,75,75,75,75,75,75,77,77,77,77,77,77,77,77,77,77],"card_choices":[{"not_picked":["Toxic_Smoke_Screen","Spectral_Walk"],"picked":"Negative_Energy_Sphere","floor":0.0},{"not_picked":["Acid_Javelin","Blood_Curse","Negative_Energy_Sphere"],"picked":"SKIP","floor":1.0},{"not_picked":["Uncharnel","Summon_Undead_Army"],"picked":"finger_Of_Death","floor":4.0},{"not_picked":["Bone_Spikes","Necrotic_Claws"],"picked":"Bone_Armor","floor":5.0},{"not_picked":["Blood_Whip","PosionRing"],"picked":"Vampiric_Strike","floor":7.0},{"not_picked":["Negative_Energy_Sphere","Cloudkill","ZombiePosion"],"picked":"SKIP","floor":11.0},{"not_picked":["Negative_Energy_Javelin","Stop_Heart","Blood_Curse"],"picked":"SKIP","floor":13.0},{"not_picked":["PosionWeak","Negative_Energy_Mist","Acid_Javelin"],"picked":"SKIP","floor":14.0},{"not_picked":["PosionWeak","Negative_Energy_Mist","Acid_Javelin"],"picked":"SKIP","floor":14.0},{"not_picked":["Blood_Wake","WallConcept"],"picked":"Summon_Death_Knight","floor":16.0},{"not_picked":["finger_Of_Death","Spectral_Walk","Negative_Energy_Javelin"],"picked":"SKIP","floor":18.0},{"not_picked":["Corrupt","LuckyCard"],"picked":"Bone_Armory+1","floor":19.0},{"not_picked":["Negative_Energy_Javelin","Blood_Whip+1","Negative_Energy_Sphere"],"picked":"SKIP","floor":21.0},{"not_picked":["Blood_Whip","Scare","LuckyCard"],"picked":"SKIP","floor":22.0},{"not_picked":["Toxic_Smoke_Screen","Bone_Shift+1","Negative_Energy_Burst"],"picked":"SKIP","floor":23},{"not_picked":["Negative_Energy_Sphere","Summon_Undead_Army"],"picked":"Thousand_Bone_Knives","floor":25},{"not_picked":["Negative_Energy_Javelin","Acid_Javelin"],"picked":"Life_Drain","floor":27}],"player_experience":557708,"relics_obtained":[{"floor":9.0,"key":"Bottled Lightning"},{"floor":11.0,"key":"Bag of Marbles"},{"floor":15.0,"key":"testmod-Antiphasic"},{"floor":23,"key":"Blood Vial"},{"floor":25,"key":"aspiration:FetidBarrel"}],"event_choices":[{"damage_healed":0.0,"max_hp_gain":0.0,"max_hp_loss":0.0,"gold_gain":0.0,"event_name":"WeMeetAgain","player_choice":"Ignored","floor":3.0,"gold_loss":0.0,"damage_taken":0.0},{"damage_healed":0,"gold_gain":0,"player_choice":"Swap Relic","damage_taken":0,"relics_obtained":["Replay:Bottled Flurry"],"max_hp_gain":0,"max_hp_loss":0,"event_name":"给自己的盒子","floor":28,"relics_lost":["Replay:Bottled Flurry"],"gold_loss":0},{"damage_healed":0,"gold_gain":0,"player_choice":"Got Potions","damage_taken":0,"max_hp_gain":0,"max_hp_loss":0,"event_name":"Lab","floor":30,"gold_loss":0}],"is_beta":false,"boss_relics":[{"not_picked":["conspire:SlowCooker","ReplayTheSpireMod:DimensionalGlitch","Fusion Hammer"]}],"items_purged_floors":[20,29],"is_endless":false,"potions_floor_spawned":[5,7,11,13,19,21,22,27],"killed_by":"Centurion and Healer","ascension_level":0}}