{"host":"uod8ea48n93qw90p","time":1612931944,"event":{"mods":["AchievementEnabler","BaseMod","Bestiary","Minty Spire (QoL Compilation)","Relic Stats","StSLib"],"gold_per_floor":[111,127,139,64,82,115,126,155,180,180,209,209,209,209,209,324,324,339,339,350,363,42,42,75,0,26,26,26,26,53,73,73,171,171,188,188,204,256,256,256,275,300,300,69,99,23,56,71,71,71,71,71,29,56,56,56],"floor_reached":55,"language":"ENG","playtime":5479,"items_purged":["Defend_P"],"score":876,"play_id":"894a8b28-cd39-427c-b5b6-9e1d6b8f4db2","local_time":"20210209223904","is_ascension_mode":false,"campfire_choices":[{"data":"Eruption","floor":10.0,"key":"SMITH"},{"data":"ForeignInfluence","floor":15.0,"key":"SMITH"},{"data":"Wallop","floor":27.0,"key":"SMITH"},{"data":"ThirdEye","floor":29.0,"key":"SMITH"},{"floor":32.0,"key":"REST"},{"data":"Protect","floor":40.0,"key":"SMITH"},{"floor":49.0,"key":"RECALL"},{"data":"Apotheosis","floor":52.0,"key":"SMITH"}],"circlet_count":0,"master_deck":["Strike_P","Strike_P","Defend_P","Defend_P","Eruption+1","Vigilance","SashWhip","Consecrate","FlyingSleeves","Conclude","Weave","ForeignInfluence+1","ThirdEye+1","DevaForm","FearNoEvil","ReachHeaven+1","WaveOfTheHand","Fasting2","EmptyFist","Wallop+1","EmptyBody+1","Alpha","Ragnarok","Halt+1","Trip","Flash of Steel","ClearTheMind","Protect+1","ThirdEye","ThirdEye+1","Apotheosis+1","Tantrum","Sanctity+1","DeceiveReality","ThirdEye+1","SpiritShield"],"relics":["PureWater","Nunchaku","Bag of Preparation","Juzu Bracelet","Odd Mushroom","Black Star","Shuriken","PreservedInsect","Toy Ornithopter","MealTicket","Lantern","White Beast Statue","SacredBark","Du-Vu Doll","Question Card","Vajra","Dream Catcher","Pen Nib","Smiling Mask","The Courier","Anchor","Happy Flower","Kunai"],"acts_visited":["Exordium","TheCity","TheBeyond","TheEnding"],"potions_floor_usage":[55,55,55],"damage_taken":[{"damage":0.0,"enemies":"Cultist","floor":1.0,"turns":3.0},{"damage":0.0,"enemies":"2 Louse","floor":2.0,"turns":3.0},{"damage":3.0,"enemies":"Jaw Worm","floor":3.0,"turns":3.0},{"damage":0.0,"enemies":"3 Louse","floor":5.0,"turns":3.0},{"damage":7.0,"enemies":"Gremlin Nob","floor":6.0,"turns":3.0},{"damage":0.0,"enemies":"Large Slime","floor":7.0,"turns":3.0},{"damage":13.0,"enemies":"Lagavulin","floor":8.0,"turns":4.0},{"damage":0.0,"enemies":"The Mushroom Lair","floor":11.0,"turns":1.0},{"damage":0.0,"enemies":"Slime Boss","floor":16.0,"turns":7.0},{"damage":0.0,"enemies":"Spheric Guardian","floor":18.0,"turns":1.0},{"damage":5.0,"enemies":"Shell Parasite","floor":20.0,"turns":2.0},{"damage":9.0,"enemies":"Snake Plant","floor":21.0,"turns":3.0},{"damage":28.0,"enemies":"Slavers","floor":24.0,"turns":5.0},{"damage":16.0,"enemies":"Book of Stabbing","floor":30.0,"turns":3.0},{"damage":0.0,"enemies":"Chosen and Byrds","floor":31.0,"turns":3.0},{"damage":40.0,"enemies":"Automaton","floor":33.0,"turns":6.0},{"damage":16.0,"enemies":"3 Darklings","floor":35.0,"turns":3.0},{"damage":5.0,"enemies":"Orb Walker","floor":37.0,"turns":3.0},{"damage":26.0,"enemies":"2 Orb Walkers","floor":38.0,"turns":5.0},{"damage":29.0,"enemies":"Sphere and 2 Shapes","floor":41.0,"turns":6.0},{"damage":58.0,"enemies":"Reptomancer","floor":42.0,"turns":7.0},{"damage":25.0,"enemies":"Giant Head","floor":45.0,"turns":6.0},{"damage":27.0,"enemies":"Nemesis","floor":47.0,"turns":11.0},{"damage":0.0,"enemies":"3 Darklings","floor":48.0,"turns":5.0},{"damage":55.0,"enemies":"Awakened One","floor":50.0,"turns":14.0},{"damage":39,"enemies":"Shield and Spear","floor":54,"turns":7},{"damage":69,"enemies":"The Heart","floor":55,"turns":6}],"seed_played":"-6084552821332862846","potions_obtained":[{"floor":1.0,"key":"SkillPotion"},{"floor":2.0,"key":"Ambrosia"},{"floor":11.0,"key":"Energy Potion"},{"floor":16.0,"key":"Strength Potion"},{"floor":20.0,"key":"PowerPotion"},{"floor":30.0,"key":"FearPotion"},{"floor":31.0,"key":"GamblersBrew"},{"floor":33.0,"key":"LiquidBronze"},{"floor":35.0,"key":"BottledMiracle"},{"floor":37.0,"key":"Strength Potion"},{"floor":38.0,"key":"PowerPotion"},{"floor":41.0,"key":"FairyPotion"},{"floor":42.0,"key":"Explosive Potion"},{"floor":45.0,"key":"LiquidBronze"},{"floor":47.0,"key":"PowerPotion"},{"floor":48.0,"key":"Dexterity Potion"},{"floor":54,"key":"Swift Potion"}],"is_trial":false,"path_per_floor":["M","M","M","$","M","E","M","E","T","R","?","?","?","?","R","B",null,"M","?","M","M","$","?","E","?","T","R","?","R","E","M","R","B",null,"M","?","M","?","?","R","M","E","T","$","E","$","E","M","R","B",null,"R","$","E","B"],"character_chosen":"WATCHER","items_purchased":["Shuriken","Fasting2","Apotheosis","Tantrum","Regen Potion","Weak Potion"],"campfire_rested":1,"item_purchase_floors":[22,22,44,44,46,53],"current_hp_per_floor":[79,79,76,76,76,69,69,56,56,56,56,56,61,54,54,54,84,84,84,79,70,70,70,42,42,42,42,26,26,10,15,41,6,89,73,63,58,37,37,37,13,14,14,29,9,24,61,61,61,11,89,89,89,50,0,0],"gold":56,"neow_bonus":"TEN_PERCENT_HP_BONUS","is_daily":false,"chose_seed":false,"campfire_upgraded":6,"win_rate":0.0,"timestamp":1612931944,"path_taken":["M","M","M","?","M","E","M","E","T","R","?","?","?","?","R","BOSS","BOSS","M","?","M","M","$","?","E","?","T","R","?","R","E","M","R","BOSS","M","?","M","?","?","R","M","E","T","$","E","$","E","M","R","BOSS","R","$","E","BOSS"],"items_purchased_type":["Relic","Card","Card","Card","Potion","Potion"],"build_version":"2020-12-22","purchased_purges":1,"victory":false,"max_hp_per_floor":[79,79,79,79,79,79,79,79,79,79,79,79,84,84,84,84,84,84,84,84,84,84,84,84,84,84,84,89,89,89,89,89,89,89,89,89,89,89,89,89,89,89,89,89,89,89,89,89,89,89,89,89,89,89,89,89],"relic_stats":{"Happy Flower":[2],"counters":[27,126],"PreservedInsect":339,"Pen Nib":[8],"Bag of Preparation":[40],"Juzu Bracelet":2,"Question Card":6,"Smiling Mask":0,"Nunchaku":[26],"Dream Catcher":0,"Shuriken":[38],"MealTicket":30,"Black Star":6,"Kunai":[1],"obtain_stats":[{"Lantern":30,"Happy Flower":54,"SacredBark":34,"Vajra":42,"PreservedInsect":24,"Pen Nib":45,"The Courier":47,"Bag of Preparation":8,"Juzu Bracelet":9,"Odd Mushroom":11,"Question Card":39,"Smiling Mask":45,"White Beast Statue":30,"Du-Vu Doll":38,"Nunchaku":6,"Dream Catcher":42,"Anchor":47,"Shuriken":22,"MealTicket":26,"Black Star":17,"Kunai":54,"PureWater":0,"Toy Ornithopter":24},{"Lantern":14,"Happy Flower":26,"SacredBark":16,"Vajra":21,"PreservedInsect":13,"Pen Nib":22,"The Courier":23,"Bag of Preparation":7,"Juzu Bracelet":7,"Odd Mushroom":8,"Question Card":19,"Smiling Mask":22,"White Beast Statue":14,"Du-Vu Doll":19,"Nunchaku":5,"Dream Catcher":21,"Anchor":23,"Shuriken":12,"MealTicket":13,"Black Star":9,"Kunai":26,"PureWater":0,"Toy Ornithopter":13},{"Lantern":44,"Happy Flower":120,"SacredBark":53,"Vajra":77,"PreservedInsect":41,"Pen Nib":83,"The Courier":94,"Bag of Preparation":22,"Juzu Bracelet":22,"Odd Mushroom":23,"Question Card":64,"Smiling Mask":83,"White Beast Statue":44,"Du-Vu Doll":64,"Nunchaku":15,"Dream Catcher":77,"Anchor":94,"Shuriken":36,"MealTicket":41,"Black Star":30,"Kunai":120,"PureWater":0,"Toy Ornithopter":41}],"Toy Ornithopter":60},"card_choices":[{"not_picked":["Perseverance","EmptyBody"],"picked":"SashWhip","floor":1.0},{"not_picked":["Swivel","Evaluate","Prostrate"],"picked":"SKIP","floor":2.0},{"not_picked":["Fasting2","PathToVictory"],"picked":"Consecrate","floor":3.0},{"not_picked":["Halt","JustLucky"],"picked":"FlyingSleeves","floor":5.0},{"not_picked":["PathToVictory","JustLucky"],"picked":"Conclude","floor":6.0},{"not_picked":["Worship","Crescendo"],"picked":"Weave","floor":7.0},{"not_picked":["FlyingSleeves","Weave"],"picked":"ForeignInfluence","floor":8.0},{"not_picked":["Evaluate","Vengeance"],"picked":"ThirdEye","floor":11.0},{"not_picked":["Establishment","Omniscience"],"picked":"DevaForm","floor":16.0},{"not_picked":["BowlingBash","JustLucky"],"picked":"FearNoEvil","floor":18.0},{"not_picked":["Halt","Consecrate"],"picked":"ReachHeaven+1","floor":20.0},{"not_picked":["FlurryOfBlows","EmptyFist"],"picked":"WaveOfTheHand","floor":21.0},{"not_picked":["Omniscience","Evaluate"],"picked":"Wallop","floor":24.0},{"not_picked":["FlyingSleeves+1","WreathOfFlame"],"picked":"EmptyBody+1","floor":30.0},{"not_picked":["Crescendo+1","SignatureMove"],"picked":"Alpha","floor":31.0},{"not_picked":["Establishment","Omniscience"],"picked":"Ragnarok","floor":33.0},{"not_picked":["Swivel","WheelKick"],"picked":"Halt+1","floor":35.0},{"not_picked":["Forethought","Metamorphosis"],"picked":"Trip","floor":36.0},{"not_picked":["Transmutation","PanicButton"],"picked":"Flash of Steel","floor":36.0},{"not_picked":["FearNoEvil+1","Consecrate+1"],"picked":"ClearTheMind","floor":37.0},{"not_picked":["CutThroughFate+1","EmptyBody+1"],"picked":"Protect","floor":38.0},{"not_picked":["MasterReality","FlurryOfBlows","Pray"],"picked":"ThirdEye","floor":41.0},{"not_picked":["FollowUp","Prostrate+1","Evaluate"],"picked":"ThirdEye+1","floor":42.0},{"not_picked":["CrushJoints","Ragnarok","JustLucky+1"],"picked":"Sanctity+1","floor":45.0},{"not_picked":["WheelKick+1","Halt","MentalFortress+1"],"picked":"DeceiveReality","floor":47.0},{"not_picked":["SashWhip","MentalFortress","Worship"],"picked":"ThirdEye+1","floor":48.0},{"not_picked":["ClearTheMind","PathToVictory+1","CutThroughFate+1"],"picked":"SpiritShield","floor":54}],"player_experience":103347,"relics_obtained":[{"floor":6.0,"key":"Nunchaku"},{"floor":8.0,"key":"Bag of Preparation"},{"floor":9.0,"key":"Juzu Bracelet"},{"floor":11.0,"key":"Odd Mushroom"},{"floor":24.0,"key":"PreservedInsect"},{"floor":24.0,"key":"Toy Ornithopter"},{"floor":26.0,"key":"MealTicket"},{"floor":30.0,"key":"Lantern"},{"floor":30.0,"key":"White Beast Statue"},{"floor":38.0,"key":"Du-Vu Doll"},{"floor":42.0,"key":"Vajra"},{"floor":42.0,"key":"Dream Catcher"},{"floor":45.0,"key":"Pen Nib"},{"floor":45.0,"key":"Smiling Mask"},{"floor":47.0,"key":"The Courier"},{"floor":47.0,"key":"Anchor"},{"floor":54,"key":"Happy Flower"},{"floor":54,"key":"Kunai"}],"event_choices":[{"damage_healed":0.0,"max_hp_gain":0.0,"max_hp_loss":0.0,"gold_gain":0.0,"event_name":"Mushrooms","player_choice":"Fought Mushrooms","floor":11.0,"gold_loss":0.0,"damage_taken":0.0},{"damage_healed":0.0,"max_hp_gain":0.0,"max_hp_loss":0.0,"gold_gain":0.0,"event_name":"Liars Game","player_choice":"Ignored","floor":12.0,"gold_loss":0.0,"damage_taken":0.0},{"damage_healed":0.0,"max_hp_gain":5.0,"max_hp_loss":0.0,"gold_gain":0.0,"event_name":"Big Fish","player_choice":"Donut","floor":13.0,"gold_loss":0.0,"damage_taken":0.0},{"cards_removed":["Strike_P"],"damage_healed":0.0,"max_hp_gain":0.0,"max_hp_loss":0.0,"gold_gain":0.0,"event_name":"Golden Wing","player_choice":"Card Removal","floor":14.0,"gold_loss":0.0,"damage_taken":7.0},{"damage_healed":0.0,"max_hp_gain":0.0,"max_hp_loss":0.0,"gold_gain":0.0,"event_name":"Vampires","player_choice":"Ignored","floor":19.0,"gold_loss":0.0,"damage_taken":0.0},{"damage_healed":0.0,"max_hp_gain":0.0,"max_hp_loss":0.0,"gold_gain":0.0,"cards_transformed":["Defend_P"],"event_name":"Transmorgrifier","player_choice":"Transformed","floor":23.0,"gold_loss":0.0,"damage_taken":0.0,"cards_obtained":["EmptyFist"]},{"cards_removed":["Strike_P"],"damage_healed":0.0,"max_hp_gain":0.0,"max_hp_loss":0.0,"gold_gain":0.0,"event_name":"Beggar","player_choice":"Gave Gold","floor":25.0,"gold_loss":75.0,"damage_taken":0.0},{"damage_healed":0.0,"max_hp_gain":5.0,"max_hp_loss":0.0,"gold_gain":0.0,"event_name":"Forgotten Altar","player_choice":"Shed Blood","floor":28.0,"gold_loss":0.0,"damage_taken":21.0},{"damage_healed":0.0,"max_hp_gain":0.0,"max_hp_loss":0.0,"gold_gain":0.0,"event_name":"SensoryStone","player_choice":"Memory 3","floor":36.0,"gold_loss":0.0,"damage_taken":10.0},{"damage_healed":0.0,"max_hp_gain":0.0,"max_hp_loss":0.0,"gold_gain":0.0,"event_name":"Mysterious Sphere","player_choice":"Fight","floor":38.0,"gold_loss":0.0,"damage_taken":0.0},{"damage_healed":0.0,"max_hp_gain":0.0,"max_hp_loss":0.0,"gold_gain":0.0,"event_name":"WeMeetAgain","player_choice":"Gave Potion","floor":39.0,"gold_loss":0.0,"damage_taken":0.0,"relics_obtained":["Question Card"]}],"is_beta":false,"boss_relics":[{"not_picked":["Calling Bell","Runic Dome"],"picked":"Black Star"},{"not_picked":["Busted Crown","Empty Cage"],"picked":"SacredBark"}],"items_purged_floors":[4],"is_endless":false,"potions_floor_spawned":[1,2,11,16,20,30,31,33,35,37,38,41,42,45,47,48,54],"killed_by":"The Heart","ascension_level":0}}