{"host":"ajxvnmsjfcleb5r5","time":1612969752,"event":{"mods":["2.2 Compatiblity","AchievementEnabler","BaseMod","Beaked The Cultist","Better Note","BetterRewards","Card Forge","Colored Powertips","DNKmod","Friendly Minions","Infinite Spire","Minty Spire (QoL Compilation)","Quick Restart","Shop Mod","StSLib","SuperFastMode"],"gold_per_floor":[113,128,140,160,62,62,75,75,146,146,146,146,146,165,165,265,265,283,296,571,589,444,444,48,48,98,110,138,163,187,229,241,349,361,391,420,432,444,456,468,500,512,524,571,633,645,671,256,256,256],"floor_reached":51,"language":"KOR","playtime":2245,"items_purged":["Strike_G","Regret","Strike_G"],"score":862,"play_id":"6b5ba387-4ebb-455b-9a59-cef595ed188c","local_time":"20210211000912","is_ascension_mode":false,"campfire_choices":[{"data":"Underhanded Strike","floor":6,"key":"SMITH"},{"data":"Reflex","floor":8,"key":"SMITH"},{"data":"Neutralize","floor":10,"key":"SMITH"},{"data":"Acrobatics","floor":12,"key":"SMITH"},{"data":"Well Laid Plans","floor":15,"key":"SMITH"},{"data":"Infinite Blades","floor":23,"key":"SMITH"},{"data":"Tools of the Trade","floor":25,"key":"SMITH"},{"data":"Heel Hook","floor":27,"key":"SMITH"},{"data":"Underhanded Strike","floor":32,"key":"SMITH"},{"data":"infinitespire:UltimateForm","floor":40,"key":"SMITH"},{"data":"infinitespire:Gouge","floor":42,"key":"SMITH"},{"data":"Choke","floor":46,"key":"SMITH"},{"floor":49,"key":"REST"}],"circlet_count":0,"master_deck":["Strike_G","Strike_G+1","Strike_G","Survivor+1","Neutralize+1","beaked:BraceForImpact+1","beaked:BraceForImpact+1","beaked:BraceForImpact+1","beaked:BraceForImpact+1","Reflex+1","Prepared","Acrobatics+1","beaked:BraceForImpact+1","Underhanded Strike+1","Acrobatics+1","Well Laid Plans+1","Tools of the Trade+1","Slice","Heel Hook+1","Infinite Blades+1","Deflect","Underhanded Strike+1","Underhanded Strike+1","Choke+1","infinitespire:UltimateForm+1","infinitespire:Gouge+1","Concentrate+1","Blur","Accuracy"],"relics":["Ring of the Serpent","Hammer of Thor","Seething Fire","Anvil of the Gods","Dead Branch","Regal Pillow","NeowsBlessing","White Beast Statue","HoveringKite","Medical Kit","InkBottle","MawBank","Matryoshka","Pear","Molten Egg 2","infinitespire:Satchel","Unceasing Top","infinitespire:PuzzleCube"],"acts_visited":["Exordium","TheCity","TheBeyond"],"potions_floor_usage":[21],"damage_taken":[{"damage":0,"enemies":"Cultist","floor":1,"turns":1},{"damage":0,"enemies":"2 Louse","floor":2,"turns":1},{"damage":0,"enemies":"Small Slimes","floor":3,"turns":1},{"damage":0,"enemies":"Gremlin Gang","floor":4,"turns":9},{"damage":0,"enemies":"3 Louse","floor":7,"turns":5},{"damage":3,"enemies":"Blue Slaver","floor":14,"turns":3},{"damage":0,"enemies":"Slime Boss","floor":16,"turns":10},{"damage":0,"enemies":"3 Byrds","floor":18,"turns":5},{"damage":0,"enemies":"Shell Parasite","floor":19,"turns":4},{"damage":0,"enemies":"Snecko","floor":21,"turns":4},{"damage":15,"enemies":"Snake Plant","floor":28,"turns":5},{"damage":0,"enemies":"Cultist and Chosen","floor":29,"turns":4},{"damage":3,"enemies":"Snecko","floor":30,"turns":6},{"damage":13,"enemies":"Gremlin Leader","floor":31,"turns":5},{"damage":0,"enemies":"Collector","floor":33,"turns":5},{"damage":2,"enemies":"3 Darklings","floor":35,"turns":3},{"damage":5,"enemies":"Orb Walker","floor":36,"turns":3},{"damage":8,"enemies":"Jaw Worm Horde","floor":41,"turns":4},{"damage":11,"enemies":"Giant Head","floor":44,"turns":5},{"damage":0,"enemies":"Mind Bloom Boss Battle","floor":45,"turns":5},{"damage":4,"enemies":"Sphere and 2 Shapes","floor":47,"turns":5},{"damage":46,"enemies":"Time Eater","floor":50,"turns":6}],"seed_played":"-4810607645212497945","potions_obtained":[{"floor":1,"key":"FearPotion"},{"floor":4,"key":"Swift Potion"},{"floor":14,"key":"LiquidMemories"},{"floor":21,"key":"SpeedPotion"},{"floor":31,"key":"DuplicationPotion"}],"is_trial":false,"path_per_floor":["M","M","M","M","$","R","M","R","T","R","?","R","?","M","R","B",null,"M","M","?","M","$","R","$","R","T","R","M","M","M","E","R","B",null,"M","M","?","AVR","?","R","M","R","T","E","?","R","M","$","R","B",null],"character_chosen":"THE_SILENT","items_purchased":["Underhanded Strike","Deflect","Medical Kit","InkBottle","infinitespire:PuzzleCube","Blur","Accuracy"],"campfire_rested":1,"item_purchase_floors":[5,22,24,24,48,48,48],"current_hp_per_floor":[70,70,70,70,70,70,70,70,70,70,56,56,56,53,53,53,70,70,70,70,70,70,70,70,70,70,70,55,55,52,39,39,39,70,68,63,63,63,45,45,37,37,47,36,36,36,32,32,71,25],"gold":256,"neow_bonus":"THREE_ENEMY_KILL","is_daily":false,"chose_seed":false,"campfire_upgraded":12,"win_rate":0.0,"timestamp":1612969752,"path_taken":["M","?","M","M","$","R","M","R","T","R","?","R","?","M","R","BOSS","M","?","?","M","?","R","$","R","T","R","?","M","M","E","R","BOSS","M","M","?","AVR","?","R","M","R","T","E","?","R","M","$","R","BOSS"],"items_purchased_type":["Card","Card","Relic","Relic","Relic","Card","Card"],"build_version":"2020-12-22","purchased_purges":3,"victory":true,"max_hp_per_floor":[70,70,70,70,70,70,70,70,70,70,70,70,70,70,70,70,70,70,70,70,70,70,70,70,70,70,70,70,70,70,70,70,70,70,70,70,70,70,70,70,70,70,80,80,80,80,80,80,80,80],"card_choices":[{"not_picked":["Quick Slash","Bane","Outmaneuver"],"picked":"SKIP","floor":1},{"not_picked":["Riddle With Holes","Deadly Poison"],"picked":"Reflex","floor":2},{"not_picked":["Dagger Spray","Underhanded Strike"],"picked":"Prepared","floor":3},{"not_picked":["Outmaneuver","Deflect"],"picked":"Acrobatics","floor":4},{"not_picked":["Sucker Punch","Riddle With Holes"],"picked":"Acrobatics","floor":7},{"not_picked":["Bouncing Flask","Footwork"],"picked":"Well Laid Plans","floor":14},{"not_picked":["Unload","Phantasmal Killer"],"picked":"Tools of the Trade","floor":16},{"not_picked":["Expertise","Calculated Gamble"],"picked":"Slice","floor":18},{"not_picked":["Outmaneuver","Catalyst+1"],"picked":"Heel Hook","floor":19},{"not_picked":["Well Laid Plans","Cloak And Dagger"],"picked":"Infinite Blades","floor":21},{"not_picked":["Bouncing Flask","PiercingWail+1","Dodge and Roll"],"picked":"SKIP","floor":28},{"not_picked":["Backflip","Blur","Dagger Spray"],"picked":"SKIP","floor":29},{"not_picked":["Footwork","Slice"],"picked":"Underhanded Strike","floor":30},{"not_picked":["Backstab+1","Dagger Throw"],"picked":"Underhanded Strike+1","floor":31},{"not_picked":["Well Laid Plans","Cloak And Dagger+1"],"picked":"Choke","floor":35},{"not_picked":["Dash","Dagger Throw","Dodge and Roll"],"picked":"SKIP","floor":36},{"not_picked":["infinitespire:DeathsTouch","infinitespire:NeuralNetwork"],"picked":"infinitespire:Gouge","floor":39},{"not_picked":["Bane","Backflip+1","Noxious Fumes"],"picked":"SKIP","floor":41},{"not_picked":["Blur+1","Endless Agony+1"],"picked":"Concentrate+1","floor":44},{"not_picked":["Acrobatics","Dagger Spray+1","Poisoned Stab+1"],"picked":"SKIP","floor":47}],"player_experience":175136,"relics_obtained":[{"floor":9,"key":"White Beast Statue"},{"floor":26,"key":"MawBank"},{"floor":31,"key":"Matryoshka"},{"floor":43,"key":"Pear"},{"floor":43,"key":"Molten Egg 2"},{"floor":44,"key":"infinitespire:Satchel"},{"floor":45,"key":"Unceasing Top"}],"event_choices":[{"damage_healed":0,"gold_gain":0,"player_choice":"Entered Light","damage_taken":14,"max_hp_gain":0,"max_hp_loss":0,"event_name":"Shining Light","floor":11,"gold_loss":0,"cards_upgraded":["Survivor","Strike_G"]},{"damage_healed":0,"gold_gain":0,"player_choice":"Forge","damage_taken":0,"max_hp_gain":0,"max_hp_loss":0,"event_name":"Accursed Blacksmith","floor":13,"gold_loss":0,"cards_upgraded":["Acrobatics"]},{"damage_healed":0,"gold_gain":275,"player_choice":"Desecrate","damage_taken":0,"max_hp_gain":0,"max_hp_loss":0,"event_name":"Golden Shrine","floor":20,"gold_loss":0,"cards_obtained":["Regret"]},{"damage_healed":0,"gold_gain":0,"player_choice":"Memory 1","damage_taken":0,"max_hp_gain":0,"max_hp_loss":0,"event_name":"SensoryStone","floor":37,"gold_loss":0},{"damage_healed":0,"gold_gain":0,"player_choice":"Fight","damage_taken":0,"max_hp_gain":0,"max_hp_loss":0,"event_name":"MindBloom","floor":45,"gold_loss":0}],"is_beta":false,"boss_relics":[{"not_picked":["SacredBark","Philosopher\u0027s Stone"],"picked":"HoveringKite"},{"not_picked":["Sozu","beaked:MawFillet"],"picked":"Ring of the Serpent"}],"items_purged_floors":[5,22,48],"is_endless":false,"potions_floor_spawned":[1,4,14,16,18,19,21,28,29,30,31,33,35,36,41,44,45,47],"ascension_level":0}}