{"host":"9slw7l0ws16384qq","time":1612988306,"event":{"mods":["A Penny For Your Troubles","BaseMod","Colored Map","Downfall","Evolution","Hubris","Minty Spire (QoL Compilation)","Replay The Spire","StS++","StSLib"],"gold_per_floor":[199,212,229,247,262,262,330,330,361,361,461,481,481,481,481,481],"floor_reached":14,"language":"FRA","playtime":376,"items_purged":[],"score":126,"play_id":"79b308d4-60c2-48b5-b006-396678afd3ac","local_time":"20210210211826","is_ascension_mode":true,"campfire_choices":[{"floor":1,"key":"DIG"},{"data":"bronze:Shield","floor":6,"key":"SMITH"},{"data":"bronze:Replicate","floor":8,"key":"SMITH"},{"floor":13,"key":"RECALL"}],"circlet_count":0,"master_deck":["bronze:Strike","bronze:Strike","bronze:Strike","bronze:Strike","bronze:Defend","bronze:Defend","bronze:Defend","bronze:Defend","bronze:Replicate+1","bronze:Goto","bronze:Shield+1"],"relics":["bronze:BronzeCore","EVO:Axolotl","Pen Nib","The Courier","Ancient Tea Set"],"acts_visited":["Exordium"],"potions_floor_usage":[9,12],"damage_taken":[{"damage":2,"enemies":"Jaw Worm","floor":2,"turns":4},{"damage":7,"enemies":"2 Louse","floor":3,"turns":3},{"damage":5,"enemies":"Cultist","floor":4,"turns":4},{"damage":0,"enemies":"Blue Slaver","floor":5,"turns":6},{"damage":15,"enemies":"Lagavulin","floor":9,"turns":6},{"damage":5,"enemies":"Gremlin Gang","floor":12,"turns":3},{"damage":35,"enemies":"3 Sentries","floor":14,"turns":8}],"seed_played":"-7838474444420948869","potions_obtained":[{"floor":2,"key":"AttackPotion"},{"floor":3,"key":"Flashbang"},{"floor":9,"key":"hexamod:SoulburnPotion"}],"is_trial":false,"path_per_floor":["R_BF","M","M","M","M","R","T","R","E","?","?","M","R","E"],"character_chosen":"THE_AUTOMATON","items_purchased":[],"campfire_rested":0,"item_purchase_floors":[],"current_hp_per_floor":[63,61,54,49,49,49,49,49,34,34,34,29,29,0,0,0],"gold":481,"neow_bonus":"HUNDRED_GOLD","is_daily":false,"chose_seed":false,"campfire_upgraded":2,"win_rate":0.0,"timestamp":1612988306,"path_taken":["R_BF","M","M","M","M","R","T","R","E","?","?","?","R","E"],"items_purchased_type":[],"build_version":"2020-12-22","purchased_purges":0,"victory":false,"max_hp_per_floor":[70,70,70,70,70,70,70,70,70,70,70,70,70,70,70,70],"card_choices":[{"not_picked":["bronze:Repair","bronze:Frontload","bronze:WhirlingStrike"],"picked":"SKIP","floor":2},{"not_picked":["bronze:Refactor","bronze:BronzeArmor","bronze:Iterate"],"picked":"SKIP","floor":3},{"not_picked":["bronze:DelayedSlice","bronze:WhirlingStrike"],"picked":"bronze:Shield","floor":4},{"not_picked":["bronze:Overheat","bronze:Philosophize","bronze:Optimize"],"picked":"SKIP","floor":5},{"not_picked":["bronze:FineTuning","bronze:MaxOutput","bronze:WhirlingStrike"],"picked":"SKIP","floor":9},{"not_picked":["bronze:Optimize","bronze:Return","bronze:DelayedGuard"],"picked":"SKIP","floor":12}],"player_experience":1695094,"relics_obtained":[{"floor":1,"key":"Pen Nib"},{"floor":7,"key":"The Courier"},{"floor":9,"key":"Ancient Tea Set"}],"event_choices":[],"is_beta":false,"boss_relics":[],"items_purged_floors":[],"is_endless":false,"potions_floor_spawned":[2,3,9],"killed_by":"3 Sentries","ascension_level":8}}