{"host":"3mt4w4o4jnuk8q1t","time":1612991998,"event":{"mods":["Act Like it!","BaseMod","Colored Map","Colored Powertips","Gensokyo","GungeonMod","Hermit","Jedi Mod","Marisa（F雨　魔理沙）","Minty Spire (QoL Compilation)","Red Circlet Mod","Reimu（博丽灵梦）","Remilia（蕾米莉亚）","Replay The Spire","RumiaBox-露米娅的神秘盒子","Shop Mod","Spicy Shops","StSLib","TestMod","The Jungle","Waifu the Spire","Yakumo Yukari mod","Youmu（魂魄妖梦）","[IsaacMod]以撒尖塔","【功能Mod】混沌之环修复补丁","【功能Mod】聪明的最终Boss"],"gold_per_floor":[112,112,126,0,17,349,349,619,619,619,653,68,68,68],"floor_reached":13,"language":"ZHS","playtime":1570,"items_purged":[],"score":149,"play_id":"bcf9c930-fbaa-4a25-bfca-02125df10656","local_time":"20210211051958","is_ascension_mode":true,"campfire_choices":[{"floor":10,"key":"REST"}],"circlet_count":0,"master_deck":["Strike_YM","Strike_YM","Strike_YM","Strike_YM","Defend_YM","Defend_YM","Defend_YM","Defend_YM","SlashOfPresentWorld","WheelOfPainOfLivingAndDead","FourBirthsSword","Clumsy","ThreeKonsSevenHakus+1"],"relics":["HalfPhantom","HushsDoor","testmod-TestBox","BFFS","Gensokyo:OccultBall","Baka2","GodSword5","Gremlin Food","Bag of Marbles","Gensokyo:NagashiBinaDoll","Molten Egg 2","Calipers","MerchantsRug","testmod-Alchemist","Wakizashi"],"acts_visited":["Exordium"],"potions_floor_usage":[8],"damage_taken":[{"damage":0,"enemies":"Gensokyo:Python","floor":1,"turns":4},{"damage":10,"enemies":"Gensokyo:2_Kodama","floor":3,"turns":2},{"damage":17,"enemies":"Gensokyo:3_Fairies","floor":5,"turns":11},{"damage":44,"enemies":"Gensokyo:Mamizou","floor":6,"turns":9},{"damage":5,"enemies":"Gensokyo:Kitsune","floor":8,"turns":4},{"damage":0,"enemies":"Gensokyo:Cirno","floor":11,"turns":6},{"damage":45,"enemies":"Gensokyo:Aya","floor":13,"turns":11}],"seed_played":"3964277254483541338","potions_obtained":[{"floor":5,"key":"SteroidPotion"},{"floor":8,"key":"testmod-TestPotion"},{"floor":11,"key":"LiquidBronze"}],"is_trial":false,"path_per_floor":["M","?","M","COS","M","E","?","M","T","R","E","$","E"],"character_chosen":"YOUMU","items_purchased":["MerchantsRug","testmod-Alchemist","Wakizashi"],"campfire_rested":1,"item_purchase_floors":[12,12,12],"current_hp_per_floor":[82,82,72,72,55,11,11,6,6,36,36,36,0,0],"gold":68,"neow_bonus":"TEN_PERCENT_HP_BONUS","is_daily":false,"chose_seed":false,"campfire_upgraded":0,"win_rate":0.0,"timestamp":1612991998,"path_taken":["M","?","M","COS","M","E","?","?","T","R","E","?","E"],"items_purchased_type":["Relic","Relic","Relic"],"build_version":"2020-12-22","purchased_purges":0,"victory":false,"max_hp_per_floor":[82,82,82,82,82,82,82,82,82,82,82,82,82,82],"card_choices":[{"not_picked":[],"picked":"DoctorFetus","floor":0},{"not_picked":["FlashingScatteredFlowers","HumanKnowledgeSword","DispleasureOfTheSevenHakus"],"picked":"SKIP","floor":1},{"not_picked":["ConstancyOfTheConventionalTruth","EchoesOfTheInclemencyOfAllBeings","HumanKnowledgeSword"],"picked":"SKIP","floor":3},{"not_picked":["SpiritMediumsBind","ThreeKonsSevenHakus"],"picked":"FourBirthsSword","floor":5},{"not_picked":["PhosphoricSlash+1","SwordOfBindingDesires+1","HumanKnowledgeSword+1"],"picked":"SKIP","floor":5},{"not_picked":["ThoughtCuttingSword","PretaSword","ThreeKonsSevenHakus"],"picked":"SKIP","floor":6},{"not_picked":["PhosphoricSlash","HumanKnowledgeSword"],"picked":"ThreeKonsSevenHakus","floor":8},{"not_picked":["SwordOfBindingDesires","HesitationCuttingSword","HumanKnowledgeSword+1"],"picked":"SKIP","floor":11}],"player_experience":149042,"relics_obtained":[{"floor":1,"key":"Baka"},{"floor":3,"key":"Gensokyo:OccultBall"},{"floor":3,"key":"Baka2"},{"floor":5,"key":"GodSword5"},{"floor":6,"key":"Bag of Marbles"},{"floor":9,"key":"Molten Egg 2"},{"floor":11,"key":"Calipers"}],"event_choices":[],"is_beta":false,"boss_relics":[],"items_purged_floors":[],"is_endless":false,"potions_floor_spawned":[5,8,11],"killed_by":"Gensokyo:Aya","ascension_level":1}}