{"host":"takgv9cv6xf64vhq","time":1612971994,"event":{"mods":["BaseMod","Colored Powertips","Conspire","Decade(王小明)","Downfall","Energized Spire","Hermit","Hubris","LagranYue(拉格朗・月)","Marisa（F雨　魔理沙）","Minty Spire (QoL Compilation)","Replay The Spire","StSLib","The Cursed","The Hierophant","The Jungle","The Servant 0.9.4","TheHeartMod"],"gold_per_floor":[112,112,132,132,150,150,180,180,204,216,245,271,298,345,357,467,479,508,520,312,322,340,340,33,61,61,61,73,73,73,84,84,183,183,198,217,217,64,64,96,96,116,116,144,144,162,180,192,192,192,192,192,28,55,55],"floor_reached":56,"language":"ZHS","playtime":2782,"items_purged":["ReplaySolidLightProjector"],"score":1703,"play_id":"780e8b43-dadd-4f88-834d-16a276501b58","local_time":"20210210234634","is_ascension_mode":true,"campfire_choices":[{"data":"Rainbow","floor":6.0,"key":"SMITH"},{"data":"Rainbow","floor":8.0,"key":"SMITH"},{"data":"BasicCrystalCard","floor":10.0,"key":"SMITH"},{"floor":15.0,"key":"DIG"},{"data":"Mirror Shield","floor":23.0,"key":"SMITH"},{"data":"ReplayTheSpireMod:Fabricate Wheel","floor":30.0,"key":"SMITH"},{"data":"hubris:PowerSurge","floor":30.0,"key":"SMITH"},{"data":"Mirror Shield","floor":32.0,"key":"SMITH"},{"data":"Heatsinks","floor":32.0,"key":"SMITH"},{"floor":41,"key":"RECALL"},{"data":"Tempest","floor":49,"key":"SMITH"},{"data":"Panic Button","floor":49,"key":"SMITH"},{"data":"Turbo","floor":52,"key":"SMITH"},{"data":"Steam Power","floor":52,"key":"SMITH"}],"circlet_count":0,"master_deck":["Dualcast+1","Tempest+1","Rainbow+1","Coolheaded+1","Rainbow+1","Biased Cognition+1","Steam","Consume+1","BasicCrystalCard+1","Conserve Battery","Steam Power+1","ReplayRNGCard+1","Mirror Shield+1","Fusion+1","hubris:PowerSurge+1","Mirror Shield+1","Hello World+1","Heatsinks+1","Cold Snap","Core Surge","Hologram+1","Panic Button+1","Chill","Darkness+1","Loop+1","Buffer+1","Turbo+1","Steam Power","Glacier+1","ReplayTheSpireMod:Repulse+1","Cold Snap","Chill+1","hubris:PowerSurge","hubris:PowerSurge","Finesse","Reprogram"],"relics":["Pandora\u0027s Box","Toy Ornithopter","LagranYue:RareGoldArmorRelic","MawBank","hubris:OldNail","Replay:WaspNest","Sozu","champ:Barbells","Runic Capacitor","Replay:Baseball","Slimebound:PreparedRelic","Replay:Arrowhead","hubris:MedicalManual","Prayer Wheel","Coffee Dripper","Bag of Preparation","Replay:Wax Seal","Blue Doll","ReplayTheSpireMod:Lightbulb"],"acts_visited":["Exordium","TheCity","TheBeyond","TheEnding"],"potions_floor_usage":[],"damage_taken":[{"damage":10.0,"enemies":"Jaw Worm","floor":1.0,"turns":2.0},{"damage":0.0,"enemies":"2 Louse","floor":3.0,"turns":2.0},{"damage":0.0,"enemies":"Cultist","floor":5.0,"turns":3.0},{"damage":11.0,"enemies":"Blue Slaver","floor":11.0,"turns":3.0},{"damage":0.0,"enemies":"Exordium Wildlife","floor":12.0,"turns":2.0},{"damage":0.0,"enemies":"Exordium Thugs","floor":13.0,"turns":3.0},{"damage":6.0,"enemies":"3 Sentries","floor":14.0,"turns":4.0},{"damage":39.0,"enemies":"Slime Boss","floor":16.0,"turns":7.0},{"damage":2.0,"enemies":"2 Thieves","floor":18.0,"turns":3.0},{"damage":2.0,"enemies":"Spheric Guardian","floor":21.0,"turns":3.0},{"damage":0.0,"enemies":"3 Cultists","floor":22.0,"turns":5.0},{"damage":20.0,"enemies":"Gremlin Leader","floor":25.0,"turns":4.0},{"damage":6.0,"enemies":"Snake Plant","floor":28.0,"turns":3.0},{"damage":0.0,"enemies":"Centurion and Healer","floor":31.0,"turns":3.0},{"damage":0.0,"enemies":"Automaton","floor":33.0,"turns":6.0},{"damage":0.0,"enemies":"3 Shapes","floor":35.0,"turns":5.0},{"damage":4.0,"enemies":"Orb Walker","floor":36.0,"turns":3.0},{"damage":31,"enemies":"Giant Head","floor":40,"turns":9},{"damage":0,"enemies":"Writhing Mass","floor":42,"turns":3},{"damage":0,"enemies":"Reptomancer","floor":44,"turns":6},{"damage":0,"enemies":"Spire Growth","floor":46,"turns":4},{"damage":0,"enemies":"Sphere and 2 Shapes","floor":47,"turns":4},{"damage":5,"enemies":"4 Shapes","floor":48,"turns":4},{"damage":0,"enemies":"Time Eater","floor":50,"turns":8},{"damage":0,"enemies":"Shield and Spear","floor":54,"turns":4},{"damage":4,"enemies":"The Heart","floor":55,"turns":8}],"seed_played":"447782774730313065","potions_obtained":[{"floor":5.0,"key":"BlessingOfTheForge"},{"floor":11.0,"key":"Toxic Potion"},{"floor":13.0,"key":"FocusPotion"}],"is_trial":false,"path_per_floor":["M","?","M","?","M","R","?","R","T","R","M","M","M","E","R","B",null,"M","?","$","M","M","R","$","E","T","?","M","?","R","M","R","B",null,"M","M","?","$","?","E","R","M","T","E","NS","M","M","M","R","B",null,"R","$","E","B",null],"character_chosen":"DEFECT","items_purchased":["champ:Barbells","Runic Capacitor","Replay:Baseball","Bag of Preparation","hubris:PowerSurge","Finesse","Reprogram"],"campfire_rested":0,"item_purchase_floors":[20,24,24,38,53,53,53],"current_hp_per_floor":[58,55,55,55,55,55,55,55,55,55,44,44,44,43,43,9,59,62,62,62,60,60,60,60,40,40,40,34,34,34,34,34,34,65,65,61,61,61,61,30,30,30,30,30,30,30,30,25,25,25,63,63,63,63,59],"gold":55,"neow_bonus":"BOSS_RELIC","is_daily":false,"chose_seed":false,"campfire_upgraded":12,"win_rate":0.0,"timestamp":1612971994,"path_taken":["M","?","M","?","?","R","?","R","T","R","M","M","M","E","R","BOSS","M","?","$","M","M","R","?","E","T","?","M","?","R","M","R","BOSS","M","M","?","$","?","E","R","M","T","E","NS","M","?","M","R","BOSS","R","$","E","BOSS"],"items_purchased_type":["Relic","Relic","Relic","Relic","Card","Card","Card"],"build_version":"2020-12-22","purchased_purges":1,"victory":true,"max_hp_per_floor":[75,75,75,75,75,75,75,75,75,75,75,75,75,75,75,75,75,75,75,75,75,75,75,75,75,75,75,75,75,75,75,75,75,75,75,75,75,75,75,75,75,75,75,75,75,75,75,75,75,75,75,75,75,75,75],"card_choices":[{"not_picked":["Redo","Storm"],"picked":"Steam","floor":1.0},{"not_picked":["Beam Cell","Ball Lightning"],"picked":"Consume","floor":3.0},{"not_picked":["Glacier","Ball Lightning"],"picked":"BasicCrystalCard","floor":5.0},{"not_picked":["Streamline","Time Bomb"],"picked":"Conserve Battery","floor":11.0},{"not_picked":["Leap","Hologram"],"picked":"Steam Power","floor":12.0},{"not_picked":["Conserve Battery","Leap"],"picked":"ReplayRNGCard","floor":13.0},{"not_picked":["Sweeping Beam","Ball Lightning","Rip and Tear"],"picked":"SKIP","floor":14.0},{"not_picked":["Core Surge","Buffer"],"picked":"Mirror Shield","floor":16.0},{"not_picked":["Sweeping Beam","Rebound","Stack+1"],"picked":"SKIP","floor":18.0},{"not_picked":["Hologram","Steam Power","ReplayTheSpireMod:GoodbyeWorld"],"picked":"SKIP","floor":21.0},{"not_picked":["Doom and Gloom","Genetic Algorithm"],"picked":"Fusion+1","floor":22.0},{"not_picked":["Conserve Battery+1","Darkness"],"picked":"hubris:PowerSurge","floor":25.0},{"not_picked":["BootSequence","Recycle+1"],"picked":"ReplayTheSpireMod:Fabricate Wheel","floor":28.0},{"not_picked":["Tempest","Static Discharge"],"picked":"Hello World+1","floor":31.0},{"not_picked":["Streamline","Panic Button"],"picked":"Heatsinks","floor":31.0},{"not_picked":["Coolheaded","Conserve Battery"],"picked":"Cold Snap","floor":33.0},{"not_picked":["hubris:Prefetch","Thunder Strike"],"picked":"Core Surge","floor":33.0},{"not_picked":["Cold Snap+1","Rip and Tear"],"picked":"Hologram+1","floor":35.0},{"not_picked":["Beam Cell+1","Undo+1","Compile Driver+1"],"picked":"SKIP","floor":35.0},{"not_picked":["hubris:Ukulele+1","Hello World"],"picked":"Panic Button","floor":36.0},{"not_picked":["Sunder+1","ReplayTheSpireMod:Reroute Power","Barrage"],"picked":"SKIP","floor":36.0},{"not_picked":["Redo","Barrage"],"picked":"Darkness+1","floor":40},{"not_picked":["Beam Cell","Storm"],"picked":"Loop+1","floor":42},{"not_picked":["Hologram+1","Stack+1"],"picked":"Buffer","floor":42},{"not_picked":["Ball Lightning+1","Rebound+1"],"picked":"Turbo","floor":44},{"not_picked":["Gash","Redo+1"],"picked":"Steam Power","floor":46},{"not_picked":["Rebound+1","Sweeping Beam+1"],"picked":"Glacier+1","floor":46},{"not_picked":["Gash","Fusion+1"],"picked":"ReplayTheSpireMod:Repulse+1","floor":47},{"not_picked":["ReplayTheSpireMod:Repulse","Stack"],"picked":"Cold Snap","floor":47},{"not_picked":["Auto Shields","Gash"],"picked":"Chill+1","floor":48},{"not_picked":["Compile Driver+1","Aggregate+1","Rebound+1"],"picked":"SKIP","floor":48},{"not_picked":["Aggregate","Redo+1","Rebound+1"],"picked":"SKIP","floor":54}],"player_experience":492899,"relics_obtained":[{"floor":9.0,"key":"MawBank"},{"floor":14.0,"key":"hubris:OldNail"},{"floor":15.0,"key":"Replay:WaspNest"},{"floor":25.0,"key":"Slimebound:PreparedRelic"},{"floor":26.0,"key":"Replay:Arrowhead"},{"floor":40,"key":"Replay:Wax Seal"},{"floor":44,"key":"Blue Doll"},{"floor":54,"key":"ReplayTheSpireMod:Lightbulb"}],"event_choices":[{"damage_healed":0.0,"max_hp_gain":0.0,"max_hp_loss":0.0,"gold_gain":0.0,"event_name":"Scrap Ooze","player_choice":"Success","floor":2.0,"gold_loss":0.0,"damage_taken":3.0,"relics_obtained":["Toy Ornithopter"]},{"cards_removed":["hubris:SpecializedCircuitry"],"damage_healed":0.0,"max_hp_gain":0.0,"max_hp_loss":0.0,"gold_gain":0.0,"event_name":"Purifier","player_choice":"Purged","floor":4.0,"gold_loss":0.0,"damage_taken":0.0},{"damage_healed":0.0,"max_hp_gain":0.0,"max_hp_loss":0.0,"gold_gain":30.0,"event_name":"Dead Adventurer","player_choice":"Searched \u00272\u0027 times","floor":7.0,"gold_loss":0.0,"damage_taken":0.0,"relics_obtained":["LagranYue:RareGoldArmorRelic"]},{"damage_healed":0.0,"max_hp_gain":0.0,"max_hp_loss":0.0,"gold_gain":0.0,"cards_transformed":["Beam Cell"],"event_name":"Transmorgrifier","player_choice":"Transformed","floor":19.0,"gold_loss":0.0,"damage_taken":0.0,"cards_obtained":["Amplify"]},{"cards_removed":["Amplify"],"damage_healed":0.0,"max_hp_gain":0.0,"max_hp_loss":0.0,"gold_gain":0.0,"event_name":"Purifier","player_choice":"Purged","floor":29.0,"gold_loss":0.0,"damage_taken":0.0},{"damage_healed":0,"gold_gain":0,"cards_transformed":["Zap"],"player_choice":"Transformed","damage_taken":0,"max_hp_gain":0,"max_hp_loss":0,"event_name":"Transmorgrifier","floor":39,"gold_loss":0,"cards_obtained":["Chill"]}],"is_beta":false,"boss_relics":[{"not_picked":["energizedSpire:OldTV","Tiny House"],"picked":"Sozu"},{"not_picked":["energizedSpire:OgreHead","Philosopher\u0027s Stone"],"picked":"Coffee Dripper"}],"items_purged_floors":[20],"is_endless":false,"potions_floor_spawned":[5,11,13,21,25,28,33,36,44,47,48,54],"ascension_level":6}}