{"host":"7f01flv6y0vhl3vt","time":1612986322,"event":{"mods":["Act Like it!","BaseMod","Downfall","Minty Spire (QoL Compilation)","StSLib"],"gold_per_floor":[99,114,131,131,148,10,35,35,48,48,48,223,235,235,251,251,251,251],"floor_reached":16,"language":"ENG","playtime":1290,"items_purged":["sneckomod:Strike"],"score":117,"play_id":"e49e4e63-c5c7-4c1a-86c3-e506d38ae50c","local_time":"20210210144522","is_ascension_mode":false,"campfire_choices":[{"floor":1,"key":"RECALL"},{"floor":11,"key":"REST"}],"circlet_count":0,"master_deck":["sneckomod:Strike","sneckomod:Strike","sneckomod:Defend","sneckomod:Defend","sneckomod:TailWhip","sneckomod:SnekBite","sneckomod:Unknown","sneckomod:Unknown","sneckomod:WideSting","sneckomod:UnknownStrength","sneckomod:UnknownX","sneckomod:SerpentMind+1","sneckomod:RainOfDice","sneckomod:Unknown2Cost","Doubt","sneckomod:UnknownDexterity","sneckomod:MixItUp"],"relics":["sneckomod:SneckoSoul","downfall:ShatteredFragment","Pear"],"acts_visited":["Exordium"],"potions_floor_usage":[15,15,15,16],"damage_taken":[{"damage":8,"enemies":"Jaw Worm","floor":2,"turns":3},{"damage":0,"enemies":"Small Slimes","floor":3,"turns":3},{"damage":0,"enemies":"Cultist","floor":5,"turns":3},{"damage":5,"enemies":"downfall:FleeingMerchant","floor":6,"turns":4},{"damage":11,"enemies":"Exordium Wildlife","floor":9,"turns":7},{"damage":6,"enemies":"Large Slime","floor":13,"turns":7},{"damage":27,"enemies":"Exordium Thugs","floor":15,"turns":4},{"damage":65,"enemies":"DF_ARCHETYPE_STREAMLINE","floor":16,"turns":7}],"seed_played":"-3626762444660180292","potions_obtained":[{"floor":2,"key":"EssenceOfSteel"},{"floor":9,"key":"Weak Potion"},{"floor":13,"key":"SteroidPotion"},{"floor":15,"key":"DuplicationPotion"}],"is_trial":false,"path_per_floor":["R","M","M","?","M","$","T","?","M","T","R","?","M","?","M","B"],"character_chosen":"THE_SNECKO","items_purchased":["sneckomod:RainOfDice"],"campfire_rested":1,"item_purchase_floors":[6],"current_hp_per_floor":[99,91,91,70,70,65,65,65,54,64,96,96,90,90,63,0,0,0],"gold":251,"neow_bonus":"TEN_PERCENT_HP_BONUS","is_daily":false,"chose_seed":false,"campfire_upgraded":0,"win_rate":0.0,"timestamp":1612986322,"path_taken":["R","M","M","?","M","$","T","?","?","?","R","?","M","?","M","BOSS"],"items_purchased_type":["Card"],"build_version":"2020-12-22","purchased_purges":1,"victory":false,"max_hp_per_floor":[99,99,99,99,99,99,99,99,99,109,109,109,109,109,109,109,109,109],"card_choices":[{"not_picked":["sneckomod:SoulRoll","sneckomod:UnknownCommonSkill"],"picked":"sneckomod:WideSting","floor":2},{"not_picked":["sneckomod:ImprovisedAttack","sneckomod:UnknownDraw"],"picked":"sneckomod:UnknownStrength","floor":3},{"not_picked":["sneckomod:Unknown1Cost","sneckomod:MixItUp"],"picked":"sneckomod:UnknownX","floor":5},{"not_picked":["sneckomod:RainOfDice","sneckomod:UnknownBlock"],"picked":"sneckomod:SerpentMind","floor":6},{"not_picked":["sneckomod:UnknownCommonSkill","sneckomod:Unknown1Cost"],"picked":"sneckomod:Unknown2Cost","floor":9},{"not_picked":["sneckomod:UnknownX","sneckomod:Nope"],"picked":"sneckomod:UnknownDexterity","floor":13},{"not_picked":["sneckomod:SoulCleanse","sneckomod:UnknownCommonSkill"],"picked":"sneckomod:MixItUp","floor":15}],"player_experience":1704240,"relics_obtained":[{"floor":10,"key":"Pear"}],"event_choices":[{"cards_removed":["sneckomod:Defend"],"damage_healed":0,"gold_gain":0,"player_choice":"Offered Basic","damage_taken":0,"max_hp_gain":0,"max_hp_loss":0,"event_name":"Bonfire Elementals","floor":8,"gold_loss":0},{"damage_healed":0,"gold_gain":0,"player_choice":"Ignored","damage_taken":0,"max_hp_gain":0,"max_hp_loss":0,"event_name":"NoteForYourself","floor":14,"gold_loss":0}],"is_beta":false,"boss_relics":[],"items_purged_floors":[6],"is_endless":false,"potions_floor_spawned":[2,9,13,15],"killed_by":"DF_ARCHETYPE_STREAMLINE","ascension_level":0}}