{"host":"5jdby9iqu3ct6557","time":1612936124,"event":{"mods":["BaseMod","DeckTracker","Highlight Path","Minty Spire (QoL Compilation)","Relic Stats","StSLib"],"gold_per_floor":[114,114,21,31,31,61,77,77,152,166,179,179,211,289,289,360,360,379,392,404,418,43,73,86,111,111,145,45,45,77,92,92,166,166,176,1175,1194,867,883,916,942,942,942,952,987,529,529,548,548,548,548,548,548,172,172,172],"floor_reached":55,"language":"ENG","playtime":24093,"items_purged":["Pain","Strike_B","Normality","Normality","Strike_B+1"],"score":2059,"play_id":"476b747c-cadc-401a-856a-aa3a73a072cf","local_time":"20210210004844","is_ascension_mode":true,"campfire_choices":[{"floor":8.0,"key":"REST"},{"floor":12.0,"key":"REST"},{"data":"Static Discharge","floor":15.0,"key":"SMITH"},{"data":"Coolheaded","floor":32,"key":"SMITH"},{"floor":47,"key":"RECALL"},{"data":"Capacitor","floor":49,"key":"SMITH"},{"data":"Multi-Cast","floor":53,"key":"SMITH"}],"circlet_count":0,"master_deck":["AscendersBane","Strike_B+1","Strike_B+1","Defend_B+1","Defend_B+1","Defend_B+1","Defend_B+1","Zap","Dualcast","CurseOfTheBell","Static Discharge+1","Self Repair","Undo","FTL","Ball Lightning","Cold Snap","Coolheaded+1","Echo Form","Sunder","Rainbow","Meteor Strike","Conserve Battery+1","Multi-Cast+1","Creative AI","Biased Cognition","Capacitor+1","Coolheaded+1"],"relics":["Calling Bell","Tiny Chest","StrikeDummy","Gambling Chip","WarpedTongs","Potion Belt","Eternal Feather","Question Card","Snecko Eye","Bag of Preparation","Lantern","MealTicket","Pantograph","Art of War","Bird Faced Urn","Busted Crown","Happy Flower","Dream Catcher","Strawberry","Calipers","MawBank","Membership Card","Letter Opener","Toy Ornithopter","Bag of Marbles","Centennial Puzzle","DollysMirror"],"acts_visited":["Exordium","TheCity","TheBeyond","TheEnding"],"potions_floor_usage":[27,40,40,45,55],"damage_taken":[{"damage":1.0,"enemies":"Small Slimes","floor":1.0,"turns":4.0},{"damage":1.0,"enemies":"Cultist","floor":4.0,"turns":3.0},{"damage":39.0,"enemies":"Gremlin Nob","floor":6.0,"turns":4.0},{"damage":9.0,"enemies":"2 Louse","floor":7.0,"turns":2.0},{"damage":11.0,"enemies":"Looter","floor":10.0,"turns":3.0},{"damage":19.0,"enemies":"Large Slime","floor":11.0,"turns":6.0},{"damage":3.0,"enemies":"3 Sentries","floor":13.0,"turns":7.0},{"damage":43.0,"enemies":"Hexaghost","floor":16.0,"turns":8.0},{"damage":6.0,"enemies":"Spheric Guardian","floor":18.0,"turns":5.0},{"damage":1.0,"enemies":"Chosen","floor":19.0,"turns":4.0},{"damage":16.0,"enemies":"3 Cultists","floor":20.0,"turns":4.0},{"damage":33.0,"enemies":"Centurion and Healer","floor":21.0,"turns":12.0},{"damage":15.0,"enemies":"Book of Stabbing","floor":23.0,"turns":4.0},{"damage":11.0,"enemies":"Sentry and Sphere","floor":24.0,"turns":6.0},{"damage":8.0,"enemies":"Slavers","floor":25.0,"turns":4.0},{"damage":8,"enemies":"Book of Stabbing","floor":27,"turns":4},{"damage":0,"enemies":"Gremlin Leader","floor":30,"turns":7},{"damage":0,"enemies":"Snecko","floor":31,"turns":2},{"damage":10,"enemies":"Automaton","floor":33,"turns":7},{"damage":0,"enemies":"3 Shapes","floor":35,"turns":3},{"damage":5,"enemies":"3 Darklings","floor":37,"turns":11},{"damage":11,"enemies":"Jaw Worm Horde","floor":39,"turns":7},{"damage":49,"enemies":"Giant Head","floor":40,"turns":9},{"damage":1,"enemies":"Transient","floor":44,"turns":6},{"damage":48,"enemies":"Nemesis","floor":45,"turns":11},{"damage":1,"enemies":"Sphere and 2 Shapes","floor":48,"turns":4},{"damage":69,"enemies":"Time Eater","floor":50,"turns":13},{"damage":25,"enemies":"Donu and Deca","floor":51,"turns":11},{"damage":89,"enemies":"Shield and Spear","floor":55,"turns":5}],"seed_played":"-3977964787990769214","potions_obtained":[{"floor":4.0,"key":"BlessingOfTheForge"},{"floor":6.0,"key":"Energy Potion"},{"floor":11.0,"key":"Regen Potion"},{"floor":13.0,"key":"Dexterity Potion"},{"floor":20.0,"key":"Fire Potion"},{"floor":21.0,"key":"GamblersBrew"},{"floor":25,"key":"DistilledChaos"},{"floor":30,"key":"EssenceOfDarkness"},{"floor":31,"key":"Ancient Potion"},{"floor":40,"key":"SkillPotion"},{"floor":45,"key":"SkillPotion"}],"is_trial":false,"path_per_floor":["M","?","$","M","?","E","M","R","T","M","M","R","E","T","R","B",null,"M","M","M","M","$","E","M","E","T","E","$","?","E","M","R","B",null,"M","?","M","$","M","E","T","?","T","M","E","$","R","M","R","B","B",null,"R","$","E"],"character_chosen":"DEFECT","items_purchased":["Self Repair","Energy Potion","Bag of Preparation","Meteor Strike","FocusPotion","Capacitor","Happy Flower","Membership Card","Letter Opener","Toy Ornithopter","Bag of Marbles","Centennial Puzzle","PotionOfCapacity","DollysMirror"],"campfire_rested":2,"item_purchase_floors":[3,3,22,22,22,38,38,46,46,46,54,54,54,54],"current_hp_per_floor":[63,42,42,48,48,16,7,28,28,24,12,45,49,49,61,25,60,68,67,69,56,56,55,58,64,64,56,71,71,71,71,71,71,71,71,71,71,71,71,30,37,37,37,66,78,78,78,78,78,60,78,78,78,78,0,0],"gold":172,"neow_bonus":"BOSS_RELIC","is_daily":false,"chose_seed":false,"campfire_upgraded":4,"win_rate":0.0,"timestamp":1612936124,"path_taken":["M","?","$","M","?","E","M","R","T","M","?","R","E","?","R","BOSS","M","M","M","?","$","E","M","E","T","E","$","?","E","M","R","BOSS","M","?","M","$","M","E","?","?","T","?","E","$","R","M","R","BOSS","BOSS","R","$","E"],"items_purchased_type":["Card","Potion","Relic","Card","Potion","Card","Relic","Relic","Relic","Relic","Relic","Relic","Potion","Relic"],"build_version":"2020-12-22","purchased_purges":5,"victory":false,"max_hp_per_floor":[71,71,71,71,71,71,71,71,71,71,71,71,71,71,71,71,71,71,71,71,71,71,71,71,71,71,71,71,71,71,71,71,71,71,71,71,71,71,71,71,78,78,78,78,78,78,78,78,78,78,78,78,78,78,78,78],"relic_stats":{"Happy Flower":[22],"counters":[29,176],"Eternal Feather":24,"Bag of Preparation":[34],"Letter Opener":[86],"Question Card":21,"MawBank":12,"WarpedTongs":[166],"Dream Catcher":0,"Centennial Puzzle":[3],"Busted Crown":16,"Gambling Chip":[149],"Pantograph":18,"Bird Faced Urn":[153],"Snecko Eye":[239,256,243,254],"Tiny Chest":2,"MealTicket":15,"Art of War":[25],"obtain_stats":[{"Lantern":23,"Calipers":43,"Bag of Preparation":22,"Dream Catcher":40,"Centennial Puzzle":54,"DollysMirror":54,"Gambling Chip":0,"Pantograph":26,"Strawberry":41,"Tiny Chest":0,"MealTicket":25,"Cracked Core":0,"Potion Belt":6,"Happy Flower":38,"Eternal Feather":9,"Letter Opener":46,"Question Card":13,"MawBank":45,"WarpedTongs":5,"Calling Bell":0,"Busted Crown":34,"Bird Faced Urn":30,"Snecko Eye":17,"Art of War":27,"Bag of Marbles":54,"Membership Card":46,"StrikeDummy":0,"Toy Ornithopter":46},{"Lantern":13,"Calipers":23,"Bag of Preparation":12,"Dream Catcher":23,"Centennial Puzzle":28,"DollysMirror":28,"Gambling Chip":0,"Pantograph":15,"Strawberry":23,"Tiny Chest":0,"MealTicket":15,"Cracked Core":0,"Potion Belt":3,"Happy Flower":21,"Eternal Feather":4,"Letter Opener":25,"Question Card":7,"MawBank":25,"WarpedTongs":2,"Calling Bell":0,"Busted Crown":19,"Bird Faced Urn":17,"Snecko Eye":8,"Art of War":16,"Bag of Marbles":28,"Membership Card":25,"StrikeDummy":0,"Toy Ornithopter":25},{"Lantern":66,"Calipers":126,"Bag of Preparation":62,"Dream Catcher":126,"Centennial Puzzle":171,"DollysMirror":171,"Gambling Chip":0,"Pantograph":76,"Strawberry":126,"Tiny Chest":0,"MealTicket":76,"Cracked Core":0,"Potion Belt":11,"Happy Flower":110,"Eternal Feather":13,"Letter Opener":143,"Question Card":29,"MawBank":143,"WarpedTongs":7,"Calling Bell":0,"Busted Crown":96,"Bird Faced Urn":87,"Snecko Eye":37,"Art of War":80,"Bag of Marbles":171,"Membership Card":143,"StrikeDummy":0,"Toy Ornithopter":143}],"Toy Ornithopter":5},"card_choices":[{"not_picked":["Reprogram","Lockon"],"picked":"Static Discharge","floor":1.0},{"not_picked":["Barrage","Gash"],"picked":"Undo","floor":4.0},{"not_picked":["Loop","Hologram"],"picked":"FTL","floor":6.0},{"not_picked":["Chaos","Redo"],"picked":"Ball Lightning","floor":7.0},{"not_picked":["Rebound","Hologram"],"picked":"Cold Snap","floor":10.0},{"not_picked":["Stack","Hello World"],"picked":"Coolheaded","floor":11.0},{"not_picked":["Multi-Cast","Electrodynamics","Thunder Strike"],"picked":"Echo Form","floor":16.0},{"not_picked":["Lockon","Beam Cell","Steam"],"picked":"Sunder","floor":19.0},{"not_picked":["Skim","Compile Driver","Chill"],"picked":"Rainbow","floor":21.0},{"not_picked":["Gash","Steam Power","Coolheaded"],"picked":"Conserve Battery+1","floor":23.0},{"not_picked":["Barrage","Reprogram","Rebound"],"picked":"Multi-Cast","floor":24.0},{"not_picked":["Loop+1","Echo Form","Genetic Algorithm"],"picked":"Creative AI","floor":25},{"not_picked":["Meteor Strike","Amplify","Fission"],"picked":"Biased Cognition","floor":33}],"player_experience":2613164,"relics_obtained":[{"floor":0.0,"key":"Tiny Chest"},{"floor":0.0,"key":"StrikeDummy"},{"floor":0.0,"key":"Gambling Chip"},{"floor":6.0,"key":"Potion Belt"},{"floor":9.0,"key":"Eternal Feather"},{"floor":13.0,"key":"Question Card"},{"floor":23.0,"key":"Lantern"},{"floor":25,"key":"MealTicket"},{"floor":26,"key":"Pantograph"},{"floor":27,"key":"Art of War"},{"floor":30,"key":"Bird Faced Urn"},{"floor":40,"key":"Dream Catcher"},{"floor":41,"key":"Strawberry"},{"floor":43,"key":"Calipers"},{"floor":45,"key":"MawBank"}],"event_choices":[{"damage_healed":0.0,"max_hp_gain":0.0,"max_hp_loss":0.0,"gold_gain":0.0,"event_name":"Shining Light","player_choice":"Entered Light","floor":2.0,"gold_loss":0.0,"damage_taken":21.0,"cards_upgraded":["Strike_B","Strike_B"]},{"damage_healed":0.0,"max_hp_gain":0.0,"max_hp_loss":0.0,"gold_gain":0.0,"event_name":"Accursed Blacksmith","player_choice":"Rummage","floor":5.0,"gold_loss":0.0,"damage_taken":0.0,"relics_obtained":["WarpedTongs"],"cards_obtained":["Pain"]},{"damage_healed":0,"gold_gain":0,"player_choice":"Simplicity","damage_taken":0,"max_hp_gain":0,"max_hp_loss":0,"event_name":"Back to Basics","floor":29,"gold_loss":0,"cards_upgraded":["Strike_B","Defend_B","Defend_B","Defend_B","Defend_B"]},{"damage_healed":0,"gold_gain":999,"player_choice":"Gold","damage_taken":0,"max_hp_gain":0,"max_hp_loss":0,"event_name":"MindBloom","floor":36,"gold_loss":0,"cards_obtained":["Normality","Normality"]},{"damage_healed":0,"gold_gain":0,"player_choice":"Memory 1","damage_taken":0,"max_hp_gain":0,"max_hp_loss":0,"event_name":"SensoryStone","floor":42,"gold_loss":0}],"is_beta":false,"boss_relics":[{"not_picked":["SacredBark","Fusion Hammer"],"picked":"Snecko Eye"},{"not_picked":["Pandora\u0027s Box","Nuclear Battery"],"picked":"Busted Crown"}],"items_purged_floors":[22,28,38,46,54],"is_endless":false,"potions_floor_spawned":[4,6,11,13,20,21,25,30,31,37,40,45],"killed_by":"Shield and Spear","ascension_level":20}}