{"host":"f5gffvlv6a66yqkd","time":1612933004,"event":{"mods":["2.2 Compatiblity","BaseMod","Colored Map","Custom Start","DeckTracker","Keyboard Shortcuts","Minty Spire (QoL Compilation)","Permanent Neow","Quick Restart","Relic Stats","StSLib","SuperFastMode"],"gold_per_floor":[116,116,132,132,147,147,162,162,162,162,180,199,36,36,36,36,36],"floor_reached":16,"language":"KOR","playtime":307,"items_purged":[],"score":184,"play_id":"588a4b52-467d-4484-b05d-3b1fe5c55792","local_time":"20210210135644","is_ascension_mode":true,"campfire_choices":[{"data":"Eruption","floor":6,"key":"SMITH"},{"floor":8,"key":"REST"},{"data":"EmptyFist","floor":10,"key":"SMITH"},{"data":"CutThroughFate","floor":15,"key":"SMITH"}],"circlet_count":0,"master_deck":["AscendersBane","Strike_P","Strike_P","Strike_P","Strike_P","Defend_P+1","Defend_P","Defend_P+1","Eruption+1","Vigilance","CutThroughFate+1","EmptyFist+1","FlurryOfBlows"],"relics":["PureWater","Golden Idol","Meat on the Bone","OrangePellets"],"acts_visited":["Exordium"],"potions_floor_usage":[16],"damage_taken":[{"damage":15.0,"enemies":"Small Slimes","floor":1.0,"turns":3.0},{"damage":0,"enemies":"2 Louse","floor":3,"turns":2},{"damage":0,"enemies":"Jaw Worm","floor":5,"turns":3},{"damage":15,"enemies":"Exordium Wildlife","floor":7,"turns":3},{"damage":13,"enemies":"3 Louse","floor":11,"turns":3},{"damage":7,"enemies":"2 Fungi Beasts","floor":12,"turns":3},{"damage":38,"enemies":"The Guardian","floor":16,"turns":12}],"seed_played":"3388408513197050928","potions_obtained":[{"floor":5,"key":"Explosive Potion"},{"floor":11,"key":"BlessingOfTheForge"}],"is_trial":false,"path_per_floor":["M","?","M","?","M","R","M","R","T","R","M","M","$","?","R","B"],"character_chosen":"WATCHER","items_purchased":["OrangePellets"],"campfire_rested":1,"item_purchase_floors":[13],"current_hp_per_floor":[46,26,26,26,26,26,11,29,29,29,28,33,33,38,38,0,0],"gold":36,"neow_bonus":"REMOVE_CARD","is_daily":false,"chose_seed":false,"campfire_upgraded":3,"win_rate":0.0,"timestamp":1612933004,"path_taken":["M","?","M","?","M","R","M","R","T","R","M","M","$","?","R","BOSS"],"items_purchased_type":["Relic"],"build_version":"2020-12-22","purchased_purges":0,"victory":false,"max_hp_per_floor":[68,68,68,62,62,62,62,62,62,62,62,62,62,67,67,67,67],"relic_stats":{"OrangePellets":[0],"counters":[7,29],"Golden Idol":14,"obtain_stats":[{"OrangePellets":13,"Golden Idol":4,"PureWater":0,"Meat on the Bone":9},{"OrangePellets":6,"Golden Idol":2,"PureWater":0,"Meat on the Bone":4},{"OrangePellets":17,"Golden Idol":5,"PureWater":0,"Meat on the Bone":11}],"Meat on the Bone":24},"card_choices":[{"not_picked":["Weave","PathToVictory"],"picked":"CutThroughFate","floor":1.0},{"not_picked":["SashWhip","JustLucky","SandsOfTime"],"picked":"SKIP","floor":3},{"not_picked":["PathToVictory","Protect"],"picked":"EmptyFist","floor":5},{"not_picked":["Perseverance","Crescendo"],"picked":"FlurryOfBlows","floor":7},{"not_picked":["Fasting2","Evaluate","EmptyBody"],"picked":"SKIP","floor":11},{"not_picked":["Fasting2","Crescendo","EmptyBody"],"picked":"SKIP","floor":12}],"player_experience":1720736,"relics_obtained":[{"floor":9,"key":"Meat on the Bone"}],"event_choices":[{"damage_healed":0.0,"max_hp_gain":0.0,"max_hp_loss":0.0,"gold_gain":0.0,"event_name":"Shining Light","player_choice":"Entered Light","floor":2.0,"gold_loss":0.0,"damage_taken":20.0,"cards_upgraded":["Defend_P","Defend_P"]},{"damage_healed":0,"gold_gain":0,"player_choice":"Lose Max HP","damage_taken":0,"relics_obtained":["Golden Idol"],"max_hp_gain":0,"max_hp_loss":6,"event_name":"Golden Idol","floor":4,"gold_loss":0},{"damage_healed":0,"gold_gain":0,"player_choice":"Donut","damage_taken":0,"max_hp_gain":5,"max_hp_loss":0,"event_name":"Big Fish","floor":14,"gold_loss":0}],"is_beta":false,"boss_relics":[],"items_purged_floors":[],"is_endless":false,"potions_floor_spawned":[5,11],"killed_by":"The Guardian","ascension_level":20}}