{"host":"h4lp0eeso8a0ssq0","time":1612925299,"event":{"mods":["2.2 Compatiblity","AchievementEnabler","BaseMod","CapriCore","Colored Map","Minty Spire (QoL Compilation)","StSLib","SuperFastMode"],"gold_per_floor":[116,32,52,127,127,127,127,43,119,135,145,177,177,211,211,211,211],"floor_reached":16,"language":"KOR","playtime":348,"items_purged":[],"score":205,"play_id":"38ded521-752f-4b7a-a9f4-1de8a8b5ded7","local_time":"20210210114819","is_ascension_mode":true,"campfire_choices":[{"data":"Footwork","floor":6,"key":"SMITH"},{"floor":13,"key":"REST"},{"data":"Footwork","floor":15,"key":"SMITH"}],"circlet_count":0,"master_deck":["AscendersBane","Strike_G","Strike_G","Strike_G","Strike_G","Defend_G","Defend_G","Defend_G","Defend_G","Defend_G+1","Survivor","Neutralize","Dagger Spray","Flying Knee","Footwork+1","Masterful Stab+1","Footwork+1","Footwork","Caltrops","All Out Attack"],"relics":["Ring of the Snake","Meat on the Bone","PreservedInsect","Gremlin Horn"],"acts_visited":["Exordium"],"potions_floor_usage":[12],"damage_taken":[{"damage":0,"enemies":"Cultist","floor":1,"turns":4},{"damage":9,"enemies":"Small Slimes","floor":3,"turns":4},{"damage":2,"enemies":"2 Louse","floor":10,"turns":2},{"damage":4,"enemies":"Looter","floor":11,"turns":4},{"damage":27,"enemies":"Gremlin Nob","floor":12,"turns":6},{"damage":11,"enemies":"Lagavulin","floor":14,"turns":8},{"damage":37,"enemies":"Hexaghost","floor":16,"turns":14}],"seed_played":"1402551426964815208","potions_obtained":[{"floor":3,"key":"Block Potion"},{"floor":14,"key":"Ancient Potion"}],"is_trial":false,"path_per_floor":["M","$","M","?","?","R","?","$","T","M","M","E","R","E","R","B"],"character_chosen":"THE_SILENT","items_purchased":["Footwork","Footwork"],"campfire_rested":1,"item_purchase_floors":[2,8],"current_hp_per_floor":[59,59,50,39,32,32,12,12,12,22,30,15,34,35,35,0,0],"gold":211,"neow_bonus":"THREE_CARDS","is_daily":false,"chose_seed":false,"campfire_upgraded":2,"win_rate":0.0,"timestamp":1612925299,"path_taken":["M","?","M","?","?","R","?","?","T","M","M","E","R","E","R","BOSS"],"items_purchased_type":["Card","Card"],"build_version":"2020-12-22","purchased_purges":0,"victory":false,"max_hp_per_floor":[66,66,66,66,66,66,66,66,66,66,66,66,66,66,66,66,66],"card_choices":[{"not_picked":["Bane","Underhanded Strike"],"picked":"Dagger Spray","floor":0},{"not_picked":["Bane","Quick Slash"],"picked":"Flying Knee","floor":1},{"not_picked":["Deflect","Dodge and Roll"],"picked":"Masterful Stab","floor":3},{"not_picked":["Bane","PiercingWail"],"picked":"Footwork","floor":10},{"not_picked":["Catalyst","Flying Knee"],"picked":"Caltrops","floor":11},{"not_picked":["Bane","Setup"],"picked":"All Out Attack","floor":12},{"not_picked":["Tools of the Trade","Predator","Infinite Blades"],"picked":"SKIP","floor":14}],"player_experience":204481,"relics_obtained":[{"floor":9,"key":"Meat on the Bone"},{"floor":12,"key":"PreservedInsect"},{"floor":14,"key":"Gremlin Horn"}],"event_choices":[{"damage_healed":0,"gold_gain":75,"player_choice":"Gather Gold","damage_taken":11,"max_hp_gain":0,"max_hp_loss":0,"event_name":"World of Goop","floor":4,"gold_loss":0},{"cards_removed":["Strike_G"],"damage_healed":0,"gold_gain":0,"player_choice":"Card Removal","damage_taken":7,"max_hp_gain":0,"max_hp_loss":0,"event_name":"Golden Wing","floor":5,"gold_loss":0},{"damage_healed":0,"gold_gain":0,"player_choice":"Entered Light","damage_taken":20,"max_hp_gain":0,"max_hp_loss":0,"event_name":"Shining Light","floor":7,"gold_loss":0,"cards_upgraded":["Defend_G","Masterful Stab"]}],"is_beta":false,"boss_relics":[],"items_purged_floors":[],"is_endless":false,"potions_floor_spawned":[3,14],"killed_by":"Hexaghost","ascension_level":18}}