{"host":"n9lc5i44t98l6pio","time":1612922484,"event":{"mods":["BaseMod","Curses Come First","Downfall","Minty Spire (QoL Compilation)","Replay The Spire","Say the Spire","StSLib"],"gold_per_floor":[109,109,123,140,159,159,193,193,193,223,223,238,254,270,270,366,366,384,69,89,109,109,109,109],"floor_reached":23,"language":"ENG","playtime":779,"items_purged":[],"score":240,"play_id":"cc039fe9-18f9-45c4-898a-495ea2602dc5","local_time":"20210210030124","is_ascension_mode":true,"campfire_choices":[{"data":"Combust","floor":6.0,"key":"SMITH"},{"floor":8.0,"key":"REST"},{"data":"Bash","floor":11.0,"key":"SMITH"},{"floor":15.0,"key":"DIG"}],"circlet_count":0,"master_deck":["Strike_R","Strike_R","Strike_R","Strike_R","Strike_R","Defend_R","Defend_R","Defend_R","Defend_R","Bash+1","Twin Strike","Searing Blow","Power Through","Combust+1","Shrug It Off","Entrench","Rupture","ReplayTheSpireMod:Limb From Limb","ReplayTheSpireMod:LeadingStrike","Feed","Sword Boomerang","Rampage","Wild Strike","Infernal Blade"],"relics":["Burning Blood","Potion Belt","Smiling Mask","Happy Flower","Pear","Snack Pack","Philosopher\u0027s Stone","StrikeDummy"],"acts_visited":["Exordium","TheCity"],"potions_floor_usage":[16,16],"damage_taken":[{"damage":6.0,"enemies":"2 Louse","floor":1.0,"turns":2.0},{"damage":1.0,"enemies":"Cultist","floor":3.0,"turns":3.0},{"damage":11.0,"enemies":"Jaw Worm","floor":4.0,"turns":2.0},{"damage":14.0,"enemies":"Blue Slaver","floor":5.0,"turns":4.0},{"damage":30.0,"enemies":"Lagavulin","floor":7.0,"turns":7.0},{"damage":28.0,"enemies":"Gremlin Nob","floor":10.0,"turns":4.0},{"damage":5.0,"enemies":"Red Slaver","floor":12.0,"turns":4.0},{"damage":7.0,"enemies":"Large Slime","floor":13.0,"turns":6.0},{"damage":2.0,"enemies":"Blue Slaver","floor":14.0,"turns":4.0},{"damage":24,"enemies":"The Guardian","floor":16,"turns":10},{"damage":24,"enemies":"Chosen","floor":18,"turns":5},{"damage":21,"enemies":"Spheric Guardian","floor":20,"turns":4},{"damage":20,"enemies":"Centurion and Healer","floor":21,"turns":5},{"damage":50,"enemies":"Book of Stabbing","floor":23,"turns":5}],"seed_played":"-7571924836140022681","potions_obtained":[{"floor":4.0,"key":"Fruit Juice"},{"floor":5.0,"key":"Adrenaline Potion"},{"floor":10.0,"key":"Strength Potion"},{"floor":13.0,"key":"SteroidPotion"}],"is_trial":false,"path_per_floor":["M","?","M","M","M","R","E","R","T","E","R","M","M","M","R","B",null,"M","$","M","M","?","E"],"character_chosen":"IRONCLAD","items_purchased":["StrikeDummy","Rampage"],"campfire_rested":1,"item_purchase_floors":[19,19],"current_hp_per_floor":[80,80,80,80,72,72,48,73,73,61,61,62,61,65,65,53,95,84,84,74,64,44,0,0],"gold":109,"neow_bonus":"RANDOM_COMMON_RELIC","is_daily":false,"chose_seed":false,"campfire_upgraded":2,"win_rate":0.0,"timestamp":1612922484,"path_taken":["M","?","M","?","M","R","E","R","T","E","R","M","M","M","R","BOSS","M","$","M","M","?","E"],"items_purchased_type":["Relic","Card"],"build_version":"2020-12-22","purchased_purges":0,"victory":false,"max_hp_per_floor":[80,80,80,85,85,85,85,85,85,95,95,95,95,95,95,95,95,98,98,101,101,106,106,106],"card_choices":[{"not_picked":["Clothesline","Wild Strike"],"picked":"Twin Strike","floor":1.0},{"not_picked":["Heavy Blade","Body Slam"],"picked":"Searing Blow","floor":3.0},{"not_picked":["Abandon","Headbutt"],"picked":"Power Through","floor":4.0},{"not_picked":["Rupture","Evolve"],"picked":"Combust","floor":5.0},{"not_picked":["Abandon","Havoc"],"picked":"Shrug It Off","floor":7.0},{"not_picked":["Replay:Undeath\u0027s Touch","Fiend Fire"],"picked":"Entrench","floor":10.0},{"not_picked":["Havoc","ReplayTheSpireMod:Strike From Hell"],"picked":"Rupture","floor":12.0},{"not_picked":["Sentinel","Sword Boomerang"],"picked":"ReplayTheSpireMod:Limb From Limb","floor":13.0},{"not_picked":["Heavy Blade","ReplayTheSpireMod:Limb From Limb"],"picked":"ReplayTheSpireMod:LeadingStrike","floor":14.0},{"not_picked":["Replay:Many Hands","Offering"],"picked":"Feed","floor":16},{"not_picked":["Replay:Undeath\u0027s Touch+1","Dropkick"],"picked":"Sword Boomerang","floor":18},{"not_picked":["Battle Trance+1","Clash"],"picked":"Wild Strike","floor":20},{"not_picked":["Shrug It Off","Havoc+1"],"picked":"Infernal Blade","floor":21}],"player_experience":262315,"relics_obtained":[{"floor":7.0,"key":"Smiling Mask"},{"floor":9.0,"key":"Happy Flower"},{"floor":10.0,"key":"Pear"},{"floor":15.0,"key":"Snack Pack"}],"event_choices":[{"damage_healed":0.0,"max_hp_gain":0.0,"max_hp_loss":0.0,"gold_gain":0.0,"event_name":"Wheel of Change","player_choice":"Full Heal","floor":2.0,"gold_loss":0.0,"damage_taken":0.0},{"damage_healed":0,"gold_gain":0,"player_choice":"Shed Blood","damage_taken":25,"max_hp_gain":5,"max_hp_loss":0,"event_name":"Forgotten Altar","floor":22,"gold_loss":0}],"is_beta":false,"boss_relics":[{"not_picked":["Runic Cube","Snecko Eye"],"picked":"Philosopher\u0027s Stone"}],"items_purged_floors":[],"is_endless":false,"potions_floor_spawned":[4,5,10,13],"killed_by":"Book of Stabbing","ascension_level":1}}