{"host":"dh4nu8nelr2izibb","time":1612927367,"event":{"mods":["BaseMod","Better Skull","Better Third Choice","Card Forge","Curses Come First","Displayed Cursed Tome","HololiveMod","Marisa????????","Minty Spire (QoL Compilation)","Poor People Problems","Quick Restart","Relic Filter","Reliquary","StSLib","WarShipGirlsR/????R mod","Yakumo Yukari mod"],"gold_per_floor":[138,138,288,300,86,119,119,153,203,216,216,233,233,249,249,323,323,342,356,113,124,136,136,168,179,179,94,94,120,138,138,138,213,213,226,226,251,251,263,292,292,325,348,375,375,386,420,103,103,103],"floor_reached":51,"language":"ENG","playtime":2551,"items_purged":["Doubt","Defend_purpleEX"],"score":2070,"play_id":"0a8b50d6-52cc-4215-8808-697b42c61398","local_time":"20210209222247","is_ascension_mode":true,"campfire_choices":[{"data":"Bait_HighSpeedFlying_purple","floor":7.0,"key":"SMITH"},{"floor":13.0,"key":"REST"},{"data":"LoveAcrossDimensions_purple","floor":15.0,"key":"SMITH"},{"data":"Umbrella_purple","floor":23,"key":"SMITH"},{"floor":28,"key":"REST"},{"floor":32,"key":"REST"},{"data":"Anti_communist_purple","floor":41,"key":"SMITH"},{"floor":49,"key":"REST"}],"circlet_count":0,"master_deck":["AscendersBane","AT_purpleEX+1","AT_purpleEX+1","Defend_purpleEX+1","Defend_purpleEX+1","Defend_purpleEX+1","Observe_purple_1","Observe_purple_2","Bait_HighSpeedFlying_purple+1","CommonSense_AntiCommonSense_purple","Mirror_FourBoundary_purple","SharpContractionReality_purple","Human_Monster_Realm_purple","Bait_Toxicbait_purple","MeetDecomposer_purple","LoveAcrossDimensions_purple+1","OmniscientAndOmnipotent_Monster_purple","DimensionStaggered_purple","ProofOfUnderstanding_purple","DimensionStaggered_purple","StateErode_purple","Mirror_FourBoundary_purple","Umbrella_purple+1","Anti_communist_purple+1","MetroBOOM_purple","DarkRealmRedLine_purple","Boundary_LifeAndDeath_purple","Boundary_DreamRealityDamnation_purple","Worldmountain_purple+1","Apotheosis+1","MNeedle_purple","ExternalForce_HighSpeedFlying_purple+1"],"relics":["Boundary_crack","Memoryfragments_purpleEX","Hammer of Thor","Seething Fire","Anvil of the Gods","NeowsBlessing","reliquary:SilkGlove","reliquary:RedPaperclip","reliquary:Stiletto","reliquary:IridiumChain","reliquary:RoseTintedGlasses","Boot","Velvet Choker","FossilizedHelix","Dream Catcher","reliquary:HotPoker","Juzu Bracelet","Toxic Egg 2","reliquary:TridentHead"],"acts_visited":["Exordium","TheCity","TheBeyond"],"potions_floor_usage":[18,24,29,42,42,50,50],"damage_taken":[{"damage":0.0,"enemies":"2 Louse","floor":1.0,"turns":1.0},{"damage":0.0,"enemies":"Cultist","floor":4.0,"turns":1.0},{"damage":16.0,"enemies":"Lagavulin","floor":6.0,"turns":1.0},{"damage":28.0,"enemies":"3 Sentries","floor":8.0,"turns":7.0},{"damage":0.0,"enemies":"Jaw Worm","floor":10.0,"turns":3.0},{"damage":0.0,"enemies":"Blue Slaver","floor":12.0,"turns":4.0},{"damage":6.0,"enemies":"2 Fungi Beasts","floor":14.0,"turns":3.0},{"damage":0.0,"enemies":"Hexaghost","floor":16.0,"turns":6.0},{"damage":5,"enemies":"Shell Parasite","floor":18,"turns":5},{"damage":13,"enemies":"2 Thieves","floor":19,"turns":4},{"damage":2,"enemies":"Centurion and Healer","floor":21,"turns":6},{"damage":0,"enemies":"Snake Plant","floor":22,"turns":4},{"damage":30,"enemies":"Slavers","floor":24,"turns":6},{"damage":0,"enemies":"3 Cultists","floor":25,"turns":3},{"damage":31,"enemies":"Gremlin Leader","floor":29,"turns":4},{"damage":20,"enemies":"Shelled Parasite and Fungi","floor":30,"turns":3},{"damage":0,"enemies":"Automaton","floor":33,"turns":6},{"damage":0,"enemies":"Orb Walker","floor":35,"turns":3},{"damage":0,"enemies":"Mind Bloom Boss Battle","floor":37,"turns":4},{"damage":14,"enemies":"3 Shapes","floor":39,"turns":5},{"damage":0,"enemies":"Nemesis","floor":40,"turns":5},{"damage":0,"enemies":"Reptomancer","floor":42,"turns":4},{"damage":0,"enemies":"Nemesis","floor":44,"turns":5},{"damage":0,"enemies":"Sphere and 2 Shapes","floor":46,"turns":3},{"damage":38,"enemies":"Reptomancer","floor":47,"turns":4},{"damage":0,"enemies":"Time Eater","floor":50,"turns":6}],"seed_played":"-8527641940769699115","potions_obtained":[{"floor":1.0,"key":"FearPotion"},{"floor":8.0,"key":"Dexterity Potion"},{"floor":16.0,"key":"SpeedPotion"},{"floor":18,"key":"BlessingOfTheForge"},{"floor":22,"key":"FairyPotion"},{"floor":24,"key":"Energy Potion"},{"floor":30,"key":"DistilledChaos"},{"floor":37,"key":"DistilledChaos"},{"floor":46,"key":"Regen Potion"}],"is_trial":false,"path_per_floor":["M","?","?","M","$","E","R","E","T","M","?","M","R","M","R","B",null,"M","M","$","M","M","R","E","M","T","?","R","E","M","?","R","B",null,"M","?","?","?","M","E","R","E","T","E","$","M","E","$","R","B",null],"character_chosen":"Youkari","items_purchased":["Mirror_FourBoundary_purple","SharpContractionReality_purple","StateErode_purple","Mirror_FourBoundary_purple","Apotheosis+1","MNeedle_purple","Dexterity Potion"],"campfire_rested":4,"item_purchase_floors":[5,5,20,20,48,48,48],"current_hp_per_floor":[59,52,52,52,52,36,36,11,11,11,11,16,35,29,29,29,56,54,43,43,41,43,43,13,17,17,17,36,9,13,13,32,42,59,62,62,62,62,55,55,55,56,56,56,56,65,27,27,46,61],"gold":103,"neow_bonus":"THREE_ENEMY_KILL","is_daily":false,"chose_seed":false,"campfire_upgraded":4,"win_rate":0.0,"timestamp":1612927367,"path_taken":["M","?","?","M","$","E","R","E","T","M","?","M","R","M","R","BOSS","M","M","$","M","M","R","E","M","T","?","R","E","M","?","R","BOSS","M","?","?","?","M","E","R","E","T","E","$","M","E","$","R","BOSS"],"items_purchased_type":["Card","Card","Card","Card","Card","Card","Potion"],"build_version":"2020-12-22","purchased_purges":2,"victory":true,"max_hp_per_floor":[65,65,65,65,65,65,65,65,65,65,65,65,65,65,65,65,65,65,65,65,65,65,65,65,65,65,65,65,65,65,65,65,65,65,65,65,65,65,65,65,65,65,65,65,65,65,65,65,65,65],"card_choices":[{"not_picked":["WorldDissolvedintheRealm_purple","MeetDecomposer_purple"],"picked":"Bait_HighSpeedFlying_purple","floor":1.0},{"not_picked":["StateDuplicate_purple","MNeedle_purple"],"picked":"CommonSense_AntiCommonSense_purple","floor":4.0},{"not_picked":["RuptureOfTimeAndSpace_purple","Shallow_ocean_purpleEX"],"picked":"Human_Monster_Realm_purple","floor":6.0},{"not_picked":["StateErode_purple","ButterflyHabitatTemple_purple"],"picked":"Bait_Toxicbait_purple","floor":8.0},{"not_picked":["ExistenceContinue_purple","PurpleNeedle_purple"],"picked":"MeetDecomposer_purple","floor":10.0},{"not_picked":["Yakumo_Ran_purple","MeetDecomposer_purple"],"picked":"OmniscientAndOmnipotent_Monster_purple","floor":12.0},{"not_picked":["StateDuplicate_purple","AdvanceAttack_purple"],"picked":"DimensionStaggered_purple","floor":14.0},{"not_picked":["WasteWire_Metro_purple","WangLiang_LineAndCurveDreams_purple"],"picked":"ProofOfUnderstanding_purple","floor":16.0},{"not_picked":["RuleDissolution_purple","Boundary_LightAndDark_purple","PositiveMatter_Antimatter_Universe_purple"],"picked":"SKIP","floor":18},{"not_picked":["SfantasyHide_purple","Line_surface_state_purple"],"picked":"DimensionStaggered_purple","floor":19},{"not_picked":["SfantasyHide_purple+1","Mirror_WaveAndshot_purple+1"],"picked":"Umbrella_purple","floor":21},{"not_picked":["Mirror_FormAndEmptin_purple","PurpleNeedle_purple","AdvanceAttack_purple"],"picked":"SKIP","floor":22},{"not_picked":["Line_surface_state_purple","ButterflyHabitatTemple_purple"],"picked":"Anti_communist_purple","floor":24},{"not_picked":["MeetDecomposer_purple","MNeedle_purple"],"picked":"MetroBOOM_purple","floor":25},{"not_picked":["ContainerChange_purple","Shallow_ocean_purpleEX","StateErode_purple"],"picked":"SKIP","floor":29},{"not_picked":["Realm_recovery_purpleEX","OmniscientAndOmnipotent_Monster_purple"],"picked":"DarkRealmRedLine_purple","floor":30},{"not_picked":["Monsters_DoubleDeathButterfly_purple","WasteWire_Metro_purple"],"picked":"Boundary_LifeAndDeath_purple","floor":33},{"not_picked":["Umbrella_purple+1","Line_surface_state_purple+1"],"picked":"Boundary_DreamRealityDamnation_purple","floor":35},{"not_picked":["DimensionStaggered_purple","Boundary_DreamRealityDamnation_purple","Line_surface_state_purple"],"picked":"SKIP","floor":39},{"not_picked":["StateErode_purple","Realm_recovery_purpleEX+1"],"picked":"Worldmountain_purple+1","floor":40},{"not_picked":["RuleDissolution_purple","Bait_Toxicbait_purple+1","AdvanceAttack_purple+1"],"picked":"SKIP","floor":42},{"not_picked":["DimensionStaggered_purple+1","Realm_recovery_purpleEX+1","WatchEChange_purple+1"],"picked":"SKIP","floor":44},{"not_picked":["MonsterNeedle_purple+1","Worldmountain_purple+1","Photoelasticity_Doppler_Effect_purple+1"],"picked":"SKIP","floor":46},{"not_picked":["WatchEChange_purple+1","ButterflyHabitatTemple_purple+1","Mirror_FormAndEmptin_purple+1"],"picked":"SKIP","floor":47},{"not_picked":["Human_Monster_Realm_purple+1","PositiveMatter_Antimatter_Universe_purple+1"],"picked":"ExternalForce_HighSpeedFlying_purple+1","floor":49}],"player_experience":1094994,"relics_obtained":[{"floor":6.0,"key":"Happy Flower"},{"floor":8.0,"key":"reliquary:FerryPass"},{"floor":9.0,"key":"reliquary:SilkGlove"},{"floor":24,"key":"reliquary:Stiletto"},{"floor":26,"key":"reliquary:IridiumChain"},{"floor":29,"key":"Boot"},{"floor":37,"key":"FossilizedHelix"},{"floor":40,"key":"Dream Catcher"},{"floor":42,"key":"reliquary:HotPoker"},{"floor":43,"key":"Juzu Bracelet"},{"floor":44,"key":"Toxic Egg 2"},{"floor":47,"key":"reliquary:TridentHead"}],"event_choices":[{"cards_removed":["AT_purpleEX"],"damage_healed":0.0,"max_hp_gain":0.0,"max_hp_loss":0.0,"gold_gain":0.0,"event_name":"Golden Wing","player_choice":"Card Removal","floor":2.0,"gold_loss":0.0,"damage_taken":7.0},{"damage_healed":0.0,"max_hp_gain":0.0,"max_hp_loss":0.0,"gold_gain":150.0,"event_name":"betterThird:BetterSerpent","player_choice":"AGREE","floor":3.0,"gold_loss":0.0,"damage_taken":138.0},{"damage_healed":0.0,"max_hp_gain":0.0,"max_hp_loss":0.0,"gold_gain":0.0,"event_name":"Match and Keep!","player_choice":"1 cards matched","floor":11.0,"gold_loss":0.0,"damage_taken":0.0,"cards_obtained":["LoveAcrossDimensions_purple"]},{"damage_healed":0,"gold_gain":0,"player_choice":"Obtained Relic","damage_taken":0,"relics_obtained":["reliquary:RoseTintedGlasses"],"max_hp_gain":0,"max_hp_loss":0,"event_name":"Addict","floor":27,"gold_loss":85},{"damage_healed":0,"gold_gain":0,"player_choice":"Simplicity","damage_taken":0,"max_hp_gain":0,"max_hp_loss":6,"event_name":"betterThird:BetterWriting","floor":31,"gold_loss":0},{"cards_removed":["AT_purpleEX"],"damage_healed":0,"gold_gain":0,"player_choice":"Removed Attack","damage_taken":0,"max_hp_gain":0,"max_hp_loss":0,"event_name":"Falling","floor":36,"gold_loss":0},{"damage_healed":0,"gold_gain":0,"player_choice":"Fight","damage_taken":0,"max_hp_gain":0,"max_hp_loss":0,"event_name":"MindBloom","floor":37,"gold_loss":0}],"is_beta":false,"boss_relics":[{"not_picked":["Cursed Key","Coffee Dripper"],"picked":"reliquary:RedPaperclip"},{"not_picked":["Empty Cage","SacredBark"],"picked":"Velvet Choker"}],"items_purged_floors":[5,20],"is_endless":false,"potions_floor_spawned":[1,8,16,18,22,24,25,30,37,46],"ascension_level":18}}