{"host":"hrvs05np4ys7itky","time":1612928141,"event":{"mods":["BaseMod","Colored Map","Colored Powertips","Downfall","Emptier Cage","Hermit","Highlight Path","Minty Spire (QoL Compilation)","Permanent Neow","Rare Cards Sparkle","Relic Stats","Replay The Spire","StSLib","everything is the same but u backflip on backflip"],"gold_per_floor":[123,73,93,93,128,128,167,167,191,191,232,232,21,70,70,172,172,204,251,251,151,189,199,199],"floor_reached":23,"language":"ENG","playtime":1888,"items_purged":["Injury","Strike_R"],"score":328,"play_id":"a00d1ff6-884c-4fd2-a38b-73e2645f0488","local_time":"20210209223541","is_ascension_mode":true,"campfire_choices":[{"data":"Bash","floor":6,"key":"SMITH"},{"data":"Rage","floor":8,"key":"SMITH"},{"data":"Cleave","floor":15,"key":"SMITH"}],"circlet_count":0,"master_deck":["AscendersBane","Strike_R","Strike_R","Strike_R","Strike_R","Defend_R","Defend_R","Defend_R","Defend_R","Bash+1","Ghostly Armor","Headbutt","Rage+1","Feel No Pain","Replay:Undeath\u0027s Touch","Replay:Undeath\u0027s Touch","Shrug It Off","Cleave+1","Berserk","Twin Strike+1","True Grit"],"relics":["Burning Blood","Replay:Bandana","Golden Idol","Ancient Tea Set","Strawberry","Pet Ghost","Shovel","Black Star"],"acts_visited":["Exordium","TheCity"],"potions_floor_usage":[11,14,19,22],"damage_taken":[{"damage":10,"enemies":"Jaw Worm","floor":1,"turns":4},{"damage":5,"enemies":"Small Slimes","floor":3,"turns":4},{"damage":2,"enemies":"Cultist","floor":5,"turns":3},{"damage":34,"enemies":"Replay:BlueRogue","floor":7,"turns":9},{"damage":15,"enemies":"3 Sentries","floor":11,"turns":7},{"damage":2,"enemies":"Gremlin Gang","floor":14,"turns":6},{"damage":66,"enemies":"Fading Forest","floor":16,"turns":11},{"damage":0,"enemies":"Chosen","floor":18,"turns":6},{"damage":12,"enemies":"3 Byrds","floor":19,"turns":6},{"damage":56,"enemies":"Shelled Parasite and Fungi","floor":22,"turns":10},{"damage":14,"enemies":"Snake Plant","floor":23,"turns":3}],"seed_played":"3090391892954708367","potions_obtained":[{"floor":1,"key":"bronze:BurnAndBuffPotion"},{"floor":7,"key":"PowerPotion"},{"floor":11,"key":"sneckomod:MuddlingPotion"},{"floor":14,"key":"Regen Potion"},{"floor":19,"key":"SteroidPotion"},{"floor":20,"key":"Energy Potion"}],"is_trial":false,"path_per_floor":["M","?","M","?","M","R","E","R","T","?","E","?","$","M","R","B",null,"M","M","?","$","M","M"],"character_chosen":"IRONCLAD","items_purchased":["Replay:Undeath\u0027s Touch","Shrug It Off","Cleave"],"campfire_rested":0,"item_purchase_floors":[13,13,13],"current_hp_per_floor":[68,68,69,69,73,73,45,45,52,49,40,87,87,87,87,27,72,78,86,86,86,36,22,22],"gold":199,"neow_bonus":"RANDOM_EVENT","is_daily":false,"chose_seed":false,"campfire_upgraded":3,"win_rate":0.0,"timestamp":1612928141,"path_taken":["M","?","M","?","M","R","E","R","T","?","E","?","$","M","R","BOSS","M","M","?","$","?","M"],"items_purchased_type":["Card","Card","Card"],"build_version":"2020-12-22","purchased_purges":2,"victory":false,"max_hp_per_floor":[80,80,80,80,80,80,80,80,87,87,87,87,87,87,87,87,87,87,87,87,87,87,87,87],"relic_stats":{"Shovel":0,"counters":[11,68],"Golden Idol":55,"Black Star":0,"obtain_stats":[{"Replay:Bandana":0,"Shovel":11,"Golden Idol":4,"Strawberry":9,"Black Star":17,"Ancient Tea Set":7,"Burning Blood":0,"Pet Ghost":10},{"Replay:Bandana":0,"Shovel":5,"Golden Idol":2,"Strawberry":4,"Black Star":7,"Ancient Tea Set":4,"Burning Blood":0,"Pet Ghost":4},{"Replay:Bandana":0,"Shovel":27,"Golden Idol":8,"Strawberry":20,"Black Star":44,"Ancient Tea Set":20,"Burning Blood":0,"Pet Ghost":20}],"Burning Blood":56},"card_choices":[{"not_picked":["Defy Death","Reckless Charge"],"picked":"Ghostly Armor","floor":1},{"not_picked":["Flex","Infernal Blade"],"picked":"Combust","floor":3},{"not_picked":["Pommel Strike","Twin Strike"],"picked":"Headbutt","floor":5},{"not_picked":["Thunderclap","Impervious"],"picked":"Rage","floor":7},{"not_picked":["Sentinel","ReplayTheSpireMod:Strike From Hell"],"picked":"Feel No Pain","floor":11},{"not_picked":["Wild Strike","Perfected Strike","Warcry"],"picked":"SKIP","floor":14},{"not_picked":["Feed","Limit Break"],"picked":"Berserk","floor":16},{"not_picked":["Flex","Intimidate"],"picked":"Twin Strike+1","floor":18},{"not_picked":["Dark Embrace+1","Shrug It Off"],"picked":"True Grit","floor":19},{"not_picked":["Seeing Red","ReplayTheSpireMod:Corrosion Curse","Sever Soul"],"picked":"SKIP","floor":22}],"player_experience":1055848,"relics_obtained":[{"floor":7,"key":"Ancient Tea Set"},{"floor":9,"key":"Strawberry"},{"floor":11,"key":"Shovel"}],"event_choices":[{"damage_healed":0,"gold_gain":0,"player_choice":"Box","damage_taken":0,"relics_obtained":["Replay:Bandana"],"max_hp_gain":0,"max_hp_loss":0,"event_name":"Big Fish","floor":0,"gold_loss":0,"cards_obtained":["Regret"]},{"cards_removed":["Regret"],"damage_healed":0,"gold_gain":0,"player_choice":"Card Removal","damage_taken":0,"max_hp_gain":0,"max_hp_loss":0,"event_name":"The Cleric","floor":2,"gold_loss":50},{"damage_healed":0,"gold_gain":0,"player_choice":"Take Wound","damage_taken":0,"relics_obtained":["Golden Idol"],"max_hp_gain":0,"max_hp_loss":0,"event_name":"Golden Idol","floor":4,"gold_loss":0,"cards_obtained":["Injury"]},{"damage_healed":0,"gold_gain":0,"player_choice":"Success","damage_taken":3,"relics_obtained":["Pet Ghost"],"max_hp_gain":0,"max_hp_loss":0,"event_name":"Scrap Ooze","floor":10,"gold_loss":0},{"cards_removed":["Combust"],"damage_healed":47,"gold_gain":0,"player_choice":"Offered Uncommon","damage_taken":0,"max_hp_gain":0,"max_hp_loss":0,"event_name":"Bonfire Elementals","floor":12,"gold_loss":0},{"damage_healed":0,"gold_gain":0,"player_choice":"Got Potions","damage_taken":0,"max_hp_gain":0,"max_hp_loss":0,"event_name":"Lab","floor":20,"gold_loss":0}],"is_beta":false,"boss_relics":[{"not_picked":["Runic Dome","Runic Cube"],"picked":"Black Star"}],"items_purged_floors":[13,21],"is_endless":false,"potions_floor_spawned":[1,7,11,14,19],"killed_by":"Snake Plant","ascension_level":13}}