{"host":"v0dnu0zs4qo0v13s","time":1612926935,"event":{"mods":["BaseMod","Colored Map","Colored Powertips","Minty Spire (QoL Compilation)","Relic Stats","StSLib","SuperFastMode","everything is the same but u backflip on backflip"],"gold_per_floor":[110,185,14,34,34,34,68,68,68,98,143,143,191,225,225,327,354,386,411,411,186,219,262,262,292,318,352,352,5,55,103,103,202,202,236,260,110,125,143,143,143],"floor_reached":40,"language":"ENG","playtime":5905,"items_purged":["Strike_R","Strike_R"],"score":788,"play_id":"00b91118-2760-40cd-a39e-74e95df84179","local_time":"20210209221535","is_ascension_mode":true,"campfire_choices":[{"data":"Armaments","floor":6.0,"key":"SMITH"},{"data":"Reaper","floor":8.0,"key":"SMITH"},{"floor":12.0,"key":"REST"},{"floor":15.0,"key":"REST"},{"data":"Metallicize","floor":24.0,"key":"SMITH"},{"floor":28.0,"key":"REST"},{"floor":32.0,"key":"REST"}],"circlet_count":0,"master_deck":["AscendersBane","Strike_R","Defend_R","Defend_R","Defend_R","Bash","Armaments+1","Thunderclap","Warcry","Reaper+1","Iron Wave","Warcry","Headbutt","Pummel","Demon Form+1","Shrug It Off+1","Headbutt+1","Reckless Charge+1","True Grit+1","Second Wind","Power Through+1","Metallicize+1","Ghostly Armor","Dual Wield","Sentinel","Demon Form","True Grit","Blind","Secret Technique"],"relics":["Runic Pyramid","CeramicFish","Golden Idol","Kunai","Happy Flower","Darkstone Periapt","Astrolabe","Bronze Scales","Potion Belt","Question Card","Shovel","Mark of Pain","PrismaticShard"],"acts_visited":["Exordium","TheCity","TheBeyond"],"potions_floor_usage":[],"damage_taken":[{"damage":9.0,"enemies":"2 Louse","floor":1.0,"turns":3.0},{"damage":7.0,"enemies":"Jaw Worm","floor":4.0,"turns":3.0},{"damage":1.0,"enemies":"Small Slimes","floor":7.0,"turns":4.0},{"damage":43.0,"enemies":"Exordium Thugs","floor":10.0,"turns":4.0},{"damage":9.0,"enemies":"3 Sentries","floor":11.0,"turns":6.0},{"damage":25.0,"enemies":"Gremlin Nob","floor":13.0,"turns":4.0},{"damage":6.0,"enemies":"Looter","floor":14.0,"turns":2.0},{"damage":9.0,"enemies":"Slime Boss","floor":16.0,"turns":10.0},{"damage":7.0,"enemies":"3 Byrds","floor":18.0,"turns":3.0},{"damage":3.0,"enemies":"Chosen","floor":19.0,"turns":6.0},{"damage":19.0,"enemies":"3 Cultists","floor":22.0,"turns":5.0},{"damage":30.0,"enemies":"Book of Stabbing","floor":23.0,"turns":7.0},{"damage":32.0,"enemies":"Chosen and Byrds","floor":25.0,"turns":7.0},{"damage":49.0,"enemies":"Cultist and Chosen","floor":27.0,"turns":6.0},{"damage":27.0,"enemies":"Slavers","floor":31.0,"turns":8.0},{"damage":37.0,"enemies":"Automaton","floor":33.0,"turns":17.0},{"damage":65.0,"enemies":"3 Darklings","floor":35.0,"turns":6.0},{"damage":20.0,"enemies":"3 Shapes","floor":36.0,"turns":7.0},{"damage":29.0,"enemies":"Spire Growth","floor":38.0,"turns":5.0},{"damage":88,"enemies":"Giant Head","floor":40,"turns":8}],"seed_played":"1215711617290825492","potions_obtained":[{"floor":1.0,"key":"Weak Potion"},{"floor":10.0,"key":"Explosive Potion"},{"floor":11.0,"key":"EntropicBrew"},{"floor":16.0,"key":"LiquidBronze"},{"floor":23.0,"key":"Dexterity Potion"},{"floor":25.0,"key":"BlessingOfTheForge"},{"floor":31.0,"key":"PowerPotion"},{"floor":33.0,"key":"BlessingOfTheForge"}],"is_trial":false,"path_per_floor":["M","?","$","M","?","R","M","R","T","M","E","R","E","M","R","B",null,"M","M","?","$","M","E","R","M","T","M","R","$","?","E","R","B",null,"M","M","$","M","?","E"],"character_chosen":"IRONCLAD","items_purchased":["CeramicFish","Thunderclap","Bronze Scales","Question Card","PrismaticShard"],"campfire_rested":4,"item_purchase_floors":[3,3,21,29,37],"current_hp_per_floor":[59,48,48,41,41,41,40,40,40,7,13,33,27,21,41,52,64,57,63,63,63,54,49,49,36,36,17,37,37,37,33,53,68,68,68,68,68,68,63,0,0],"gold":143,"neow_bonus":"BOSS_RELIC","is_daily":false,"chose_seed":false,"campfire_upgraded":3,"win_rate":0.0,"timestamp":1612926935,"path_taken":["M","?","$","M","?","R","M","R","T","M","E","R","E","M","R","BOSS","M","M","?","$","M","E","R","M","T","M","R","$","?","E","R","BOSS","M","M","$","M","?","E"],"items_purchased_type":["Relic","Card","Relic","Relic","Relic"],"build_version":"2020-12-22","purchased_purges":2,"victory":false,"max_hp_per_floor":[75,75,75,75,68,68,68,68,68,68,68,68,68,68,68,68,68,68,68,68,68,68,68,68,68,68,68,68,68,68,68,68,68,68,68,68,68,68,68,68,68],"relic_stats":{"Darkstone Periapt":0,"Shovel":0,"Happy Flower":[33],"counters":[20,121],"Golden Idol":116,"CeramicFish":198,"Astrolabe":["Shrug It Off","Headbutt","Reckless Charge"],"Bronze Scales":[306],"Kunai":[17],"Question Card":7,"obtain_stats":[{"Darkstone Periapt":13,"Potion Belt":23,"Happy Flower":11,"Golden Idol":5,"CeramicFish":3,"Astrolabe":17,"Question Card":29,"PrismaticShard":37,"Burning Blood":0,"Shovel":31,"Bronze Scales":21,"Mark of Pain":34,"Kunai":9,"Runic Pyramid":0},{"Darkstone Periapt":6,"Potion Belt":12,"Happy Flower":5,"Golden Idol":2,"CeramicFish":1,"Astrolabe":8,"Question Card":14,"PrismaticShard":18,"Burning Blood":0,"Shovel":15,"Bronze Scales":10,"Mark of Pain":16,"Kunai":3,"Runic Pyramid":0},{"Darkstone Periapt":24,"Potion Belt":57,"Happy Flower":20,"Golden Idol":6,"CeramicFish":3,"Astrolabe":36,"Question Card":70,"PrismaticShard":108,"Burning Blood":0,"Shovel":78,"Bronze Scales":45,"Mark of Pain":95,"Kunai":10,"Runic Pyramid":0}]},"card_choices":[{"not_picked":["Seeing Red","Anger"],"picked":"Armaments","floor":1.0},{"not_picked":["Havoc","Body Slam"],"picked":"Warcry","floor":4.0},{"not_picked":["True Grit","Warcry"],"picked":"Reaper","floor":7.0},{"not_picked":["Clothesline","Body Slam"],"picked":"Iron Wave","floor":10.0},{"not_picked":["Heavy Blade","Sword Boomerang"],"picked":"Warcry","floor":11.0},{"not_picked":["Thunderclap","Shrug It Off"],"picked":"Headbutt","floor":13.0},{"not_picked":["Reckless Charge","Disarm"],"picked":"Pummel","floor":14.0},{"not_picked":["Brutality","Immolate"],"picked":"Demon Form","floor":16.0},{"not_picked":["Blood for Blood","Flex+1"],"picked":"True Grit+1","floor":18.0},{"not_picked":["Body Slam","Pommel Strike"],"picked":"Second Wind","floor":19.0},{"not_picked":["Second Wind","Intimidate"],"picked":"Power Through+1","floor":22.0},{"not_picked":["Sever Soul","Body Slam"],"picked":"Metallicize","floor":23.0},{"not_picked":["Heavy Blade","Anger+1"],"picked":"Ghostly Armor","floor":25.0},{"not_picked":["Warcry","Bloodletting"],"picked":"Dual Wield","floor":27.0},{"not_picked":["Evolve","Headbutt","Havoc"],"picked":"Sentinel","floor":31.0},{"not_picked":["Limit Break","Bludgeon","Fiend Fire"],"picked":"Demon Form","floor":33.0},{"not_picked":["Clash","Dark Embrace+1","Pummel"],"picked":"True Grit","floor":35.0},{"not_picked":["Blood for Blood+1","Wild Strike","Clothesline","Ghostly Armor"],"picked":"SKIP","floor":36.0},{"not_picked":["Eviscerate+1","Sweeping Beam","Anger","Spot Weakness"],"picked":"SKIP","floor":38.0},{"not_picked":["Transmutation","Jack Of All Trades","Deep Breath"],"picked":"Blind","floor":39.0},{"not_picked":["Impatience","Apotheosis","HandOfGreed"],"picked":"Secret Technique","floor":39.0}],"player_experience":716852,"relics_obtained":[{"floor":9.0,"key":"Kunai"},{"floor":11.0,"key":"Happy Flower"},{"floor":13.0,"key":"Darkstone Periapt"},{"floor":23.0,"key":"Potion Belt"},{"floor":31.0,"key":"Shovel"}],"event_choices":[{"damage_healed":0.0,"max_hp_gain":0.0,"max_hp_loss":0.0,"gold_gain":75.0,"event_name":"World of Goop","player_choice":"Gather Gold","floor":2.0,"gold_loss":0.0,"damage_taken":11.0},{"damage_healed":0.0,"max_hp_gain":0.0,"max_hp_loss":7.0,"gold_gain":0.0,"event_name":"Golden Idol","player_choice":"Lose Max HP","floor":5.0,"gold_loss":0.0,"damage_taken":0.0,"relics_obtained":["Golden Idol"]},{"damage_healed":0.0,"max_hp_gain":0.0,"max_hp_loss":0.0,"gold_gain":0.0,"event_name":"Upgrade Shrine","player_choice":"Upgraded","floor":20.0,"gold_loss":0.0,"damage_taken":0.0,"cards_upgraded":["Demon Form"]},{"damage_healed":0.0,"max_hp_gain":0.0,"max_hp_loss":0.0,"gold_gain":50.0,"event_name":"Nest","player_choice":"Stole From Cult","floor":30.0,"gold_loss":0.0,"damage_taken":0.0},{"damage_healed":0.0,"max_hp_gain":0.0,"max_hp_loss":0.0,"gold_gain":0.0,"event_name":"SensoryStone","player_choice":"Memory 2","floor":39.0,"gold_loss":0.0,"damage_taken":5.0}],"is_beta":false,"boss_relics":[{"not_picked":["Busted Crown","Black Star"],"picked":"Astrolabe"},{"not_picked":["Philosopher\u0027s Stone","Empty Cage"],"picked":"Mark of Pain"}],"items_purged_floors":[21,29],"is_endless":false,"potions_floor_spawned":[1,10,11,16,23,25,31,33],"killed_by":"Giant Head","ascension_level":15}}