{"host":"if46sxignvy4ka0k","time":1612992668,"event":{"mods":["BaseMod","Minty Spire (QoL Compilation)","StSLib","The Cursed"],"gold_per_floor":[118,132,132,143,26,26,61,74,120,120,136,156,186,186,186,311,311,336,435,435,455,478,519,519,532,556,556,589,605,641,661,661,789,789,807,244,257,29,47,47,60,78,78,19,52,76,100,100,100,100,100,100,8,41,41,41],"floor_reached":55,"language":"ENG","playtime":4384,"items_purged":[],"score":898,"play_id":"84e7f1f7-956b-4477-a6eb-2ff3b89e7ff1","local_time":"20210210153108","is_ascension_mode":false,"campfire_choices":[{"floor":10,"key":"REST"},{"data":"TheCursedMod:CircleOfAbyss","floor":15,"key":"SMITH"},{"data":"TheCursedMod:EmpowerCircles","floor":27,"key":"SMITH"},{"data":"TheCursedMod:CircleOfAbyss","floor":32,"key":"SMITH"},{"data":"Apotheosis","floor":40,"key":"SMITH"},{"floor":49,"key":"RECALL"},{"data":"TheCursedMod:CircleOfWindfury","floor":52,"key":"SMITH"}],"circlet_count":0,"master_deck":["TheCursedMod:Strike_TheCursed+1","TheCursedMod:Strike_TheCursed+1","TheCursedMod:Strike_TheCursed+1","TheCursedMod:Defend_TheCursed+1","TheCursedMod:Defend_TheCursed+1","TheCursedMod:Defend_TheCursed+1","TheCursedMod:Defend_TheCursed+1","TheCursedMod:CursedWand","TheCursedMod:CleanUpWorkshop","TheCursedMod:Dregs","Decay","TheCursedMod:NeowsMight+1","TheCursedMod:WearCloak","TheCursedMod:CircleOfFlame+1","TheCursedMod:RavingStaff","TheCursedMod:EmpowerCircles+1","TheCursedMod:CursedBlade","TheCursedMod:SpitefulStrike+1","TheCursedMod:ManaBullet+1","TheCursedMod:SoulCrush+1","TheCursedMod:CircleOfAbyss+1","TheCursedMod:CursedBlade+1","Injury","TheCursedMod:VoidForm+1","CurseOfTheBell","TheCursedMod:CircleOfCorruption+1","TheCursedMod:AbyssShockwave+1","TheCursedMod:CircleOfBlood","TheCursedMod:AbyssShockwave+1","TheCursedMod:HellfireBreathing+1","TheCursedMod:CircleOfAbyss+1","TheCursedMod:CircleOfBlood+1","TheCursedMod:SurpriseAttack+1","TheCursedMod:CursedShiv+1","TheCursedMod:ShockAndAwe+1","TheCursedMod:DoubleShield+1","Apotheosis+1","TheCursedMod:SpitefulPlan","TheCursedMod:CircleOfCorruption","TheCursedMod:CircleOfCorruption+1","TheCursedMod:CursedAmulet+1","TheCursedMod:WearCloak+1","TheCursedMod:Dregs","TheCursedMod:Hemoplague","TheCursedMod:SpitefulPray","TheCursedMod:NeowsMight","TheCursedMod:CircleOfWindfury+1","Panache","TheCursedMod:CursedArmor"],"relics":["TheCursedMod:BlackMagic101","Molten Egg 2","MealTicket","Toy Ornithopter","Meat on the Bone","Golden Idol","Calling Bell","Nunchaku","InkBottle","TheCursedMod:MagicCandle","Mummified Hand","Regal Pillow","Orichalcum","Question Card","Cursed Key","Darkstone Periapt","Membership Card","Bronze Scales","Shuriken","TheCursedMod:SoulVessel"],"acts_visited":["Exordium","TheCity","TheBeyond","TheEnding"],"potions_floor_usage":[13,16,18,23,28,33,41,42,45,46,50,55,55],"damage_taken":[{"damage":1,"enemies":"Cultist","floor":1,"turns":4},{"damage":0,"enemies":"Jaw Worm","floor":2,"turns":4},{"damage":0,"enemies":"2 Louse","floor":4,"turns":3},{"damage":25,"enemies":"Lagavulin","floor":7,"turns":5},{"damage":7,"enemies":"2 Fungi Beasts","floor":8,"turns":3},{"damage":0,"enemies":"Exordium Wildlife","floor":11,"turns":1},{"damage":2,"enemies":"Looter","floor":12,"turns":3},{"damage":14,"enemies":"3 Sentries","floor":13,"turns":5},{"damage":14,"enemies":"The Guardian","floor":16,"turns":7},{"damage":19,"enemies":"2 Thieves","floor":18,"turns":3},{"damage":2,"enemies":"Spheric Guardian","floor":21,"turns":3},{"damage":5,"enemies":"Shelled Parasite and Fungi","floor":22,"turns":3},{"damage":0,"enemies":"Gremlin Leader","floor":23,"turns":4},{"damage":30,"enemies":"Cultist and Chosen","floor":25,"turns":5},{"damage":10,"enemies":"Slavers","floor":28,"turns":3},{"damage":0,"enemies":"Centurion and Healer","floor":29,"turns":2},{"damage":32,"enemies":"Book of Stabbing","floor":30,"turns":6},{"damage":0,"enemies":"Snecko","floor":31,"turns":3},{"damage":58,"enemies":"Champ","floor":33,"turns":7},{"damage":7,"enemies":"3 Shapes","floor":35,"turns":2},{"damage":0,"enemies":"3 Darklings","floor":37,"turns":2},{"damage":26,"enemies":"Jaw Worm Horde","floor":39,"turns":3},{"damage":17,"enemies":"Transient","floor":41,"turns":5},{"damage":7,"enemies":"Maw","floor":42,"turns":5},{"damage":5,"enemies":"Nemesis","floor":45,"turns":5},{"damage":0,"enemies":"Spire Growth","floor":46,"turns":3},{"damage":3,"enemies":"Transient","floor":47,"turns":5},{"damage":2,"enemies":"Donu and Deca","floor":50,"turns":4},{"damage":53,"enemies":"Shield and Spear","floor":54,"turns":6},{"damage":70,"enemies":"The Heart","floor":55,"turns":4}],"seed_played":"-7431992807598946214","potions_obtained":[{"floor":7,"key":"PowerPotion"},{"floor":11,"key":"ColorlessPotion"},{"floor":12,"key":"Explosive Potion"},{"floor":21,"key":"Swift Potion"},{"floor":23,"key":"SteroidPotion"},{"floor":25,"key":"ColorlessPotion"},{"floor":31,"key":"Weak Potion"},{"floor":33,"key":"Energy Potion"},{"floor":41,"key":"Ancient Potion"},{"floor":42,"key":"Explosive Potion"},{"floor":46,"key":"BlessingOfTheForge"},{"floor":47,"key":"Fruit Juice"},{"floor":54,"key":"Energy Potion"}],"is_trial":false,"path_per_floor":["M","M","?","M","$","?","E","M","T","R","M","M","E","?","R","B",null,"M","?","?","M","M","E","?","M","T","R","E","M","E","M","R","B",null,"M","$","M","$","M","R","M","M","T","$","E","M","M","?","R","B",null,"R","$","E","B"],"character_chosen":"THE_CURSED","items_purchased":["TheCursedMod:EmpowerCircles","TheCursedMod:CursedBlade","Apotheosis","Darkstone Periapt","PowerPotion","TheCursedMod:SpitefulPlan","Membership Card","Bronze Scales","TheCursedMod:Hemoplague","TheCursedMod:SpitefulPray","Panache"],"campfire_rested":1,"item_purchase_floors":[5,5,36,36,36,36,38,38,44,44,53],"current_hp_per_floor":[74,74,59,59,59,52,27,20,20,42,42,40,31,31,31,34,75,56,56,56,54,49,60,60,48,48,48,43,43,29,45,45,28,75,72,75,75,75,57,57,65,73,79,81,81,81,78,78,78,81,81,81,81,46,0,0],"gold":41,"neow_bonus":"THREE_RARE_CARDS","is_daily":false,"chose_seed":false,"campfire_upgraded":5,"win_rate":0.0,"timestamp":1612992668,"path_taken":["M","?","?","M","$","?","E","M","T","R","M","M","E","?","R","BOSS","M","?","?","M","M","E","?","M","T","R","E","M","E","M","R","BOSS","M","?","M","$","M","R","M","M","T","$","E","M","M","?","R","BOSS","R","$","E","BOSS"],"items_purchased_type":["Card","Card","Card","Relic","Potion","Card","Relic","Relic","Card","Card","Card"],"build_version":"2020-12-22","purchased_purges":0,"victory":false,"max_hp_per_floor":[75,75,75,75,75,75,75,75,75,75,75,75,75,75,75,75,75,75,75,75,75,75,75,75,75,75,75,75,75,75,75,75,75,75,75,75,75,75,75,75,75,75,81,81,81,81,81,81,81,81,81,81,81,81,86,86],"card_choices":[{"not_picked":["TheCursedMod:CursedRelics","TheCursedMod:UltimatePain"],"picked":"TheCursedMod:NeowsMight","floor":0},{"not_picked":["TheCursedMod:TacticalStrike","TheCursedMod:SoulCrush"],"picked":"TheCursedMod:WearCloak","floor":1},{"not_picked":["TheCursedMod:TacticalStrike","TheCursedMod:Torture"],"picked":"TheCursedMod:CircleOfFlame","floor":2},{"not_picked":["TheCursedMod:WearCloak","TheCursedMod:SaltUponWound"],"picked":"TheCursedMod:RavingStaff","floor":4},{"not_picked":["TheCursedMod:LuckyCharm","TheCursedMod:CursedShiv+1"],"picked":"TheCursedMod:SpitefulStrike+1","floor":7},{"not_picked":["TheCursedMod:TacticalStrike+1","TheCursedMod:Torture"],"picked":"TheCursedMod:ManaBullet+1","floor":8},{"not_picked":["TheCursedMod:RapidMovement","TheCursedMod:Stigma+1"],"picked":"TheCursedMod:SoulCrush+1","floor":11},{"not_picked":["TheCursedMod:Wield+1","TheCursedMod:RavingStaff+1"],"picked":"TheCursedMod:CircleOfAbyss","floor":12},{"not_picked":["TheCursedMod:CursedArmor","TheCursedMod:OutForBlood"],"picked":"TheCursedMod:CursedBlade+1","floor":13},{"not_picked":["TheCursedMod:StunningStrike+1","TheCursedMod:DarkBarrier"],"picked":"TheCursedMod:VoidForm","floor":16},{"not_picked":["TheCursedMod:Obscuration","TheCursedMod:FleshFromBone+1"],"picked":"TheCursedMod:CircleOfCorruption+1","floor":18},{"not_picked":["TheCursedMod:Obscuration","TheCursedMod:CursedAmulet+1"],"picked":"TheCursedMod:AbyssShockwave+1","floor":21},{"not_picked":["TheCursedMod:CursedMace+1","TheCursedMod:SoulCrush+1"],"picked":"TheCursedMod:CircleOfBlood","floor":22},{"not_picked":["TheCursedMod:CursedAmulet","TheCursedMod:SpitefulStrike+1"],"picked":"TheCursedMod:AbyssShockwave+1","floor":23},{"not_picked":["TheCursedMod:CircleOfCorruption","TheCursedMod:CursedAmulet"],"picked":"TheCursedMod:HellfireBreathing+1","floor":25},{"not_picked":["TheCursedMod:TacticalStrike+1","TheCursedMod:CircleOfBlood"],"picked":"TheCursedMod:CircleOfAbyss","floor":28},{"not_picked":["TheCursedMod:WearCloak","TheCursedMod:CursedBlade+1"],"picked":"TheCursedMod:CircleOfBlood+1","floor":29},{"not_picked":["TheCursedMod:ReleasedKnowledge","TheCursedMod:UltimatePain"],"picked":"TheCursedMod:SurpriseAttack+1","floor":30},{"not_picked":["TheCursedMod:Torture","TheCursedMod:SoulReap+1","TheCursedMod:CircleOfWindfury"],"picked":"TheCursedMod:CursedShiv+1","floor":31},{"not_picked":["TheCursedMod:Neurasthenia","TheCursedMod:OutForBlood","TheCursedMod:ManaCirculation"],"picked":"TheCursedMod:ShockAndAwe+1","floor":33},{"not_picked":["TheCursedMod:CursedShiv+1","TheCursedMod:EmpowerCircles+1","TheCursedMod:ReleasedKnowledge"],"picked":"TheCursedMod:DoubleShield+1","floor":35},{"not_picked":["TheCursedMod:SaltUponWound+1","TheCursedMod:FleshFromBone","TheCursedMod:RavingStaff+1"],"picked":"TheCursedMod:CircleOfCorruption","floor":37},{"not_picked":["TheCursedMod:FuryStrike+1","TheCursedMod:VitalStrike+1","TheCursedMod:FleshFromBone+1"],"picked":"TheCursedMod:CircleOfCorruption+1","floor":39},{"not_picked":["TheCursedMod:PrepareRite","TheCursedMod:CursedArmor+1","TheCursedMod:CircleOfWindfury+1"],"picked":"TheCursedMod:CursedAmulet+1","floor":41},{"not_picked":["TheCursedMod:ReleasedStrength","TheCursedMod:CursedShiv+1","TheCursedMod:AbyssShockwave+1"],"picked":"TheCursedMod:WearCloak+1","floor":42},{"not_picked":["TheCursedMod:Obscuration+1","TheCursedMod:CircleOfCorruption","TheCursedMod:ReleasedStrength+1"],"picked":"TheCursedMod:NeowsMight","floor":45},{"not_picked":["TheCursedMod:CircleOfBlood","TheCursedMod:ReleasedStrength","TheCursedMod:Mangle+1"],"picked":"TheCursedMod:CircleOfWindfury","floor":46},{"not_picked":["TheCursedMod:Obscuration","TheCursedMod:RapidMovement","TheCursedMod:ReleasedKnowledge","TheCursedMod:SoulReap+1"],"picked":"SKIP","floor":47},{"not_picked":["TheCursedMod:CursedBlade+1","TheCursedMod:Wield+1","TheCursedMod:ManaBullet+1"],"picked":"TheCursedMod:CursedArmor","floor":54}],"player_experience":2153547,"relics_obtained":[{"floor":7,"key":"MealTicket"},{"floor":9,"key":"Toy Ornithopter"},{"floor":13,"key":"Meat on the Bone"},{"floor":17,"key":"Nunchaku"},{"floor":17,"key":"InkBottle"},{"floor":17,"key":"TheCursedMod:MagicCandle"},{"floor":23,"key":"Mummified Hand"},{"floor":26,"key":"Regal Pillow"},{"floor":28,"key":"Orichalcum"},{"floor":30,"key":"Question Card"},{"floor":45,"key":"Shuriken"},{"floor":54,"key":"TheCursedMod:SoulVessel"}],"event_choices":[{"damage_healed":0,"gold_gain":0,"player_choice":"Entered Light","damage_taken":15,"max_hp_gain":0,"max_hp_loss":0,"event_name":"Shining Light","floor":3,"gold_loss":0,"cards_upgraded":["TheCursedMod:CircleOfFlame","TheCursedMod:NeowsMight"]},{"damage_healed":0,"gold_gain":0,"player_choice":"Success","damage_taken":7,"relics_obtained":["Molten Egg 2"],"max_hp_gain":0,"max_hp_loss":0,"event_name":"Scrap Ooze","floor":6,"gold_loss":0},{"damage_healed":0,"gold_gain":0,"player_choice":"Take Wound","damage_taken":0,"relics_obtained":["Golden Idol"],"max_hp_gain":0,"max_hp_loss":0,"event_name":"Golden Idol","floor":14,"gold_loss":0,"cards_obtained":["Injury"]},{"damage_healed":0,"gold_gain":99,"player_choice":"Stole From Cult","damage_taken":0,"max_hp_gain":0,"max_hp_loss":0,"event_name":"Nest","floor":19,"gold_loss":0},{"damage_healed":0,"gold_gain":0,"player_choice":"Simplicity","damage_taken":0,"max_hp_gain":0,"max_hp_loss":0,"event_name":"Back to Basics","floor":20,"gold_loss":0,"cards_upgraded":["TheCursedMod:Strike_TheCursed","TheCursedMod:Strike_TheCursed","TheCursedMod:Strike_TheCursed","TheCursedMod:Strike_TheCursed","TheCursedMod:Defend_TheCursed","TheCursedMod:Defend_TheCursed","TheCursedMod:Defend_TheCursed","TheCursedMod:Defend_TheCursed"]},{"cards_removed":["TheCursedMod:Strike_TheCursed"],"damage_healed":0,"gold_gain":0,"player_choice":"Offered Basic","damage_taken":0,"max_hp_gain":0,"max_hp_loss":0,"event_name":"Bonfire Elementals","floor":24,"gold_loss":0},{"damage_healed":0,"gold_gain":0,"player_choice":"Upgraded","damage_taken":0,"max_hp_gain":0,"max_hp_loss":0,"event_name":"Upgrade Shrine","floor":48,"gold_loss":0,"cards_upgraded":["TheCursedMod:VoidForm"]}],"is_beta":false,"boss_relics":[{"not_picked":["Busted Crown","Velvet Choker"],"picked":"Calling Bell"},{"not_picked":["SacredBark","Runic Pyramid"],"picked":"Cursed Key"}],"items_purged_floors":[],"is_endless":false,"potions_floor_spawned":[7,11,12,21,23,25,31,33,41,42,46,47,54],"killed_by":"The Heart","ascension_level":0}}