{"host":"adi","time":1612986559,"event":{"mods":["AchievementEnabler","BaseMod","Bestiary","Colored Powertips","Minty Spire (QoL Compilation)","StSLib"],"gold_per_floor":[109,123,133,143,154,154,179,179,190,190,190,190,222,66,78,28,28,28,132,132,118,118,136,46,10,10,10,41,41,72,96,126,142,157,157,173,173,270,270,286,286,286,306,317,317,317,317,317,317,317,397,76,76,76,76],"floor_reached":56,"language":"ENG","playtime":14391,"items_purged":["Strike_R"],"score":1172,"play_id":"dd109df2-e6ee-41af-993c-87645f86d3f2","local_time":"20210210204919","is_ascension_mode":true,"campfire_choices":[{"data":"True Grit","floor":6.0,"key":"SMITH"},{"floor":8.0,"key":"REST"},{"data":"Disarm","floor":11.0,"key":"SMITH"},{"data":"Armaments","floor":17.0,"key":"SMITH"},{"floor":18.0,"key":"DIG"},{"floor":27.0,"key":"DIG"},{"floor":35.0,"key":"REST"},{"data":"Demon Form","floor":37.0,"key":"SMITH"},{"floor":45.0,"key":"DIG"},{"floor":47.0,"key":"DIG"},{"floor":54.0,"key":"DIG"}],"circlet_count":0,"master_deck":["AscendersBane","Defend_R","Defend_R","Defend_R","Defend_R","Bash","Shockwave","Battle Trance","True Grit+1","Sword Boomerang","Double Tap","Disarm+1","Feel No Pain","Armaments+1","Immolate","Sentinel","Feel No Pain+1","Spot Weakness+1","Burning Pact","Demon Form+1","Shrug It Off","Reaper"],"relics":["Burning Blood","Dream Catcher","Juzu Bracelet","White Beast Statue","Shovel","Potion Belt","Self Forming Clay","Mark of Pain","Enchiridion","PreservedInsect","Omamori","Lizard Tail","Anchor","Vajra","Calling Bell","Blood Vial","Mummified Hand","Magic Flower","Turnip","Art of War","Boot","Mercury Hourglass","Paper Frog","Oddly Smooth Stone"],"acts_visited":["Exordium","TheCity","TheBeyond"],"potions_floor_usage":[55,55],"damage_taken":[{"damage":6.0,"enemies":"Cultist","floor":1.0,"turns":4.0},{"damage":10.0,"enemies":"Small Slimes","floor":2.0,"turns":3.0},{"damage":2.0,"enemies":"2 Louse","floor":3.0,"turns":4.0},{"damage":5.0,"enemies":"Red Slaver","floor":4.0,"turns":5.0},{"damage":1.0,"enemies":"2 Fungi Beasts","floor":5.0,"turns":4.0},{"damage":48.0,"enemies":"Gremlin Nob","floor":7.0,"turns":6.0},{"damage":16.0,"enemies":"Exordium Wildlife","floor":9.0,"turns":6.0},{"damage":25.0,"enemies":"3 Sentries","floor":13.0,"turns":8.0},{"damage":4.0,"enemies":"Large Slime","floor":15.0,"turns":7.0},{"damage":26.0,"enemies":"The Guardian","floor":19.0,"turns":13.0},{"damage":17.0,"enemies":"2 Thieves","floor":21.0,"turns":4.0},{"damage":19.0,"enemies":"Spheric Guardian","floor":23.0,"turns":5.0},{"damage":14.0,"enemies":"Slavers","floor":28.0,"turns":3.0},{"damage":13.0,"enemies":"Gremlin Leader","floor":30.0,"turns":5.0},{"damage":0.0,"enemies":"Book of Stabbing","floor":32.0,"turns":6.0},{"damage":9.0,"enemies":"Cultist and Chosen","floor":33.0,"turns":5.0},{"damage":5.0,"enemies":"Chosen and Byrds","floor":34.0,"turns":5.0},{"damage":13.0,"enemies":"Sentry and Sphere","floor":36.0,"turns":4.0},{"damage":35.0,"enemies":"Collector","floor":38.0,"turns":11.0},{"damage":37.0,"enemies":"3 Darklings","floor":40.0,"turns":5.0},{"damage":10.0,"enemies":"Orb Walker","floor":43.0,"turns":5.0},{"damage":12.0,"enemies":"Jaw Worm Horde","floor":44.0,"turns":5.0},{"damage":0.0,"enemies":"4 Shapes","floor":49.0,"turns":1.0},{"damage":82,"enemies":"Donu and Deca","floor":55,"turns":9}],"seed_played":"6720026576762813002","potions_obtained":[{"floor":1.0,"key":"BloodPotion"},{"floor":2.0,"key":"BlessingOfTheForge"},{"floor":4.0,"key":"Fruit Juice"},{"floor":7.0,"key":"Energy Potion"},{"floor":13.0,"key":"ElixirPotion"},{"floor":15.0,"key":"LiquidMemories"},{"floor":19.0,"key":"FearPotion"},{"floor":21.0,"key":"SpeedPotion"},{"floor":23.0,"key":"Fire Potion"},{"floor":28.0,"key":"DuplicationPotion"},{"floor":30.0,"key":"ElixirPotion"},{"floor":32.0,"key":"Swift Potion"},{"floor":38.0,"key":"EssenceOfSteel"},{"floor":40.0,"key":"SpeedPotion"},{"floor":43.0,"key":"SpeedPotion"},{"floor":44.0,"key":"SmokeBomb"}],"is_trial":false,"path_per_floor":["M","M","M","M","M","R","E","R","M","T","R","?","E","$","M","?","R","R","B",null,"M","?","M","?","$","?","R","E","?","E","T","E","M","M","R","M","R","B",null,"M","?","?","M","M","R","?","R","T","M","?","T","$","?","R","B",null],"character_chosen":"IRONCLAD","items_purchased":["Potion Belt","Spot Weakness","Paper Frog"],"campfire_rested":2,"item_purchase_floors":[14,25,52],"current_hp_per_floor":[72,68,72,78,83,83,41,66,56,56,56,56,37,37,39,39,39,39,19,69,58,58,62,62,62,46,46,38,38,31,31,37,34,35,60,53,53,24,70,85,81,81,81,81,81,81,81,81,81,81,81,81,81,81,30],"gold":76,"neow_bonus":"RANDOM_COMMON_RELIC","is_daily":false,"chose_seed":false,"campfire_upgraded":4,"win_rate":0.0,"timestamp":1612986559,"path_taken":["M","M","?","?","M","R","E","R","M","T","R","?","E","?","M","?","R","R","BOSS","M","?","M","?","?","?","R","E","?","E","T","E","M","M","R","M","R","BOSS","M","?","?","M","M","R","?","R","T","M","?","?","$","?","R","BOSS"],"items_purchased_type":["Relic","Card","Relic"],"build_version":"2020-12-18","purchased_purges":1,"victory":true,"max_hp_per_floor":[80,80,80,85,85,85,85,85,85,85,85,85,85,85,85,85,85,85,85,85,85,85,85,85,85,85,85,85,85,85,85,85,85,85,85,85,85,85,85,85,81,81,81,81,81,81,81,81,81,81,81,81,81,81,81],"card_choices":[{"not_picked":["Ghostly Armor","Shrug It Off"],"picked":"Shockwave","floor":1.0},{"not_picked":["Flex","Bloodletting"],"picked":"Battle Trance","floor":2.0},{"not_picked":["Burning Pact","Perfected Strike"],"picked":"True Grit","floor":3.0},{"not_picked":["Clash","Clothesline","Heavy Blade"],"picked":"SKIP","floor":4.0},{"not_picked":["Wild Strike","Flex"],"picked":"Sword Boomerang","floor":5.0},{"not_picked":["Anger","Battle Trance"],"picked":"Double Tap","floor":7.0},{"not_picked":["Warcry","Perfected Strike"],"picked":"Disarm","floor":8.0},{"not_picked":["Clash","True Grit"],"picked":"Feel No Pain","floor":9.0},{"not_picked":["Wild Strike","Sword Boomerang"],"picked":"Armaments","floor":13.0},{"not_picked":["Sword Boomerang","Rage","Dual Wield"],"picked":"SKIP","floor":15.0},{"not_picked":["Double Tap","Exhume"],"picked":"Immolate","floor":19.0},{"not_picked":["Wild Strike","Iron Wave+1"],"picked":"Sentinel","floor":21.0},{"not_picked":["Hemokinesis","Rage","Body Slam"],"picked":"SKIP","floor":23.0},{"not_picked":["Clash","Armaments+1","Havoc"],"picked":"SKIP","floor":28.0},{"not_picked":["Sentinel","Anger+1","Havoc"],"picked":"SKIP","floor":30.0},{"not_picked":["Second Wind","Clothesline","Sword Boomerang"],"picked":"SKIP","floor":32.0},{"not_picked":["Shockwave","Clothesline","Rage"],"picked":"SKIP","floor":33.0},{"not_picked":["Wild Strike","Evolve"],"picked":"Burning Pact","floor":34.0},{"not_picked":["Rage","Perfected Strike"],"picked":"Demon Form","floor":35.0},{"not_picked":["True Grit","Heavy Blade"],"picked":"Shrug It Off","floor":36.0},{"not_picked":["Double Tap","Limit Break"],"picked":"Reaper","floor":38.0},{"not_picked":["Pummel","Clothesline","Cleave"],"picked":"SKIP","floor":40.0},{"not_picked":["Shrug It Off","Carnage"],"picked":"Twin Strike","floor":43.0},{"not_picked":["Searing Blow","Heavy Blade","Cleave"],"picked":"SKIP","floor":44.0}],"player_experience":379121,"relics_obtained":[{"floor":7.0,"key":"Juzu Bracelet"},{"floor":10.0,"key":"White Beast Statue"},{"floor":13.0,"key":"Shovel"},{"floor":18.0,"key":"Self Forming Clay"},{"floor":26.0,"key":"Enchiridion"},{"floor":27.0,"key":"PreservedInsect"},{"floor":28.0,"key":"Omamori"},{"floor":30.0,"key":"Lizard Tail"},{"floor":31.0,"key":"Anchor"},{"floor":32.0,"key":"Vajra"},{"floor":39.0,"key":"Blood Vial"},{"floor":39.0,"key":"Mummified Hand"},{"floor":39.0,"key":"Magic Flower"},{"floor":45.0,"key":"Turnip"},{"floor":47.0,"key":"Art of War"},{"floor":48.0,"key":"Boot"},{"floor":51.0,"key":"Mercury Hourglass"},{"floor":54.0,"key":"Oddly Smooth Stone"}],"event_choices":[{"cards_removed":["Strike_R"],"damage_healed":0.0,"max_hp_gain":0.0,"max_hp_loss":0.0,"gold_gain":0.0,"event_name":"Purifier","player_choice":"Purged","floor":12.0,"gold_loss":0.0,"damage_taken":0.0},{"cards_removed":["Strike_R"],"damage_healed":0.0,"max_hp_gain":0.0,"max_hp_loss":0.0,"gold_gain":0.0,"event_name":"The Cleric","player_choice":"Card Removal","floor":16.0,"gold_loss":50.0,"damage_taken":0.0},{"damage_healed":0.0,"max_hp_gain":0.0,"max_hp_loss":0.0,"gold_gain":0.0,"event_name":"Duplicator","player_choice":"Copied","floor":22.0,"gold_loss":0.0,"damage_taken":0.0,"cards_obtained":["Feel No Pain"]},{"cards_removed":["Strike_R"],"damage_healed":0.0,"max_hp_gain":0.0,"max_hp_loss":0.0,"gold_gain":0.0,"event_name":"Designer","player_choice":"Upgrade and Remove","floor":24.0,"gold_loss":90.0,"damage_taken":0.0,"cards_upgraded":["Feel No Pain"]},{"damage_healed":0.0,"max_hp_gain":0.0,"max_hp_loss":0.0,"gold_gain":0.0,"event_name":"Cursed Tome","player_choice":"Obtained Book","floor":26.0,"gold_loss":0.0,"damage_taken":16.0},{"damage_healed":0.0,"max_hp_gain":0.0,"max_hp_loss":0.0,"gold_gain":0.0,"event_name":"Accursed Blacksmith","player_choice":"Forge","floor":29.0,"gold_loss":0.0,"damage_taken":0.0,"cards_upgraded":["Spot Weakness"]},{"damage_healed":0.0,"max_hp_gain":0.0,"max_hp_loss":4.0,"gold_gain":0.0,"event_name":"Winding Halls","player_choice":"Max HP","floor":41.0,"gold_loss":0.0,"damage_taken":0.0},{"cards_removed":["Strike_R"],"damage_healed":0.0,"max_hp_gain":0.0,"max_hp_loss":0.0,"gold_gain":0.0,"event_name":"Bonfire Elementals","player_choice":"Offered Basic","floor":42.0,"gold_loss":0.0,"damage_taken":0.0},{"cards_removed":["Twin Strike"],"damage_healed":0.0,"max_hp_gain":0.0,"max_hp_loss":0.0,"gold_gain":0.0,"event_name":"Falling","player_choice":"Removed Attack","floor":46.0,"gold_loss":0.0,"damage_taken":0.0},{"damage_healed":0.0,"max_hp_gain":0.0,"max_hp_loss":0.0,"gold_gain":0.0,"event_name":"Tomb of Lord Red Mask","player_choice":"Ignored","floor":50.0,"gold_loss":0.0,"damage_taken":0.0},{"damage_healed":0.0,"max_hp_gain":0.0,"max_hp_loss":0.0,"gold_gain":0.0,"event_name":"SensoryStone","player_choice":"Memory 1","floor":53.0,"gold_loss":0.0,"damage_taken":0.0}],"is_beta":true,"boss_relics":[{"not_picked":["SlaversCollar","Busted Crown"],"picked":"Mark of Pain"},{"not_picked":["Coffee Dripper","Runic Dome"],"picked":"Calling Bell"}],"items_purged_floors":[52],"is_endless":false,"potions_floor_spawned":[1,2,4,7,13,15,19,21,23,28,30,32,33,34,36,38,40,43,44,49],"ascension_level":12}}