{"host":"r5cycnjhcbwgkpkf","time":1612987605,"event":{"mods":["2.2 Compatiblity","AchievementEnabler","BaseMod","Bestiary","Better Altar","Better Match","Better Note","Better Skull","Better Third Choice","BetterRewards","Colored Map","Colored Powertips","Infinite Spire","Minty Spire (QoL Compilation)","Reliquary","Replay The Spire","Spicy Shops","StSLib"],"gold_per_floor":[113,113,176,223,240,240,327,327,350,383,431,496,496,531,531,626,635,654,665,665,686,425,460,475,475,520,520,579,637,637,725,725,875,875,955,1043,1043,1043,524,524,576,654,701,701,760,760,819,891,891,891],"floor_reached":51,"language":"ENG","playtime":4181,"items_purged":["Strike_P"],"score":1680,"play_id":"59382f14-4d6f-4a67-bde4-ec46cd0150f5","local_time":"20210210120645","is_ascension_mode":true,"campfire_choices":[{"data":"Eruption","floor":6.0,"key":"SMITH"},{"data":"Wish","floor":8.0,"key":"SMITH"},{"floor":13.0,"key":"REST"},{"floor":15.0,"key":"DIG"},{"floor":25.0,"key":"REST"},{"floor":27.0,"key":"REST"},{"floor":30.0,"key":"REST"},{"data":"MasterReality","floor":32.0,"key":"SMITH"},{"data":"MentalFortress","floor":40.0,"key":"SMITH"},{"data":"Ragnarok","floor":46,"key":"SMITH"},{"data":"SandsOfTime","floor":49,"key":"SMITH"}],"circlet_count":0,"master_deck":["Strike_P","Strike_P+1","Strike_P","Defend_P","Defend_P","Defend_P","Defend_P","Eruption+1","Vigilance+1","Tantrum","FollowUp","BattleHymn","Wish+1","FlurryOfBlows","Consecrate+1","Conclude","AbeCurse","SandsOfTime+1","MasterReality+1","Crescendo+1","Adaptation","Indignation+1","MentalFortress+1","Ragnarok+1"],"relics":["PureWater","Akabeko","Membership Card","Lee\u0027s Waffle","Shuriken","ReplayTheSpireMod:Ring of Challenge","Replay:Mystery Machine","Potion Belt","reliquary:Stiletto","CeramicFish","Abe\u0027s Treasure","Whetstone","MealTicket","HandDrill","reliquary:RosewoodLute","Centennial Puzzle","Bird Faced Urn","infinitespire:EvilPickle","Philosopher\u0027s Stone","Eternal Feather","Toolbox","reliquary:RoseTintedGlasses","PreservedInsect","Toxic Egg 2","Lantern","Frozen Eye"],"acts_visited":["Exordium","TheCity","TheBeyond"],"potions_floor_usage":[41,48,50,50,50,50],"damage_taken":[{"damage":0.0,"enemies":"Cultist","floor":1.0,"turns":3.0},{"damage":0.0,"enemies":"2 Louse","floor":3.0,"turns":4.0},{"damage":2.0,"enemies":"Jaw Worm","floor":4.0,"turns":3.0},{"damage":7.0,"enemies":"Gremlin Gang","floor":5.0,"turns":3.0},{"damage":0.0,"enemies":"3 Louse","floor":7.0,"turns":2.0},{"damage":3.0,"enemies":"Replay:BlueRogue","floor":10.0,"turns":4.0},{"damage":15.0,"enemies":"Red Slaver","floor":11.0,"turns":5.0},{"damage":2.0,"enemies":"Lots of Slimes","floor":12.0,"turns":1.0},{"damage":15.0,"enemies":"Lagavulin","floor":14.0,"turns":4.0},{"damage":51.0,"enemies":"The Guardian","floor":16.0,"turns":5.0},{"damage":0.0,"enemies":"Chosen","floor":18.0,"turns":3.0},{"damage":20.0,"enemies":"2 Thieves","floor":19.0,"turns":3.0},{"damage":0.0,"enemies":"Sentry and Sphere","floor":21.0,"turns":2.0},{"damage":20.0,"enemies":"Slavers","floor":23.0,"turns":2.0},{"damage":5.0,"enemies":"Chosen and Byrds","floor":24.0,"turns":4.0},{"damage":10.0,"enemies":"Gremlin Leader","floor":28.0,"turns":3.0},{"damage":4.0,"enemies":"Shelled Parasite and Fungi","floor":29.0,"turns":2.0},{"damage":12.0,"enemies":"Sentry and Sphere","floor":31.0,"turns":3.0},{"damage":42.0,"enemies":"Pondfish","floor":33.0,"turns":6.0},{"damage":27.0,"enemies":"3 Shapes","floor":35.0,"turns":3.0},{"damage":0.0,"enemies":"Orb Walker","floor":36.0,"turns":2.0},{"damage":0,"enemies":"Writhing Mass","floor":41,"turns":1},{"damage":0,"enemies":"Reptomancer","floor":42,"turns":2},{"damage":18,"enemies":"Sphere and 2 Shapes","floor":45,"turns":2},{"damage":0,"enemies":"Jaw Worm Horde","floor":47,"turns":2},{"damage":21,"enemies":"4 Shapes","floor":48,"turns":2},{"damage":140,"enemies":"Awakened One","floor":50,"turns":6}],"seed_played":"2545639241127907770","potions_obtained":[{"floor":3.0,"key":"EssenceOfSteel"},{"floor":4.0,"key":"Strength Potion"},{"floor":5.0,"key":"Dexterity Potion"},{"floor":10.0,"key":"LiquidMemories"},{"floor":16.0,"key":"LiquidBronze"},{"floor":21.0,"key":"LiquidBronze"},{"floor":23.0,"key":"FairyPotion"},{"floor":28.0,"key":"BlessingOfTheForge"},{"floor":36.0,"key":"Dexterity Potion"},{"floor":45,"key":"Doom Potion"},{"floor":48,"key":"Milkshake"}],"is_trial":false,"path_per_floor":["M","?","M","M","M","R","M","R","T","E","M","M","R","E","R_BF","B",null,"M","M","?","M","$","E","M","R","T","R","E","M","R","M","R","B",null,"M","M","?","?","$","R","M","E","T","AVR","M","R","M","M","R","B",null],"character_chosen":"WATCHER","items_purchased":["Tantrum","Akabeko","Membership Card","Lee\u0027s Waffle","Shuriken","Whetstone","MealTicket","HandDrill","Eternal Feather","Toolbox","reliquary:RoseTintedGlasses","SkillPotion","Swift Potion","Fire Potion","MentalFortress","PreservedInsect"],"campfire_rested":4,"item_purchase_floors":[0,0,0,0,0,22,22,22,39,39,39,39,39,39,39,39],"current_hp_per_floor":[79,79,79,77,70,70,70,70,70,67,52,50,73,58,58,7,61,61,41,41,41,41,21,16,39,39,62,52,50,73,65,65,27,66,41,45,45,45,60,72,72,72,72,72,58,70,76,59,71,25],"gold":891,"neow_bonus":"","is_daily":false,"chose_seed":false,"campfire_upgraded":6,"win_rate":0.0,"timestamp":1612987605,"path_taken":["M","?","M","M","M","R","M","R","T","E","M","M","R","E","R_BF","BOSS","M","M","?","M","$","E","M","R","T","R","E","?","R","M","R","BOSS","M","M","?","?","$","R","M","E","T","AVR","?","R","M","M","R","BOSS"],"items_purchased_type":["Card","Relic","Relic","Relic","Relic","Relic","Relic","Relic","Relic","Relic","Relic","Potion","Potion","Potion","Card","Relic"],"build_version":"2020-12-22","purchased_purges":1,"victory":true,"max_hp_per_floor":[79,79,79,79,79,79,79,79,79,79,79,79,79,79,79,79,79,79,79,79,79,79,79,79,79,79,79,79,79,79,79,79,79,79,79,79,79,79,79,79,79,79,79,79,79,79,79,79,79,79],"card_choices":[{"not_picked":["Replay:Anticipation","CrushJoints"],"picked":"FollowUp","floor":1.0},{"not_picked":["Meditate","JustLucky"],"picked":"BattleHymn","floor":3.0},{"not_picked":["SashWhip","FlyingSleeves"],"picked":"Wish","floor":4.0},{"not_picked":["Protect","CutThroughFate","WaveOfTheHand"],"picked":"SKIP","floor":5.0},{"not_picked":["Replay:ManipulateFuture","EmptyBody"],"picked":"FlurryOfBlows","floor":7.0},{"not_picked":["Protect","DevaForm","SashWhip"],"picked":"SKIP","floor":10.0},{"not_picked":["FlyingSleeves","FlurryOfBlows"],"picked":"Consecrate","floor":11.0},{"not_picked":["Weave","Collect","Replay:Battleflow"],"picked":"SKIP","floor":12.0},{"not_picked":["Worship","CarveReality"],"picked":"Conclude","floor":14.0},{"not_picked":["JustLucky","Replay:ManipulateFuture"],"picked":"Crescendo","floor":18.0},{"not_picked":["FlyingSleeves","Replay:Anticipation+1","Protect"],"picked":"SKIP","floor":19.0},{"not_picked":["Fasting2","Vengeance+1"],"picked":"SandsOfTime","floor":21.0},{"not_picked":["SignatureMove","Replay:ManipulateFuture","BattleHymn"],"picked":"SKIP","floor":23.0},{"not_picked":["FlyingSleeves","PathToVictory","Prostrate"],"picked":"SKIP","floor":24.0},{"not_picked":["Perseverance","Replay:Battleflow"],"picked":"MasterReality","floor":28.0},{"not_picked":["Replay:AtTheReady","JustLucky"],"picked":"Crescendo+1","floor":29.0},{"not_picked":["Conclude","ThirdEye","SandsOfTime"],"picked":"SKIP","floor":31.0},{"not_picked":["Halt","Replay:Vibes"],"picked":"Adaptation","floor":35.0},{"not_picked":["BattleHymn+1","Halt+1"],"picked":"Indignation+1","floor":36.0},{"not_picked":["Vengeance","Pray","ThirdEye+1"],"picked":"SKIP","floor":41},{"not_picked":["Nirvana+1","InnerPeace+1"],"picked":"Ragnarok","floor":42},{"not_picked":["BowlingBash","Replay:Battleflow+1","Study+1"],"picked":"SKIP","floor":45},{"not_picked":["Evaluate+1","FollowUp+1","FlurryOfBlows"],"picked":"SKIP","floor":47},{"not_picked":["JustLucky","Evaluate+1","Replay:BluntJabs+1"],"picked":"SKIP","floor":48}],"player_experience":407796,"relics_obtained":[{"floor":2.0,"key":"ReplayTheSpireMod:Ring of Challenge"},{"floor":9.0,"key":"Replay:Mystery Machine"},{"floor":10.0,"key":"Potion Belt"},{"floor":11.0,"key":"reliquary:Stiletto"},{"floor":15.0,"key":"CeramicFish"},{"floor":23.0,"key":"reliquary:RosewoodLute"},{"floor":26.0,"key":"Centennial Puzzle"},{"floor":28.0,"key":"Bird Faced Urn"},{"floor":42,"key":"Toxic Egg 2"},{"floor":43,"key":"Lantern"}],"event_choices":[{"damage_healed":0.0,"max_hp_gain":0.0,"max_hp_loss":0.0,"gold_gain":0.0,"event_name":"Accursed Blacksmith","player_choice":"Forge","floor":20.0,"gold_loss":0.0,"damage_taken":0.0,"cards_upgraded":["Vigilance"]},{"damage_healed":0.0,"max_hp_gain":0.0,"max_hp_loss":0.0,"gold_gain":0.0,"event_name":"Tomb of Lord Red Mask","player_choice":"Ignored","floor":37.0,"gold_loss":0.0,"damage_taken":0.0},{"cards_removed":["Crescendo"],"damage_healed":0.0,"max_hp_gain":0.0,"max_hp_loss":0.0,"gold_gain":0.0,"event_name":"Purifier","player_choice":"Purged","floor":38.0,"gold_loss":0.0,"damage_taken":0.0}],"is_beta":false,"boss_relics":[{"not_picked":["Cursed Key","Runic Dome"],"picked":"Abe\u0027s Treasure"},{"not_picked":["SlaversCollar","SacredBark"],"picked":"Philosopher\u0027s Stone"}],"items_purged_floors":[22],"is_endless":false,"potions_floor_spawned":[3,4,5,10,16,21,23,28,36,45,48],"ascension_level":6}}