{"host":"hzswyuuwdl03wwzr","time":1612928467,"event":{"mods":["100% Spire Juice","ATMod(∞¢Ë™Mod)","AchievementEnabler","Act Like it!","BaseMod","Bossed Relics","CapriCore","Hallownest","Lobotomy","LobotomyExtend","Luminous","Marisa£®ÏF”Í°°ƒß¿Ì…≥£©","Minty Spire (QoL Compilation)","MostiFishMod","Pale of the Ancients","Quick Restart","Reimu£®≤©¿ˆ¡È√Œ£©","Reliquary","Replay The Spire","StSLib","The Cursed","The Hierophant","The Immortal","The Runesmith","WarShipGirlsR/’ΩΩ¢…Ÿ≈ÆR mod","Warlord Emblem","Youmu£®ªÍ∆«—˝√Œ£©","Yuyuko","°æπ¶ƒ‹Mod°øªÏ„Á÷Æª∑–ﬁ∏¥≤π∂°","°æ“≈ŒÔø®≈∆°øREMEMod"],"gold_per_floor":[117,83,94,132,149,177,177,199,247,247,280,281,281,281,281,381,381,400,400,431,431,454,454,454,454,454,454,49,49,96,131,131,245,245,275,275,303,329,329,329,377,377,377,224,261,291,334,416,416,416,416,416,0,0,0],"floor_reached":54,"language":"ZHS","playtime":1758,"items_purged":["Hallownest:curseDreamersLament"],"score":1051,"play_id":"248bbc14-6777-4571-a635-b43d2e5a5c2f","local_time":"20210210114107","is_ascension_mode":false,"campfire_choices":[{"data":"hierophant:ChurchCoffers","floor":10,"key":"SMITH"},{"data":"hierophant:PassingBell","floor":15,"key":"SMITH"},{"data":"hierophant:Doubloon","floor":23,"key":"SMITH"},{"data":"hierophant:Doubloon","floor":25,"key":"SMITH"},{"data":"hierophant:Punish","floor":27,"key":"SMITH"},{"data":"hierophant:Strike_Hierophant","floor":27,"key":"SMITH"},{"data":"Crow Ritual","floor":29,"key":"SMITH"},{"data":"hierophant:Strike_Hierophant","floor":29,"key":"SMITH"},{"floor":32,"key":"RECALL"},{"data":"hierophant:Strike_Hierophant","floor":40,"key":"SMITH"},{"data":"hierophant:Strike_Hierophant","floor":40,"key":"SMITH"},{"data":"hierophant:Strike_Hierophant","floor":42,"key":"SMITH"},{"data":"hierophant:Strike_Hierophant","floor":42,"key":"SMITH"},{"floor":49,"key":"REST"},{"data":"hierophant:Strike_Hierophant","floor":52,"key":"SMITH"},{"data":"hierophant:Strike_Hierophant","floor":52,"key":"SMITH"}],"circlet_count":0,"master_deck":["hierophant:Strike_Hierophant","hierophant:Strike_Hierophant","hierophant:Strike_Hierophant+1","hierophant:Strike_Hierophant","hierophant:Punish+1","hierophant:Defend_Hierophant","hierophant:Defend_Hierophant","hierophant:Defend_Hierophant","hierophant:Defend_Hierophant","hierophant:ChurchCoffers+1","hierophant:Smite+1","hierophant:PassingBell+1","Hallownest:curseDreamersLament","hierophant:RustyCrate+1","hierophant:Doubloon+1","hierophant:Doubloon+1","Crow Ritual+1","hierophant:OrnateBuckler+1","hierophant:HolyVerse+1","hierophant:Sermon+1","hierophant:Exaltation+1","hierophant:ThreeLashes+1"],"relics":["hierophant:PropheticMaskRelic","AT_ATBox","REME_ComplimentaryCards","DaveBox","Blood Vial","SynthV:TestCard","LetterFromLob","ReplayFunnel","Tea:ReiMu","Simple Rune","AT_RedTearstoneRing","MostiFishMod:Haymaker","Hallownest:TeacherSealRelic","RhineSuit","Hallownest:WatcherSealRelic","Replay:Arrowhead","AT_EbonyIvory","HollowDreamFlower","RhineCircuit","Bronze Scales","AT_SpeedBoots","AT_SilvercatRing","AT_SunfireAegis","AT_GoldPhoenixTree","Bottled Tornado","REME_OnlineShoppingPlatform"],"acts_visited":["Hallownest:Greenpath","Hallownest:CityofTears","Hallownest:KingdomsEdge","TheEnding"],"potions_floor_usage":[16,16,33,48,50,50],"damage_taken":[{"damage":20,"enemies":"Hallownest:2_Tiktiks_and_1_Crawlid","floor":1,"turns":5},{"damage":4,"enemies":"Hallownest:2_Baldur","floor":3,"turns":2},{"damage":0,"enemies":"2_ Uuma","floor":5,"turns":3},{"damage":6,"enemies":"Hallownest:eliteCrystalGuardian","floor":6,"turns":5},{"damage":8,"enemies":"Hallownest:1_Ooma_and_2_Uuma","floor":7,"turns":5},{"damage":13,"enemies":"Hallownest:eliteVengeflyKing","floor":8,"turns":5},{"damage":11,"enemies":"Hallownest:eliteCrystalGuardian","floor":11,"turns":5},{"damage":0,"enemies":"Hallownest:monsterAspidMother","floor":12,"turns":2},{"damage":28,"enemies":"Hallownest:BossBrokenVessel","floor":16,"turns":7},{"damage":4,"enemies":"Hallownest:3_Youths","floor":18,"turns":4},{"damage":5,"enemies":"Hallownest:2_Mistakes","floor":20,"turns":7},{"damage":2,"enemies":"Hallownest:eliteWatcherKnight","floor":30,"turns":5},{"damage":2,"enemies":"Hallownest:2_Flukemon","floor":31,"turns":4},{"damage":1,"enemies":"Hallownest:BossMantisLord","floor":33,"turns":5},{"damage":13,"enemies":"Hallownest:Shield_Heavy","floor":35,"turns":4},{"damage":10,"enemies":"Hallownest:2_Littles","floor":37,"turns":6},{"damage":24,"enemies":"Hallownest:eliteHiveKnight","floor":41,"turns":7},{"damage":0,"enemies":"Hallownest:2_Wandering_and_1_Horned","floor":45,"turns":2},{"damage":12,"enemies":"Hallownest:2_Wing_and_1_Kings","floor":46,"turns":5},{"damage":1,"enemies":"Hallownest:2_Soldiers_and_1_Guardian","floor":47,"turns":3},{"damage":38,"enemies":"Hallownest:2_Primals","floor":48,"turns":4},{"damage":35,"enemies":"Hallownest:Radiance","floor":50,"turns":6},{"damage":20,"enemies":"Shield and Spear","floor":54,"turns":3}],"seed_played":"6161994730543656884","potions_obtained":[{"floor":1,"key":"SpeedPotion"},{"floor":6,"key":"Block Potion"},{"floor":12,"key":"CultistPotion"},{"floor":16,"key":"SkillPotion"},{"floor":33,"key":"SkillPotion"},{"floor":48,"key":"CultistPotion"}],"is_trial":false,"path_per_floor":["M","$","M","?","M","E","M","?","T","R","E","M","T","?","R","B",null,"M","?","M","?","T","R","?","R","T","R","$","R","E","M","R","B",null,"M","?","M","T","?","R","E","R","T","$","M","M","M","?","R","B",null,"R","$","E"],"character_chosen":"HIEROPHANT","items_purchased":["hierophant:Smite+1","AT_EbonyIvory","Crow Ritual","AT_SunfireAegis","Bottled Tornado","REME_OnlineShoppingPlatform"],"campfire_rested":1,"item_purchase_floors":[2,28,28,44,53,53],"current_hp_per_floor":[55,55,53,53,55,51,45,34,34,34,25,27,27,27,27,1,75,71,71,68,68,68,68,68,68,68,68,68,75,73,73,73,74,75,62,62,58,58,58,58,40,40,40,40,46,40,45,13,35,6,75,75,75,55,55],"gold":0,"neow_bonus":"RANDOM_COMMON_RELIC","is_daily":false,"chose_seed":false,"campfire_upgraded":14,"win_rate":0.0,"timestamp":1612928467,"path_taken":["M","$","?","?","M","E","M","?","T","R","E","M","?","?","R","BOSS","M","?","?","?","?","R","?","R","T","R","?","R","E","M","R","BOSS","M","?","M","?","?","R","E","R","T","$","M","M","M","?","R","BOSS","R","$","E"],"items_purchased_type":["Card","Relic","Card","Relic","Relic","Relic"],"build_version":"2020-12-22","purchased_purges":1,"victory":false,"max_hp_per_floor":[75,75,75,75,75,75,75,75,75,75,75,75,75,75,75,75,75,75,75,75,75,75,75,75,75,75,75,75,75,75,75,75,75,75,75,75,75,75,75,75,75,75,75,75,75,75,75,75,75,75,75,75,75,75,75],"card_choices":[{"not_picked":["hierophant:Rebuild","hierophant:Charity","hierophant:Empathy"],"picked":"SKIP","floor":1},{"not_picked":["hierophant:Empathy","hierophant:Blessing","hierophant:EyeForCoin","hierophant:AuricShield","hierophant:AuricBeam"],"picked":"SKIP","floor":3},{"not_picked":["hierophant:ArchangelShield","hierophant:FlamingChariot","hierophant:Exaltation","hierophant:SolarFlare","hierophant:Prophecy"],"picked":"SKIP","floor":5},{"not_picked":["hierophant:Martyrdom","hierophant:Community","hierophant:Remorse","hierophant:Determination","hierophant:MorningPrayer"],"picked":"SKIP","floor":6},{"not_picked":["hierophant:SealAway","hierophant:FieryStrike","hierophant:RepressedViolence","hierophant:AuricBeam","hierophant:Sermon"],"picked":"SKIP","floor":7},{"not_picked":["hierophant:RepressedViolence","hierophant:HammerAndAnvil","hierophant:DivineIntervention","hierophant:Upheaval","hierophant:AuricBeam"],"picked":"SKIP","floor":8},{"not_picked":["hierophant:Glossolalia","hierophant:Sermon","hierophant:ConvertCurrency","hierophant:OrnateJavelin"],"picked":"hierophant:PassingBell","floor":11},{"not_picked":["hierophant:OrnateBuckler","hierophant:Endure","hierophant:FieryStrike","hierophant:Mercenaries","hierophant:PassingBell"],"picked":"SKIP","floor":12},{"not_picked":["hierophant:ThreeLashes","hierophant:DisplayOfPower","hierophant:Mercenaries","hierophant:Sermon"],"picked":"hierophant:RustyCrate+1","floor":18},{"not_picked":["hierophant:FlamingChariot","hierophant:Upheaval","hierophant:Alms","hierophant:DisplayOfPower","hierophant:Determination"],"picked":"SKIP","floor":20},{"not_picked":["hierophant:LocustPlague","hierophant:CursedGold","hierophant:MirrorShield","hierophant:FlamingChariot","hierophant:AuricBeam"],"picked":"SKIP","floor":30},{"not_picked":["hierophant:Remorse","hierophant:Purify+1","hierophant:FlamingChariot","hierophant:FaithHealing","hierophant:Rebuild"],"picked":"SKIP","floor":31},{"not_picked":["hierophant:PassingBell+1","hierophant:AuricShield","hierophant:Endure+1","hierophant:ThreeLashes+1","hierophant:SecretStash+1"],"picked":"SKIP","floor":35},{"not_picked":["hierophant:ArchangelShield","hierophant:SecretStash+1","hierophant:DisplayOfPower","hierophant:Repentance+1"],"picked":"hierophant:OrnateBuckler+1","floor":37},{"not_picked":["hierophant:PassingBell+1","hierophant:Upheaval+1","hierophant:FlamingChariot+1","hierophant:Encroach"],"picked":"hierophant:HolyVerse+1","floor":41},{"not_picked":["hierophant:Rebuild+1","hierophant:OrnateBuckler","hierophant:Exaltation","hierophant:Alms","hierophant:DisplayOfPower"],"picked":"SKIP","floor":45},{"not_picked":["hierophant:MorningPrayer","hierophant:PassingBell","hierophant:FlamingChariot","hierophant:Shelter+1"],"picked":"hierophant:Sermon+1","floor":46},{"not_picked":["hierophant:HolyVerse+1","hierophant:Generosity","hierophant:Endure","hierophant:Remorse"],"picked":"hierophant:Exaltation+1","floor":47},{"not_picked":["hierophant:SolarFlare+1","hierophant:Sermon+1","hierophant:Purify+1","hierophant:AuricShield+1"],"picked":"hierophant:ThreeLashes+1","floor":48}],"player_experience":37264,"relics_obtained":[{"floor":1,"key":"SynthV:TestCard"},{"floor":1,"key":"LetterFromLob"},{"floor":6,"key":"ReplayFunnel"},{"floor":8,"key":"Tea:ReiMu"},{"floor":9,"key":"Simple Rune"},{"floor":11,"key":"AT_RedTearstoneRing"},{"floor":13,"key":"MostiFishMod:Haymaker"},{"floor":26,"key":"Replay:Arrowhead"},{"floor":30,"key":"HollowDreamFlower"},{"floor":38,"key":"Bronze Scales"},{"floor":41,"key":"AT_SpeedBoots"},{"floor":43,"key":"AT_SilvercatRing"},{"floor":48,"key":"AT_GoldPhoenixTree"}],"event_choices":[],"is_beta":false,"boss_relics":[{"not_picked":["REME_LowDesire","REME_DuelDisc"],"picked":"RhineSuit"},{"not_picked":["Painkiller Herb","REME_ChargedStone"],"picked":"RhineCircuit"}],"items_purged_floors":[28],"is_endless":false,"potions_floor_spawned":[1,6,12,16,31,33,37,46,47,48],"killed_by":"Shield and Spear","ascension_level":0}}