{"host":"b7dyfc527bmrkvbm","time":1612981281,"event":{"mods":["2.2 Compatiblity","Act Like it!","BaseMod","BetterRewards","Conspire","Downfall","Hubris","Infinite Spire","Mimic Mod","Minty Spire (QoL Compilation)","Replay The Spire","Shop Mod","StSLib","The Jungle"],"gold_per_floor":[116,116,127,127,127,158,170,208,220,232,255,267,291,330,342,456,468,496,527,539,551,574,617,629,791,803,845,160,160,160,192,192,192,192],"floor_reached":33,"language":"ENG","playtime":3672,"items_purged":["Decay","Bash"],"score":446,"play_id":"1577895c-f015-4ff8-b160-0a394fce75a5","local_time":"20210210132121","is_ascension_mode":true,"campfire_choices":[{"data":"Crystallizer","floor":7,"key":"SMITH"},{"floor":10,"key":"REST"},{"floor":15,"key":"RECALL"},{"data":"conspire:SharedLibrary","floor":24,"key":"SMITH"},{"floor":30,"key":"REST"},{"data":"Crystallizer","floor":32,"key":"SMITH"}],"circlet_count":0,"master_deck":["Zap","Crystallizer+1","Inflame","Consume","Barrage","hubris:PowerSurge","Firewall","WeaponsOverheat","conspire:SharedLibrary+1","Core Surge","Capacitor","Leap","Reaper","Scorching Beam","BasicCrystalCard","Replay:Fractal Strike","Crystallizer+1","Panache","ReplayTheSpireMod:Reroute Power"],"relics":["NeowsBlessing","Iron Core","Onion Ring","infinitespire:CheckeredPen","Pandora\u0027s Box","theJungle:BirthdayCake","ReplayTheSpireMod:Lightbulb","infinitespire:Joker Card","Replay:Rubber Ducky","MerchantsRug","Ginger","Magic Flower","theJungle:WildStrawberry","Smiling Mask"],"acts_visited":["Exordium","theJungle:Jungle"],"potions_floor_usage":[16,16,33],"damage_taken":[{"damage":0,"enemies":"2 Louse","floor":1,"turns":1},{"damage":0,"enemies":"Small Slimes","floor":3,"turns":2},{"damage":0,"enemies":"Lagavulin","floor":6,"turns":2},{"damage":40,"enemies":"3 Sentries","floor":8,"turns":7},{"damage":7,"enemies":"Jaw Worm","floor":11,"turns":2},{"damage":8,"enemies":"Blue Slaver","floor":13,"turns":2},{"damage":8,"enemies":"Gremlin Nob","floor":14,"turns":3},{"damage":22,"enemies":"Hexaghost","floor":16,"turns":9},{"damage":5,"enemies":"Shell Parasite","floor":18,"turns":5},{"damage":44,"enemies":"theJungle:GiantWrat","floor":19,"turns":4},{"damage":39,"enemies":"theJungle:JungleHuntersEncounter","floor":22,"turns":5},{"damage":37,"enemies":"theJungle:Cassacara","floor":23,"turns":4},{"damage":35,"enemies":"theJungle:2_Phrogs","floor":27,"turns":5},{"damage":22,"enemies":"theJungle:Cassacara","floor":31,"turns":5},{"damage":36,"enemies":"theJungle:TotemBoss","floor":33,"turns":3}],"seed_played":"1519945673975483811","potions_obtained":[{"floor":8,"key":"Languid Potion"},{"floor":14,"key":"LifebloodPotion"},{"floor":18,"key":"Fire Potion"},{"floor":23,"key":"Explosive Potion"},{"floor":27,"key":"PowerPotion"}],"is_trial":false,"path_per_floor":["M","?","M","?","T","E","R","E","T","R","M","?","M","E","R","B",null,"M","M","?","AVR","M","E","R","?","T","E","$","?","R","E","R","B"],"character_chosen":"DEFECT","items_purchased":["BargainBundle","MerchantsRug","Crystallizer","CultistPotion","PowerPotion","Swift Potion","Panache","Ginger","Magic Flower"],"campfire_rested":2,"item_purchase_floors":[28,28,28,28,28,28,28,28,28],"current_hp_per_floor":[75,75,75,68,68,68,68,28,28,50,43,43,35,27,27,5,75,75,39,59,59,43,39,39,39,39,34,34,27,57,35,35,0,0],"gold":192,"neow_bonus":"THREE_ENEMY_KILL","is_daily":false,"chose_seed":false,"campfire_upgraded":3,"win_rate":0.0,"timestamp":1612981281,"path_taken":["M","?","M","?","?","E","R","E","T","R","?","?","?","E","R","BOSS","M","M","?","AVR","M","E","R","?","T","E","$","?","R","E","R","BOSS"],"items_purchased_type":["Relic","Relic","Card","Potion","Potion","Potion","Card","Relic","Relic"],"build_version":"2020-12-22","purchased_purges":2,"victory":false,"max_hp_per_floor":[75,75,75,75,75,75,75,75,75,75,75,75,75,75,75,75,75,75,75,95,95,95,95,95,95,95,95,95,102,102,102,102,102,102],"card_choices":[{"not_picked":["Tempest","conspire:SharedLibrary"],"picked":"Crystallizer","floor":1},{"not_picked":["Flex","Anger","Coolheaded"],"picked":"SKIP","floor":3},{"not_picked":["Flex","BasicCrystalCard"],"picked":"Inflame","floor":6},{"not_picked":["ReplayTheSpireMod:Muscle Training","Force Field"],"picked":"Consume","floor":8},{"not_picked":["White Noise","Streamline"],"picked":"Barrage","floor":11},{"not_picked":["ReplaySolidLightProjector","Heavy Blade"],"picked":"hubris:PowerSurge","floor":13},{"not_picked":["Go for the Eyes","Headbutt","White Noise"],"picked":"SKIP","floor":14},{"not_picked":["Hyperbeam","ReplayRNGCard"],"picked":"Firewall","floor":16},{"not_picked":["Gash+1","Cold Snap","Go for the Eyes+1"],"picked":"SKIP","floor":18},{"not_picked":["Rip and Tear+1","hubris:PowerSurge"],"picked":"BasicCrystalCard","floor":19},{"not_picked":["Glacier","Go for the Eyes","Turbo"],"picked":"SKIP","floor":22},{"not_picked":["Thunder Strike","Ball Lightning","Conserve Battery+1"],"picked":"SKIP","floor":23},{"not_picked":["Reprogram+1","Auto Shields+1","Amplify"],"picked":"SKIP","floor":27},{"not_picked":["BasicCrystalCard+1","Blizzard"],"picked":"ReplayTheSpireMod:Reroute Power","floor":31}],"player_experience":428892,"relics_obtained":[{"floor":5,"key":"Onion Ring"},{"floor":6,"key":"MawBank"},{"floor":8,"key":"infinitespire:CheckeredPen"},{"floor":14,"key":"Replay:Kaleidoscope"},{"floor":23,"key":"infinitespire:Joker Card"},{"floor":26,"key":"Art of War"},{"floor":27,"key":"Replay:Rubber Ducky"},{"floor":31,"key":"Smiling Mask"}],"event_choices":[{"cards_removed":["Defend_B"],"damage_healed":0,"gold_gain":0,"player_choice":"Card Removal","damage_taken":7,"max_hp_gain":0,"max_hp_loss":0,"event_name":"Golden Wing","floor":4,"gold_loss":0},{"damage_healed":0,"gold_gain":0,"player_choice":"Cursed","damage_taken":0,"max_hp_gain":0,"max_hp_loss":0,"event_name":"Wheel of Change","floor":12,"gold_loss":0,"cards_obtained":["Decay"]}],"is_beta":false,"boss_relics":[{"not_picked":["ReplayTheSpireMod:DimensionalGlitch","Replay:Drink Me"],"picked":"Pandora\u0027s Box"}],"items_purged_floors":[21,28],"is_endless":false,"potions_floor_spawned":[8,14,18,23,27],"killed_by":"theJungle:TotemBoss","ascension_level":3}}