{"host":"nsc6ozq3atyrdr3m","time":1612982142,"event":{"mods":["BaseMod","Colored Map","Minty Spire (QoL Compilation)"],"gold_per_floor":[112,112,37,56,66,66,82,82,108,128,128,128,142,159,159,159,159],"floor_reached":16,"language":"FRA","playtime":318,"items_purged":["Regret"],"score":188,"play_id":"182fcc89-3e10-4346-a4fe-efefbef55147","local_time":"20210210193542","is_ascension_mode":true,"campfire_choices":[{"data":"Whirlwind","floor":6,"key":"SMITH"},{"data":"Dark Embrace","floor":8,"key":"SMITH"},{"data":"Armaments","floor":12,"key":"SMITH"},{"floor":15,"key":"REST"}],"circlet_count":0,"master_deck":["AscendersBane","Strike_R","Strike_R","Strike_R","Strike_R","Strike_R","Defend_R","Defend_R","Defend_R","Defend_R","Bash","Dark Embrace+1","Whirlwind+1","True Grit","Heavy Blade","Armaments+1","Body Slam","Disarm"],"relics":["Burning Blood","NeowsBlessing","Oddly Smooth Stone","Strawberry","Lantern"],"acts_visited":["Exordium"],"potions_floor_usage":[16],"damage_taken":[{"damage":0,"enemies":"Small Slimes","floor":1,"turns":1},{"damage":0,"enemies":"2 Louse","floor":4,"turns":2},{"damage":0,"enemies":"Jaw Worm","floor":5,"turns":1},{"damage":8,"enemies":"Looter","floor":7,"turns":4},{"damage":6,"enemies":"2 Fungi Beasts","floor":10,"turns":4},{"damage":31,"enemies":"Exordium Thugs","floor":13,"turns":6},{"damage":14,"enemies":"Lots of Slimes","floor":14,"turns":3},{"damage":55,"enemies":"Hexaghost","floor":16,"turns":12}],"seed_played":"326225323423014006","potions_obtained":[{"floor":4,"key":"FearPotion"},{"floor":7,"key":"SpeedPotion"}],"is_trial":false,"path_per_floor":["M","?","$","M","M","R","M","R","T","M","?","R","M","M","R","B"],"character_chosen":"IRONCLAD","items_purchased":[],"campfire_rested":1,"item_purchase_floors":[],"current_hp_per_floor":[74,74,74,75,75,75,73,73,80,80,62,62,37,29,53,0,0],"gold":159,"neow_bonus":"THREE_ENEMY_KILL","is_daily":false,"chose_seed":false,"campfire_upgraded":3,"win_rate":0.0,"timestamp":1612982142,"path_taken":["M","?","$","M","M","R","M","R","T","M","?","R","M","M","R","BOSS"],"items_purchased_type":[],"build_version":"2020-12-22","purchased_purges":1,"victory":false,"max_hp_per_floor":[75,75,75,75,75,75,75,75,82,82,82,82,82,82,82,82,82],"card_choices":[{"not_picked":["Anger","Perfected Strike"],"picked":"Dark Embrace","floor":1},{"not_picked":["Intimidate","Clothesline"],"picked":"Whirlwind","floor":4},{"not_picked":["Ghostly Armor","Wild Strike"],"picked":"True Grit","floor":5},{"not_picked":["Thunderclap","Perfected Strike"],"picked":"Heavy Blade","floor":7},{"not_picked":["Shrug It Off","Pommel Strike"],"picked":"Armaments","floor":10},{"not_picked":["Combust","Twin Strike"],"picked":"Body Slam","floor":13},{"not_picked":["Thunderclap","Clothesline"],"picked":"Disarm","floor":14}],"player_experience":387930,"relics_obtained":[{"floor":9,"key":"Strawberry"}],"event_choices":[{"damage_healed":0,"gold_gain":0,"player_choice":"Box","damage_taken":0,"relics_obtained":["Oddly Smooth Stone"],"max_hp_gain":0,"max_hp_loss":0,"event_name":"Big Fish","floor":2,"gold_loss":0,"cards_obtained":["Regret"]},{"damage_healed":0,"gold_gain":0,"player_choice":"Success","damage_taken":18,"relics_obtained":["Lantern"],"max_hp_gain":0,"max_hp_loss":0,"event_name":"Scrap Ooze","floor":11,"gold_loss":0}],"is_beta":false,"boss_relics":[],"items_purged_floors":[3],"is_endless":false,"potions_floor_spawned":[4,7],"killed_by":"Hexaghost","ascension_level":20}}