{"host":"i0avyit1s6jb1siw","time":1612948368,"event":{"mods":["BaseMod","DeckTracker","Dota2Spire","Highlight Path","Minty Spire (QoL Compilation)","Quick Restart","StSLib","SuperFastMode"],"gold_per_floor":[113,127,127,127,146,146,146,146,146],"floor_reached":8,"language":"ENG","playtime":127,"items_purged":[],"score":92,"play_id":"b1d09895-ef0f-4ab9-b87f-7935cc4a4acb","local_time":"20210210101248","is_ascension_mode":true,"campfire_choices":[{"data":"Eruption","floor":6,"key":"SMITH"}],"circlet_count":0,"master_deck":["AscendersBane","Strike_P","Strike_P","Strike_P","Strike_P","Defend_P","Defend_P","Defend_P","Defend_P","Eruption+1","Vigilance","CrushJoints+1","SandsOfTime","TalkToTheHand","InnerPeace"],"relics":["PureWater","Prayer Wheel"],"acts_visited":["Exordium"],"potions_floor_usage":[],"damage_taken":[{"damage":11,"enemies":"Small Slimes","floor":1,"turns":7},{"damage":0,"enemies":"2 Louse","floor":2,"turns":2},{"damage":2,"enemies":"Jaw Worm","floor":5,"turns":4},{"damage":32,"enemies":"3 Sentries","floor":8,"turns":4}],"seed_played":"-3001985618461164122","potions_obtained":[],"is_trial":false,"path_per_floor":["M","M","?","?","M","R","?","E"],"character_chosen":"WATCHER","items_purchased":[],"campfire_rested":0,"item_purchase_floors":[],"current_hp_per_floor":[32,32,27,27,25,25,25,0,0],"gold":146,"neow_bonus":"ONE_RARE_RELIC","is_daily":false,"chose_seed":false,"campfire_upgraded":1,"win_rate":0.0,"timestamp":1612948368,"path_taken":["M","M","?","?","M","R","?","E"],"items_purchased_type":[],"build_version":"2020-12-22","purchased_purges":0,"victory":false,"max_hp_per_floor":[68,68,68,68,68,68,68,68,68],"card_choices":[{"not_picked":["Meditate","ThirdEye"],"picked":"CrushJoints","floor":1},{"not_picked":["Crescendo","Consecrate","Sanctity"],"picked":"SKIP","floor":1},{"not_picked":["Perseverance","Evaluate"],"picked":"SandsOfTime","floor":2},{"not_picked":["Halt","Wireheading","CrushJoints"],"picked":"SKIP","floor":2},{"not_picked":["InnerPeace","Halt"],"picked":"TalkToTheHand","floor":5},{"not_picked":["FollowUp","Nirvana"],"picked":"InnerPeace","floor":5}],"player_experience":2432188,"relics_obtained":[],"event_choices":[{"damage_healed":0,"gold_gain":0,"player_choice":"Fled","damage_taken":5,"max_hp_gain":0,"max_hp_loss":0,"event_name":"Scrap Ooze","floor":3,"gold_loss":0},{"damage_healed":0,"gold_gain":0,"player_choice":"Ignored","damage_taken":0,"max_hp_gain":0,"max_hp_loss":0,"event_name":"Liars Game","floor":4,"gold_loss":0},{"damage_healed":0,"gold_gain":0,"player_choice":"Grow","damage_taken":0,"max_hp_gain":0,"max_hp_loss":0,"event_name":"Living Wall","floor":7,"gold_loss":0,"cards_upgraded":["CrushJoints"]}],"is_beta":false,"boss_relics":[],"items_purged_floors":[],"is_endless":false,"potions_floor_spawned":[],"killed_by":"3 Sentries","ascension_level":20}}