{"host":"ad59wuc8ynh8u2z6","time":1612983860,"event":{"mods":["AchievementEnabler","BaseMod","Colored Powertips","DeckTracker","Highlight Path","Minty Spire (QoL Compilation)","Permanent Neow"],"gold_per_floor":[11,21,21,35,45,45,57,82,82,82,114,54,84,103,103,201,201,216,216,233,148,148,181,198,227,250,282,282,282,315,332,332,435,435,454,501,501,511,511,511,541,341,341,371,384,384,50,69,69,69],"floor_reached":51,"language":"ENG","playtime":1875,"items_purged":["Strike_R","Strike_R","Strike_R"],"score":1048,"play_id":"cacb7337-5082-40b9-a0ab-f159956ac70f","local_time":"20210210200420","is_ascension_mode":true,"campfire_choices":[{"data":"True Grit","floor":6,"key":"SMITH"},{"data":"Immolate","floor":10,"key":"SMITH"},{"data":"Metallicize","floor":15,"key":"SMITH"},{"data":"Immolate","floor":28,"key":"SMITH"},{"data":"Shrug It Off","floor":32,"key":"SMITH"},{"data":"Shrug It Off","floor":40,"key":"SMITH"},{"data":"Reaper","floor":46,"key":"SMITH"},{"data":"Bash","floor":49,"key":"SMITH"}],"circlet_count":0,"master_deck":["Defend_R","Defend_R","Defend_R","Defend_R","Bash+1","Carnage+1","Metallicize+1","True Grit+1","Immolate+1","Shrug It Off+1","Immolate+1","Shrug It Off+1","Reaper+1"],"relics":["Burning Blood","Regal Pillow","The Courier","Sundial","Thread and Needle","Snecko Eye","Nilry\u0027s Codex","Prayer Wheel","MutagenicStrength","Mango","Art of War","Toy Ornithopter","Darkstone Periapt","Blood Vial","Coffee Dripper","Bird Faced Urn","Ancient Tea Set","Brimstone","Singing Bowl","Orichalcum","Ice Cream"],"acts_visited":["Exordium","TheCity","TheBeyond"],"potions_floor_usage":[16,25,50,50,50],"damage_taken":[{"damage":2,"enemies":"2 Louse","floor":1,"turns":3},{"damage":1,"enemies":"Cultist","floor":2,"turns":3},{"damage":2,"enemies":"Jaw Worm","floor":4,"turns":4},{"damage":2,"enemies":"2 Fungi Beasts","floor":5,"turns":3},{"damage":3,"enemies":"Blue Slaver","floor":7,"turns":3},{"damage":14,"enemies":"3 Sentries","floor":8,"turns":11},{"damage":13,"enemies":"Gremlin Nob","floor":11,"turns":3},{"damage":11,"enemies":"3 Sentries","floor":13,"turns":5},{"damage":2,"enemies":"Exordium Thugs","floor":14,"turns":4},{"damage":39,"enemies":"Slime Boss","floor":16,"turns":13},{"damage":18,"enemies":"2 Thieves","floor":18,"turns":2},{"damage":3,"enemies":"Chosen","floor":20,"turns":3},{"damage":0,"enemies":"Gremlin Leader","floor":23,"turns":3},{"damage":0,"enemies":"Snake Plant","floor":24,"turns":2},{"damage":16,"enemies":"Book of Stabbing","floor":25,"turns":4},{"damage":25,"enemies":"Slavers","floor":27,"turns":3},{"damage":16,"enemies":"Gremlin Leader","floor":30,"turns":4},{"damage":1,"enemies":"Centurion and Healer","floor":31,"turns":3},{"damage":13,"enemies":"Collector","floor":33,"turns":4},{"damage":0,"enemies":"Orb Walker","floor":35,"turns":1},{"damage":29,"enemies":"2 Orb Walkers","floor":36,"turns":3},{"damage":0,"enemies":"3 Shapes","floor":38,"turns":2},{"damage":51,"enemies":"Nemesis","floor":41,"turns":7},{"damage":16,"enemies":"Giant Head","floor":44,"turns":6},{"damage":22,"enemies":"3 Darklings","floor":45,"turns":2},{"damage":0,"enemies":"Jaw Worm Horde","floor":48,"turns":2},{"damage":46,"enemies":"Donu and Deca","floor":50,"turns":7}],"seed_played":"4392718021593695250","potions_obtained":[{"floor":1,"key":"ColorlessPotion"},{"floor":4,"key":"SkillPotion"},{"floor":11,"key":"Fire Potion"},{"floor":14,"key":"Strength Potion"},{"floor":20,"key":"AttackPotion"},{"floor":27,"key":"Strength Potion"},{"floor":38,"key":"PowerPotion"},{"floor":44,"key":"Strength Potion"}],"is_trial":false,"path_per_floor":["M","M","?","M","M","R","M","E","T","R","E","$","E","M","R","B",null,"M","?","M","?","?","E","M","E","T","E","R","?","E","M","R","B",null,"M","?","?","M","?","R","E","$","T","E","M","R","$","M","R","B",null],"character_chosen":"IRONCLAD","items_purchased":["Brimstone","Ice Cream"],"campfire_rested":0,"item_purchase_floors":[42,47],"current_hp_per_floor":[80,80,80,80,80,80,80,72,72,72,65,65,60,64,64,31,68,56,40,43,43,43,63,69,59,59,40,40,40,30,37,37,32,79,87,71,71,89,89,89,47,47,47,63,79,79,79,99,99,80],"gold":69,"neow_bonus":"REMOVE_TWO","is_daily":false,"chose_seed":false,"campfire_upgraded":8,"win_rate":0.0,"timestamp":1612983860,"path_taken":["M","M","?","M","M","R","M","E","T","R","E","?","E","M","R","BOSS","M","?","M","?","?","E","M","E","T","E","R","?","E","M","R","BOSS","M","?","?","M","?","R","E","$","T","E","M","R","$","M","R","BOSS"],"items_purchased_type":["Relic","Relic"],"build_version":"2020-12-22","purchased_purges":3,"victory":true,"max_hp_per_floor":[80,80,80,80,80,80,80,80,80,80,80,80,80,80,80,80,80,80,80,80,80,80,94,94,94,94,94,94,94,94,94,94,94,94,94,94,89,89,89,89,89,89,89,91,95,95,95,99,99,99],"card_choices":[{"not_picked":["Sentinel","Armaments"],"picked":"Carnage","floor":1},{"not_picked":["Sword Boomerang","Warcry"],"picked":"Metallicize","floor":2},{"not_picked":["Rupture","Twin Strike","Perfected Strike"],"picked":"SKIP","floor":4},{"not_picked":["Second Wind","Armaments"],"picked":"True Grit","floor":5},{"not_picked":["Flex","Feel No Pain","Armaments"],"picked":"SKIP","floor":7},{"not_picked":["Hemokinesis","Rupture"],"picked":"Immolate","floor":8},{"not_picked":["Iron Wave","Havoc"],"picked":"Shrug It Off","floor":11},{"not_picked":["Blood for Blood","Armaments","Heavy Blade"],"picked":"SKIP","floor":13},{"not_picked":["Second Wind","Body Slam","Thunderclap"],"picked":"SKIP","floor":14},{"not_picked":["Bludgeon","Demon Form"],"picked":"Immolate","floor":16},{"not_picked":["Sentinel","Perfected Strike+1","Dropkick"],"picked":"SKIP","floor":18},{"not_picked":["Clothesline","Pommel Strike+1","Warcry"],"picked":"SKIP","floor":20},{"not_picked":["Cleave+1","Battle Trance","Heavy Blade"],"picked":"SKIP","floor":23},{"not_picked":["Twin Strike+1","Heavy Blade+1"],"picked":"Shrug It Off","floor":24},{"not_picked":["Body Slam","Spot Weakness","Searing Blow+1"],"picked":"SKIP","floor":24},{"not_picked":["Reckless Charge+1","Armaments","Sword Boomerang"],"picked":"SKIP","floor":25},{"not_picked":["Carnage","Havoc","Rupture"],"picked":"SKIP","floor":27},{"not_picked":["Thunderclap","Twin Strike","Rampage"],"picked":"SKIP","floor":30},{"not_picked":["Warcry","Intimidate","Fire Breathing+1"],"picked":"SKIP","floor":31},{"not_picked":["Power Through","Berserk","Twin Strike"],"picked":"SKIP","floor":31},{"not_picked":["Fiend Fire","Offering"],"picked":"Reaper","floor":33},{"not_picked":["Burning Pact+1","Rampage","Carnage+1"],"picked":"SKIP","floor":35},{"not_picked":["Pummel+1","Clothesline+1","Armaments"],"picked":"SKIP","floor":35},{"not_picked":["Dark Embrace+1","Clothesline+1","Wild Strike"],"picked":"SKIP","floor":38},{"not_picked":["Clothesline","Berserk","Body Slam"],"picked":"SKIP","floor":38},{"not_picked":["Armaments+1","Heavy Blade","Clothesline+1"],"picked":"SKIP","floor":41},{"not_picked":["Pommel Strike","Hemokinesis+1","Cleave+1"],"picked":"Singing Bowl","floor":44},{"not_picked":["Second Wind+1","Inflame+1","Sever Soul"],"picked":"Singing Bowl","floor":45},{"not_picked":["Armaments","True Grit+1","Infernal Blade+1"],"picked":"Singing Bowl","floor":45},{"not_picked":["Warcry+1","Searing Blow+1","Iron Wave"],"picked":"Singing Bowl","floor":48},{"not_picked":["Inflame+1","Berserk","Infernal Blade"],"picked":"Singing Bowl","floor":48}],"player_experience":85415,"relics_obtained":[{"floor":8,"key":"Regal Pillow"},{"floor":9,"key":"The Courier"},{"floor":11,"key":"Sundial"},{"floor":13,"key":"Thread and Needle"},{"floor":19,"key":"Nilry\u0027s Codex"},{"floor":23,"key":"Mango"},{"floor":25,"key":"Art of War"},{"floor":26,"key":"Toy Ornithopter"},{"floor":27,"key":"Darkstone Periapt"},{"floor":30,"key":"Blood Vial"},{"floor":36,"key":"Bird Faced Urn"},{"floor":41,"key":"Ancient Tea Set"},{"floor":43,"key":"Singing Bowl"},{"floor":44,"key":"Orichalcum"}],"event_choices":[{"damage_healed":0,"gold_gain":0,"player_choice":"Upgraded","damage_taken":0,"max_hp_gain":0,"max_hp_loss":0,"event_name":"Upgrade Shrine","floor":3,"gold_loss":0,"cards_upgraded":["Carnage"]},{"damage_healed":0,"gold_gain":0,"player_choice":"Obtained Book","damage_taken":16,"max_hp_gain":0,"max_hp_loss":0,"event_name":"Cursed Tome","floor":19,"gold_loss":0},{"damage_healed":0,"gold_gain":0,"player_choice":"Obtained Relic","damage_taken":0,"relics_obtained":["Prayer Wheel"],"max_hp_gain":0,"max_hp_loss":0,"event_name":"Addict","floor":21,"gold_loss":85},{"damage_healed":0,"gold_gain":0,"player_choice":"Inject Mutagens","damage_taken":0,"relics_obtained":["MutagenicStrength"],"max_hp_gain":0,"max_hp_loss":0,"event_name":"Drug Dealer","floor":22,"gold_loss":0},{"damage_healed":0,"gold_gain":0,"player_choice":"Ignored","damage_taken":0,"max_hp_gain":0,"max_hp_loss":0,"event_name":"Ghosts","floor":29,"gold_loss":0},{"damage_healed":0,"gold_gain":0,"player_choice":"Fight","damage_taken":0,"max_hp_gain":0,"max_hp_loss":0,"event_name":"Mysterious Sphere","floor":36,"gold_loss":0},{"damage_healed":0,"gold_gain":0,"player_choice":"Max HP","damage_taken":0,"max_hp_gain":0,"max_hp_loss":5,"event_name":"Winding Halls","floor":37,"gold_loss":0},{"damage_healed":0,"gold_gain":0,"player_choice":"Ignored","damage_taken":0,"max_hp_gain":0,"max_hp_loss":0,"event_name":"Tomb of Lord Red Mask","floor":39,"gold_loss":0}],"is_beta":false,"boss_relics":[{"not_picked":["Tiny House","Philosopher\u0027s Stone"],"picked":"Snecko Eye"},{"not_picked":["Astrolabe","Black Star"],"picked":"Coffee Dripper"}],"items_purged_floors":[12,42,47],"is_endless":false,"potions_floor_spawned":[1,4,11,14,20,23,27,31,33,38,44],"ascension_level":5}}