{"host":"j5shy70asow5koz5","time":1612938289,"event":{"mods":["2.2 Compatiblity","Act Like it!","Arknights","BaseMod","Colored Map","Marisa£¨Ùöéë¡¡Øª×âÞÞ£©","Minty Spire (QoL Compilation)","Prisma Mod","StSLib","SuperFastMode","Td1madao Mod","The Disciple","The Gatherer","The Servant 0.9.4","Waifu the Spire"],"gold_per_floor":[111,130,130,141,151,151,183,183,183,198,273,289,302,302,302,302,302],"floor_reached":16,"language":"KOR","playtime":287,"items_purged":[],"score":104,"play_id":"1ebf5d0a-f5ef-4bbb-a1c6-dfd3ecffd2f3","local_time":"20210210152449","is_ascension_mode":false,"campfire_choices":[{"data":"Heavy Blade","floor":6,"key":"SMITH"},{"data":"Disarm","floor":8,"key":"SMITH"},{"floor":15,"key":"REST"}],"circlet_count":0,"master_deck":["Strike_R","Strike_R","Strike_R","Defend_R","Defend_R","Defend_R","Defend_R","Bash","Armaments","Heavy Blade","Heavy Blade+1","Limit Break","Disarm+1","Uppercut"],"relics":["Burning Blood","Pocketwatch","Unceasing Top","Shovel"],"acts_visited":["Exordium"],"potions_floor_usage":[7,13],"damage_taken":[{"damage":1,"enemies":"Cultist","floor":1,"turns":3},{"damage":15,"enemies":"ats:Genji","floor":2,"turns":4},{"damage":6,"enemies":"Jaw Worm","floor":4,"turns":3},{"damage":15,"enemies":"2 Fungi Beasts","floor":5,"turns":5},{"damage":32,"enemies":"Gremlin Nob","floor":7,"turns":4},{"damage":9,"enemies":"3 Louse","floor":10,"turns":5},{"damage":10,"enemies":"Large Slime","floor":12,"turns":8},{"damage":11,"enemies":"Looter","floor":13,"turns":3},{"damage":27,"enemies":"Slime Boss","floor":16,"turns":5}],"seed_played":"-4018055299792065426","potions_obtained":[{"floor":4,"key":"DistilledChaos"},{"floor":12,"key":"ColorlessPotion"}],"is_trial":false,"path_per_floor":["M","M","?","M","M","R","E","R","T","M","?","M","M","?","R","B"],"character_chosen":"IRONCLAD","items_purchased":[],"campfire_rested":1,"item_purchase_floors":[],"current_hp_per_floor":[80,71,71,71,62,62,36,36,36,33,22,18,13,6,30,3,3],"gold":302,"neow_bonus":"REMOVE_CARD","is_daily":false,"chose_seed":false,"campfire_upgraded":2,"win_rate":0.0,"timestamp":1612938289,"path_taken":["M","?","?","M","?","R","E","R","T","M","?","M","M","?","R","BOSS"],"items_purchased_type":[],"build_version":"2020-12-22","purchased_purges":0,"victory":false,"max_hp_per_floor":[80,80,80,80,80,80,80,80,80,80,80,80,80,80,80,80,80],"card_choices":[{"not_picked":["Rampage","Anger"],"picked":"Armaments","floor":1},{"not_picked":["Sword Boomerang","Sever Soul"],"picked":"Heavy Blade","floor":2},{"not_picked":["Rampage","Headbutt"],"picked":"Heavy Blade","floor":4},{"not_picked":["Clash","Feel No Pain"],"picked":"Limit Break","floor":5},{"not_picked":["Sever Soul","Headbutt"],"picked":"Disarm","floor":7},{"not_picked":["Combust","Disarm"],"picked":"Uppercut","floor":10},{"not_picked":["Ghostly Armor","Second Wind","Cleave"],"picked":"SKIP","floor":12},{"not_picked":["Clothesline","Uppercut","Warcry"],"picked":"SKIP","floor":13}],"player_experience":90795,"relics_obtained":[{"floor":7,"key":"Pocketwatch"},{"floor":9,"key":"Unceasing Top"}],"event_choices":[{"cards_removed":["Strike_R"],"damage_healed":0,"gold_gain":0,"player_choice":"Offered Basic","damage_taken":0,"max_hp_gain":0,"max_hp_loss":0,"event_name":"Bonfire Elementals","floor":3,"gold_loss":0},{"damage_healed":0,"gold_gain":75,"player_choice":"Gather Gold","damage_taken":11,"max_hp_gain":0,"max_hp_loss":0,"event_name":"World of Goop","floor":11,"gold_loss":0},{"damage_healed":0,"gold_gain":0,"player_choice":"Success","damage_taken":7,"relics_obtained":["Shovel"],"max_hp_gain":0,"max_hp_loss":0,"event_name":"Scrap Ooze","floor":14,"gold_loss":0}],"is_beta":false,"boss_relics":[],"items_purged_floors":[],"is_endless":false,"potions_floor_spawned":[4,12],"killed_by":"Slime Boss","ascension_level":0}}