{"host":"g907ck67u7c3hrs6","time":1612931005,"event":{"mods":["BaseMod","Colored Map","DeckTracker","Highlight Path","Keyboard Shortcuts","Minty Spire (QoL Compilation)","Permanent Neow","Say the Spire","SuperFastMode"],"gold_per_floor":[144,189,234,279,279,369,369,459,459,504,549,549,647,597,597,922,922,971,921,970,1019,1068,1068,1143,1143,1193,685,685,734,783,832,832,1157,1157,1206,956,956,956],"floor_reached":39,"language":"KOR","playtime":2103,"items_purged":["Blade Dance","LikeWater+1"],"score":678,"play_id":"48b3e0fc-18a2-453d-aa63-e88624a10075","local_time":"20210210132325","daily_mods":["SealedDeck","Purple Cards","Midas"],"is_ascension_mode":false,"campfire_choices":[{"floor":7,"key":"REST"},{"floor":15,"key":"REST"},{"floor":23,"key":"REST"},{"floor":28,"key":"REST"},{"floor":32,"key":"REST"}],"circlet_count":0,"master_deck":["Evaluate","BattleHymn+1","Backflip+1","Backflip","Vengeance+1","ClearTheMind+1","InnerPeace","FearNoEvil","EmptyBody","WindmillStrike+1","LessonLearned+1","EmptyMind+1","SandsOfTime+1","Apotheosis","Blur+1","SpiritShield+1","SpiritShield"],"relics":["Ring of the Serpent","Snake Skull","Vajra","Centennial Puzzle","Golden Idol","PreservedInsect","Red Mask","MawBank","Membership Card","Sundial","Question Card","Runic Dome","Mummified Hand","Orichalcum"],"acts_visited":["Exordium","TheCity","TheBeyond"],"potions_floor_usage":[6,31,38,38],"damage_taken":[{"damage":0,"enemies":"Jaw Worm","floor":1,"turns":4},{"damage":0,"enemies":"Small Slimes","floor":2,"turns":4},{"damage":0,"enemies":"Cultist","floor":3,"turns":2},{"damage":0,"enemies":"2 Fungi Beasts","floor":4,"turns":3},{"damage":6,"enemies":"Gremlin Nob","floor":6,"turns":3},{"damage":0,"enemies":"Lagavulin","floor":8,"turns":4},{"damage":6,"enemies":"Large Slime","floor":10,"turns":3},{"damage":0,"enemies":"3 Louse","floor":11,"turns":2},{"damage":17,"enemies":"3 Sentries","floor":13,"turns":7},{"damage":20,"enemies":"Slime Boss","floor":16,"turns":6},{"damage":18,"enemies":"3 Byrds","floor":18,"turns":5},{"damage":15,"enemies":"2 Thieves","floor":20,"turns":4},{"damage":20,"enemies":"Snake Plant","floor":21,"turns":4},{"damage":0,"enemies":"Chosen and Byrds","floor":22,"turns":6},{"damage":31,"enemies":"Masked Bandits","floor":24,"turns":4},{"damage":8,"enemies":"Shelled Parasite and Fungi","floor":29,"turns":6},{"damage":0,"enemies":"Centurion and Healer","floor":30,"turns":5},{"damage":12,"enemies":"3 Cultists","floor":31,"turns":7},{"damage":1,"enemies":"Collector","floor":33,"turns":12},{"damage":1,"enemies":"3 Shapes","floor":35,"turns":5},{"damage":22,"enemies":"Awakened One","floor":38,"turns":13}],"seed_played":"-5810517303651203205","potions_obtained":[{"floor":1,"key":"PowerPotion"},{"floor":2,"key":"Explosive Potion"},{"floor":4,"key":"LiquidMemories"},{"floor":6,"key":"Ancient Potion"},{"floor":33,"key":"Dexterity Potion"}],"is_trial":false,"path_per_floor":["M","M","M","M","$","E","R","E","T","M","M","?","E","?","R","B",null,"M","?","M","M","M","R","?","?","T","$","R","M","M","M","R","B",null,"M","$","?","B",null],"character_chosen":"THE_SILENT","items_purchased":["Membership Card","Apotheosis","Sundial","Question Card","Mummified Hand","Orichalcum"],"campfire_rested":5,"item_purchase_floors":[27,27,27,27,36,36],"current_hp_per_floor":[70,70,70,70,70,64,70,70,70,64,64,47,30,30,51,31,70,52,52,37,17,17,38,7,7,7,7,28,20,20,8,29,28,70,69,69,69,47],"gold":956,"neow_bonus":"","is_daily":true,"chose_seed":false,"campfire_upgraded":0,"win_rate":0.0,"timestamp":1612931005,"path_taken":["M","M","M","M","$","E","R","E","T","M","M","?","E","?","R","BOSS","M","?","?","M","M","R","?","?","T","$","R","M","M","M","R","BOSS","M","$","?","BOSS"],"items_purchased_type":["Relic","Card","Relic","Relic","Relic","Relic"],"build_version":"2020-12-22","purchased_purges":2,"victory":true,"max_hp_per_floor":[70,70,70,70,70,70,70,70,70,70,70,70,70,70,70,70,70,70,70,70,70,70,70,70,70,70,70,70,70,70,70,70,70,70,70,70,70,70],"card_choices":[{"not_picked":["FollowUp","Dagger Throw"],"picked":"EmptyBody","floor":1},{"not_picked":["Sanctity","Consecrate","Endless Agony"],"picked":"SKIP","floor":2},{"not_picked":["Sucker Punch","Evaluate","Protect"],"picked":"SKIP","floor":3},{"not_picked":["CrushJoints","Grand Finale","Pray"],"picked":"SKIP","floor":4},{"not_picked":["CrushJoints","Grand Finale","Pray"],"picked":"SKIP","floor":4},{"not_picked":["EmptyBody","Underhanded Strike"],"picked":"LikeWater","floor":6},{"not_picked":["Protect","Acrobatics","Riddle With Holes"],"picked":"SKIP","floor":8},{"not_picked":["WheelKick","Consecrate","Deadly Poison"],"picked":"SKIP","floor":10},{"not_picked":["Outmaneuver","Consecrate"],"picked":"WindmillStrike","floor":11},{"not_picked":["Unload","Sucker Punch","Well Laid Plans"],"picked":"SKIP","floor":13},{"not_picked":["Brilliance","Blasphemy"],"picked":"LessonLearned","floor":16},{"not_picked":["WindmillStrike","FlyingSleeves"],"picked":"EmptyMind","floor":18},{"not_picked":["Reflex","FlurryOfBlows","Noxious Fumes+1"],"picked":"SKIP","floor":20},{"not_picked":["BowlingBash","Cloak And Dagger+1"],"picked":"SandsOfTime+1","floor":21},{"not_picked":["Endless Agony+1","PiercingWail","Blade Dance"],"picked":"SKIP","floor":22},{"not_picked":["Slice","Deadly Poison","Consecrate+1"],"picked":"Blur","floor":29},{"not_picked":["Choke","Masterful Stab","Riddle With Holes"],"picked":"SpiritShield","floor":30},{"not_picked":["BowlingBash","SashWhip","Dodge and Roll","Underhanded Strike"],"picked":"SKIP","floor":31},{"not_picked":["Judgement","Grand Finale","Envenom"],"picked":"SpiritShield","floor":33},{"not_picked":["FlyingSleeves","Protect","EmptyBody","SashWhip"],"picked":"SKIP","floor":35}],"player_experience":274117,"relics_obtained":[{"floor":6,"key":"Snake Skull"},{"floor":8,"key":"Vajra"},{"floor":9,"key":"Centennial Puzzle"},{"floor":13,"key":"PreservedInsect"},{"floor":24,"key":"Red Mask"},{"floor":26,"key":"MawBank"}],"event_choices":[{"damage_healed":0,"gold_gain":0,"player_choice":"Take Damage","damage_taken":17,"relics_obtained":["Golden Idol"],"max_hp_gain":0,"max_hp_loss":0,"event_name":"Golden Idol","floor":12,"gold_loss":0},{"cards_removed":["Collect"],"damage_healed":0,"gold_gain":0,"player_choice":"Card Removal","damage_taken":0,"max_hp_gain":0,"max_hp_loss":0,"event_name":"The Cleric","floor":14,"gold_loss":50},{"damage_healed":0,"gold_gain":0,"player_choice":"Bet on Murderer","damage_taken":0,"max_hp_gain":0,"max_hp_loss":0,"event_name":"The Joust","floor":19,"gold_loss":50},{"damage_healed":0,"gold_gain":0,"player_choice":"Fought Bandits","damage_taken":0,"max_hp_gain":0,"max_hp_loss":0,"event_name":"Masked Bandits","floor":24,"gold_loss":0},{"damage_healed":0,"gold_gain":0,"player_choice":"Ignored","damage_taken":0,"max_hp_gain":0,"max_hp_loss":0,"event_name":"Cursed Tome","floor":25,"gold_loss":0},{"damage_healed":0,"gold_gain":0,"player_choice":"Took Portal","damage_taken":0,"max_hp_gain":0,"max_hp_loss":0,"event_name":"SecretPortal","floor":37,"gold_loss":0}],"is_beta":false,"boss_relics":[{"not_picked":["WristBlade","Philosopher\u0027s Stone"],"picked":"Ring of the Serpent"},{"not_picked":["Runic Pyramid","Snecko Eye"],"picked":"Runic Dome"}],"items_purged_floors":[27,36],"is_endless":false,"potions_floor_spawned":[1,2,4,6,13,16,21,22,33],"ascension_level":0}}