{"host":"3498uni0c31c9bdm","time":1612921515,"event":{"mods":["BaseMod","Better Match","Better Note","Better Sensory Stone","Better Skull","Better Third Choice","Colored Map","Minty Spire (QoL Compilation)","Quick Restart","RNG Fix","Random Character Button","Replay The Spire","Shop Mod","Smile Girya","StSLib","Unceasing Turn Reminder"],"gold_per_floor":[110,121,86,11,11,11,61,81,81,95,109,122,155,184,196,208,208],"floor_reached":16,"language":"ENG","playtime":425,"items_purged":[],"score":172,"play_id":"afd13648-1278-4757-a322-b6410dda5431","local_time":"20210210124515","is_ascension_mode":true,"campfire_choices":[{"floor":6,"key":"RECALL"},{"data":"Leap","floor":15,"key":"SMITH"}],"circlet_count":0,"master_deck":["AscendersBane","Strike_B","Strike_B","Strike_B","Defend_B","Defend_B","Defend_B","Defend_B","Zap","Dualcast","Redo","Sweeping Beam","Self Repair","Static Discharge","Tempest+1","Amnesia","Capacitor","Stack","Melter","White Noise","Capacitor","Regret","Leap+1"],"relics":["Cracked Core","Ring of Greed","Replay:Wax Seal","MealTicket","Ring of Shattering","Solar Panel","MawBank"],"acts_visited":["Exordium"],"potions_floor_usage":[13,16,16],"damage_taken":[{"damage":0,"enemies":"Cultist","floor":1,"turns":3},{"damage":0,"enemies":"Small Slimes","floor":2,"turns":3},{"damage":7,"enemies":"Jaw Worm","floor":8,"turns":2},{"damage":12,"enemies":"Exordium Thugs","floor":10,"turns":3},{"damage":9,"enemies":"Red Slaver","floor":11,"turns":2},{"damage":0,"enemies":"2 Fungi Beasts","floor":12,"turns":2},{"damage":40,"enemies":"Lagavulin","floor":13,"turns":6},{"damage":0,"enemies":"3 Louse","floor":14,"turns":1},{"damage":41,"enemies":"The Guardian","floor":16,"turns":9}],"seed_played":"2233602950275749911","potions_obtained":[{"floor":2,"key":"Venom Potion"},{"floor":8,"key":"Swift Potion"},{"floor":12,"key":"Toxic Potion"},{"floor":14,"key":"Weak Potion"}],"is_trial":false,"path_per_floor":["M","M","$","?","$","R","?","M","T","M","M","M","E","M","R","B"],"character_chosen":"DEFECT","items_purchased":["Static Discharge"],"campfire_rested":0,"item_purchase_floors":[3],"current_hp_per_floor":[68,68,68,68,68,68,68,68,68,65,63,69,40,40,40,0,0],"gold":208,"neow_bonus":"TRANSFORM_CARD","is_daily":false,"chose_seed":false,"campfire_upgraded":1,"win_rate":0.0,"timestamp":1612921515,"path_taken":["M","?","$","?","?","R","?","M","T","M","M","?","E","M","R","BOSS"],"items_purchased_type":["Card"],"build_version":"2020-12-22","purchased_purges":0,"victory":false,"max_hp_per_floor":[75,75,75,75,75,75,75,75,75,75,75,75,75,75,75,75,75],"card_choices":[{"not_picked":["Redo","Scrape"],"picked":"Sweeping Beam","floor":1},{"not_picked":["Ball Lightning","Leap"],"picked":"Self Repair","floor":2},{"not_picked":["Chill+1","Consume+1"],"picked":"Tempest+1","floor":4},{"not_picked":["ReplaySort","Force Field"],"picked":"Capacitor","floor":8},{"not_picked":["Panic Button","Coolheaded"],"picked":"Stack","floor":10},{"not_picked":["Gash","ReplayTheSpireMod:Repulse"],"picked":"Melter","floor":11},{"not_picked":["Beam Cell","Steam"],"picked":"White Noise","floor":12},{"not_picked":["Static Discharge","Glacier"],"picked":"Capacitor","floor":13},{"not_picked":["Streamline","Barrage"],"picked":"Leap","floor":14}],"player_experience":881503,"relics_obtained":[{"floor":7,"key":"Ring of Greed"},{"floor":7,"key":"Replay:Wax Seal"},{"floor":7,"key":"MealTicket"},{"floor":7,"key":"Ring of Shattering"},{"floor":9,"key":"Solar Panel"},{"floor":13,"key":"MawBank"}],"event_choices":[{"damage_healed":0,"gold_gain":0,"player_choice":"2","damage_taken":0,"max_hp_gain":0,"max_hp_loss":0,"event_name":"betterMatch:BetterMatch","floor":4,"gold_loss":0,"cards_obtained":["betterMatch:UncommonCard"]}],"is_beta":false,"boss_relics":[],"items_purged_floors":[],"is_endless":false,"potions_floor_spawned":[2,8,12,14],"killed_by":"The Guardian","ascension_level":13}}