{"host":"a4s27ghlnr83kbqz","time":1612932566,"event":{"mods":["AchievementEnabler","BaseMod","Colored Map","Minty Spire (QoL Compilation)","Permanent Neow","SuperFastMode"],"gold_per_floor":[110,120,136,150,166,166,166,166,166,166,21,31,59,59,59,157,157,157,47,47,47,47,47,47,47,47,47,47,47,47,47,47,47,47,47,47,47,47,47,47,0,0,0,0,0,0,0,0,0,0],"floor_reached":51,"language":"KOR","playtime":1901,"items_purged":["Defend_G"],"score":1085,"play_id":"26a9868a-b859-47c6-be87-cf0772fb42f4","local_time":"20210210134926","is_ascension_mode":true,"campfire_choices":[{"data":"Poisoned Stab","floor":6.0,"key":"SMITH"},{"floor":8.0,"key":"REST"},{"data":"Catalyst","floor":10.0,"key":"SMITH"},{"data":"Well Laid Plans","floor":15.0,"key":"SMITH"},{"floor":25.0,"key":"REST"},{"data":"After Image","floor":32.0,"key":"SMITH"},{"floor":40,"key":"REST"},{"floor":45,"key":"REST"},{"data":"Burst","floor":47,"key":"SMITH"},{"floor":49,"key":"DIG"}],"circlet_count":0,"master_deck":["AscendersBane","Strike_G","Defend_G","Defend_G","Defend_G","Defend_G","Survivor","Neutralize","Acrobatics","Slice","Poisoned Stab+1","Blur","Catalyst+1","Well Laid Plans+1","Deadly Poison","After Image+1","Backflip","Bouncing Flask","Dodge and Roll","Acrobatics+1","Burst+1","Blade Dance+1","Escape Plan","Footwork+1","Blur"],"relics":["Ring of the Snake","HornCleat","TwistedFunnel","MealTicket","Ectoplasm","InkBottle","Mercury Hourglass","Ninja Scroll","Empty Cage","Shovel","Red Mask","Orichalcum","Strawberry"],"acts_visited":["Exordium","TheCity","TheBeyond"],"potions_floor_usage":[39],"damage_taken":[{"damage":3.0,"enemies":"Cultist","floor":1.0,"turns":6.0},{"damage":1.0,"enemies":"Jaw Worm","floor":2.0,"turns":4.0},{"damage":4.0,"enemies":"Small Slimes","floor":3.0,"turns":3.0},{"damage":14.0,"enemies":"Exordium Thugs","floor":4.0,"turns":6.0},{"damage":16.0,"enemies":"Blue Slaver","floor":5.0,"turns":5.0},{"damage":19.0,"enemies":"Large Slime","floor":12.0,"turns":7.0},{"damage":12.0,"enemies":"3 Sentries","floor":13.0,"turns":12.0},{"damage":5.0,"enemies":"Slime Boss","floor":16.0,"turns":17.0},{"damage":0.0,"enemies":"3 Byrds","floor":18.0,"turns":6.0},{"damage":0.0,"enemies":"Shell Parasite","floor":21.0,"turns":4.0},{"damage":22.0,"enemies":"3 Cultists","floor":22.0,"turns":5.0},{"damage":10.0,"enemies":"Book of Stabbing","floor":23.0,"turns":4.0},{"damage":16.0,"enemies":"Centurion and Healer","floor":24.0,"turns":7.0},{"damage":0.0,"enemies":"Snecko","floor":27.0,"turns":4.0},{"damage":6.0,"enemies":"Snake Plant","floor":28.0,"turns":4.0},{"damage":5.0,"enemies":"Gremlin Leader","floor":29.0,"turns":3.0},{"damage":0.0,"enemies":"Sentry and Sphere","floor":31.0,"turns":3.0},{"damage":12.0,"enemies":"Champ","floor":33.0,"turns":6.0},{"damage":1,"enemies":"Orb Walker","floor":35,"turns":3},{"damage":0,"enemies":"Mind Bloom Boss Battle","floor":36,"turns":8},{"damage":1,"enemies":"3 Shapes","floor":37,"turns":4},{"damage":16,"enemies":"Spire Growth","floor":38,"turns":5},{"damage":33,"enemies":"Jaw Worm Horde","floor":39,"turns":5},{"damage":14,"enemies":"3 Darklings","floor":42,"turns":7},{"damage":0,"enemies":"4 Shapes","floor":46,"turns":5},{"damage":28,"enemies":"Awakened One","floor":50,"turns":17}],"seed_played":"2874755193552390660","potions_obtained":[{"floor":2.0,"key":"ColorlessPotion"},{"floor":3.0,"key":"SteroidPotion"},{"floor":12.0,"key":"Fire Potion"},{"floor":13.0,"key":"GhostInAJar"},{"floor":21.0,"key":"PowerPotion"},{"floor":23.0,"key":"LiquidBronze"},{"floor":27.0,"key":"Swift Potion"},{"floor":46,"key":"SteroidPotion"}],"is_trial":false,"path_per_floor":["M","M","M","M","M","R","?","R","T","R","$","M","E","$","R","B",null,"M","$","?","M","M","E","M","R","T","M","M","E","?","M","R","B",null,"M","?","M","M","M","R","?","M","T","$","R","M","R","$","R","B",null],"character_chosen":"THE_SILENT","items_purchased":["TwistedFunnel","Bouncing Flask"],"campfire_rested":4,"item_purchase_floors":[11,19],"current_hp_per_floor":[60,59,55,41,25,25,18,39,39,39,39,20,8,23,23,18,57,57,70,70,70,48,38,22,43,43,43,37,32,32,32,32,20,58,57,57,56,40,7,28,28,14,14,29,50,50,50,65,72,44],"gold":0,"neow_bonus":"TRANSFORM_CARD","is_daily":false,"chose_seed":false,"campfire_upgraded":5,"win_rate":0.0,"timestamp":1612932566,"path_taken":["M","M","?","M","M","R","?","R","T","R","$","M","E","?","R","BOSS","M","?","?","?","M","E","M","R","T","M","M","E","?","M","R","BOSS","BOSS","M","?","M","M","M","R","?","M","T","?","R","?","R","$","R","BOSS"],"items_purchased_type":["Relic","Card"],"build_version":"2020-12-22","purchased_purges":1,"victory":true,"max_hp_per_floor":[70,70,70,70,70,70,70,70,70,70,70,70,70,70,70,70,70,70,70,70,70,70,70,70,70,70,70,70,70,70,70,70,70,70,70,70,70,70,70,70,70,70,70,70,70,70,70,70,77,77],"card_choices":[{"not_picked":["Deflect","Calculated Gamble"],"picked":"Slice","floor":1.0},{"not_picked":["Escape Plan","Prepared"],"picked":"Poisoned Stab","floor":2.0},{"not_picked":["Acrobatics","Calculated Gamble"],"picked":"Blur","floor":3.0},{"not_picked":["Flying Knee","Calculated Gamble"],"picked":"Catalyst","floor":4.0},{"not_picked":["Sucker Punch","Acrobatics"],"picked":"Well Laid Plans","floor":5.0},{"not_picked":["Endless Agony","Quick Slash"],"picked":"Deadly Poison","floor":12.0},{"not_picked":["Catalyst","Sucker Punch"],"picked":"After Image","floor":13.0},{"not_picked":["Deflect","Cloak And Dagger"],"picked":"Backflip","floor":18.0},{"not_picked":["Prepared","Riddle With Holes+1"],"picked":"Dodge and Roll","floor":21.0},{"not_picked":["Outmaneuver+1","Prepared"],"picked":"Acrobatics+1","floor":22.0},{"not_picked":["Cloak And Dagger","Quick Slash"],"picked":"Burst","floor":23.0},{"not_picked":["Underhanded Strike","Bane+1","Outmaneuver"],"picked":"SKIP","floor":24.0},{"not_picked":["Bouncing Flask","Heel Hook+1","Calculated Gamble"],"picked":"SKIP","floor":27.0},{"not_picked":["Underhanded Strike","Bane+1","Storm of Steel"],"picked":"SKIP","floor":28.0},{"not_picked":["Underhanded Strike","Quick Slash","Flying Knee+1"],"picked":"SKIP","floor":29.0},{"not_picked":["Dagger Spray","Eviscerate","Quick Slash"],"picked":"SKIP","floor":31.0},{"not_picked":["Deflect","Infinite Blades+1"],"picked":"Blade Dance+1","floor":35},{"not_picked":["Noxious Fumes+1","Deflect"],"picked":"Escape Plan","floor":36},{"not_picked":["Dagger Throw+1","Cloak And Dagger","Setup"],"picked":"SKIP","floor":37},{"not_picked":["Poisoned Stab+1","Prepared","Blade Dance"],"picked":"SKIP","floor":38},{"not_picked":["Underhanded Strike+1","Flying Knee"],"picked":"Footwork+1","floor":39},{"not_picked":["Leg Sweep","Underhanded Strike","Bullet Time"],"picked":"SKIP","floor":42},{"not_picked":["Flechettes","Expertise"],"picked":"Blur","floor":46}],"player_experience":1123104,"relics_obtained":[{"floor":9.0,"key":"HornCleat"},{"floor":13.0,"key":"MealTicket"},{"floor":23.0,"key":"InkBottle"},{"floor":26.0,"key":"Mercury Hourglass"},{"floor":29.0,"key":"Ninja Scroll"},{"floor":36,"key":"Shovel"},{"floor":43,"key":"Orichalcum"},{"floor":49,"key":"Strawberry"}],"event_choices":[{"cards_removed":["Strike_G"],"damage_healed":0.0,"max_hp_gain":0.0,"max_hp_loss":0.0,"gold_gain":0.0,"event_name":"Golden Wing","player_choice":"Card Removal","floor":7.0,"gold_loss":0.0,"damage_taken":7.0},{"damage_healed":0.0,"max_hp_gain":0.0,"max_hp_loss":0.0,"gold_gain":0.0,"event_name":"N\u0027loth","player_choice":"Ignored","floor":20.0,"gold_loss":0.0,"damage_taken":0.0},{"damage_healed":0.0,"max_hp_gain":0.0,"max_hp_loss":0.0,"gold_gain":0.0,"event_name":"The Mausoleum","player_choice":"Ignored","floor":30.0,"gold_loss":0.0,"damage_taken":0.0},{"damage_healed":0,"gold_gain":0,"player_choice":"Fight","damage_taken":0,"max_hp_gain":0,"max_hp_loss":0,"event_name":"MindBloom","floor":36,"gold_loss":0},{"damage_healed":0,"gold_gain":0,"player_choice":"Paid","damage_taken":0,"relics_obtained":["Red Mask"],"max_hp_gain":0,"max_hp_loss":0,"event_name":"Tomb of Lord Red Mask","floor":41,"gold_loss":47}],"is_beta":false,"boss_relics":[{"not_picked":["WristBlade","Black Star"],"picked":"Ectoplasm"},{"not_picked":["Pandora\u0027s Box","Philosopher\u0027s Stone"],"picked":"Empty Cage"}],"items_purged_floors":[19],"is_endless":false,"potions_floor_spawned":[2,3,12,13,21,23,27,28,31,37,38,39,46],"ascension_level":11}}