{"host":"kn32u0f2pym5bozc","time":1612962235,"event":{"mods":["2.2 Compatiblity","BaseMod","Better Third Choice","Minty Spire (QoL Compilation)","Permanent Neow","Relic Stats","StSLib","The Animator"],"gold_per_floor":[211,224,224,236,258,258,273,298,298,248,262,36,46,107,107,205,205,215,215,230,240,257,257,291,291,315,230,230,252,2,29,29,134,134,154,167,177,191,253,295,295,323,335,359,53,71,71,123,123,123,123],"floor_reached":50,"language":"ENG","playtime":3217,"items_purged":["animator:Strike","animator:Strike+1"],"score":844,"play_id":"9155a730-4f36-44fb-9e68-d154b664f099","local_time":"20210210080355","is_ascension_mode":true,"campfire_choices":[{"data":"animator:YunYun","floor":6.0,"key":"SMITH"},{"data":"animator:Benimaru","floor":15.0,"key":"SMITH"},{"data":"animator:Kaijin","floor":23.0,"key":"SMITH"},{"floor":25.0,"key":"REST"},{"floor":32.0,"key":"REST"},{"data":"animator:DolaSchwi","floor":47.0,"key":"SMITH"},{"floor":49.0,"key":"REST"}],"circlet_count":0,"master_deck":["AscendersBane","animator:Strike_TenSura","animator:Defend_TenSura","animator:Defend","animator:Defend","animator:Defend","animator:Benimaru+1","animator:Shuna","animator:Vanir","animator:YunYun+1","animator:Nanami","animator:Arpeggio","animator:Chung","animator:Priestess","animator:LizardPriest","animator:Kaijin+1","animator:Lelouch","animator:Megumin+15","animator:Jibril+1","animator:Chung","animator:RinTohsaka","animator:TukaLunaMarceau+1","animator:YuiTsuruno","animator:YachiyoNanami","animator:Shalltear+1","animator:Arpeggio","animator:DolaRiku","animator:Evileye","animator:SuzuneAmano","animator:OrikoMikuni","animator:Vesta","Writhe","animator:ElricEdward+1","animator:Patchouli","animator:DolaSchwi+1","animator:Caster"],"relics":["animator:LivingPicture","animator:TheMissingPiece","animator:PurgingStone","Happy Flower","Bottled Lightning","Philosopher\u0027s Stone","Darkstone Periapt","Akabeko","Art of War","Eternal Feather","Velvet Choker","Du-Vu Doll","Boot","MawBank","Sundial","animator:HeavyHalberd"],"acts_visited":["Exordium","TheCity","TheBeyond"],"potions_floor_usage":[50],"damage_taken":[{"damage":2.0,"enemies":"Small Slimes","floor":1.0,"turns":4.0},{"damage":1.0,"enemies":"Jaw Worm","floor":2.0,"turns":4.0},{"damage":0.0,"enemies":"Cultist","floor":4.0,"turns":3.0},{"damage":0.0,"enemies":"Looter","floor":5.0,"turns":3.0},{"damage":9.0,"enemies":"3 Louse","floor":7.0,"turns":3.0},{"damage":7.0,"enemies":"Lagavulin","floor":8.0,"turns":4.0},{"damage":8.0,"enemies":"Lots of Slimes","floor":11.0,"turns":2.0},{"damage":0.0,"enemies":"2 Fungi Beasts","floor":13.0,"turns":3.0},{"damage":22.0,"enemies":"Hexaghost","floor":16.0,"turns":9.0},{"damage":3.0,"enemies":"Shell Parasite","floor":18.0,"turns":5.0},{"damage":1.0,"enemies":"Chosen","floor":20.0,"turns":4.0},{"damage":3.0,"enemies":"Shelled Parasite and Fungi","floor":21.0,"turns":3.0},{"damage":0.0,"enemies":"Cultist and Chosen","floor":22.0,"turns":6.0},{"damage":39.0,"enemies":"Slavers","floor":24.0,"turns":9.0},{"damage":5.0,"enemies":"Centurion and Healer","floor":29.0,"turns":5.0},{"damage":14.0,"enemies":"Gremlin Leader","floor":31.0,"turns":5.0},{"damage":29.0,"enemies":"Champ","floor":33.0,"turns":12.0},{"damage":0.0,"enemies":"3 Shapes","floor":35.0,"turns":5.0},{"damage":15.0,"enemies":"Orb Walker","floor":36.0,"turns":3.0},{"damage":0.0,"enemies":"Jaw Worm Horde","floor":37.0,"turns":4.0},{"damage":0.0,"enemies":"Sphere and 2 Shapes","floor":38.0,"turns":2.0},{"damage":0.0,"enemies":"Mind Bloom Boss Battle","floor":39.0,"turns":6.0},{"damage":48.0,"enemies":"Reptomancer","floor":40.0,"turns":6.0},{"damage":12.0,"enemies":"Nemesis","floor":42.0,"turns":7.0},{"damage":5.0,"enemies":"3 Darklings","floor":44.0,"turns":3.0},{"damage":13.0,"enemies":"Maw","floor":46.0,"turns":6.0},{"damage":24.0,"enemies":"2 Orb Walkers","floor":48.0,"turns":4.0},{"damage":62,"enemies":"Awakened One","floor":50,"turns":3}],"seed_played":"8051269218653983793","potions_obtained":[{"floor":2.0,"key":"Swift Potion"},{"floor":5.0,"key":"Strength Potion"},{"floor":7.0,"key":"Fire Potion"},{"floor":13.0,"key":"Swift Potion"},{"floor":19.0,"key":"DistilledChaos"},{"floor":19.0,"key":"PowerPotion"},{"floor":19.0,"key":"BlessingOfTheForge"},{"floor":29.0,"key":"animator:GrowthPotion"},{"floor":31.0,"key":"FearPotion"},{"floor":33.0,"key":"Explosive Potion"},{"floor":40.0,"key":"AttackPotion"},{"floor":42.0,"key":"Strength Potion"},{"floor":48.0,"key":"SmokeBomb"}],"is_trial":false,"path_per_floor":["M","M","?","M","M","R","M","E","T","?","M","$","M","?","R","B",null,"M","?","M","M","M","R","E","R","T","?","?","M","$","E","R","B",null,"M","M","M","M","?","E","?","E","T","M","$","M","R","?","R","B"],"character_chosen":"THE_ANIMATOR","items_purchased":["animator:Kaijin","animator:Lelouch","animator:YachiyoNanami","FairyPotion","animator:Patchouli","animator:DolaSchwi"],"campfire_rested":3,"item_purchase_floors":[12,12,30,30,45,45],"current_hp_per_floor":[57,56,61,61,61,61,52,45,45,45,37,37,37,37,37,15,57,54,54,53,50,50,50,12,33,33,33,33,28,28,14,50,21,59,59,44,44,45,45,21,45,33,33,28,28,15,36,12,56,0,0],"gold":123,"neow_bonus":"HUNDRED_GOLD","is_daily":false,"chose_seed":false,"campfire_upgraded":4,"win_rate":0.0,"timestamp":1612962235,"path_taken":["M","M","?","M","M","R","M","E","T","?","M","$","M","?","R","BOSS","M","?","M","?","M","R","E","R","T","?","?","M","$","E","R","BOSS","M","M","M","?","?","E","?","E","T","M","$","M","R","?","R","BOSS"],"items_purchased_type":["Card","Card","Card","Potion","Card","Card"],"build_version":"2020-12-22","purchased_purges":2,"victory":false,"max_hp_per_floor":[66,66,71,71,71,71,71,71,71,71,71,71,71,71,71,71,71,71,71,71,71,71,71,72,72,72,72,72,72,72,72,72,72,72,72,72,72,73,73,73,79,79,79,79,79,79,79,79,79,79,79],"relic_stats":{"Darkstone Periapt":6,"Happy Flower":[37],"counters":[28,133],"Sundial":[0],"Eternal Feather":57,"Art of War":[12],"Boot":[18],"MawBank":36,"obtain_stats":[{"Darkstone Periapt":24,"Happy Flower":8,"animator:TheMissingPiece":0,"Velvet Choker":34,"Eternal Feather":31,"Boot":40,"MawBank":42,"Akabeko":26,"Du-Vu Doll":39,"animator:PurgingStone":0,"Sundial":43,"Philosopher\u0027s Stone":17,"animator:LivingPicture":0,"Art of War":27,"Bottled Lightning":9,"animator:HeavyHalberd":48},{"Darkstone Periapt":14,"Happy Flower":6,"animator:TheMissingPiece":0,"Velvet Choker":17,"Eternal Feather":16,"Boot":23,"MawBank":24,"Akabeko":14,"Du-Vu Doll":22,"animator:PurgingStone":0,"Sundial":24,"Philosopher\u0027s Stone":9,"animator:LivingPicture":0,"Art of War":14,"Bottled Lightning":6,"animator:HeavyHalberd":27},{"Darkstone Periapt":62,"Happy Flower":21,"animator:TheMissingPiece":0,"Velvet Choker":84,"Eternal Feather":72,"Boot":110,"MawBank":117,"Akabeko":62,"Du-Vu Doll":104,"animator:PurgingStone":0,"Sundial":117,"Philosopher\u0027s Stone":35,"animator:LivingPicture":0,"Art of War":62,"Bottled Lightning":21,"animator:HeavyHalberd":130}]},"card_choices":[{"not_picked":["animator:SilverFang","animator:HighElfArcher"],"picked":"animator:Vanir","floor":1.0},{"not_picked":["animator:Melzalgald","animator:Spearman"],"picked":"animator:YunYun","floor":2.0},{"not_picked":["animator:ZankiKiguchi","animator:IzunaHatsuse"],"picked":"animator:Nanami","floor":4.0},{"not_picked":["animator:TukaLunaMarceau","animator:LeleiLaLalena"],"picked":"animator:Arpeggio","floor":5.0},{"not_picked":["animator:Mitsurugi","animator:Gluttony"],"picked":"animator:Chung","floor":7.0},{"not_picked":["animator:Sloth","animator:Azekura"],"picked":"animator:Priestess","floor":8.0},{"not_picked":["animator:Shinoa","animator:DolaRiku"],"picked":"animator:LizardPriest","floor":11.0},{"not_picked":["animator:Aqua","animator:Kazuma"],"picked":"animator:Megumin","floor":13.0},{"not_picked":["animator:DolaCouronne","animator:TukaLunaMarceau"],"picked":"animator:Jibril+1","floor":18.0},{"not_picked":["animator:IzunaHatsuse","animator:Konayuki"],"picked":"animator:Chung","floor":20.0},{"not_picked":["animator:ZankiKiguchi+1","animator:Berserker"],"picked":"animator:RinTohsaka","floor":21.0},{"not_picked":["animator:Melzalgald","animator:Tet"],"picked":"animator:TukaLunaMarceau+1","floor":24.0},{"not_picked":["animator:Greed","animator:Shichika"],"picked":"animator:YuiTsuruno","floor":29.0},{"not_picked":["animator:KrulTepes","animator:Shinoa+1"],"picked":"animator:Shalltear+1","floor":31.0},{"not_picked":["animator:Tyuule","animator:Bozes"],"picked":"animator:Arpeggio","floor":35.0},{"not_picked":["animator:Kazuma","animator:HiiragiShinya+1"],"picked":"animator:DolaRiku","floor":36.0},{"not_picked":["animator:IrohaTamaki","animator:FielNirvalen"],"picked":"animator:Evileye","floor":37.0},{"not_picked":["animator:Benimaru","animator:Chung"],"picked":"animator:SuzuneAmano","floor":38.0},{"not_picked":["animator:DolaStephanie","animator:Togame+1"],"picked":"animator:OrikoMikuni","floor":39.0},{"not_picked":["animator:Benimaru","animator:Hakurou"],"picked":"animator:Vesta","floor":40.0},{"not_picked":["animator:HighElfArcher","animator:SilverFang","animator:Cocytus+1"],"picked":"SKIP","floor":42.0},{"not_picked":["animator:Aqua","animator:Fredrika"],"picked":"animator:ElricEdward+1","floor":44.0},{"not_picked":["animator:Yoichi+1","animator:Lancer"],"picked":"animator:Caster","floor":46.0}],"player_experience":935496,"relics_obtained":[{"floor":8.0,"key":"Happy Flower"},{"floor":9.0,"key":"Bottled Lightning"},{"floor":24.0,"key":"Darkstone Periapt"},{"floor":26.0,"key":"Akabeko"},{"floor":31.0,"key":"Eternal Feather"},{"floor":39.0,"key":"Du-Vu Doll"},{"floor":40.0,"key":"Boot"},{"floor":42.0,"key":"MawBank"},{"floor":43.0,"key":"Sundial"},{"floor":48.0,"key":"animator:HeavyHalberd"}],"event_choices":[{"damage_healed":0.0,"max_hp_gain":5.0,"max_hp_loss":0.0,"gold_gain":0.0,"event_name":"Big Fish","player_choice":"Donut","floor":3.0,"gold_loss":0.0,"damage_taken":0.0},{"cards_removed":["animator:Strike"],"damage_healed":0.0,"max_hp_gain":0.0,"max_hp_loss":0.0,"gold_gain":0.0,"event_name":"The Cleric","player_choice":"Card Removal","floor":10.0,"gold_loss":50.0,"damage_taken":0.0},{"damage_healed":0.0,"max_hp_gain":0.0,"max_hp_loss":0.0,"gold_gain":61.0,"event_name":"Golden Wing","player_choice":"Gained Gold","floor":14.0,"gold_loss":0.0,"damage_taken":0.0},{"damage_healed":0.0,"max_hp_gain":0.0,"max_hp_loss":0.0,"gold_gain":0.0,"event_name":"Lab","player_choice":"Got Potions","floor":19.0,"gold_loss":0.0,"damage_taken":0.0},{"damage_healed":0.0,"max_hp_gain":0.0,"max_hp_loss":0.0,"gold_gain":0.0,"event_name":"Addict","player_choice":"Obtained Relic","floor":27.0,"gold_loss":85.0,"damage_taken":0.0,"relics_obtained":["Art of War"]},{"damage_healed":0.0,"max_hp_gain":0.0,"max_hp_loss":0.0,"gold_gain":0.0,"event_name":"N\u0027loth","player_choice":"Ignored","floor":28.0,"gold_loss":0.0,"damage_taken":0.0},{"damage_healed":0.0,"max_hp_gain":0.0,"max_hp_loss":0.0,"gold_gain":0.0,"event_name":"MindBloom","player_choice":"Fight","floor":39.0,"gold_loss":0.0,"damage_taken":0.0},{"damage_healed":18.0,"max_hp_gain":0.0,"max_hp_loss":0.0,"gold_gain":0.0,"event_name":"Winding Halls","player_choice":"Writhe","floor":41.0,"gold_loss":0.0,"damage_taken":0.0,"cards_obtained":["Writhe"]},{"damage_healed":0.0,"max_hp_gain":0.0,"max_hp_loss":0.0,"gold_gain":0.0,"event_name":"Mysterious Sphere","player_choice":"Fight","floor":48.0,"gold_loss":0.0,"damage_taken":0.0}],"is_beta":false,"boss_relics":[{"not_picked":["Busted Crown","Empty Cage"],"picked":"Philosopher\u0027s Stone"},{"not_picked":["SacredBark","animator:RacePiece"],"picked":"Velvet Choker"}],"items_purged_floors":[30,45],"is_endless":false,"potions_floor_spawned":[2,5,7,13,29,31,33,38,39,40,42,48],"killed_by":"Awakened One","ascension_level":10}}