{"host":"65j9mga0429zsj8m","time":1612955990,"event":{"mods":["2.2 Compatiblity","BaseMod","Card Forge","Downfall","GifTheSpireLib","Minty Spire (QoL Compilation)","StSLib"],"gold_per_floor":[99,119,119,119,132,132,132,132,147,176,259,282,294,2,22,124,124,124,140,152,252,263,281,307,307,26,40,40,40,40,59,72,176,176,176,196,210,294,304,320,320,339,339,339,239,256,256,283,302,302],"floor_reached":51,"language":"ENG","playtime":7099,"items_purged":["Clumsy","bronze:Defend"],"score":808,"play_id":"0fead9bd-4e9c-4c60-a5c7-18db5eedb9bf","local_time":"20210210221950","is_ascension_mode":false,"campfire_choices":[{"floor":1,"key":"REST"},{"data":"bronze:ChosenStrike","floor":8,"key":"SMITH"},{"data":"bronze:InfiniteBeams","floor":13,"key":"SMITH"},{"data":"bronze:HardenedForm","floor":18,"key":"SMITH"},{"data":"bronze:Assembly","floor":25,"key":"SMITH"},{"data":"bronze:Terminator","floor":28,"key":"SMITH"},{"data":"bronze:Turbo","floor":35,"key":"SMITH"},{"data":"expansioncontent:InvincibleStrength","floor":45,"key":"SMITH"},{"data":"expansioncontent:AwakenDeath","floor":47,"key":"SMITH"}],"circlet_count":0,"master_deck":["bronze:Strike","bronze:Replicate","bronze:Goto","bronze:BronzeOrb","bronze:Boost","bronze:BitShift","bronze:Constructor","bronze:ChosenStrike+1","bronze:FollowUp","bronze:FineTuning","bronze:Constructor","bronze:InfiniteBeams+1","bronze:Repair","bronze:ClassDefault","bronze:Assembly+1","bronze:HardenedForm+1","bronze:FollowUp","bronze:ThunderWave","CurseOfTheBell","bronze:Return+1","bronze:Return","bronze:Goto","bronze:Invalidate","bronze:Repulsor","Panacea","bronze:Terminator+1","bronze:ClassDefault+1","bronze:Turbo+1","bronze:ThunderWave+1","bronze:Turbo+1","bronze:Fortify+1","Deep Breath","bronze:Constructor+1","bronze:ForLoop+1","bronze:Shell+1","expansioncontent:AwakenDeath+1","expansioncontent:InvincibleStrength+1","bronze:FineTuning+1","bronze:Frontload+1"],"relics":["bronze:BronzeCore","Hammer of Thor","Seething Fire","Anvil of the Gods","Ginger","Mango","MawBank","Eternal Feather","Membership Card","Calling Bell","Matryoshka","Bird Faced Urn","Bag of Preparation","downfall:GremlinSack","Regal Pillow","MealTicket","Lizard Tail","Toolbox","Molten Egg 2","Dream Catcher","SlaversCollar","Oddly Smooth Stone","Frozen Eye","downfall:HeartBlessingBlue","Blood Vial"],"acts_visited":["Exordium","TheCity","TheBeyond"],"potions_floor_usage":[16,16,23,33,33,38,46,46,50],"damage_taken":[{"damage":0,"enemies":"Cultist","floor":2,"turns":2},{"damage":0,"enemies":"Small Slimes","floor":5,"turns":2},{"damage":0,"enemies":"2 Louse","floor":9,"turns":1},{"damage":3,"enemies":"Lagavulin","floor":10,"turns":5},{"damage":4,"enemies":"Lots of Slimes","floor":12,"turns":4},{"damage":0,"enemies":"downfall:FleeingMerchant","floor":14,"turns":4},{"damage":0,"enemies":"Exordium Wildlife","floor":15,"turns":3},{"damage":2,"enemies":"DF_ARCHETYPE_STREAMLINE","floor":16,"turns":6},{"damage":0,"enemies":"Shell Parasite","floor":19,"turns":3},{"damage":16,"enemies":"Spheric Guardian","floor":20,"turns":4},{"damage":7,"enemies":"Spheric Guardian","floor":21,"turns":4},{"damage":34,"enemies":"Snake Plant","floor":22,"turns":5},{"damage":20,"enemies":"Snecko","floor":23,"turns":7},{"damage":11,"enemies":"downfall:FleeingMerchant","floor":26,"turns":4},{"damage":32,"enemies":"Centurion and Healer","floor":27,"turns":5},{"damage":30,"enemies":"Shelled Parasite and Fungi","floor":31,"turns":4},{"damage":6,"enemies":"Sentry and Sphere","floor":32,"turns":5},{"damage":12,"enemies":"IC_MUSHROOM_ARCHETYPE","floor":33,"turns":7},{"damage":33,"enemies":"Orb Walker","floor":36,"turns":4},{"damage":17,"enemies":"3 Darklings","floor":37,"turns":4},{"damage":0,"enemies":"downfall:FleeingMerchant","floor":38,"turns":4},{"damage":35,"enemies":"Jaw Worm Horde","floor":39,"turns":4},{"damage":3,"enemies":"4 Shapes","floor":40,"turns":6},{"damage":0,"enemies":"Sphere and 2 Shapes","floor":42,"turns":4},{"damage":41,"enemies":"Jaw Worm Horde","floor":46,"turns":5},{"damage":0,"enemies":"Giant Head","floor":48,"turns":7},{"damage":28,"enemies":"3 Darklings","floor":49,"turns":7},{"damage":49,"enemies":"WA_ARCHETYPE_DIVINITY","floor":50,"turns":12}],"seed_played":"3065715372306070946","potions_obtained":[{"floor":6,"key":"DistilledChaos"},{"floor":6,"key":"EssenceOfSteel"},{"floor":6,"key":"Block Potion"},{"floor":9,"key":"Guardian:BlockOnCardUsePotion"},{"floor":15,"key":"DuplicationPotion"},{"floor":16,"key":"BlessingOfTheForge"},{"floor":19,"key":"FearPotion"},{"floor":27,"key":"sneckomod:MuddlingPotion"},{"floor":33,"key":"Strength Potion"},{"floor":37,"key":"DistilledChaos"},{"floor":42,"key":"hexamod:SoulburnPotion"},{"floor":46,"key":"hexamod:SoulburnPotion"}],"is_trial":false,"path_per_floor":["R","M","?","?","M","?","T","R","M","E","T","M","R","$","M","B",null,"R","M","M","?","M","M","T","R","$","M","R","?","T","M","M","B",null,"R","M","M","$","M","M","T","M","?","?","R","M","R","E","M","B",null],"character_chosen":"THE_AUTOMATON","items_purchased":["Membership Card","bronze:Assembly","bronze:HardenedForm","Lizard Tail","Toolbox","Oddly Smooth Stone","Deep Breath","Frozen Eye"],"campfire_rested":1,"item_purchase_floors":[14,14,14,26,26,38,38,38],"current_hp_per_floor":[70,70,75,75,75,75,89,89,89,86,86,82,88,88,89,87,89,89,89,78,75,52,34,34,52,65,48,66,99,99,71,76,81,99,99,73,71,95,66,73,73,79,79,74,105,80,101,109,83,60],"gold":302,"neow_bonus":"ONE_RARE_RELIC","is_daily":false,"chose_seed":false,"campfire_upgraded":8,"win_rate":0.0,"timestamp":1612955990,"path_taken":["R","M","?","?","?","?","T","R","?","E","?","M","R","$","M","BOSS","R","M","M","?","M","M","T","R","$","?","R","?","?","M","M","BOSS","R","M","?","$","M","M","T","?","?","?","R","M","R","E","M","BOSS"],"items_purchased_type":["Relic","Card","Card","Relic","Relic","Relic","Card","Relic"],"build_version":"2020-12-22","purchased_purges":2,"victory":true,"max_hp_per_floor":[70,70,75,75,75,75,89,89,89,89,89,89,89,89,89,89,89,89,89,89,89,89,89,89,89,89,89,89,99,99,99,99,99,99,99,99,99,99,99,99,99,99,99,99,109,109,109,109,109,109],"card_choices":[{"not_picked":["bronze:WildBeam","bronze:Iterate"],"picked":"bronze:FineTuning","floor":2},{"not_picked":["bronze:DelayedSlice","bronze:Overload"],"picked":"bronze:Constructor","floor":5},{"not_picked":["bronze:Overheat","bronze:BugBarrage","bronze:Invalidate"],"picked":"SKIP","floor":9},{"not_picked":["bronze:CutThrough","bronze:Separator"],"picked":"bronze:InfiniteBeams","floor":10},{"not_picked":["bronze:ForLoop","bronze:ItsAFeature"],"picked":"bronze:Repair","floor":12},{"not_picked":["bronze:ForceShield","bronze:BitShift"],"picked":"bronze:ClassDefault","floor":14},{"not_picked":["bronze:Break","bronze:Iterate"],"picked":"bronze:FollowUp","floor":15},{"not_picked":["bronze:Verify","bronze:Break"],"picked":"bronze:ThunderWave","floor":16},{"not_picked":["bronze:Invalidate","bronze:Separator+1"],"picked":"bronze:Return+1","floor":19},{"not_picked":["bronze:Frontload","bronze:Turbo"],"picked":"bronze:Return","floor":20},{"not_picked":["bronze:Deprecate+1","bronze:BronzeArmor+1"],"picked":"bronze:CutThrough+1","floor":21},{"not_picked":["bronze:ForLoop","bronze:ClassDefault"],"picked":"bronze:Terminator","floor":22},{"not_picked":["bronze:WhirlingStrike+1","bronze:DelayedSlice"],"picked":"bronze:ClassDefault+1","floor":23},{"not_picked":["bronze:Separator","bronze:Safeguard"],"picked":"bronze:Turbo","floor":26},{"not_picked":["bronze:Backtrace+1","bronze:NullPointer","bronze:Deprecate"],"picked":"SKIP","floor":27},{"not_picked":["bronze:CutThrough+1","bronze:ClassDefault","bronze:Philosophize"],"picked":"SKIP","floor":31},{"not_picked":["bronze:Shield","bronze:Allocate","bronze:BitShift"],"picked":"SKIP","floor":32},{"not_picked":["bronze:BurnOut+1","bronze:Format"],"picked":"bronze:ThunderWave+1","floor":33},{"not_picked":["bronze:Shield+1","bronze:FineTuning"],"picked":"bronze:Turbo+1","floor":36},{"not_picked":["bronze:FollowUp+1","bronze:DelayedGuard+1"],"picked":"bronze:Fortify+1","floor":37},{"not_picked":["bronze:WhirlingStrike+1","bronze:Iterate+1","bronze:Repair"],"picked":"SKIP","floor":38},{"not_picked":["bronze:WhirlingStrike+1","bronze:Repulsor+1"],"picked":"bronze:Constructor+1","floor":39},{"not_picked":["bronze:CloningBeam+1","bronze:Invalidate"],"picked":"bronze:ForLoop+1","floor":40},{"not_picked":["bronze:Overheat+1","bronze:Constructor+1"],"picked":"bronze:Shell+1","floor":42},{"not_picked":["expansioncontent:YouAreMine","expansioncontent:Hexaburn"],"picked":"expansioncontent:AwakenDeath","floor":44},{"not_picked":["expansioncontent:LastStand","expansioncontent:YouAreMine"],"picked":"expansioncontent:InvincibleStrength","floor":44},{"not_picked":["bronze:CutThrough+1","bronze:Separator+1"],"picked":"bronze:FineTuning+1","floor":46},{"not_picked":["bronze:CloningBeam+1","bronze:BuggyMess"],"picked":"bronze:Frontload+1","floor":48},{"not_picked":["bronze:BitShift","bronze:Iterate+1","bronze:Branch+1"],"picked":"SKIP","floor":49}],"player_experience":85594,"relics_obtained":[{"floor":7,"key":"Mango"},{"floor":10,"key":"MawBank"},{"floor":11,"key":"Eternal Feather"},{"floor":17,"key":"Matryoshka"},{"floor":17,"key":"Bird Faced Urn"},{"floor":17,"key":"Bag of Preparation"},{"floor":21,"key":"downfall:GremlinSack"},{"floor":24,"key":"Regal Pillow"},{"floor":24,"key":"MealTicket"},{"floor":30,"key":"Molten Egg 2"},{"floor":30,"key":"Dream Catcher"},{"floor":48,"key":"Blood Vial"}],"event_choices":[{"damage_healed":0,"gold_gain":0,"player_choice":"Donut","damage_taken":0,"max_hp_gain":5,"max_hp_loss":0,"event_name":"Big Fish","floor":3,"gold_loss":0},{"damage_healed":0,"gold_gain":0,"player_choice":"Ignored","damage_taken":0,"max_hp_gain":0,"max_hp_loss":0,"event_name":"NoteForYourself","floor":4,"gold_loss":0},{"damage_healed":0,"gold_gain":0,"player_choice":"Got Potions","damage_taken":0,"max_hp_gain":0,"max_hp_loss":0,"event_name":"Lab","floor":6,"gold_loss":0},{"cards_removed":["bronze:CutThrough"],"damage_healed":0,"gold_gain":0,"player_choice":"Removed Attack","damage_taken":0,"max_hp_gain":0,"max_hp_loss":0,"event_name":"Falling","floor":43,"gold_loss":0}],"is_beta":false,"boss_relics":[{"not_picked":["Velvet Choker","Coffee Dripper"],"picked":"Calling Bell"},{"not_picked":["Runic Dome","Philosopher\u0027s Stone"],"picked":"SlaversCollar"}],"items_purged_floors":[26,38],"is_endless":false,"potions_floor_spawned":[9,10,12,15,16,19,22,27,31,33,37,42,46],"ascension_level":0}}