{"host":"lktusdb9orijgc6z","time":1612966611,"event":{"mods":["BaseMod","Bestiary","Colored Map","Colored Powertips","Filter the Spire","Minty Spire (QoL Compilation)","Permanent Neow","Quick Restart","Relic Stats","StSLib","everything is the same but u backflip on backflip","slay the spire mod where everything is the same but ironclad has a cowboy hat"],"gold_per_floor":[119,119,138,152,45,45,63,95,121,121,121,132,132,143,143,220,220,236,247,247,23,73,73,73,73],"floor_reached":24,"language":"ENG","playtime":970,"items_purged":["Poisoned Stab"],"score":392,"play_id":"c59b5ff9-8b0a-42a7-9ae4-ec900bcc2e65","local_time":"20210210151651","is_ascension_mode":true,"campfire_choices":[{"floor":6,"key":"REST"},{"data":"Footwork","floor":13,"key":"SMITH"},{"data":"Bouncing Flask","floor":15,"key":"SMITH"},{"data":"Corpse Explosion","floor":23,"key":"SMITH"}],"circlet_count":0,"master_deck":["AscendersBane","Survivor+1","Neutralize+1","Bouncing Flask+1","Footwork+1","Impatience","Blur","Tools of the Trade","CurseOfTheBell","Corpse Explosion+1","Reflex","Leg Sweep"],"relics":["Pandora\u0027s Box","Toy Ornithopter","Regal Pillow","Calling Bell","Smiling Mask","Matryoshka","Tough Bandages"],"acts_visited":["Exordium","TheCity"],"potions_floor_usage":[8,19,19],"damage_taken":[{"damage":17.0,"enemies":"Small Slimes","floor":1.0,"turns":16.0},{"damage":12.0,"enemies":"Jaw Worm","floor":3.0,"turns":4.0},{"damage":0.0,"enemies":"Cultist","floor":4.0,"turns":2.0},{"damage":0,"enemies":"Large Slime","floor":7,"turns":4},{"damage":17,"enemies":"3 Sentries","floor":8,"turns":4},{"damage":6,"enemies":"3 Louse","floor":12,"turns":2},{"damage":9,"enemies":"Blue Slaver","floor":14,"turns":3},{"damage":4,"enemies":"Hexaghost","floor":16,"turns":9},{"damage":18,"enemies":"Shell Parasite","floor":18,"turns":7},{"damage":17,"enemies":"2 Thieves","floor":19,"turns":4},{"damage":30,"enemies":"Book of Stabbing","floor":24,"turns":6}],"seed_played":"4572124302350420339","potions_obtained":[{"floor":1.0,"key":"LiquidMemories"},{"floor":3.0,"key":"SkillPotion"},{"floor":4.0,"key":"AttackPotion"},{"floor":14,"key":"GamblersBrew"},{"floor":18,"key":"Poison Potion"}],"is_trial":false,"path_per_floor":["M","?","M","M","$","R","M","E","T","?","?","M","R","M","R","B",null,"M","M","?","$","?","R","E"],"character_chosen":"THE_SILENT","items_purchased":["Impatience","Reflex","Leg Sweep"],"campfire_rested":1,"item_purchase_floors":[5,21,21],"current_hp_per_floor":[42,22,10,10,10,29,29,12,12,12,34,28,28,19,19,15,53,35,28,28,28,28,28,0,0],"gold":73,"neow_bonus":"BOSS_RELIC","is_daily":false,"chose_seed":false,"campfire_upgraded":3,"win_rate":0.0,"timestamp":1612966611,"path_taken":["M","?","M","M","$","R","M","E","T","?","?","M","R","M","R","BOSS","M","M","?","$","?","R","E"],"items_purchased_type":["Card","Card","Card"],"build_version":"2020-12-22","purchased_purges":1,"victory":false,"max_hp_per_floor":[66,66,66,66,66,66,66,66,66,66,66,66,66,66,66,66,66,66,66,66,66,66,66,66,66],"relic_stats":{"Regal Pillow":0,"Tough Bandages":[63],"counters":[11,61],"Pandora\u0027s Box":["Tools of the Trade","Cloak And Dagger","Deflect","Bane","Glass Knife","Quick Slash","Escape Plan","Noxious Fumes","Doppelganger","Terror"],"Smiling Mask":25,"obtain_stats":[{"Calling Bell":17,"Regal Pillow":9,"Tough Bandages":17,"Matryoshka":17,"Pandora\u0027s Box":0,"Smiling Mask":17,"Toy Ornithopter":8,"Ring of the Snake":0},{"Calling Bell":8,"Regal Pillow":5,"Tough Bandages":8,"Matryoshka":8,"Pandora\u0027s Box":0,"Smiling Mask":8,"Toy Ornithopter":5,"Ring of the Snake":0},{"Calling Bell":44,"Regal Pillow":30,"Tough Bandages":44,"Matryoshka":44,"Pandora\u0027s Box":0,"Smiling Mask":44,"Toy Ornithopter":30,"Ring of the Snake":0}],"Toy Ornithopter":10},"card_choices":[{"not_picked":["Dagger Spray","Escape Plan"],"picked":"All Out Attack","floor":1.0},{"not_picked":["Dodge and Roll","Dagger Throw"],"picked":"Bouncing Flask","floor":3.0},{"not_picked":["Backflip","Acrobatics"],"picked":"Footwork","floor":4.0},{"not_picked":["Expertise","Flying Knee"],"picked":"Bane","floor":7},{"not_picked":["Die Die Die","Catalyst"],"picked":"Blur","floor":8},{"not_picked":["Poisoned Stab","Flying Knee","Quick Slash"],"picked":"SKIP","floor":12},{"not_picked":["Flying Knee","Predator","Bouncing Flask"],"picked":"SKIP","floor":14},{"not_picked":["Bullet Time","Venomology"],"picked":"Tools of the Trade","floor":16},{"not_picked":["Blade Dance","Bane+1","Prepared"],"picked":"SKIP","floor":18},{"not_picked":["Finisher","PiercingWail","Underhanded Strike"],"picked":"SKIP","floor":19}],"player_experience":778065,"relics_obtained":[{"floor":8,"key":"Toy Ornithopter"},{"floor":9,"key":"Regal Pillow"},{"floor":17,"key":"Smiling Mask"},{"floor":17,"key":"Matryoshka"},{"floor":17,"key":"Tough Bandages"}],"event_choices":[{"damage_healed":0.0,"max_hp_gain":0.0,"max_hp_loss":0.0,"gold_gain":0.0,"event_name":"Shining Light","player_choice":"Entered Light","floor":2.0,"gold_loss":0.0,"damage_taken":20.0,"cards_upgraded":["Survivor","Neutralize"]},{"damage_healed":0,"gold_gain":0,"player_choice":"Ignored","damage_taken":0,"max_hp_gain":0,"max_hp_loss":0,"event_name":"Liars Game","floor":10,"gold_loss":0},{"damage_healed":22,"gold_gain":0,"player_choice":"Banana","damage_taken":0,"max_hp_gain":0,"max_hp_loss":0,"event_name":"Big Fish","floor":11,"gold_loss":0},{"damage_healed":0,"gold_gain":0,"cards_transformed":["All Out Attack","Bane"],"player_choice":"Became Test Subject","damage_taken":0,"max_hp_gain":0,"max_hp_loss":0,"event_name":"Drug Dealer","floor":20,"gold_loss":0,"cards_obtained":["Corpse Explosion","Poisoned Stab"]},{"damage_healed":0,"gold_gain":50,"player_choice":"Stole From Cult","damage_taken":0,"max_hp_gain":0,"max_hp_loss":0,"event_name":"Nest","floor":22,"gold_loss":0}],"is_beta":false,"boss_relics":[{"not_picked":["Velvet Choker","WristBlade"],"picked":"Calling Bell"}],"items_purged_floors":[21],"is_endless":false,"potions_floor_spawned":[1,3,4,14,18],"killed_by":"Book of Stabbing","ascension_level":20}}