{"host":"3ghcx3e93lhog3cp","time":1612991029,"event":{"mods":["AchievementEnabler","BaseMod","Downfall","Minty Spire (QoL Compilation)","Replay The Spire","StSLib"],"gold_per_floor":[114,131,60,78,78,78,91,126,195,195,13,48,2,2,2,99,99,115,147,160,160,160,160,190,202,202,220,220,220,238,251,251,348,348,363,379,379,379],"floor_reached":37,"language":"ENG","playtime":2328,"items_purged":[],"score":459,"play_id":"f95a6730-9d22-4869-8796-0287c0b108da","local_time":"20210210130349","is_ascension_mode":true,"campfire_choices":[{"data":"Leg Sweep","floor":6,"key":"SMITH"},{"data":"Neutralize","floor":10,"key":"SMITH"},{"data":"Draining Mist","floor":15,"key":"SMITH"},{"floor":23,"key":"REST"},{"floor":29,"key":"REST"}],"circlet_count":0,"master_deck":["Defend_G","Defend_G","Survivor","Neutralize+1","downfall:Haunted","Deadly Poison","ReplayTheSpireMod:Speed Training","Caltrops","Leg Sweep+1","PiercingWail","Corpse Explosion+1","Blur","Caltrops","Backstab","Draining Mist+1","Acrobatics","ReplayTheSpireMod:From All Sides","Deadly Poison","Crippling Poison","Slimebound:Tackle+1","Slimebound:Tackle+1","Slimebound:Tackle+1","Deflect","Fluid Movement","Draining Mist","Footwork","Catalyst","Replay:Bag of Tricks","Parasite","Writhe","downfall:Icky","Catalyst+1"],"relics":["Kintsugi","Replay:Multitool","White Beast Statue","Ancient Tea Set","bronze:MakeshiftBattery","Red Mask","Happy Flower","Bronze Scales","Replay:Ancient Bell","Nunchaku","Garlic","TungstenRod"],"acts_visited":["Exordium","TheCity","TheBeyond"],"potions_floor_usage":[12,19,19,24,24,25,27,27,30,33,33,37],"damage_taken":[{"damage":1,"enemies":"Small Slimes","floor":1,"turns":4},{"damage":0,"enemies":"Cultist","floor":2,"turns":4},{"damage":4,"enemies":"2 Louse","floor":4,"turns":3},{"damage":6,"enemies":"Looter","floor":7,"turns":4},{"damage":17,"enemies":"Replay:BlueRogue","floor":8,"turns":8},{"damage":3,"enemies":"Lagavulin","floor":12,"turns":6},{"damage":4,"enemies":"The Guardian","floor":16,"turns":9},{"damage":8,"enemies":"2 Thieves","floor":18,"turns":3},{"damage":0,"enemies":"Masked Bandits","floor":19,"turns":2},{"damage":22,"enemies":"Shell Parasite","floor":20,"turns":4},{"damage":14,"enemies":"Gremlin Leader","floor":24,"turns":6},{"damage":21,"enemies":"Shelled Parasite and Fungi","floor":25,"turns":5},{"damage":12,"enemies":"Snecko","floor":27,"turns":5},{"damage":11,"enemies":"Sentry and Sphere","floor":30,"turns":5},{"damage":3,"enemies":"Chosen and Byrds","floor":31,"turns":5},{"damage":35,"enemies":"Automaton","floor":33,"turns":11},{"damage":9,"enemies":"3 Darklings","floor":35,"turns":3},{"damage":35,"enemies":"Orb Walker","floor":36,"turns":4},{"damage":30,"enemies":"Jaw Worm Horde","floor":37,"turns":6}],"seed_played":"-7222600113083427467","potions_obtained":[{"floor":4,"key":"sneckomod:MuddlingPotion"},{"floor":7,"key":"FearPotion"},{"floor":8,"key":"champ:CounterPotion"},{"floor":12,"key":"Elixir"},{"floor":16,"key":"Strength Potion"},{"floor":18,"key":"CunningPotion"},{"floor":19,"key":"DuplicationPotion"},{"floor":20,"key":"DistilledChaos"},{"floor":24,"key":"GamblersBrew"},{"floor":25,"key":"BlessingOfTheForge"},{"floor":27,"key":"EssenceOfSteel"},{"floor":30,"key":"Elixir"},{"floor":31,"key":"Dexterity Potion"},{"floor":33,"key":"Cursed Concoction"},{"floor":35,"key":"Elixir"},{"floor":36,"key":"Strength Potion"}],"is_trial":false,"path_per_floor":["M","M","$","M","?","R","M","E","T","R","$","E","?","?","R","B",null,"M","?","M","?","?","R","E","M","T","M","?","R","M","M","R","B",null,"M","M","M"],"character_chosen":"THE_SILENT","items_purchased":["Caltrops","Blur","Caltrops","Backstab"],"campfire_rested":2,"item_purchase_floors":[3,11,11,11],"current_hp_per_floor":[69,69,69,65,65,65,59,42,42,42,42,39,39,39,39,35,70,62,62,40,40,40,61,47,26,26,14,14,35,24,21,42,7,70,61,26,0,0],"gold":379,"neow_bonus":"BOSS_RELIC","is_daily":false,"chose_seed":false,"campfire_upgraded":3,"win_rate":0.0,"timestamp":1612991029,"path_taken":["M","M","$","M","?","R","?","E","T","R","$","E","?","?","R","BOSS","M","?","M","?","?","R","E","?","T","M","?","R","M","M","R","BOSS","M","M","M"],"items_purchased_type":["Card","Card","Card","Card"],"build_version":"2020-12-22","purchased_purges":0,"victory":false,"max_hp_per_floor":[70,70,70,70,70,70,70,70,70,70,70,70,70,70,70,70,70,70,70,70,70,70,70,70,70,70,70,70,70,70,70,70,70,70,70,70,70,70],"card_choices":[{"not_picked":["PiercingWail","Outmaneuver"],"picked":"Deadly Poison","floor":1},{"not_picked":["Deflect","Terror"],"picked":"ReplayTheSpireMod:Speed Training","floor":2},{"not_picked":["Accuracy","Dodge and Roll"],"picked":"Leg Sweep","floor":4},{"not_picked":["Slice","Deadly Poison"],"picked":"PiercingWail","floor":7},{"not_picked":["Quick Slash","Backflip"],"picked":"Corpse Explosion","floor":8},{"not_picked":["Blade Dance","Prepared"],"picked":"Draining Mist","floor":12},{"not_picked":["Glass Knife","Doppelganger"],"picked":"ReplayTheSpireMod:From All Sides","floor":16},{"not_picked":["All Out Attack","Outmaneuver+1","ReplayTheSpireMod:The Works+1"],"picked":"SKIP","floor":18},{"not_picked":["Finisher","Deflect+1"],"picked":"Deadly Poison","floor":19},{"not_picked":["Quick Slash","Deadly Poison+1"],"picked":"Crippling Poison","floor":20},{"not_picked":["Outmaneuver","Underhanded Strike+1","Slice"],"picked":"SKIP","floor":24},{"not_picked":["ReplayTheSpireMod:Speed Training","Night Terror"],"picked":"Fluid Movement","floor":25},{"not_picked":["Deadly Poison","Riddle With Holes"],"picked":"Draining Mist","floor":27},{"not_picked":["Prepared","Blade Dance"],"picked":"Footwork","floor":30},{"not_picked":["Quick Slash","Bane"],"picked":"Catalyst","floor":31},{"not_picked":["Burst","Venomology"],"picked":"Replay:Bag of Tricks","floor":33},{"not_picked":["Normality","Hallucinations"],"picked":"Parasite","floor":34},{"not_picked":["Voices","Amnesia"],"picked":"Writhe","floor":34},{"not_picked":["Sickly","Amnesia"],"picked":"downfall:Icky","floor":34},{"not_picked":["Slice+1","ReplayTheSpireMod:Tripwire+1"],"picked":"Catalyst+1","floor":35},{"not_picked":["ReplayTheSpireMod:Scrap Shanks","Choke+1","Tactician"],"picked":"SKIP","floor":36}],"player_experience":267765,"relics_obtained":[{"floor":8,"key":"Replay:Multitool"},{"floor":9,"key":"White Beast Statue"},{"floor":12,"key":"Ancient Tea Set"},{"floor":19,"key":"Red Mask"},{"floor":24,"key":"Happy Flower"},{"floor":26,"key":"Bronze Scales"}],"event_choices":[{"cards_removed":["downfall:Aged"],"damage_healed":0,"gold_gain":0,"player_choice":"Purged","damage_taken":0,"max_hp_gain":0,"max_hp_loss":0,"event_name":"Purifier","floor":5,"gold_loss":0},{"damage_healed":0,"gold_gain":0,"player_choice":"Left Gold","damage_taken":0,"max_hp_gain":0,"max_hp_loss":0,"event_name":"World of Goop","floor":13,"gold_loss":46},{"damage_healed":0,"gold_gain":0,"cards_transformed":["Strike_G"],"player_choice":"Transformed","damage_taken":0,"max_hp_gain":0,"max_hp_loss":0,"event_name":"Transmorgrifier","floor":14,"gold_loss":0,"cards_obtained":["Acrobatics"]},{"damage_healed":0,"gold_gain":0,"player_choice":"Fought Bandits","damage_taken":0,"max_hp_gain":0,"max_hp_loss":0,"event_name":"Masked Bandits","floor":19,"gold_loss":0},{"damage_healed":0,"gold_gain":0,"player_choice":"1 cards matched","damage_taken":0,"max_hp_gain":0,"max_hp_loss":0,"event_name":"Match and Keep!","floor":22,"gold_loss":0,"cards_obtained":["Deflect"]},{"damage_healed":0,"gold_gain":0,"player_choice":"Bought 0 Potions","damage_taken":0,"max_hp_gain":0,"max_hp_loss":0,"event_name":"The Woman in Blue","floor":28,"gold_loss":0}],"is_beta":false,"boss_relics":[{"not_picked":["SacredBark","Runic Pyramid"],"picked":"bronze:MakeshiftBattery"},{"not_picked":["HoveringKite","Snecko Eye"],"picked":"Replay:Ancient Bell"},{"not_picked":["Potion Belt","Juzu Bracelet"],"picked":"Nunchaku"},{"not_picked":["The Courier","Singing Bowl"],"picked":"Garlic"},{"not_picked":["Ginger","Pondfish Scales"],"picked":"TungstenRod"}],"items_purged_floors":[],"is_endless":false,"potions_floor_spawned":[4,7,8,12,16,18,19,20,24,25,27,30,31,33,35,36],"killed_by":"Jaw Worm Horde","ascension_level":3}}