{"host":"je4rgfex33y123xe","time":1612936691,"event":{"mods":["BaseMod","Minty Spire (QoL Compilation)","StSLib"],"gold_per_floor":[111,111,124,199,212,212,230,230,230],"floor_reached":8,"language":"ENG","playtime":356,"items_purged":[],"score":60,"play_id":"d7f69203-4831-4000-8d4e-f0eaa089bea9","local_time":"20210209235811","is_ascension_mode":true,"campfire_choices":[{"data":"Vault","floor":6,"key":"SMITH"}],"circlet_count":0,"master_deck":["Strike_P","Strike_P","Strike_P","Defend_P","Defend_P","Defend_P+1","Defend_P","Eruption","Vigilance","Vault+1","LikeWater","LessonLearned+1","FlurryOfBlows"],"relics":["PureWater"],"acts_visited":["Exordium"],"potions_floor_usage":[5,8],"damage_taken":[{"damage":0,"enemies":"Jaw Worm","floor":1,"turns":3},{"damage":0,"enemies":"Cultist","floor":3,"turns":3},{"damage":0,"enemies":"2 Louse","floor":5,"turns":1},{"damage":35,"enemies":"Large Slime","floor":7,"turns":13},{"damage":20,"enemies":"3 Sentries","floor":8,"turns":6}],"seed_played":"-1780618527511887627","potions_obtained":[{"floor":3,"key":"FearPotion"},{"floor":5,"key":"Ancient Potion"},{"floor":7,"key":"Strength Potion"}],"is_trial":false,"path_per_floor":["M","?","M","?","M","R","M","E"],"character_chosen":"WATCHER","items_purchased":[],"campfire_rested":0,"item_purchase_floors":[],"current_hp_per_floor":[72,65,65,54,54,54,19,0,0],"gold":230,"neow_bonus":"ONE_RANDOM_RARE_CARD","is_daily":false,"chose_seed":false,"campfire_upgraded":1,"win_rate":0.0,"timestamp":1612936691,"path_taken":["M","?","M","?","M","R","M","E"],"items_purchased_type":[],"build_version":"2020-12-22","purchased_purges":0,"victory":false,"max_hp_per_floor":[72,72,72,72,72,72,72,72,72],"card_choices":[{"not_picked":["CrushJoints","InnerPeace","JustLucky"],"picked":"SKIP","floor":1},{"not_picked":["FlyingSleeves","Vengeance"],"picked":"LikeWater","floor":3},{"not_picked":["FlyingSleeves","Fasting2"],"picked":"LessonLearned","floor":5},{"not_picked":["WreathOfFlame","PathToVictory"],"picked":"FlurryOfBlows","floor":7}],"player_experience":435456,"relics_obtained":[],"event_choices":[{"cards_removed":["Strike_P"],"damage_healed":0,"gold_gain":0,"player_choice":"Card Removal","damage_taken":7,"max_hp_gain":0,"max_hp_loss":0,"event_name":"Golden Wing","floor":2,"gold_loss":0},{"damage_healed":0,"gold_gain":75,"player_choice":"Gather Gold","damage_taken":11,"max_hp_gain":0,"max_hp_loss":0,"event_name":"World of Goop","floor":4,"gold_loss":0}],"is_beta":false,"boss_relics":[],"items_purged_floors":[],"is_endless":false,"potions_floor_spawned":[3,5,7],"killed_by":"3 Sentries","ascension_level":5}}