{"host":"o3b7ow6d1xe49css","time":1612939568,"event":{"mods":["Act Like it!","Aspiration","BaseMod","Bestiary","Better Altar","Better Match","Better Note","Better Sensory Stone","Better Skull","Better Third Choice","Colored Powertips","Conspire","Energized Spire","Force Act Four","GifTheSpireLib","Halation","Hermit","Hubris","Infinite Spire","Lobotomy","Minty Spire (QoL Compilation)","Quick Restart","Rare Cards Sparkle","Relic Filter Mod","Reliquary","Replay The Spire","Spicy Shops","Spikes Relics","Spire Arcade","StSLib","Stuff the Spire","The Blue Laboratory","Wandering Minibosses"],"gold_per_floor":[109,129,142,157,168,168,168,168,238,238,269,294,18,18,18,115,65,79,96,96,116,132,164,197,197,251,276,310,310,310,103,103,203,203,214,225,225,15,15,15,50,83,83,113,113,144,144,160,223,321,321,321,97,131,131],"floor_reached":56,"language":"ENG","playtime":2642,"items_purged":["Strike_G","conspire:GhostlyStrike","conspire:GhostlyStrike","Clumsy","conspire:GhostlyStrike","conspire:GhostlyDefend"],"score":2080,"play_id":"f49fae61-4410-4050-8d54-9dbc5736f972","local_time":"20210209214608","daily_mods":["Heirloom","Flight"],"is_ascension_mode":true,"campfire_choices":[{"data":"Dagger Spray","floor":6,"key":"SMITH"},{"data":"conspire:PoisonWeapons","floor":7,"key":"SMITH"},{"data":"Malaise","floor":10,"key":"SMITH"},{"data":"Dash","floor":15,"key":"SMITH"},{"floor":29,"key":"RECALL"},{"floor":32,"key":"REST"},{"data":"ReplayTheSpireMod:Necrogeddon","floor":40,"key":"SMITH"},{"data":"Neutralize","floor":45,"key":"SMITH"},{"data":"conspire:GhostlyDefend","floor":47,"key":"SMITH"},{"data":"Survivor","floor":47,"key":"SMITH"},{"data":"conspire:GhostlyDefend","floor":52,"key":"SMITH"},{"data":"conspire:GhostlyDefend","floor":52,"key":"SMITH"}],"circlet_count":0,"master_deck":["conspire:GhostlyDefend+1","conspire:GhostlyDefend+1","conspire:GhostlyDefend+1","Survivor+1","Neutralize+1","conspire:PoisonWeapons+1","UniverseFragment","Dagger Spray+1","Malaise+1","Dash+1","Corpse Explosion+1","Acrobatics+1","Poison Darts+1","ReplayTheSpireMod:Necrogeddon+1","PiercingWail+1","Blade Dance+1","Backflip+1","Burst+1","Footwork+1","Bullet Time+1","Blade Dance+1","conspire:PoisonWeapons+1","Prepared+1","Night Terror+1","conspire:DoublingDagger+1"],"relics":["Ring of the Snake","Ring of Chaos","Thread and Needle","CogitoBucket","hubris:Towel","Replay:Ringing Soul","Toxic Egg 2","Lantern","Medical Kit","energizedSpire:HugeHouse","Iron Hammer","reliquary:KillPill","Replay:Baseball","aspiration:Lifesprig","hubris:MedicalManual","HornCleat","reliquary:TridentHead","Membership Card","energizedSpire:HighHeels","Sling","Snake Skull","Ice Cream","hubris:MysteriousPyramids","Question Card","halation:PenCase","ResearcherNote","StuffTheSpire:Kangaroo","Ring of Chaos","Quantum Egg"],"acts_visited":["Exordium","TheCity","TheBeyond","Exordium","TheEnding"],"potions_floor_usage":[19,23,28,41,50,55,55,55],"damage_taken":[{"damage":3,"enemies":"Small Slimes","floor":1,"turns":5},{"damage":0,"enemies":"Jaw Worm","floor":2,"turns":5},{"damage":0,"enemies":"2 Louse","floor":3,"turns":2},{"damage":16,"enemies":"Exordium Thugs","floor":4,"turns":4},{"damage":7,"enemies":"3 Louse","floor":5,"turns":6},{"damage":8,"enemies":"3 Sentries","floor":11,"turns":7},{"damage":1,"enemies":"Gremlin Nob","floor":12,"turns":3},{"damage":16,"enemies":"Slime Boss","floor":16,"turns":7},{"damage":10,"enemies":"Chosen","floor":18,"turns":2},{"damage":8,"enemies":"conspire:FuzzyDice","floor":19,"turns":2},{"damage":0,"enemies":"Snake Plant","floor":21,"turns":3},{"damage":0,"enemies":"Snecko","floor":22,"turns":3},{"damage":7,"enemies":"conspire:Head Lice","floor":23,"turns":6},{"damage":0,"enemies":"Book of Stabbing","floor":24,"turns":5},{"damage":0,"enemies":"Replay:Snechameleon","floor":27,"turns":4},{"damage":0,"enemies":"Nightmare","floor":28,"turns":5},{"damage":6,"enemies":"hubris:MusketHawk","floor":33,"turns":5},{"damage":0,"enemies":"Orb Walker","floor":35,"turns":5},{"damage":0,"enemies":"3 Shapes","floor":36,"turns":1},{"damage":0,"enemies":"Giant Head","floor":41,"turns":3},{"damage":0,"enemies":"Nemesis","floor":42,"turns":3},{"damage":0,"enemies":"Nightmare","floor":44,"turns":5},{"damage":0,"enemies":"Giant Head","floor":46,"turns":4},{"damage":0,"enemies":"Spire Growth","floor":48,"turns":3},{"damage":54,"enemies":"conspire:OrnateMirror","floor":50,"turns":3},{"damage":0,"enemies":"Shield and Spear","floor":54,"turns":3},{"damage":12,"enemies":"The Heart","floor":55,"turns":6}],"seed_played":"3297330793048031455","potions_obtained":[{"floor":2,"key":"Elixir"},{"floor":5,"key":"Ancient Potion"},{"floor":11,"key":"Elixir"},{"floor":12,"key":"blueLaboratory:ImpenetrablePotion"},{"floor":21,"key":"blueLaboratory:LouseDecoction"},{"floor":22,"key":"ColorlessPotion"},{"floor":23,"key":"blueLaboratory:RememoryPotion"},{"floor":33,"key":"Energy Potion"},{"floor":35,"key":"SkillPotion"},{"floor":36,"key":"blueLaboratory:FrostheartPotion"},{"floor":48,"key":"Adrenaline Potion"}],"is_trial":true,"path_per_floor":["M","M","M","M","M","R","R","?","T","R","E","E","$","?","R","B",null,"M","M","?","M","M","E","E","AVR","T","E","NM","R","T","$","R","B",null,"M","M","AVR","$","?","R","E","E","T","NM","R","E","R","M","R","B",null,"R","$","E","B",null],"character_chosen":"THE_SILENT","items_purchased":["Acrobatics+1","Medical Kit","Membership Card","Snake Skull","Blade Dance+1","Quantum Egg","SpeedPotion"],"campfire_rested":1,"item_purchase_floors":[13,13,31,38,38,53,53],"current_hp_per_floor":[67,67,67,51,44,44,44,44,44,44,39,41,44,44,44,31,69,59,54,54,57,60,53,56,56,56,59,59,59,59,59,87,84,98,98,98,98,101,104,104,104,104,104,107,107,110,110,110,110,59,110,110,110,113,101],"gold":131,"neow_bonus":"","is_daily":false,"chose_seed":false,"campfire_upgraded":10,"win_rate":0.0,"timestamp":1612939568,"path_taken":["M","M","M","M","M","R","R","?","T","R","E","E","$","?","R","BOSS","M","M","?","M","M","E","E","AVR","T","E","NM","R","?","$","R","BOSS","M","M","AVR","$","?","R","E","E","T","NM","R","E","R","?","R","BOSS","R","$","E","BOSS"],"items_purchased_type":["Card","Relic","Relic","Relic","Card","Relic","Potion"],"build_version":"2020-12-22","purchased_purges":6,"victory":true,"max_hp_per_floor":[70,70,70,70,70,70,70,70,70,70,73,76,79,79,79,82,80,80,83,83,86,89,89,92,92,92,95,95,95,95,95,95,98,101,101,101,101,104,104,104,104,104,104,107,107,110,110,110,110,113,113,113,113,116,116],"card_choices":[{"not_picked":["Choke","Toxin Wave"],"picked":"conspire:PoisonWeapons","floor":1},{"not_picked":["Woodsman","BeautyBeast"],"picked":"UniverseFragment","floor":1},{"not_picked":["Tactician","Bane"],"picked":"Dagger Spray","floor":2},{"not_picked":["HappyTeddy","BlackSwan","VoidDream"],"picked":"Singing Bowl","floor":2},{"not_picked":["MHz","ShyLook","MeatLantern"],"picked":"Singing Bowl","floor":3},{"not_picked":["StuffTheSpire:BumpUp","StuffTheSpire:Sprint","ReplayTheSpireMod:Necrosis"],"picked":"SKIP","floor":3},{"not_picked":["GreedKing","LongBird","LaLuna"],"picked":"Singing Bowl","floor":4},{"not_picked":["Eviscerate","StuffTheSpire:Incursion"],"picked":"Malaise","floor":4},{"not_picked":["Murderer","DreamingCurrent","GreedKing"],"picked":"Singing Bowl","floor":5},{"not_picked":["StuffTheSpire:BrimstoneBlast","Flying Knee","ReplayTheSpireMod:Exploit Weakness"],"picked":"SKIP","floor":5},{"not_picked":["Masterful Stab","Finisher"],"picked":"Dash","floor":11},{"not_picked":["OSAHOGD","Mercenary","Scarecrow"],"picked":"Singing Bowl","floor":11},{"not_picked":["Poisoned Stab","Endless Agony"],"picked":"Corpse Explosion+1","floor":12},{"not_picked":["Storm of Steel+1","Tools of the Trade"],"picked":"Poison Darts+1","floor":16},{"not_picked":["Poisoned Stab","Dagger Throw","Hidden Blade+1"],"picked":"SKIP","floor":18},{"not_picked":["Bane+1","ReplayTheSpireMod:Exploit Weakness+1"],"picked":"PiercingWail+1","floor":19},{"not_picked":["Storm of Steel+1","StuffTheSpire:Repulse+1"],"picked":"Blade Dance+1","floor":21},{"not_picked":["StuffTheSpire:Python+1","Acrobatics+1"],"picked":"Backflip+1","floor":22},{"not_picked":["Expertise+1","Backstab","StuffTheSpire:Injection"],"picked":"SKIP","floor":23},{"not_picked":["StuffTheSpire:Repulse+1","Masterful Stab+1"],"picked":"Burst+1","floor":24},{"not_picked":["Backstab","StuffTheSpire:Python+1"],"picked":"Footwork+1","floor":27},{"not_picked":["Eviscerate+1","Die Die Die","Sneak Up+1"],"picked":"SKIP","floor":28},{"not_picked":["Envenom","Night Terror+1"],"picked":"Bullet Time+1","floor":33},{"not_picked":["Outmaneuver+1","Underhanded Strike","Distraction+1"],"picked":"SKIP","floor":35},{"not_picked":["StuffTheSpire:Injection","Grand Finale","ReplayTheSpireMod:Exploit Weakness+1"],"picked":"SKIP","floor":36},{"not_picked":["Blade Dance+1","Dagger Spray","Pace+1"],"picked":"SKIP","floor":41},{"not_picked":["Hidden Blade+1","Slice+1","hubris:SlightOfHand+1"],"picked":"SKIP","floor":42},{"not_picked":["Quick Slash+1","Distraction+1"],"picked":"conspire:PoisonWeapons+1","floor":44},{"not_picked":["Sucker Punch","hubris:Sniper+1","StuffTheSpire:Python+1"],"picked":"Prepared+1","floor":46},{"not_picked":["Bloodbath","WhiteNight","PunishingBird"],"picked":"Singing Bowl","floor":48},{"not_picked":["Bane","Endless Agony+1","Quick Slash+1","Blade Dance+1"],"picked":"SKIP","floor":48},{"not_picked":["Burst+1","A Thousand Cuts","Glass Knife"],"picked":"Night Terror+1","floor":50},{"not_picked":["Noxious Fumes+1","Prepared+1","Die Die Die"],"picked":"conspire:DoublingDagger+1","floor":54}],"player_experience":1341827,"relics_obtained":[{"floor":9,"key":"Replay:Ringing Soul"},{"floor":11,"key":"Toxic Egg 2"},{"floor":12,"key":"Lantern"},{"floor":23,"key":"Iron Hammer"},{"floor":24,"key":"reliquary:KillPill"},{"floor":26,"key":"aspiration:Lifesprig"},{"floor":27,"key":"hubris:MedicalManual"},{"floor":28,"key":"HornCleat"},{"floor":30,"key":"reliquary:TridentHead"},{"floor":41,"key":"Ice Cream"},{"floor":42,"key":"hubris:MysteriousPyramids"},{"floor":44,"key":"Question Card"},{"floor":46,"key":"halation:PenCase"}],"event_choices":[{"damage_healed":0,"gold_gain":0,"player_choice":"Agree","damage_taken":0,"max_hp_gain":0,"max_hp_loss":0,"event_name":"conspire:LoneGhost","floor":14,"gold_loss":0},{"damage_healed":0,"gold_gain":0,"player_choice":"Ignored","damage_taken":0,"max_hp_gain":0,"max_hp_loss":0,"event_name":"betterNote:BetterNote","floor":20,"gold_loss":0,"cards_obtained":["Strike_R"]},{"cards_removed":["conspire:GhostlyStrike"],"damage_healed":5,"gold_gain":0,"player_choice":"Offered Special","damage_taken":0,"max_hp_gain":0,"max_hp_loss":0,"event_name":"Bonfire Elementals","floor":39,"gold_loss":0}],"is_beta":false,"boss_relics":[{"not_picked":["halation:SmartPhone","halation:CatFaceCupcake"],"picked":"energizedSpire:HugeHouse"},{"not_picked":["StuffTheSpire:RunicHypercube","aspiration:FutureDiary"],"picked":"energizedSpire:HighHeels"},{"not_picked":["WristBlade","halation:Yufonium"],"picked":"StuffTheSpire:Kangaroo"}],"items_purged_floors":[13,25,31,37,38,53],"is_endless":true,"potions_floor_spawned":[2,5,11,12,16,21,22,23,33,35,36,46,48,54],"ascension_level":5}}