{"host":"syozzdlzcqop4jia","time":1612990052,"event":{"mods":["AchievementEnabler","BaseMod","Colored Map","Colored Powertips","Minty Spire (QoL Compilation)","Quick Restart"],"gold_per_floor":[115,126,126,201,219,248,263,295,295,295,315,315,325,338,338,442,442,432,443,443,453,473,473,473],"floor_reached":23,"language":"ENG","playtime":1519,"items_purged":[],"score":257,"play_id":"38f05b10-6b39-4481-80d6-ede2c31a19c2","local_time":"20210210214732","is_ascension_mode":false,"campfire_choices":[{"floor":10,"key":"RECALL"},{"floor":12,"key":"REST"},{"floor":15,"key":"REST"}],"circlet_count":0,"master_deck":["Strike_R","Strike_R","Strike_R","Strike_R","Strike_R","Defend_R","Defend_R","Defend_R","Defend_R","Bash","Anger","Iron Wave","Inflame","Twin Strike","Flex","Flex","Inflame","Impervious","Infernal Blade+1","Sword Boomerang+1","Shrug It Off"],"relics":["Black Blood","Art of War","Shuriken"],"acts_visited":["Exordium","TheCity"],"potions_floor_usage":[8,19,19,19,19,22,22],"damage_taken":[{"damage":6,"enemies":"Jaw Worm","floor":1,"turns":3},{"damage":0,"enemies":"2 Louse","floor":2,"turns":3},{"damage":5,"enemies":"Cultist","floor":5,"turns":4},{"damage":43,"enemies":"3 Sentries","floor":6,"turns":8},{"damage":18,"enemies":"3 Louse","floor":7,"turns":3},{"damage":16,"enemies":"Lagavulin","floor":8,"turns":7},{"damage":7,"enemies":"Blue Slaver","floor":11,"turns":4},{"damage":5,"enemies":"Looter","floor":13,"turns":2},{"damage":24,"enemies":"Exordium Thugs","floor":14,"turns":4},{"damage":0,"enemies":"Slime Boss","floor":16,"turns":7},{"damage":10,"enemies":"2 Thieves","floor":18,"turns":4},{"damage":0,"enemies":"3 Byrds","floor":19,"turns":3},{"damage":17,"enemies":"Snecko","floor":21,"turns":6},{"damage":15,"enemies":"Snake Plant","floor":22,"turns":4},{"damage":65,"enemies":"Slavers","floor":23,"turns":4}],"seed_played":"-8950839591185814456","potions_obtained":[{"floor":2,"key":"LiquidMemories"},{"floor":6,"key":"LiquidBronze"},{"floor":7,"key":"Weak Potion"},{"floor":8,"key":"EntropicBrew"},{"floor":16,"key":"PowerPotion"},{"floor":21,"key":"HeartOfIron"}],"is_trial":false,"path_per_floor":["M","M","?","?","M","E","M","E","T","R","M","R","M","M","R","B",null,"M","M","?","M","M","E"],"character_chosen":"IRONCLAD","items_purchased":[],"campfire_rested":2,"item_purchase_floors":[],"current_hp_per_floor":[88,88,88,77,78,41,29,19,19,19,18,44,45,27,53,59,88,88,88,88,83,80,15,15],"gold":473,"neow_bonus":"TEN_PERCENT_HP_BONUS","is_daily":false,"chose_seed":false,"campfire_upgraded":0,"win_rate":0.0,"timestamp":1612990052,"path_taken":["M","M","?","?","M","E","M","E","T","R","M","R","M","M","R","BOSS","M","M","?","M","?","E"],"items_purchased_type":[],"build_version":"2020-12-22","purchased_purges":0,"victory":false,"max_hp_per_floor":[88,88,88,88,88,88,88,88,88,88,88,88,88,88,88,88,88,88,88,88,88,88,88,88],"card_choices":[{"not_picked":["True Grit","Headbutt"],"picked":"Anger","floor":1},{"not_picked":["Feel No Pain","Blood for Blood"],"picked":"Iron Wave","floor":2},{"not_picked":["Rampage","Shrug It Off"],"picked":"Inflame","floor":5},{"not_picked":["Sentinel","Dark Embrace","Offering"],"picked":"SKIP","floor":6},{"not_picked":["Clothesline","Shockwave"],"picked":"Twin Strike","floor":7},{"not_picked":["Dark Embrace","Searing Blow","Armaments"],"picked":"SKIP","floor":8},{"not_picked":["True Grit","Bloodletting"],"picked":"Flex","floor":11},{"not_picked":["Twin Strike","Bludgeon"],"picked":"Flex","floor":13},{"not_picked":["Infernal Blade","Perfected Strike"],"picked":"Inflame","floor":14},{"not_picked":["Barricade","Brutality"],"picked":"Impervious","floor":16},{"not_picked":["Perfected Strike+1","Shrug It Off"],"picked":"Infernal Blade+1","floor":18},{"not_picked":["Perfected Strike","Whirlwind"],"picked":"Sword Boomerang+1","floor":19},{"not_picked":["Headbutt","Anger"],"picked":"Shrug It Off","floor":21},{"not_picked":["Fire Breathing","Power Through","Clash"],"picked":"SKIP","floor":22}],"player_experience":666790,"relics_obtained":[{"floor":6,"key":"Art of War"},{"floor":8,"key":"Shuriken"}],"event_choices":[{"damage_healed":0,"gold_gain":0,"player_choice":"Ignored","damage_taken":0,"max_hp_gain":0,"max_hp_loss":0,"event_name":"Golden Idol","floor":3,"gold_loss":0},{"damage_healed":0,"gold_gain":75,"player_choice":"Gather Gold","damage_taken":11,"max_hp_gain":0,"max_hp_loss":0,"event_name":"World of Goop","floor":4,"gold_loss":0},{"damage_healed":0,"gold_gain":0,"player_choice":"Ignored","damage_taken":0,"max_hp_gain":0,"max_hp_loss":0,"event_name":"N\u0027loth","floor":20,"gold_loss":0}],"is_beta":false,"boss_relics":[{"not_picked":["Fusion Hammer","Runic Cube"],"picked":"Black Blood"}],"items_purged_floors":[],"is_endless":false,"potions_floor_spawned":[2,6,7,8,16,18,21],"killed_by":"Slavers","ascension_level":0}}