{"host":"3498uni0c31c9bdm","time":1612950058,"event":{"mods":["BaseMod","Better Match","Better Note","Better Sensory Stone","Better Skull","Better Third Choice","Colored Map","Minty Spire (QoL Compilation)","Quick Restart","RNG Fix","Random Character Button","Replay The Spire","Shop Mod","Smile Girya","StSLib","Unceasing Turn Reminder"],"gold_per_floor":[109,109,109,124,141,141,188,4,52,128,160,160,174,174,174,247,247,260,2,20,20,20],"floor_reached":21,"language":"ENG","playtime":5640,"items_purged":[],"score":318,"play_id":"ea85e698-5396-417a-8fdd-ad8c6f0104d4","local_time":"20210210204058","is_ascension_mode":true,"campfire_choices":[{"floor":6,"key":"REST"},{"floor":12,"key":"RECALL"},{"floor":15,"key":"REST"}],"circlet_count":0,"master_deck":["AscendersBane","Strike_B","Strike_B","Strike_B","Strike_B","Defend_B","Defend_B","Defend_B+1","Defend_B","Zap","Dualcast","ReplayTheSpireMod:Splinters","Buffer","Sweeping Beam","Magnetism","Decay","Ball Lightning","Turbo+1","Tempest","Redo","Redo","ReplayTheSpireMod:Splinters","Coolheaded","Beam Cell","Aggregate","ReplayTheSpireMod:Omega Cannon","Aggregate+1","Stack"],"relics":["Cracked Core","Girya","Lee\u0027s Waffle","Lantern","Oddly Smooth Stone","War Paint","Cables","Inserter","Eternal Feather"],"acts_visited":["Exordium","TheCity"],"potions_floor_usage":[7,16,16,21],"damage_taken":[{"damage":10,"enemies":"Cultist","floor":1,"turns":3},{"damage":4,"enemies":"2 Louse","floor":4,"turns":2},{"damage":9,"enemies":"Jaw Worm","floor":5,"turns":3},{"damage":59,"enemies":"Gremlin Nob","floor":7,"turns":6},{"damage":32,"enemies":"Lagavulin","floor":11,"turns":5},{"damage":14,"enemies":"2 Fungi Beasts","floor":13,"turns":3},{"damage":20,"enemies":"Hexaghost","floor":16,"turns":9},{"damage":21,"enemies":"Spheric Guardian","floor":18,"turns":4},{"damage":32,"enemies":"Shell Parasite","floor":20,"turns":6},{"damage":14,"enemies":"3 Cultists","floor":21,"turns":4}],"seed_played":"4820493272019306258","potions_obtained":[{"floor":4,"key":"AttackPotion"},{"floor":10,"key":"Fire Potion"},{"floor":10,"key":"DuplicationPotion"},{"floor":16,"key":"FearPotion"},{"floor":18,"key":"ColorlessPotion"}],"is_trial":false,"path_per_floor":["M","?","?","M","M","R","E","$","T","?","E","R","M","T","R","B",null,"M","$","M","M"],"character_chosen":"DEFECT","items_purchased":["Lee\u0027s Waffle","Redo","Eternal Feather"],"campfire_rested":2,"item_purchase_floors":[8,8,19],"current_hp_per_floor":[54,54,54,50,41,62,3,78,78,78,46,46,32,32,55,35,67,46,46,14,0,0],"gold":20,"neow_bonus":"THREE_RARE_CARDS","is_daily":false,"chose_seed":false,"campfire_upgraded":0,"win_rate":0.0,"timestamp":1612950058,"path_taken":["M","?","?","M","M","R","E","$","T","?","E","R","?","?","R","BOSS","M","$","M","M"],"items_purchased_type":["Relic","Card","Relic"],"build_version":"2020-12-22","purchased_purges":0,"victory":false,"max_hp_per_floor":[71,71,71,71,71,71,71,78,78,78,78,78,78,78,78,78,78,78,78,78,78,78],"card_choices":[{"not_picked":["Meteor Strike","Hyperbeam"],"picked":"Buffer","floor":0},{"not_picked":["ReplayTheSpireMod:Repulse","Barrage"],"picked":"Sweeping Beam","floor":1},{"not_picked":["Transmutation","Crow Ritual"],"picked":"Magnetism","floor":2},{"not_picked":["Double Energy","Conserve Battery"],"picked":"Ball Lightning","floor":4},{"not_picked":["Stack","Hologram"],"picked":"Turbo","floor":5},{"not_picked":["Recycle","Rip and Tear"],"picked":"Tempest","floor":7},{"not_picked":["Darkness","ReplayTheSpireMod:Repulse"],"picked":"Coolheaded","floor":10},{"not_picked":["Meteor Strike","Consume"],"picked":"Beam Cell","floor":11},{"not_picked":["ReplaySort","Steam"],"picked":"Aggregate","floor":13},{"not_picked":["Mirror Shield","All For One"],"picked":"ReplayTheSpireMod:Omega Cannon","floor":16},{"not_picked":["Time Bomb","Hologram"],"picked":"Aggregate+1","floor":18},{"not_picked":["Gash","Hologram"],"picked":"Stack","floor":20}],"player_experience":886410,"relics_obtained":[{"floor":7,"key":"Girya"},{"floor":9,"key":"Lantern"},{"floor":10,"key":"Oddly Smooth Stone"},{"floor":11,"key":"War Paint"},{"floor":14,"key":"Cables"}],"event_choices":[{"damage_healed":0,"gold_gain":1,"player_choice":"1","damage_taken":0,"max_hp_gain":0,"max_hp_loss":0,"event_name":"betterStone:BetterStone","floor":2,"gold_loss":0},{"damage_healed":0,"gold_gain":0,"player_choice":"Cursed","damage_taken":0,"max_hp_gain":0,"max_hp_loss":0,"event_name":"Wheel of Change","floor":3,"gold_loss":0,"cards_obtained":["Decay"]}],"is_beta":false,"boss_relics":[{"not_picked":["Astrolabe","Pandora\u0027s Box"],"picked":"Inserter"}],"items_purged_floors":[],"is_endless":false,"potions_floor_spawned":[4,16,18],"killed_by":"3 Cultists","ascension_level":14}}