{"host":"y7b1p9nkx4idorr2","time":1612981009,"event":{"mods":["AchievementEnabler","Act Like it!","BaseMod","Colored Map","Downfall","GifTheSpireLib","Googly Eyes","Highlight Path","Mimic Mod","Minty Spire (QoL Compilation)","Shop Mod","Spicy Shops","StSLib","Unceasing Turn Reminder"],"gold_per_floor":[99,110,126,190,190,23,54,80,99,126,26,26,11,44,59,154,154,54,73,73,73,92,77,77,112,123,23,52,65,65,208,222,326,326,326,342,362,414,427,457,457,507,522,548,548,582,582,617,636,636,636,668,42,42,42,42],"floor_reached":57,"language":"ENG","playtime":4500,"items_purged":["Slimebound:Strike_Slimebound","Writhe","Slimebound:Strike_Slimebound"],"score":1495,"play_id":"94a32097-f5be-4afa-bf2e-d6c3ab355815","local_time":"20210210121649","is_ascension_mode":true,"campfire_choices":[{"floor":1,"key":"RECALL"},{"data":"Slimebound:LevelUp","floor":11,"key":"SMITH"},{"data":"Slimebound:TagTeam","floor":18,"key":"SMITH"},{"data":"Slimebound:OozeBath","floor":27,"key":"SMITH"},{"data":"Slimebound:LevelUp","floor":30,"key":"SMITH"},{"data":"Slimebound:MassRepurpose","floor":35,"key":"SMITH"},{"data":"Slimebound:DouseInSlime","floor":45,"key":"SMITH"},{"data":"Slimebound:Recycling","floor":47,"key":"SMITH"},{"data":"Slimebound:SpikyOuterGoop","floor":54,"key":"SMITH"}],"circlet_count":0,"master_deck":["Slimebound:Tackle","Slimebound:Defend_Slimebound","Slimebound:Defend_Slimebound","Slimebound:Defend_Slimebound","Slimebound:Defend_Slimebound","Slimebound:Split","Slimebound:CorrosiveSpit","Slimebound:MegaLick","Slimebound:Equalize","Slimebound:SplitLeeching","Slimebound:LevelUp+1","Slimebound:SplitSpecialist","Slimebound:TagTeam+1","Slimebound:LevelUp+1","Slimebound:GoopSpray","Slimebound:SplitLeeching","Slimebound:MegaLick","Slimebound:SplitSpecialist","Slimebound:Recycling+1","Slimebound:HauntingLick+1","Slimebound:SplitSpecialist","Slimebound:PressTheAttack","Slimebound:SpikyOuterGoop+1","Slimebound:OozeBath+1","Slimebound:HauntingLick","Slimebound:Recollect+1","Slimebound:SplitLeeching","Slimebound:ServeAndProtect+1","Slimebound:SplitBruiser+1","Slimebound:MassRepurpose+1","Slimebound:SlimeSpikes","Slimebound:DouseInSlime+1","Slimebound:LeechEnergy","Slimebound:LevelUp+1","Slimebound:SplitBruiser+1","Slimebound:TongueLash+1","Slimebound:LeadByExample+1"],"relics":["Slimebound:AbsorbEndCombat","Akabeko","Gambling Chip","bronze:BronzeIdol","Odd Mushroom","downfall:HeartBlessingGreen","Blue Candle","Slimebound:SlimedSkullRelic","Philosopher\u0027s Stone","downfall:HeartBlessingRed","Slimebound:AggressiveSlimeRelic","Oddly Smooth Stone","White Beast Statue","downfall:HeartBlessingBlue","Strawberry","Membership Card","Coffee Dripper","Vajra","Letter Opener","bronze:DecasWashers","Bird Faced Urn","Anchor","Bag of Marbles","Juzu Bracelet","Blood Vial","Kunai","OrangePellets","bronze:DonusWashers","Nunchaku","StoneCalendar","hexamod:BolsterEngine"],"acts_visited":["TheCity","TheBeyond","TheEnding"],"potions_floor_usage":[7,28,29,31,32,33,36,37,39,40,42,43,44,44,44,46,48,56,56],"damage_taken":[{"damage":5,"enemies":"Small Slimes","floor":2,"turns":5},{"damage":0,"enemies":"2 Louse","floor":3,"turns":2},{"damage":34,"enemies":"3 Sentries","floor":4,"turns":8},{"damage":5,"enemies":"downfall:FleeingMerchant","floor":6,"turns":4},{"damage":0,"enemies":"Jaw Worm","floor":7,"turns":5},{"damage":35,"enemies":"Gremlin Nob","floor":8,"turns":6},{"damage":6,"enemies":"Jaw Worm","floor":9,"turns":3},{"damage":11,"enemies":"The Mushroom Lair","floor":10,"turns":4},{"damage":4,"enemies":"downfall:FleeingMerchant","floor":13,"turns":4},{"damage":12,"enemies":"3 Sentries","floor":14,"turns":7},{"damage":7,"enemies":"3 Louse","floor":15,"turns":3},{"damage":8,"enemies":"DF_ARCHETYPE_STREAMLINE","floor":16,"turns":8},{"damage":0,"enemies":"Chosen","floor":19,"turns":4},{"damage":0,"enemies":"Shell Parasite","floor":22,"turns":5},{"damage":0,"enemies":"downfall:FleeingMerchant","floor":23,"turns":4},{"damage":3,"enemies":"Slavers","floor":25,"turns":5},{"damage":16,"enemies":"Shelled Parasite and Fungi","floor":26,"turns":4},{"damage":31,"enemies":"Gremlin Leader","floor":28,"turns":6},{"damage":8,"enemies":"Chosen and Byrds","floor":29,"turns":4},{"damage":24,"enemies":"downfall:FleeingMerchant","floor":31,"turns":4},{"damage":0,"enemies":"Centurion and Healer","floor":32,"turns":5},{"damage":17,"enemies":"SI_MIRROR_ARCHETYPE","floor":33,"turns":8},{"damage":56,"enemies":"3 Darklings","floor":36,"turns":4},{"damage":12,"enemies":"3 Shapes","floor":37,"turns":2},{"damage":0,"enemies":"Spire Growth","floor":39,"turns":4},{"damage":38,"enemies":"Giant Head","floor":40,"turns":8},{"damage":11,"enemies":"Giant Head","floor":42,"turns":5},{"damage":0,"enemies":"Jaw Worm Horde","floor":43,"turns":3},{"damage":27,"enemies":"Nemesis","floor":44,"turns":5},{"damage":4,"enemies":"Reptomancer","floor":46,"turns":4},{"damage":1,"enemies":"Giant Head","floor":48,"turns":5},{"damage":0,"enemies":"3 Darklings","floor":49,"turns":4},{"damage":4,"enemies":"WA_ARCHETYPE_DIVINITY","floor":50,"turns":8},{"damage":46,"enemies":"downfall:CharBossMerchant","floor":52,"turns":7},{"damage":5,"enemies":"downfall:NeowBoss","floor":55,"turns":13},{"damage":36,"enemies":"downfall:NeowBossFinal","floor":56,"turns":9}],"seed_played":"-2155267982948466944","potions_obtained":[{"floor":4,"key":"BlessingOfTheForge"},{"floor":9,"key":"PowerPotion"},{"floor":10,"key":"FairyPotion"},{"floor":14,"key":"Fire Potion"},{"floor":19,"key":"Strength Potion"},{"floor":26,"key":"EntropicBrew"},{"floor":28,"key":"PowerPotion"},{"floor":29,"key":"Strength Potion"},{"floor":31,"key":"Swift Potion"},{"floor":32,"key":"Regen Potion"},{"floor":33,"key":"PowerPotion"},{"floor":36,"key":"Explosive Potion"},{"floor":37,"key":"bronze:BurnAndBuffPotion"},{"floor":39,"key":"BlessingOfTheForge"},{"floor":40,"key":"EssenceOfSteel"},{"floor":42,"key":"Swift Potion"},{"floor":43,"key":"bronze:BurnAndBuffPotion"},{"floor":44,"key":"SkillPotion"},{"floor":46,"key":"FairyPotion"},{"floor":48,"key":"SneckoOil"}],"is_trial":false,"path_per_floor":["R","M","M","?","?","$","MIM","E","M","?","R","?","$","E","M","B",null,"R","M","?","?","M","$","T","E","M","R","E","M","R","$","M","B",null,"R","M","M","T","M","E","T","?","M","E","R","E","R","E","M","B",null,"E","$","R","B","B",null],"character_chosen":"SLIMEBOUND","items_purchased":["Slimebound:LevelUp","Membership Card","Kunai","OrangePellets","bronze:DonusWashers","Nunchaku","StoneCalendar","hexamod:BolsterEngine","Strength Potion"],"campfire_rested":0,"item_purchase_floors":[6,31,53,53,53,53,53,53,53],"current_hp_per_floor":[65,64,65,39,39,50,64,34,38,35,35,30,30,32,33,39,65,65,65,65,65,65,65,65,65,61,71,58,64,64,44,52,66,82,82,40,30,30,34,8,8,26,36,31,31,47,47,72,82,82,82,40,40,40,61,53],"gold":42,"neow_bonus":"RANDOM_COMMON_RELIC","is_daily":false,"chose_seed":false,"campfire_upgraded":8,"win_rate":0.0,"timestamp":1612981009,"path_taken":["R","M","M","?","?","$","MIM","E","M","?","R","?","?","E","M","BOSS","R","M","?","?","M","?","T","E","M","R","E","M","R","$","M","BOSS","R","M","M","?","M","E","T","?","M","E","R","E","R","E","M","BOSS","E","$","R","BOSS","BOSS"],"items_purchased_type":["Card","Relic","Relic","Relic","Relic","Relic","Relic","Relic","Potion"],"build_version":"2020-12-22","purchased_purges":3,"victory":true,"max_hp_per_floor":[65,65,65,65,65,65,65,65,65,65,65,65,65,65,65,65,65,65,65,65,65,65,65,65,65,65,75,82,82,82,82,82,82,82,82,82,82,82,82,82,82,82,82,82,82,82,82,82,82,82,82,82,82,82,82,82],"card_choices":[{"not_picked":["Slimebound:SplitAcid","Slimebound:ComboTackle"],"picked":"Slimebound:MegaLick","floor":2},{"not_picked":["Slimebound:SplitAcid","Slimebound:PressTheAttack"],"picked":"Slimebound:Equalize","floor":3},{"not_picked":["Slimebound:RollThrough","Slimebound:SplitBruiser"],"picked":"Slimebound:SplitLeeching","floor":6},{"not_picked":["Slimebound:PressTheAttack","Slimebound:SplitBruiser"],"picked":"Slimebound:SplitSpecialist","floor":7},{"not_picked":["Slimebound:TongueLash","Slimebound:LeechingTouch"],"picked":"Slimebound:TagTeam","floor":8},{"not_picked":["Slimebound:Equalize","Slimebound:DivideAndConquer"],"picked":"Slimebound:LevelUp","floor":9},{"not_picked":["Slimebound:FormOfPuddle","Slimebound:Schlurp"],"picked":"Slimebound:GoopSpray","floor":10},{"not_picked":["Slimebound:Prepare","Slimebound:FinishingTackle"],"picked":"Slimebound:SplitLeeching","floor":13},{"not_picked":["Slimebound:SplitMire","Slimebound:Grow"],"picked":"Slimebound:MegaLick","floor":14},{"not_picked":["Slimebound:DuplicatedForm","Slimebound:FlameTackle"],"picked":"Slimebound:SplitSpecialist","floor":15},{"not_picked":["Slimebound:SlimeSlap","Slimebound:CheckThePlaybook"],"picked":"Slimebound:Recycling","floor":16},{"not_picked":["Slimebound:LeechEnergy","Slimebound:LeechingTouch"],"picked":"Slimebound:HauntingLick+1","floor":19},{"not_picked":["Slimebound:ItLooksTasty","Slimebound:ComboTackle"],"picked":"Slimebound:PressTheAttack","floor":22},{"not_picked":["Slimebound:SlimeSpikes","Slimebound:ItLooksTasty"],"picked":"Slimebound:SpikyOuterGoop","floor":23},{"not_picked":["Slimebound:ItLooksTasty","Slimebound:PrepareCrush"],"picked":"Slimebound:OozeBath","floor":25},{"not_picked":["Slimebound:LivingWall","Slimebound:DisruptingSlam"],"picked":"Slimebound:HauntingLick","floor":26},{"not_picked":["Slimebound:HauntingLick+1","Slimebound:RollThrough"],"picked":"Slimebound:Recollect+1","floor":28},{"not_picked":["Slimebound:DivideAndConquer","Slimebound:LivingWall+1"],"picked":"Slimebound:SplitLeeching","floor":29},{"not_picked":["Slimebound:DisruptingSlam","Slimebound:RejuvenatingLick"],"picked":"Slimebound:ServeAndProtect+1","floor":31},{"not_picked":["Slimebound:LeechingTouch","Slimebound:Schlurp"],"picked":"Slimebound:SplitBruiser+1","floor":32},{"not_picked":["Slimebound:TagTeam","Slimebound:MinionMaster"],"picked":"Slimebound:MassRepurpose","floor":33},{"not_picked":["Slimebound:FinishingTackle","Slimebound:GoopTackle+1"],"picked":"Slimebound:SlimeSpikes","floor":36},{"not_picked":["Slimebound:GoopSpray","Slimebound:SlimeSpikes+1","Slimebound:GoopTackle"],"picked":"SKIP","floor":37},{"not_picked":["Slimebound:MegaLick","Slimebound:SplitMire"],"picked":"Slimebound:DouseInSlime","floor":39},{"not_picked":["Slimebound:LeadByExample","Slimebound:SamplingLick"],"picked":"Slimebound:LeechEnergy","floor":40},{"not_picked":["Slimebound:ComboTackle","Slimebound:GoopSpray+1"],"picked":"Slimebound:LevelUp+1","floor":42},{"not_picked":["Slimebound:SpikyOuterGoop","Slimebound:SlimeBrawl+1"],"picked":"Slimebound:SplitBruiser+1","floor":43},{"not_picked":["Slimebound:PrepareCrush","Slimebound:SplitAcid+1"],"picked":"Slimebound:TongueLash+1","floor":44},{"not_picked":["Slimebound:SlimeSpikes","Slimebound:ComboTackle+1"],"picked":"Slimebound:LeadByExample+1","floor":46},{"not_picked":["Slimebound:ViciousTackle","Slimebound:ServeAndProtect","Slimebound:LeechEnergy"],"picked":"SKIP","floor":48},{"not_picked":["Slimebound:Chomp+1","Slimebound:FormOfPuddle","Slimebound:ForwardTackle"],"picked":"SKIP","floor":49},{"not_picked":["Slimebound:SplitAcid+1","Slimebound:Grow","Slimebound:RollThrough"],"picked":"SKIP","floor":52}],"player_experience":2339821,"relics_obtained":[{"floor":4,"key":"Gambling Chip"},{"floor":8,"key":"bronze:BronzeIdol"},{"floor":10,"key":"Odd Mushroom"},{"floor":14,"key":"Slimebound:SlimedSkullRelic"},{"floor":24,"key":"Oddly Smooth Stone"},{"floor":25,"key":"White Beast Statue"},{"floor":28,"key":"Strawberry"},{"floor":38,"key":"Vajra"},{"floor":40,"key":"Letter Opener"},{"floor":41,"key":"bronze:DecasWashers"},{"floor":42,"key":"Bird Faced Urn"},{"floor":44,"key":"Anchor"},{"floor":46,"key":"Bag of Marbles"},{"floor":48,"key":"Juzu Bracelet"},{"floor":52,"key":"Blood Vial"}],"event_choices":[{"damage_healed":0,"gold_gain":0,"player_choice":"Fought Mushrooms","damage_taken":0,"max_hp_gain":0,"max_hp_loss":0,"event_name":"Mushrooms","floor":10,"gold_loss":0},{"damage_healed":0,"gold_gain":0,"player_choice":"Read","damage_taken":0,"max_hp_gain":0,"max_hp_loss":0,"event_name":"The Library","floor":21,"gold_loss":0,"cards_obtained":["Slimebound:SplitSpecialist"]}],"is_beta":false,"boss_relics":[{"not_picked":["Slimebound:TarBlob","Fusion Hammer"],"picked":"Philosopher\u0027s Stone"},{"not_picked":["Velvet Choker","Runic Pyramid"],"picked":"Coffee Dripper"}],"items_purged_floors":[6,31,53],"is_endless":false,"potions_floor_spawned":[4,9,10,14,16,19,22,26,28,29,31,32,33,36,37,39,40,42,43,44,46,48,49,52],"ascension_level":2}}