{"host":"it04jaz8eul1eh3d","time":1612937201,"event":{"mods":["AchievementEnabler","BaseMod","Colored Map","DeckTracker","Keyboard Shortcuts","Minty Spire (QoL Compilation)","SuperFastMode"],"gold_per_floor":[99,274,274,284,295,329,346,381,381,381,449,461,461,478,478,580,580,594,276,290,309,309,309],"floor_reached":22,"language":"KOR","playtime":480,"items_purged":["Strike_B"],"score":248,"play_id":"51d598da-dda3-4779-9b31-5a2344fd3fdc","local_time":"20210210150641","is_ascension_mode":false,"campfire_choices":[{"data":"Static Discharge","floor":10,"key":"SMITH"},{"data":"Redo","floor":13,"key":"SMITH"},{"data":"Tempest","floor":15,"key":"SMITH"}],"circlet_count":0,"master_deck":["Strike_B","Strike_B","Strike_B","Defend_B","Defend_B","Defend_B","Defend_B","Zap","Dualcast","Ball Lightning","Ball Lightning","Static Discharge+1","Steam","Redo+1","Tempest+1","Lockon+1","Echo Form","Static Discharge","Defragment","Master of Strategy","Barrage+1"],"relics":["Cracked Core","NeowsBlessing","Boot","Omamori","Molten Egg 2","Meat on the Bone","SlaversCollar"],"acts_visited":["Exordium","TheCity"],"potions_floor_usage":[],"damage_taken":[{"damage":0,"enemies":"Jaw Worm","floor":1,"turns":1},{"damage":0,"enemies":"Cultist","floor":4,"turns":1},{"damage":0,"enemies":"2 Louse","floor":5,"turns":1},{"damage":16,"enemies":"Lagavulin","floor":6,"turns":5},{"damage":1,"enemies":"Blue Slaver","floor":7,"turns":2},{"damage":21,"enemies":"3 Sentries","floor":8,"turns":4},{"damage":10,"enemies":"Red Slaver","floor":12,"turns":2},{"damage":0,"enemies":"2 Fungi Beasts","floor":14,"turns":2},{"damage":0,"enemies":"Slime Boss","floor":16,"turns":6},{"damage":10,"enemies":"Chosen","floor":18,"turns":4},{"damage":29,"enemies":"2 Thieves","floor":20,"turns":3},{"damage":31,"enemies":"Centurion and Healer","floor":21,"turns":4},{"damage":36,"enemies":"Snecko","floor":22,"turns":4}],"seed_played":"-1761913900632589748","potions_obtained":[{"floor":1,"key":"SmokeBomb"},{"floor":5,"key":"Dexterity Potion"},{"floor":12,"key":"Weak Potion"}],"is_trial":false,"path_per_floor":["M","?","?","M","M","E","M","E","T","R","T","M","R","M","R","B",null,"M","$","M","M","M"],"character_chosen":"DEFECT","items_purchased":["Defragment","Master of Strategy"],"campfire_rested":0,"item_purchase_floors":[19,19],"current_hp_per_floor":[75,75,75,75,75,59,58,37,37,37,37,39,39,39,39,39,75,65,65,48,29,0,0],"gold":309,"neow_bonus":"THREE_ENEMY_KILL","is_daily":false,"chose_seed":false,"campfire_upgraded":3,"win_rate":0.0,"timestamp":1612937201,"path_taken":["M","?","?","?","M","E","M","E","T","R","?","M","R","M","R","BOSS","M","$","?","M","M"],"items_purchased_type":["Card","Card"],"build_version":"2020-12-22","purchased_purges":1,"victory":false,"max_hp_per_floor":[75,75,75,75,75,75,75,75,75,75,75,75,75,75,75,75,75,75,75,75,75,75,75],"card_choices":[{"not_picked":["Consume","Cold Snap"],"picked":"Ball Lightning","floor":1},{"not_picked":["Capacitor","Gash"],"picked":"Ball Lightning","floor":4},{"not_picked":["Consume","Redo"],"picked":"Static Discharge","floor":5},{"not_picked":["Streamline","Compile Driver"],"picked":"Steam","floor":6},{"not_picked":["Rebound","Aggregate"],"picked":"Redo","floor":7},{"not_picked":["Cold Snap","Skim"],"picked":"Tempest","floor":8},{"not_picked":["Beam Cell+1","Leap","Double Energy"],"picked":"SKIP","floor":12},{"not_picked":["Heatsinks","Ball Lightning+1"],"picked":"Lockon+1","floor":14},{"not_picked":["Buffer","Hyperbeam+1"],"picked":"Echo Form","floor":16},{"not_picked":["Streamline+1","Leap"],"picked":"Static Discharge","floor":18},{"not_picked":["Conserve Battery","BootSequence"],"picked":"Barrage+1","floor":20},{"not_picked":["Recycle","Hello World","Beam Cell+1"],"picked":"SKIP","floor":21}],"player_experience":152890,"relics_obtained":[{"floor":6,"key":"Boot"},{"floor":8,"key":"Omamori"},{"floor":9,"key":"Molten Egg 2"},{"floor":11,"key":"Meat on the Bone"}],"event_choices":[{"damage_healed":0,"gold_gain":175,"player_choice":"AGREE","damage_taken":0,"max_hp_gain":0,"max_hp_loss":0,"event_name":"Liars Game","floor":2,"gold_loss":0,"cards_obtained":["Doubt"]},{"cards_removed":["Doubt"],"damage_healed":0,"gold_gain":0,"player_choice":"Purged","damage_taken":0,"max_hp_gain":0,"max_hp_loss":0,"event_name":"Purifier","floor":3,"gold_loss":0}],"is_beta":false,"boss_relics":[{"not_picked":["Sozu","Black Star"],"picked":"SlaversCollar"}],"items_purged_floors":[19],"is_endless":false,"potions_floor_spawned":[1,5,12,20],"killed_by":"Snecko","ascension_level":0}}