{"host":"y7b1p9nkx4idorr2","time":1612974194,"event":{"mods":["AchievementEnabler","Act Like it!","BaseMod","Colored Map","Downfall","GifTheSpireLib","Googly Eyes","Highlight Path","Mimic Mod","Minty Spire (QoL Compilation)","Shop Mod","Spicy Shops","StSLib","Unceasing Turn Reminder"],"gold_per_floor":[99,111,121,28,203,103,103,122,32,65,65,82,82,113,123,228,228,228,228,242,257,269,289,325,225,194,194,78,78,78,78,94,94,94,94],"floor_reached":33,"language":"ENG","playtime":1489,"items_purged":["Doubt","Slimebound:Strike_Slimebound"],"score":281,"play_id":"64cee98f-6844-41d4-9f29-c17be99fec42","local_time":"20210210102314","is_ascension_mode":true,"campfire_choices":[{"floor":1,"key":"RECALL"},{"data":"Slimebound:Nibble","floor":6,"key":"SMITH"},{"data":"Slimebound:BestDefense","floor":11,"key":"SMITH"},{"data":"Slimebound:Gluttony","floor":13,"key":"SMITH"},{"data":"Slimebound:CheckThePlaybook","floor":18,"key":"SMITH"},{"data":"Slimebound:SelfFormingGoo","floor":25,"key":"SMITH"},{"data":"Trip","floor":27,"key":"SMITH"},{"data":"Slimebound:LevelUp","floor":29,"key":"SMITH"}],"circlet_count":0,"master_deck":["Slimebound:Strike_Slimebound","Slimebound:Tackle","Slimebound:Defend_Slimebound","Slimebound:Defend_Slimebound","Slimebound:Defend_Slimebound","Slimebound:Defend_Slimebound","Slimebound:Split","Slimebound:CorrosiveSpit","Trip+1","Slimebound:PressTheAttack","Slimebound:Nibble+1","Slimebound:RollThrough","Slimebound:AcidTongue","Slimebound:FlameTackle","Slimebound:HauntingLick","Slimebound:BestDefense+1","Slimebound:Gluttony+1","Slimebound:SplitBruiser","Slimebound:CheckThePlaybook+1","Slimebound:SelfFormingGoo+1","Slimebound:GrowthPunch","Slimebound:Schlurp","Slimebound:TongueLash","Slimebound:Schlurp","Slimebound:ServeAndProtect","Slimebound:LevelUp+1","Necronomicurse","Slimebound:Darklings"],"relics":["Slimebound:AbsorbEndCombat","downfall:HeartBlessingRed","Akabeko","Bag of Marbles","Slimebound:AggressiveSlimeRelic","Coffee Dripper","downfall:HeartBlessingBlue","bronze:DecasWashers","Necronomicon"],"acts_visited":["Exordium","TheCity"],"potions_floor_usage":[10,22],"damage_taken":[{"damage":10,"enemies":"Small Slimes","floor":2,"turns":4},{"damage":4,"enemies":"Jaw Worm","floor":3,"turns":3},{"damage":8,"enemies":"downfall:FleeingMerchant","floor":4,"turns":4},{"damage":3,"enemies":"2 Louse","floor":8,"turns":3},{"damage":5,"enemies":"downfall:FleeingMerchant","floor":9,"turns":4},{"damage":8,"enemies":"3 Sentries","floor":10,"turns":4},{"damage":7,"enemies":"Exordium Thugs","floor":12,"turns":3},{"damage":18,"enemies":"Gremlin Nob","floor":14,"turns":3},{"damage":0,"enemies":"Gremlin Gang","floor":15,"turns":2},{"damage":6,"enemies":"SI_SHIV_ARCHETYPE","floor":16,"turns":5},{"damage":8,"enemies":"3 Byrds","floor":20,"turns":3},{"damage":7,"enemies":"Chosen","floor":21,"turns":3},{"damage":11,"enemies":"3 Cultists","floor":22,"turns":4},{"damage":19,"enemies":"Centurion and Healer","floor":23,"turns":4},{"damage":9,"enemies":"Snake Plant","floor":24,"turns":5},{"damage":23,"enemies":"downfall:FleeingMerchant","floor":26,"turns":4},{"damage":21,"enemies":"Snake Plant","floor":32,"turns":3},{"damage":19,"enemies":"DF_ARCHETYPE_CLAW","floor":33,"turns":3}],"seed_played":"9081149138433327581","potions_obtained":[{"floor":3,"key":"AttackPotion"},{"floor":8,"key":"hexamod:SoulburnPotion"},{"floor":12,"key":"Slimebound:SpawnSlimePotion"},{"floor":15,"key":"PowerPotion"},{"floor":32,"key":"SteroidPotion"}],"is_trial":false,"path_per_floor":["R","M","M","$","?","R","T","M","$","E","R","M","R","E","M","B",null,"R","?","M","M","M","M","MIM","R","$","R","$","R","?","?","M","B"],"character_chosen":"SLIMEBOUND","items_purchased":["Slimebound:AcidTongue","bronze:DecasWashers","Slimebound:LevelUp"],"campfire_rested":0,"item_purchase_floors":[4,26,28],"current_hp_per_floor":[65,57,55,55,55,55,55,54,57,57,57,54,54,38,38,40,65,65,65,61,62,55,44,43,53,38,38,38,38,38,22,7,0,0,0],"gold":94,"neow_bonus":"RANDOM_COLORLESS","is_daily":false,"chose_seed":false,"campfire_upgraded":7,"win_rate":0.0,"timestamp":1612974194,"path_taken":["R","M","M","$","?","R","T","M","$","E","R","M","R","E","M","BOSS","R","?","M","M","M","M","MIM","R","$","R","$","R","?","?","M","BOSS"],"items_purchased_type":["Card","Relic","Card"],"build_version":"2020-12-22","purchased_purges":2,"victory":false,"max_hp_per_floor":[65,65,65,65,65,65,65,65,65,65,65,65,65,65,65,65,65,65,65,65,65,65,65,65,75,75,75,75,75,75,75,75,75,75,75],"card_choices":[{"not_picked":["Purity","Finesse"],"picked":"Trip","floor":0},{"not_picked":["Slimebound:ViciousTackle","Slimebound:ComboTackle"],"picked":"Slimebound:PressTheAttack","floor":2},{"not_picked":["Slimebound:Grow","Slimebound:PressTheAttack"],"picked":"Slimebound:Nibble","floor":3},{"not_picked":["Slimebound:GoopTackle","Slimebound:FormOfPuddle"],"picked":"Slimebound:RollThrough","floor":4},{"not_picked":["Slimebound:LevelUp","Slimebound:Gluttony"],"picked":"Slimebound:FlameTackle","floor":8},{"not_picked":["Slimebound:Schlurp","Slimebound:LeechEnergy"],"picked":"Slimebound:HauntingLick","floor":9},{"not_picked":["Slimebound:SplitLeeching","Slimebound:SamplingLick"],"picked":"Slimebound:BestDefense","floor":10},{"not_picked":["Slimebound:LeechEnergy","Slimebound:FinishingTackle"],"picked":"Slimebound:Gluttony","floor":12},{"not_picked":["Slimebound:LivingWall","Slimebound:ProtectTheBoss"],"picked":"Slimebound:SplitBruiser","floor":14},{"not_picked":["Slimebound:SplitBruiser","Slimebound:Replication"],"picked":"Slimebound:CheckThePlaybook","floor":15},{"not_picked":["Slimebound:Overexert","Slimebound:RallyTheTroops"],"picked":"Slimebound:SelfFormingGoo","floor":16},{"not_picked":["Slimebound:LivingWall","Slimebound:FlameTackle"],"picked":"Slimebound:GrowthPunch","floor":20},{"not_picked":["Slimebound:ComboTackle+1","Slimebound:FinishingTackle"],"picked":"Slimebound:Schlurp","floor":21},{"not_picked":["Slimebound:Replication","Slimebound:LeechEnergy","Slimebound:GoopTackle"],"picked":"SKIP","floor":22},{"not_picked":["Slimebound:Gluttony","Slimebound:Nibble"],"picked":"Slimebound:TongueLash","floor":23},{"not_picked":["Slimebound:Recollect","Slimebound:Grow"],"picked":"Slimebound:Schlurp","floor":24},{"not_picked":["Slimebound:SplitAcid","Slimebound:SlimeBrawl+1"],"picked":"Slimebound:ServeAndProtect","floor":26},{"not_picked":["Slimebound:LivingWall","Slimebound:SlimeSpikes"],"picked":"Slimebound:Darklings","floor":32}],"player_experience":2336186,"relics_obtained":[{"floor":7,"key":"Akabeko"},{"floor":10,"key":"Bag of Marbles"},{"floor":14,"key":"Slimebound:AggressiveSlimeRelic"},{"floor":31,"key":"Necronomicon"}],"event_choices":[],"is_beta":false,"boss_relics":[{"not_picked":["Astrolabe","Tiny House"],"picked":"Coffee Dripper"}],"items_purged_floors":[9,26],"is_endless":false,"potions_floor_spawned":[3,8,12,15,21,32],"killed_by":"DF_ARCHETYPE_CLAW","ascension_level":2}}