{"host":"skr63qsdfgeey3it","time":1612936883,"event":{"mods":["BaseMod","Colored Map","Hubris","Minty Spire (QoL Compilation)","Monster B Gone","Reliquary","Replay The Spire","Spicy Shops","StSLib"],"gold_per_floor":[10,26,43,43,60,60,76,76,76,76,94,94,109,135,135,135,135],"floor_reached":16,"language":"ENG","playtime":5605,"items_purged":[],"score":177,"play_id":"f3b30f21-a2e2-4626-aff5-79e039ab8169","local_time":"20210210000123","is_ascension_mode":true,"campfire_choices":[{"data":"Neutralize","floor":6,"key":"SMITH"},{"floor":8,"key":"REST"},{"floor":12,"key":"REST"},{"floor":15,"key":"REST"}],"circlet_count":0,"master_deck":["AscendersBane","Strike_G","Strike_G","Strike_G","Strike_G","Defend_G","Defend_G","Defend_G+1","Defend_G","Defend_G","Survivor","Neutralize+1","Deadly Poison+1","hubris:SlightOfHand","hubris:SlightOfHand","Prepared","ReplayTheSpireMod:Speed Training","Hidden Blade"],"relics":["Ring of the Snake","Tingsha","Ninja Scroll","Snake Skull"],"acts_visited":["Exordium"],"potions_floor_usage":[14,16],"damage_taken":[{"damage":3,"enemies":"Cultist","floor":1,"turns":4},{"damage":0,"enemies":"Small Slimes","floor":2,"turns":4},{"damage":7,"enemies":"Jaw Worm","floor":3,"turns":4},{"damage":0,"enemies":"Blue Slaver","floor":5,"turns":5},{"damage":35,"enemies":"Gremlin Gang","floor":7,"turns":7},{"damage":5,"enemies":"3 Louse","floor":11,"turns":4},{"damage":0,"enemies":"2 Fungi Beasts","floor":13,"turns":4},{"damage":18,"enemies":"Lagavulin","floor":14,"turns":7},{"damage":36,"enemies":"Slime Boss","floor":16,"turns":7}],"seed_played":"-5135849129821508596","potions_obtained":[{"floor":1,"key":"Milkshake"},{"floor":7,"key":"Weak Potion"}],"is_trial":false,"path_per_floor":["M","M","M","?","M","R","M","R","T","?","M","R","M","E","R","B"],"character_chosen":"THE_SILENT","items_purchased":[],"campfire_rested":3,"item_purchase_floors":[],"current_hp_per_floor":[56,56,49,49,49,49,14,33,33,20,15,34,34,16,35,0,0],"gold":135,"neow_bonus":"ONE_RARE_RELIC","is_daily":false,"chose_seed":false,"campfire_upgraded":1,"win_rate":0.0,"timestamp":1612936883,"path_taken":["M","M","M","?","?","R","M","R","T","?","M","R","M","E","R","BOSS"],"items_purchased_type":[],"build_version":"2020-12-22","purchased_purges":0,"victory":false,"max_hp_per_floor":[66,66,66,66,66,66,66,66,66,66,66,66,66,66,66,66,66],"card_choices":[{"not_picked":["ReplayTheSpireMod:Tripwire","Catalyst"],"picked":"Deadly Poison","floor":1},{"not_picked":["Cloak And Dagger","Slice"],"picked":"hubris:SlightOfHand","floor":2},{"not_picked":["Blur","Well Laid Plans","PiercingWail"],"picked":"SKIP","floor":3},{"not_picked":["Flechettes","Quick Slash"],"picked":"hubris:SlightOfHand","floor":5},{"not_picked":["Hidden Blade","Deflect"],"picked":"Prepared","floor":7},{"not_picked":["Underhanded Strike","Bane"],"picked":"ReplayTheSpireMod:Speed Training","floor":11},{"not_picked":["Deflect","Backflip"],"picked":"Hidden Blade","floor":13},{"not_picked":["Sneak Up","Escape Plan","Reflex"],"picked":"SKIP","floor":14}],"player_experience":949313,"relics_obtained":[{"floor":9,"key":"Ninja Scroll"},{"floor":14,"key":"Snake Skull"}],"event_choices":[{"cards_removed":["Strike_G"],"damage_healed":0,"gold_gain":0,"player_choice":"Offered Basic","damage_taken":0,"max_hp_gain":0,"max_hp_loss":0,"event_name":"Bonfire Elementals","floor":4,"gold_loss":0},{"damage_healed":0,"gold_gain":0,"player_choice":"Entered Light","damage_taken":13,"max_hp_gain":0,"max_hp_loss":0,"event_name":"Shining Light","floor":10,"gold_loss":0,"cards_upgraded":["Deadly Poison","Defend_G"]}],"is_beta":false,"boss_relics":[],"items_purged_floors":[],"is_endless":false,"potions_floor_spawned":[1,7,13],"killed_by":"Slime Boss","ascension_level":14}}