{"host":"0cnf9zf1gia27zti","time":1612924708,"event":{"mods":["BaseMod","Better Third Choice","BetterRewards","Card Forge","ChefMod","Colored Map","Colored Powertips","Conspire","Downfall","Googly Eyes","Infinite Spire","Minty Spire (QoL Compilation)","Practice Mode","Quick Restart","Replay The Spire","Shade Mod","Spicy Shops","StSLib","The Marked"],"gold_per_floor":[118,118,118,0,0,16,44,44,44,75,98,98,124,124,124,124,124,207,207,234,262,262,289,315,341,341,201,201,201,232,232,273,273,273,360,360,386,407,407,407,427,468,468,485,485,507,533,558,613,653,653,657],"floor_reached":53,"language":"ENG","playtime":3590,"items_purged":[],"score":2153,"play_id":"7c3700b7-f912-43a8-b9ed-3e331d1a82bb","local_time":"20210210023828","is_ascension_mode":true,"campfire_choices":[{"floor":17,"key":"DIG"},{"floor":26,"key":"REST"},{"data":"Echo Form","floor":34,"key":"SMITH"},{"data":"Echo Form","floor":43,"key":"SMITH"},{"floor":51,"key":"DIG"}],"circlet_count":0,"master_deck":["AscendersBane","Zap+1","Dualcast+1","Chill+1","Cold Snap+1","BootSequence+1","Loop+1","Blizzard+1","Glacier+1","Conserve Battery+1","Blizzard+1","Loop+1","Defragment+1","Chill+1","Glacier+1","BootSequence+1","Defragment+1","ReplayRNGCard","Thinking Ahead","Echo Form+1","Echo Form+1","Panic Button","Force Field+1","Capacitor","Machine Learning","ReplayTheSpireMod:Calculation Training+1","Chill","ReplayTheSpireMod:Calculation Training+1","Skim+1","Panic Button","Defragment+1","Heatsinks","ReplayTheSpireMod:Calculation Training","Pot Of Greed","Pot Of Greed","Pot Of Greed"],"relics":["Cracked Core","Hammer of Thor","Seething Fire","Divine Protection","Prayer Wheel","Chemical X","Quantum Egg","Thread and Needle","ReplayTheSpireMod:TigerMarble","Matryoshka","Replay:Bandana","DataDisk","Blue Doll","Replay:Rubber Ducky","Nuclear Battery","Prayer Wheel","Singing Bowl","DollysMirror","Strawberry","Juzu Bracelet","Mummified Hand","Nloth\u0027s Gift","Blood Vial","ReplayTheSpireMod:ShopPack","Ginger","Black Star","Pear","Inserter","Shuriken","Golden Egg","Durian","Grinning Jar","ReplayTheSpireMod:Ninjato"],"acts_visited":["Exordium","TheCity","TheBeyond"],"potions_floor_usage":[18,21,24,44,52,52],"damage_taken":[{"damage":0,"enemies":"Small Slimes","floor":1,"turns":3},{"damage":0,"enemies":"Cultist","floor":6,"turns":4},{"damage":0,"enemies":"3 Sentries","floor":7,"turns":5},{"damage":0,"enemies":"Lagavulin","floor":10,"turns":7},{"damage":0,"enemies":"2 Louse","floor":13,"turns":2},{"damage":0,"enemies":"Fading Forest","floor":18,"turns":11},{"damage":0,"enemies":"2 Thieves","floor":20,"turns":4},{"damage":0,"enemies":"3 Byrds","floor":21,"turns":4},{"damage":3,"enemies":"Shelled Parasite and Fungi","floor":23,"turns":5},{"damage":0,"enemies":"Cultist and Chosen","floor":24,"turns":6},{"damage":0,"enemies":"Book of Stabbing","floor":25,"turns":6},{"damage":0,"enemies":"Gremlin Leader","floor":30,"turns":6},{"damage":0,"enemies":"Slavers","floor":32,"turns":3},{"damage":0,"enemies":"Automaton","floor":35,"turns":8},{"damage":0,"enemies":"Orb Walker","floor":37,"turns":4},{"damage":0,"enemies":"3 Shapes","floor":38,"turns":4},{"damage":0,"enemies":"Spire Growth","floor":41,"turns":6},{"damage":0,"enemies":"Nemesis","floor":42,"turns":7},{"damage":0,"enemies":"Jaw Worm Horde","floor":44,"turns":5},{"damage":0,"enemies":"Sphere and 2 Shapes","floor":46,"turns":5},{"damage":0,"enemies":"3 Darklings","floor":47,"turns":4},{"damage":0,"enemies":"Jaw Worm Horde","floor":48,"turns":3},{"damage":0,"enemies":"2 Orb Walkers","floor":49,"turns":5},{"damage":0,"enemies":"conspire:MimicChest","floor":50,"turns":7},{"damage":25,"enemies":"infinitespire:MassOfShapes","floor":52,"turns":8}],"seed_played":"-1792253722787785516","potions_obtained":[{"floor":6,"key":"sneckomod:MuddlingPotion"},{"floor":7,"key":"DuplicationPotion"},{"floor":18,"key":"SteroidPotion"},{"floor":21,"key":"DuplicationPotion"},{"floor":25,"key":"Strength Potion"},{"floor":38,"key":"LifebloodPotion"},{"floor":40,"key":"Milkshake"},{"floor":41,"key":"SkillPotion"},{"floor":49,"key":"PotionOfCapacity"}],"is_trial":false,"path_per_floor":["M","?","$","$","?","M","E","?","T","E","T","$","M","PTL","PTL","?","R_BF","B",null,"M","M","$","M","M","E","R","$","T","?","E","AVR","E","?","R","B",null,"M","M","AVR","?","M","E","R","M","T","M","M","M","?","?","R_BF","B",null],"character_chosen":"DEFECT","items_purchased":["Divine Protection","Prayer Wheel","Chill","Cold Snap","Chemical X","BootSequence","Quantum Egg","Thread and Needle","Loop","Blizzard","Loop","DollysMirror","Strawberry"],"campfire_rested":1,"item_purchase_floors":[0,0,0,0,0,0,0,0,0,4,4,27,27],"current_hp_per_floor":[64,64,64,64,64,64,64,69,69,75,75,75,75,75,75,75,75,75,76,76,76,76,73,73,73,76,83,83,83,83,85,85,85,85,85,85,89,93,103,103,103,105,105,109,109,109,111,117,122,124,124,99],"gold":657,"neow_bonus":"","is_daily":false,"chose_seed":false,"campfire_upgraded":2,"win_rate":0.0,"timestamp":1612924708,"path_taken":["M","?","?","$","?","M","E","?","T","E","?","$","?","PTL","PTL","?","R_BF","BOSS","M","M","$","M","M","E","R","$","T","?","E","AVR","E","?","R","BOSS","M","M","AVR","?","M","E","R","M","T","M","M","M","?","?","R_BF","BOSS"],"items_purchased_type":["Relic","Relic","Card","Card","Relic","Card","Relic","Relic","Card","Card","Card","Relic","Relic"],"build_version":"2020-12-22","purchased_purges":0,"victory":true,"max_hp_per_floor":[71,71,71,71,71,71,71,76,76,76,76,76,76,76,76,76,76,76,76,76,76,76,76,76,76,76,83,83,83,83,85,85,85,85,85,85,89,93,103,103,103,105,105,109,109,109,111,117,122,124,124,124],"card_choices":[{"not_picked":["Undo","Rebound"],"picked":"Glacier","floor":1},{"not_picked":["Hello World","Genetic Algorithm"],"picked":"Conserve Battery","floor":1},{"not_picked":["Undo","BasicCrystalCard","Compile Driver"],"picked":"SKIP","floor":6},{"not_picked":["Redo","Beam Cell","Leap"],"picked":"SKIP","floor":6},{"not_picked":["ReplaySolidLightProjector","Heatsinks","Gash"],"picked":"SKIP","floor":7},{"not_picked":["Static Discharge","Ball Lightning"],"picked":"Rainbow","floor":10},{"not_picked":["Leap","Consume"],"picked":"Defragment","floor":13},{"not_picked":["Sweeping Beam","Cold Snap","Beam Cell"],"picked":"SKIP","floor":13},{"not_picked":["Reboot","ReplayRNGCard"],"picked":"ReplayTheSpireMod:Fabricate Wheel","floor":18},{"not_picked":["Streamline","Go for the Eyes","Stack"],"picked":"SKIP","floor":20},{"not_picked":["White Noise","Undo","ReplayTheSpireMod:Reroute Power"],"picked":"SKIP","floor":20},{"not_picked":["Gash","Creative AI","Beam Cell+1"],"picked":"SKIP","floor":20},{"not_picked":["Doom and Gloom","Redo"],"picked":"Chill","floor":21},{"not_picked":["Turbo","Redo","Go for the Eyes"],"picked":"SKIP","floor":21},{"not_picked":["Hello World","BasicCrystalCard","Go for the Eyes"],"picked":"SKIP","floor":21},{"not_picked":["Stack","Amplify","BasicCrystalCard+1"],"picked":"SKIP","floor":23},{"not_picked":["Consume","conspire:SharedLibrary","BasicCrystalCard"],"picked":"SKIP","floor":23},{"not_picked":["Leap","Redo","BasicCrystalCard"],"picked":"SKIP","floor":23},{"not_picked":["Coolheaded","Cold Snap"],"picked":"Glacier","floor":24},{"not_picked":["FTL+1","Coolheaded","Gash"],"picked":"SKIP","floor":24},{"not_picked":["Rebound","Redo","Chaos"],"picked":"SKIP","floor":24},{"not_picked":["Coolheaded","Hologram"],"picked":"BootSequence+1","floor":25},{"not_picked":["Ball Lightning","Genetic Algorithm"],"picked":"ReplayRNGCard","floor":30},{"not_picked":["Poisoned Strike","Panache"],"picked":"Thinking Ahead","floor":31},{"not_picked":["Replay:Sssssssssshield","Blind","Good Instincts"],"picked":"Singing Bowl","floor":31},{"not_picked":["Replay:Sssssssssshield","Discovery"],"picked":"Violence","floor":31},{"not_picked":["BasicCrystalCard","Panic Button"],"picked":"Echo Form","floor":32},{"not_picked":["Reboot","Mirror Shield"],"picked":"Echo Form","floor":35},{"not_picked":["Doom and Gloom","Cold Snap","Go for the Eyes"],"picked":"Singing Bowl","floor":37},{"not_picked":["Sunder","ReplaySolidLightProjector","Beam Cell"],"picked":"Singing Bowl","floor":37},{"not_picked":["Steam Power","conspire:Rain+1"],"picked":"Panic Button","floor":37},{"not_picked":["Panic Button","Hello World+1","Conserve Battery"],"picked":"Singing Bowl","floor":38},{"not_picked":["Ball Lightning+1","Leap"],"picked":"Force Field+1","floor":38},{"not_picked":["Redo","Streamline","Undo"],"picked":"Singing Bowl","floor":38},{"not_picked":["Blizzard","Storm"],"picked":"Capacitor","floor":41},{"not_picked":["BasicCrystalCard","Gash"],"picked":"Machine Learning","floor":41},{"not_picked":["Glacier","Compile Driver"],"picked":"ReplayTheSpireMod:Calculation Training+1","floor":41},{"not_picked":["Thunder Strike","Ball Lightning+1","ReplayTheSpireMod:System Scan"],"picked":"Singing Bowl","floor":42},{"not_picked":["Beam Cell","Undo","ReplayTheSpireMod:Dual Polarity"],"picked":"Singing Bowl","floor":44},{"not_picked":["ReplayTheSpireMod:Reroute Power+1","conspire:Rain","Rebound"],"picked":"Singing Bowl","floor":44},{"not_picked":["Hologram+1","ReplayTheSpireMod:Repulse+1"],"picked":"Chill","floor":44},{"not_picked":["Steam","ReplaySolidLightProjector"],"picked":"ReplayTheSpireMod:Calculation Training+1","floor":46},{"not_picked":["Darkness","Ball Lightning"],"picked":"Skim+1","floor":46},{"not_picked":["Steam Power","Fusion"],"picked":"Panic Button","floor":46},{"not_picked":["Buffer","Steam"],"picked":"Defragment+1","floor":47},{"not_picked":["Go for the Eyes+1","Time Bomb"],"picked":"Heatsinks","floor":47},{"not_picked":["conspire:SharedLibrary+1","Steam","Genetic Algorithm"],"picked":"Singing Bowl","floor":47},{"not_picked":["Beam Cell+1","Panic Button","Ball Lightning+1"],"picked":"Singing Bowl","floor":48},{"not_picked":["Leap","Gash","Static Discharge+1"],"picked":"Singing Bowl","floor":48},{"not_picked":["ReplayTheSpireMod:GoodbyeWorld","Reprogram","Conserve Battery"],"picked":"Singing Bowl","floor":48},{"not_picked":["Multi-Cast","Glacier"],"picked":"ReplayTheSpireMod:Calculation Training","floor":49},{"not_picked":["Redo","Rip and Tear","Ball Lightning"],"picked":"Singing Bowl","floor":50}],"player_experience":3769887,"relics_obtained":[{"floor":7,"key":"ReplayTheSpireMod:TigerMarble"},{"floor":9,"key":"Matryoshka"},{"floor":10,"key":"Replay:Bandana"},{"floor":11,"key":"DataDisk"},{"floor":11,"key":"Blue Doll"},{"floor":17,"key":"Replay:Rubber Ducky"},{"floor":25,"key":"Singing Bowl"},{"floor":28,"key":"Juzu Bracelet"},{"floor":28,"key":"Mummified Hand"},{"floor":30,"key":"Blood Vial"},{"floor":32,"key":"Ginger"},{"floor":42,"key":"Shuriken"},{"floor":45,"key":"Golden Egg"},{"floor":49,"key":"Durian"},{"floor":50,"key":"Grinning Jar"},{"floor":51,"key":"ReplayTheSpireMod:Ninjato"}],"event_choices":[{"damage_healed":0,"gold_gain":0,"player_choice":"Upgraded","damage_taken":0,"max_hp_gain":0,"max_hp_loss":0,"event_name":"Upgrade Shrine","floor":2,"gold_loss":0,"cards_upgraded":["Blizzard"]},{"damage_healed":0,"gold_gain":0,"player_choice":"Disagree","damage_taken":0,"max_hp_gain":0,"max_hp_loss":0,"event_name":"conspire:LoneGhost","floor":5,"gold_loss":0},{"damage_healed":0,"gold_gain":0,"player_choice":"Donut","damage_taken":0,"max_hp_gain":5,"max_hp_loss":0,"event_name":"Big Fish","floor":8,"gold_loss":0},{"cards_removed":["Strike_B"],"damage_healed":0,"gold_gain":0,"player_choice":"Offered Basic","damage_taken":0,"max_hp_gain":0,"max_hp_loss":0,"event_name":"Bonfire Elementals","floor":16,"gold_loss":0},{"damage_healed":0,"gold_gain":0,"player_choice":"Traded Relic","damage_taken":0,"relics_obtained":["Nloth\u0027s Gift"],"max_hp_gain":0,"max_hp_loss":0,"event_name":"N\u0027loth","floor":29,"relics_lost":["Anvil of the Gods"],"gold_loss":0},{"damage_healed":0,"gold_gain":0,"player_choice":"Ignored","damage_taken":0,"max_hp_gain":0,"max_hp_loss":0,"event_name":"Vampires","floor":33,"gold_loss":0},{"damage_healed":0,"gold_gain":0,"player_choice":"Got Potions","damage_taken":0,"max_hp_gain":0,"max_hp_loss":0,"event_name":"Lab","floor":40,"gold_loss":0},{"damage_healed":0,"gold_gain":0,"player_choice":"Fight","damage_taken":0,"max_hp_gain":0,"max_hp_loss":0,"event_name":"Mysterious Sphere","floor":49,"gold_loss":0}],"is_beta":false,"boss_relics":[{"not_picked":["Pandora\u0027s Box","Velvet Choker"],"picked":"Nuclear Battery"},{"not_picked":["Honey Jar","ChewingGum"],"picked":"Black Star"}],"items_purged_floors":[],"is_endless":false,"potions_floor_spawned":[6,7,18,21,25,32,38,41,42,49],"ascension_level":14}}