{"host":"ig9h5mtrygw4gu9r","time":1612995425,"event":{"mods":["2.2 Compatiblity","AchievementEnabler","BaseMod","Bestiary","Infinite Spire","Minty Spire (QoL Compilation)","Relic Stats","Replay The Spire","StSLib","The Servant 0.9.4"],"gold_per_floor":[118,128,141,8,26,55,74,94,148,179,193,225,225,225,225,324,324,342,542,561,578,51,51,71,105,105,116,132,162,162,208,208,362,362,401,451,451],"floor_reached":36,"language":"ENG","playtime":2304,"items_purged":["Strike_S"],"score":498,"play_id":"3927066b-bc09-4664-aad0-49d8cdc15942","local_time":"20210210141705","is_ascension_mode":true,"campfire_choices":[{"data":"Ricochet","floor":13.0,"key":"SMITH"},{"floor":23.0,"key":"REST"},{"floor":32,"key":"REST"}],"circlet_count":0,"master_deck":["Strike_S","Strike_S","Strike_S","Defend_S","Defend_S","Defend_S","Defend_S","Gouge","ShiftingGears","ShatteredReality","SilverBlades+1","Desolation","Starlight","Rearm","Duplication","Moonlight+1","Ricochet+1","SoulSculpture","Reprogram","Reboot","Solidify","Starlight+1","Ricochet+1","BottledTime","Rearm","Luminosity","Sunlight","GearUp","MurderousAura","CurseOfTheBell","Moonlight+1"],"relics":["Uniform","NeowsBlessing","Meat on the Bone","Blue Doll","Replay:Bottled Snecko","ReplayTheSpireMod:Ninjato","Replay:Bronze Core","Pondfish Scales","Pen Nib","Smiling Mask","Vajra","Centennial Puzzle","Replay:Bandana","Calling Bell","Ginger","Molten Egg 2","infinitespire:PuzzleCube"],"acts_visited":["Exordium","TheCity","TheBeyond"],"potions_floor_usage":[27,29],"damage_taken":[{"damage":0.0,"enemies":"Jaw Worm","floor":1.0,"turns":1.0},{"damage":0.0,"enemies":"infinitespire:Voidling","floor":2.0,"turns":1.0},{"damage":0.0,"enemies":"2 Louse","floor":3.0,"turns":1.0},{"damage":1.0,"enemies":"2 Fungi Beasts","floor":5.0,"turns":2.0},{"damage":16.0,"enemies":"Gremlin Nob","floor":6.0,"turns":3.0},{"damage":8.0,"enemies":"Looter","floor":7.0,"turns":2.0},{"damage":8.0,"enemies":"Blue Slaver","floor":8.0,"turns":3.0},{"damage":11.0,"enemies":"Lagavulin","floor":10.0,"turns":6.0},{"damage":2.0,"enemies":"3 Louse","floor":11.0,"turns":2.0},{"damage":23.0,"enemies":"3 Sentries","floor":12.0,"turns":5.0},{"damage":36.0,"enemies":"Hexaghost","floor":16.0,"turns":6.0},{"damage":23.0,"enemies":"2 Thieves","floor":18.0,"turns":3.0},{"damage":6.0,"enemies":"3 Byrds","floor":20.0,"turns":3.0},{"damage":32.0,"enemies":"Centurion and Healer","floor":21.0,"turns":5.0},{"damage":0.0,"enemies":"Snecko","floor":24.0,"turns":2.0},{"damage":16.0,"enemies":"Nightmare","floor":25.0,"turns":5.0},{"damage":14,"enemies":"Shelled Parasite and Fungi","floor":27,"turns":2},{"damage":26,"enemies":"Snake Plant","floor":28,"turns":3},{"damage":13,"enemies":"Book of Stabbing","floor":29,"turns":3},{"damage":14,"enemies":"Snecko","floor":31,"turns":3},{"damage":18,"enemies":"Automaton","floor":33,"turns":5},{"damage":0,"enemies":"3 Shapes","floor":35,"turns":3},{"damage":33,"enemies":"infinitespire:Three Voidlings","floor":36,"turns":3},{"damage":49,"enemies":"Nightmare_Alpha","floor":36,"turns":4}],"seed_played":"8344713533443624533","potions_obtained":[{"floor":1.0,"key":"FearPotion"},{"floor":3.0,"key":"Ancient Potion"},{"floor":6.0,"key":"Energy Potion"},{"floor":8.0,"key":"Elixir"},{"floor":10.0,"key":"ColorlessPotion"},{"floor":16.0,"key":"Energy Potion"},{"floor":20.0,"key":"Regen Potion"},{"floor":31,"key":"FearPotion"},{"floor":33,"key":"Elixir"}],"is_trial":false,"path_per_floor":["M","M","M","$","M","E","M","M","T","E","M","E","R","?","R","B",null,"M","?","M","M","$","R","M","NM","T","M","M","E","AVR","M","R","B",null,"M","?"],"character_chosen":"THE_SERVANT","items_purchased":["SilverBlades+1","Desolation","Pondfish Scales","Pen Nib"],"campfire_rested":2,"item_purchase_floors":[4,4,22,22],"current_hp_per_floor":[65,65,65,65,64,48,40,44,44,33,43,32,32,32,51,27,65,42,42,36,16,16,35,35,31,31,34,20,19,19,17,36,30,65,65,0,0],"gold":451,"neow_bonus":"THREE_ENEMY_KILL","is_daily":false,"chose_seed":false,"campfire_upgraded":1,"win_rate":0.0,"timestamp":1612995425,"path_taken":["M","M","M","$","M","E","M","M","T","E","M","E","R","?","R","BOSS","M","?","M","M","$","R","M","NM","T","?","M","E","AVR","M","R","BOSS","M","?"],"items_purchased_type":["Card","Card","Relic","Relic"],"build_version":"2020-12-22","purchased_purges":1,"victory":false,"max_hp_per_floor":[65,65,65,65,65,65,65,65,65,65,65,65,65,65,65,65,65,65,65,65,65,65,65,65,65,65,65,65,65,65,65,65,65,65,65,65,65],"relic_stats":{"Centennial Puzzle":[12],"counters":[24,76],"Pen Nib":[7],"Ginger":[0],"Smiling Mask":0,"obtain_stats":[{"ReplayTheSpireMod:Ninjato":12,"NeowsBlessing":0,"Vajra":26,"Blue Doll":9,"Pen Nib":22,"Uniform":0,"Ginger":34,"Smiling Mask":25,"Calling Bell":34,"Pondfish Scales":22,"Centennial Puzzle":29,"Replay:Bandana":30,"Replay:Bronze Core":17,"Molten Egg 2":34,"Replay:Bottled Snecko":10,"infinitespire:PuzzleCube":34,"Meat on the Bone":6},{"ReplayTheSpireMod:Ninjato":10,"NeowsBlessing":0,"Vajra":16,"Blue Doll":7,"Pen Nib":14,"Uniform":0,"Ginger":21,"Smiling Mask":16,"Calling Bell":21,"Pondfish Scales":14,"Centennial Puzzle":19,"Replay:Bandana":19,"Replay:Bronze Core":11,"Molten Egg 2":21,"Replay:Bottled Snecko":8,"infinitespire:PuzzleCube":21,"Meat on the Bone":5},{"ReplayTheSpireMod:Ninjato":26,"NeowsBlessing":0,"Vajra":50,"Blue Doll":13,"Pen Nib":43,"Uniform":0,"Ginger":66,"Smiling Mask":50,"Calling Bell":66,"Pondfish Scales":43,"Centennial Puzzle":58,"Replay:Bandana":58,"Replay:Bronze Core":32,"Molten Egg 2":66,"Replay:Bottled Snecko":19,"infinitespire:PuzzleCube":66,"Meat on the Bone":8}],"Meat on the Bone":144},"card_choices":[{"not_picked":["RealityMarble","Alleviate"],"picked":"Gouge","floor":1.0},{"not_picked":["Starlight","ShatteredReality"],"picked":"ShiftingGears","floor":2.0},{"not_picked":["WasteNot","Comet"],"picked":"ShatteredReality","floor":3.0},{"not_picked":["Snipe","DoubleEdge"],"picked":"Starlight","floor":5.0},{"not_picked":["RealityMarble","Manipulate"],"picked":"Rearm","floor":6.0},{"not_picked":["DoubleEdge","Spin","Foresight"],"picked":"SKIP","floor":7.0},{"not_picked":["DoubleEdge","ShatteredReality"],"picked":"Duplication","floor":8.0},{"not_picked":["Starlight","FastForward"],"picked":"Moonlight","floor":10.0},{"not_picked":["Comet","Manipulate"],"picked":"Ricochet","floor":11.0},{"not_picked":["Gouge","FlawlessForm"],"picked":"SoulSculpture","floor":12.0},{"not_picked":["TheWorld","Deny"],"picked":"Solidify","floor":16.0},{"not_picked":["Snipe","BottledTime"],"picked":"Starlight+1","floor":18.0},{"not_picked":["Gouge","Unruled","DoubleEdge+1"],"picked":"SKIP","floor":20.0},{"not_picked":["ForgedInTime","TimeWarp"],"picked":"Ricochet+1","floor":21.0},{"not_picked":["Foresight+1","Ricochet","Misdirection"],"picked":"SKIP","floor":24.0},{"not_picked":["Dilation","Deadline"],"picked":"BottledTime","floor":25.0},{"not_picked":["Moonlight","Defy"],"picked":"Rearm","floor":27},{"not_picked":["ReturningBlade+1","RealityMarble"],"picked":"Luminosity","floor":28},{"not_picked":["FastForward","Defy"],"picked":"Sunlight","floor":29},{"not_picked":["StarChef+1","Moondial"],"picked":"GearUp","floor":31},{"not_picked":["Initiator","Dilation"],"picked":"MurderousAura","floor":33},{"not_picked":["Spin+1","Unruled+1"],"picked":"Moonlight+1","floor":35}],"player_experience":395396,"relics_obtained":[{"floor":6.0,"key":"Meat on the Bone"},{"floor":9.0,"key":"Blue Doll"},{"floor":10.0,"key":"Replay:Bottled Snecko"},{"floor":12.0,"key":"ReplayTheSpireMod:Ninjato"},{"floor":25.0,"key":"Smiling Mask"},{"floor":26.0,"key":"Vajra"},{"floor":29,"key":"Centennial Puzzle"},{"floor":34,"key":"Ginger"},{"floor":34,"key":"Molten Egg 2"},{"floor":34,"key":"infinitespire:PuzzleCube"}],"event_choices":[{"damage_healed":0.0,"max_hp_gain":0.0,"max_hp_loss":0.0,"gold_gain":250.0,"event_name":"The Joust","player_choice":"Bet on Owner","floor":19.0,"gold_loss":50.0,"damage_taken":0.0}],"is_beta":false,"boss_relics":[{"not_picked":["Velvet Choker","SacredBark"],"picked":"Replay:Bronze Core"},{"not_picked":["Runic Dome","Replay:Wanted Poster"],"picked":"Calling Bell"}],"items_purged_floors":[22],"is_endless":true,"potions_floor_spawned":[1,3,6,8,10,16,20,21,31,33,35,36],"killed_by":"Nightmare_Alpha","ascension_level":2}}