{"host":"c5j8t0wyh2hvx9ju","time":1612958303,"event":{"mods":["Act Like it!","Astrologer","BaseMod","BetterRewards","Gensokyo","Minty Spire (QoL Compilation)","Prisma Mod","StSLib"],"gold_per_floor":[118,118,130,140,0,0,32,32,32,100,110,110,122,41,41,140,140,159,182,197,208,225,258,258,278,278,278,291,291,307,0,0,0,0],"floor_reached":33,"language":"JPN","playtime":1676,"items_purged":["Defend_P"],"score":437,"play_id":"ca471dbe-9eab-4581-a7a5-9a3b9b5c1b72","local_time":"20210210205823","is_ascension_mode":true,"campfire_choices":[{"floor":8,"key":"REST"},{"data":"Eruption","floor":15,"key":"SMITH"},{"floor":24,"key":"REST"},{"floor":27,"key":"REST"},{"floor":29,"key":"REST"},{"data":"MentalFortress","floor":32,"key":"SMITH"}],"circlet_count":0,"master_deck":["Strike_P","Strike_P+1","Strike_P+1","Defend_P","Defend_P","Defend_P","Eruption+1","Vigilance","Halt","MentalFortress+1","EmptyBody","FlurryOfBlows","Tantrum+1","Perseverance+1","Brilliance","Vault+1","Sanctity+1","Worship+1","Wallop+1","EmptyMind+1","TalkToTheHand+1","Establishment+1","FlurryOfBlows+1"],"relics":["PureWater","Membership Card","Tiny Chest","WingedGreaves","Toxic Egg 2","StrikeDummy","White Beast Statue","Gensokyo:Justice","Sozu","Art of War","Frozen Egg 2","InkBottle"],"acts_visited":["Gensokyo:Gensokyo","Gensokyo:Gensokyoer"],"potions_floor_usage":[],"damage_taken":[{"damage":0,"enemies":"Gensokyo:Python","floor":1,"turns":2},{"damage":3,"enemies":"Gensokyo:2_Kodama","floor":3,"turns":4},{"damage":9,"enemies":"Gensokyo:Gryphon","floor":4,"turns":4},{"damage":36,"enemies":"Gensokyo:Aya","floor":7,"turns":8},{"damage":2,"enemies":"Gensokyo:2_Rabbits","floor":11,"turns":6},{"damage":2,"enemies":"Gensokyo:Kitsune","floor":13,"turns":3},{"damage":18,"enemies":"Gensokyo:Reimu","floor":16,"turns":8},{"damage":7,"enemies":"Gensokyo:3_Dogs","floor":18,"turns":4},{"damage":4,"enemies":"Gensokyo:Chomper","floor":20,"turns":3},{"damage":3,"enemies":"Gensokyo:3_Gloops","floor":21,"turns":4},{"damage":19,"enemies":"Gensokyo:Monolith_and_Dog","floor":22,"turns":5},{"damage":29,"enemies":"Gensokyo:Tenshi","floor":23,"turns":5},{"damage":17,"enemies":"Gensokyo:Chomper_and_Gloop","floor":25,"turns":4},{"damage":9,"enemies":"Gensokyo:Wraith","floor":28,"turns":6},{"damage":0,"enemies":"Gensokyo:3_Gloops","floor":30,"turns":3},{"damage":126,"enemies":"Gensokyo:Eternal_Rivals","floor":33,"turns":4}],"seed_played":"-7863961366845201076","potions_obtained":[{"floor":3,"key":"AttackPotion"},{"floor":11,"key":"Fire Potion"},{"floor":13,"key":"SpeedPotion"}],"is_trial":false,"path_per_floor":["M","T","M","M","?","?","E","R","T","T","M","?","M","$","R","B",null,"M","T","M","M","M","E","R","M","T","R","M","R","M","?","R","B"],"character_chosen":"WATCHER","items_purchased":["Membership Card","Halt","MentalFortress","Brilliance"],"campfire_rested":4,"item_purchase_floors":[0,0,0,14],"current_hp_per_floor":[57,57,54,45,45,45,9,30,30,30,28,28,26,26,26,8,72,65,65,61,58,39,10,31,14,14,35,26,47,47,47,47,0,0],"gold":0,"neow_bonus":"","is_daily":false,"chose_seed":false,"campfire_upgraded":2,"win_rate":0.0,"timestamp":1612958303,"path_taken":["M","?","M","?","?","?","E","R","T","?","?","?","M","?","R","BOSS","M","?","M","M","M","E","R","?","T","R","?","R","M","?","R","BOSS"],"items_purchased_type":["Relic","Card","Card","Card"],"build_version":"2020-12-22","purchased_purges":1,"victory":false,"max_hp_per_floor":[72,72,72,72,72,72,72,72,72,72,72,72,72,72,72,72,72,72,72,72,72,72,72,72,72,72,72,72,72,72,72,72,72,72],"card_choices":[{"not_picked":["FollowUp","Crescendo"],"picked":"EmptyBody","floor":1},{"not_picked":["Prostrate","FlyingSleeves"],"picked":"FlurryOfBlows","floor":3},{"not_picked":["SignatureMove","Swivel","FlyingSleeves"],"picked":"SKIP","floor":4},{"not_picked":["ThirdEye+1","Conclude"],"picked":"Evaluate+1","floor":7},{"not_picked":["SashWhip","CutThroughFate"],"picked":"Tantrum","floor":11},{"not_picked":["BattleHymn","Study"],"picked":"Perseverance+1","floor":13},{"not_picked":["Wish+1","Establishment"],"picked":"Vault+1","floor":16},{"not_picked":["Evaluate+1","Halt+1"],"picked":"Sanctity+1","floor":18},{"not_picked":["CutThroughFate","WreathOfFlame+1"],"picked":"Worship+1","floor":20},{"not_picked":["EmptyFist","Prostrate+1"],"picked":"Wallop+1","floor":21},{"not_picked":["Study","Indignation+1"],"picked":"EmptyMind+1","floor":22},{"not_picked":["PathToVictory+1","EmptyFist+1","Nirvana+1"],"picked":"SKIP","floor":23},{"not_picked":["EmptyFist+1","Protect+1"],"picked":"TalkToTheHand+1","floor":25},{"not_picked":["Consecrate","WreathOfFlame+1"],"picked":"Establishment+1","floor":28},{"not_picked":["BowlingBash","Swivel+1"],"picked":"FlurryOfBlows","floor":30}],"player_experience":876509,"relics_obtained":[{"floor":2,"key":"Tiny Chest"},{"floor":7,"key":"Toxic Egg 2"},{"floor":9,"key":"StrikeDummy"},{"floor":10,"key":"White Beast Statue"},{"floor":19,"key":"Art of War"},{"floor":23,"key":"Frozen Egg 2"},{"floor":26,"key":"InkBottle"}],"event_choices":[],"is_beta":false,"boss_relics":[{"not_picked":["VioletLotus","Astrolabe"],"picked":"Sozu"}],"items_purged_floors":[0],"is_endless":false,"potions_floor_spawned":[3,11,13,16,18,20,21,22,23,25,28,30],"killed_by":"Gensokyo:Eternal_Rivals","ascension_level":4}}