{"host":"flm17o2q7bfjyna6","time":1612989945,"event":{"mods":["2.2 Compatiblity","Act Like it!","BaseMod","Better Altar","Better Match","Better Note","Better Sensory Stone","Better Skull","Better Third Choice","Better Vampires","Colored Map","Colored Powertips","DeckTracker","Fox Events","Hermit","Minty Spire (QoL Compilation)","Quick Restart","Replay The Spire","Reworked Bosses","Spicy Shops","StSLib","TheSwordswoman","Wandering Minibosses"],"gold_per_floor":[116,116,127,127,127,152,152,154,154,154,154,196,226,5,66,164,164,131,144,144,158,158],"floor_reached":21,"language":"ENG","playtime":1391,"items_purged":["blazmod:Strike"],"score":233,"play_id":"7ba4d2d3-5fc8-477e-bfe7-af5129dba464","local_time":"20210210154545","is_ascension_mode":true,"campfire_choices":[{"data":"blazmod:ButterflyEffect","floor":7,"key":"SMITH"},{"data":"blazmod:HarmonyComplete","floor":11,"key":"SMITH"}],"circlet_count":0,"master_deck":["blazmod:Defend","blazmod:Defend","blazmod:ButterflyEffect+1","blazmod:Kyokasuigetsu+1","blazmod:HarmonyComplete","blazmod:MindsEye+1","blazmod:DevilDivine","blazmod:HarmonyComplete+1","blazmod:FortifiedVigor","blazmod:FancifulFlutter","blazmod:ApexLegends","ReplayTheSpireMod:Splinters","blazmod:FortifiedVigor","blazmod:MindAtPeace","blazmod:BlindingFlash+1","blazmod:InLoveAndWar+1","blazmod:PerennialBeauty+1","blazmod:FlashRock+1","blazmod:FortifiedVigor"],"relics":["blazmod:Venustas","NeowsBlessing","Replay:Bandana","Bottled Lightning","Unceasing Top","blazmod:UnsignedBlade","InkBottle","Astrolabe"],"acts_visited":["Exordium","TheCity"],"potions_floor_usage":[16],"damage_taken":[{"damage":0,"enemies":"2 Louse","floor":1,"turns":1},{"damage":0,"enemies":"Cultist","floor":3,"turns":1},{"damage":0,"enemies":"Lagavulin","floor":6,"turns":1},{"damage":4,"enemies":"Jaw Worm","floor":8,"turns":7},{"damage":9,"enemies":"3 Sentries","floor":12,"turns":5},{"damage":0,"enemies":"3 Louse","floor":13,"turns":3},{"damage":8,"enemies":"Hexaghost","floor":16,"turns":9},{"damage":24,"enemies":"Chosen","floor":18,"turns":6},{"damage":8,"enemies":"Spheric Guardian","floor":19,"turns":4},{"damage":22,"enemies":"Cultist and Chosen","floor":21,"turns":4}],"seed_played":"8863165160283832518","potions_obtained":[{"floor":6,"key":"Dexterity Potion"},{"floor":12,"key":"Dexterity Potion"},{"floor":15,"key":"CultistPotion"},{"floor":18,"key":"PowerPotion"}],"is_trial":false,"path_per_floor":["M","?","M","?","?","E","R","M","T","?","R","E","M","$","R_BF","B",null,"M","M","?","M"],"character_chosen":"THE_SWORDSWOMAN","items_purchased":["blazmod:UnsignedBlade"],"campfire_rested":0,"item_purchase_floors":[14],"current_hp_per_floor":[40,40,40,45,45,45,45,41,41,37,37,28,28,28,28,20,45,21,13,13,0,0],"gold":158,"neow_bonus":"THREE_ENEMY_KILL","is_daily":false,"chose_seed":false,"campfire_upgraded":2,"win_rate":0.0,"timestamp":1612989945,"path_taken":["M","?","?","?","?","E","R","M","T","?","R","E","M","?","R_BF","BOSS","M","?","?","M"],"items_purchased_type":["Relic"],"build_version":"2020-12-22","purchased_purges":1,"victory":false,"max_hp_per_floor":[40,40,40,45,45,45,45,45,45,45,45,45,45,45,45,45,45,45,45,45,45,45],"card_choices":[{"not_picked":["blazmod:BoulderFlash","blazmod:Valiance"],"picked":"blazmod:HarmonyComplete","floor":1},{"not_picked":["blazmod:StanceChange","blazmod:ButterFlutter"],"picked":"blazmod:DevilDivine","floor":3},{"not_picked":["blazmod:Crosscut","blazmod:FlyFlyAgain"],"picked":"blazmod:HarmonyComplete","floor":6},{"not_picked":["blazmod:CastAwayDew","blazmod:FlashRock"],"picked":"blazmod:FortifiedVigor","floor":8},{"not_picked":["blazmod:Trasient","blazmod:FocusThroughFalls"],"picked":"blazmod:FancifulFlutter","floor":12},{"not_picked":["blazmod:FleetOfFoot","blazmod:Crosscut"],"picked":"blazmod:ApexLegends","floor":13},{"not_picked":["blazmod:RevolvingPhoenix","blazmod:MentalFocus"],"picked":"blazmod:FortifiedVigor","floor":15},{"not_picked":["blazmod:VisionsOfButterflies","blazmod:EightLifePilgrimage"],"picked":"blazmod:MindAtPeace","floor":16},{"not_picked":["blazmod:Crosscut","blazmod:MentalFocus"],"picked":"blazmod:FlashRock+1","floor":18},{"not_picked":["blazmod:TravelJournal","blazmod:StanceChange"],"picked":"blazmod:FortifiedVigor","floor":19}],"player_experience":1761152,"relics_obtained":[{"floor":6,"key":"Replay:Bandana"},{"floor":9,"key":"Bottled Lightning"},{"floor":12,"key":"Unceasing Top"},{"floor":15,"key":"InkBottle"}],"event_choices":[{"damage_healed":0,"gold_gain":0,"cards_transformed":["blazmod:Strike"],"player_choice":"Transformed","damage_taken":0,"max_hp_gain":0,"max_hp_loss":0,"event_name":"Transmorgrifier","floor":2,"gold_loss":0,"cards_obtained":["blazmod:MindsEye"]},{"damage_healed":0,"gold_gain":0,"player_choice":"Donut","damage_taken":0,"max_hp_gain":5,"max_hp_loss":0,"event_name":"Big Fish","floor":4,"gold_loss":0},{"cards_removed":["ReplayTheSpireMod:Splinters"],"damage_healed":0,"gold_gain":0,"player_choice":"Give","damage_taken":0,"max_hp_gain":0,"max_hp_loss":0,"event_name":"betterNote:BetterNote","floor":20,"gold_loss":0,"cards_obtained":["blazmod:Strike"]}],"is_beta":false,"boss_relics":[{"not_picked":["Runic Pyramid","Velvet Choker"],"picked":"Astrolabe"}],"items_purged_floors":[14],"is_endless":false,"potions_floor_spawned":[6,12,18],"killed_by":"Cultist and Chosen","ascension_level":2}}