{"host":"newqdrzxfhh2im9e","time":1612916192,"event":{"mods":["AchievementEnabler","BaseMod","Block Reminder","Colored Map","Minty Spire (QoL Compilation)","Rare Cards Sparkle","Shop Mod","StSLib"],"gold_per_floor":[118,193,8,21,31,31,55,68,68,78,78,3,21,36,36,131,131,144,161,161,6,6,6],"floor_reached":22,"language":"ENG","playtime":996,"items_purged":[],"score":178,"play_id":"10b82b53-31a9-4cf7-aa33-4ca3dce08db8","local_time":"20210209161632","is_ascension_mode":false,"campfire_choices":[{"floor":6,"key":"REST"},{"floor":15,"key":"REST"}],"circlet_count":0,"master_deck":["Strike_G","Strike_G","Strike_G","Strike_G","Defend_G","Defend_G","Defend_G","Defend_G","Survivor","Neutralize","Skewer","Calculated Gamble","Infinite Blades","Venomology","Caltrops","Doppelganger","Bouncing Flask","Flying Knee","Noxious Fumes","Dodge and Roll","Unload","Dash","Malaise","Masterful Stab+1","Caltrops","Deadly Poison"],"relics":["Ring of the Snake","Odd Mushroom","The Courier","Black Star"],"acts_visited":["Exordium","TheCity"],"potions_floor_usage":[4,7,8,8,10,10,13,14,16,16,16,18,18,19,19,22],"damage_taken":[{"damage":6,"enemies":"Cultist","floor":1,"turns":4},{"damage":8,"enemies":"2 Louse","floor":4,"turns":3},{"damage":0,"enemies":"Small Slimes","floor":5,"turns":4},{"damage":13,"enemies":"The Mushroom Lair","floor":7,"turns":5},{"damage":11,"enemies":"Looter","floor":8,"turns":4},{"damage":15,"enemies":"Lots of Slimes","floor":10,"turns":5},{"damage":0,"enemies":"Blue Slaver","floor":13,"turns":4},{"damage":4,"enemies":"2 Fungi Beasts","floor":14,"turns":3},{"damage":3,"enemies":"Hexaghost","floor":16,"turns":9},{"damage":1,"enemies":"Chosen","floor":18,"turns":4},{"damage":8,"enemies":"Shell Parasite","floor":19,"turns":7},{"damage":107,"enemies":"3 Cultists","floor":22,"turns":6}],"seed_played":"8367707044374604529","potions_obtained":[{"floor":7,"key":"Block Potion"},{"floor":8,"key":"SteroidPotion"},{"floor":10,"key":"DuplicationPotion"},{"floor":16,"key":"FearPotion"},{"floor":20,"key":"Regen Potion"},{"floor":20,"key":"SkillPotion"}],"is_trial":false,"path_per_floor":["M","?","$","M","M","R","?","M","T","M","?","$","M","M","R","B",null,"M","M","?","$","M"],"character_chosen":"THE_SILENT","items_purchased":["Infinite Blades","Venomology","Noxious Fumes","Dodge and Roll","FairyPotion","Caltrops","Deadly Poison"],"campfire_rested":2,"item_purchase_floors":[3,3,12,12,21,21,21],"current_hp_per_floor":[43,32,32,24,24,45,32,21,21,6,6,6,6,2,23,20,70,69,61,61,61,0,0],"gold":6,"neow_bonus":"TRANSFORM_TWO_CARDS","is_daily":false,"chose_seed":false,"campfire_upgraded":0,"win_rate":0.0,"timestamp":1612916192,"path_taken":["M","?","$","M","M","R","?","M","T","M","?","$","M","M","R","BOSS","M","M","?","$","M"],"items_purchased_type":["Card","Card","Card","Card","Potion","Card","Card"],"build_version":"2020-12-22","purchased_purges":0,"victory":false,"max_hp_per_floor":[70,70,70,70,70,70,70,70,70,70,70,70,70,70,70,70,70,70,70,70,70,70,70],"card_choices":[{"not_picked":["Outmaneuver","Cloak And Dagger","Poisoned Stab"],"picked":"SKIP","floor":1},{"not_picked":["Calculated Gamble","PiercingWail"],"picked":"Caltrops","floor":4},{"not_picked":["Backflip","Catalyst"],"picked":"Doppelganger","floor":5},{"not_picked":["Blade Dance","Dagger Throw"],"picked":"Bouncing Flask","floor":7},{"not_picked":["Acrobatics","Poisoned Stab","Deadly Poison"],"picked":"SKIP","floor":8},{"not_picked":["Cloak And Dagger","Underhanded Strike"],"picked":"Flying Knee","floor":10},{"not_picked":["Dagger Throw","Dodge and Roll"],"picked":"Unload","floor":13},{"not_picked":["Choke","Dodge and Roll"],"picked":"Dash","floor":14},{"not_picked":["Night Terror","Grand Finale"],"picked":"Malaise","floor":16},{"not_picked":["Blur","Choke+1"],"picked":"Masterful Stab+1","floor":18},{"not_picked":["Acrobatics","Bane","Backflip"],"picked":"SKIP","floor":19}],"player_experience":771298,"relics_obtained":[{"floor":7,"key":"Odd Mushroom"},{"floor":9,"key":"The Courier"}],"event_choices":[{"damage_healed":0,"gold_gain":75,"player_choice":"Gather Gold","damage_taken":11,"max_hp_gain":0,"max_hp_loss":0,"event_name":"World of Goop","floor":2,"gold_loss":0},{"damage_healed":0,"gold_gain":0,"player_choice":"Fought Mushrooms","damage_taken":0,"max_hp_gain":0,"max_hp_loss":0,"event_name":"Mushrooms","floor":7,"gold_loss":0},{"damage_healed":0,"gold_gain":0,"player_choice":"Fled","damage_taken":0,"max_hp_gain":0,"max_hp_loss":0,"event_name":"Scrap Ooze","floor":11,"gold_loss":0},{"damage_healed":0,"gold_gain":0,"player_choice":"Got Potions","damage_taken":0,"max_hp_gain":0,"max_hp_loss":0,"event_name":"Lab","floor":20,"gold_loss":0}],"is_beta":false,"boss_relics":[{"not_picked":["SlaversCollar","Ring of the Serpent"],"picked":"Black Star"}],"items_purged_floors":[],"is_endless":false,"potions_floor_spawned":[7,8,10,16],"killed_by":"3 Cultists","ascension_level":0}}