{"host":"5wwct7e0z3l0f094","time":1612984674,"event":{"mods":["BaseMod","Colored Map","Highlight Path","Minty Spire (QoL Compilation)"],"gold_per_floor":[12,12,23,40,40,65,65,78,78,104,104,104,120,134,134,232,232,245,170,170],"floor_reached":19,"language":"ENG","playtime":795,"items_purged":["Strike_P"],"score":298,"play_id":"8dc48f6c-66c3-4480-97e2-0842967b31f9","local_time":"20210210141754","is_ascension_mode":true,"campfire_choices":[{"data":"Eruption","floor":7.0,"key":"SMITH"},{"floor":12.0,"key":"REST"},{"data":"Prostrate","floor":15.0,"key":"SMITH"}],"circlet_count":0,"master_deck":["Strike_P","Strike_P","Strike_P","Defend_P","Defend_P","Defend_P","Eruption+1","Vigilance","FlyingSleeves","FlyingSleeves","Prostrate+1","SpiritShield","Conclude","DevaForm"],"relics":["PureWater","Turnip","Gambling Chip","Gremlin Horn","Meat on the Bone","Black Star"],"acts_visited":[],"potions_floor_usage":[],"damage_taken":[{"damage":0.0,"enemies":"Jaw Worm","floor":1.0,"turns":3.0},{"damage":2.0,"enemies":"Cultist","floor":3.0,"turns":3.0},{"damage":0.0,"enemies":"2 Louse","floor":4.0,"turns":2.0},{"damage":24.0,"enemies":"3 Sentries","floor":6.0,"turns":6.0},{"damage":15.0,"enemies":"Gremlin Gang","floor":8.0,"turns":2.0},{"damage":7.0,"enemies":"Lagavulin","floor":10.0,"turns":5.0},{"damage":15.0,"enemies":"Exordium Thugs","floor":13.0,"turns":7.0},{"damage":0.0,"enemies":"Lots of Slimes","floor":14.0,"turns":1.0},{"damage":0.0,"enemies":"Slime Boss","floor":16.0,"turns":6.0},{"damage":15,"enemies":"3 Byrds","floor":18,"turns":6}],"seed_played":"6119314512785647596","potions_obtained":[{"floor":6.0,"key":"StancePotion"},{"floor":10.0,"key":"ColorlessPotion"},{"floor":14.0,"key":"FearPotion"}],"is_trial":false,"path_per_floor":["M","?","M","M","T","E","R","M","T","E","?","R","M","M","R","B",null,"M","$"],"character_chosen":"WATCHER","items_purchased":[],"campfire_rested":1,"item_purchase_floors":[],"current_hp_per_floor":[65,65,63,63,63,39,39,24,24,17,17,38,35,47,47,47,66,51,51,51],"gold":170,"neow_bonus":"ONE_RARE_RELIC","is_daily":false,"chose_seed":false,"campfire_upgraded":2,"win_rate":0.0,"timestamp":1612984674,"path_taken":["M","?","M","?","?","E","R","M","T","E","?","R","M","?","R","BOSS","M","$"],"items_purchased_type":[],"build_version":"2020-12-22","purchased_purges":1,"victory":false,"max_hp_per_floor":[72,72,72,72,72,72,72,72,72,72,72,72,72,72,72,72,72,72,72,72],"card_choices":[{"not_picked":["Halt","Consecrate","FollowUp"],"picked":"SKIP","floor":1.0},{"not_picked":["Wireheading","ThirdEye"],"picked":"FlyingSleeves","floor":3.0},{"not_picked":["EmptyFist","FearNoEvil","ThirdEye"],"picked":"SKIP","floor":4.0},{"not_picked":["SashWhip","FollowUp","Meditate"],"picked":"SKIP","floor":6.0},{"not_picked":["ForeignInfluence","FearNoEvil"],"picked":"FlyingSleeves","floor":8.0},{"not_picked":["ThirdEye","LessonLearned"],"picked":"Prostrate","floor":10.0},{"not_picked":["Pray","Vengeance"],"picked":"Conclude","floor":13.0},{"not_picked":["FollowUp","PathToVictory","Wireheading"],"picked":"SKIP","floor":14.0},{"not_picked":["MasterReality","Establishment"],"picked":"DevaForm","floor":16.0},{"not_picked":["BowlingBash","Fasting2","Conclude"],"picked":"SKIP","floor":18}],"player_experience":304105,"relics_obtained":[{"floor":6.0,"key":"Gambling Chip"},{"floor":9.0,"key":"Gremlin Horn"},{"floor":10.0,"key":"Meat on the Bone"}],"event_choices":[{"cards_removed":["Defend_P"],"damage_healed":0.0,"max_hp_gain":0.0,"max_hp_loss":0.0,"gold_gain":0.0,"event_name":"Bonfire Elementals","player_choice":"Offered Basic","floor":2.0,"gold_loss":0.0,"damage_taken":0.0},{"damage_healed":0.0,"max_hp_gain":0.0,"max_hp_loss":0.0,"gold_gain":0.0,"event_name":"Match and Keep!","player_choice":"1 cards matched","floor":11.0,"gold_loss":0.0,"damage_taken":0.0,"cards_obtained":["SpiritShield"]}],"is_beta":false,"boss_relics":[{"not_picked":["Coffee Dripper","Ectoplasm"],"picked":"Black Star"}],"items_purged_floors":[19],"is_endless":false,"potions_floor_spawned":[6,10,14,16],"ascension_level":6}}