{"host":"zxd7sxkt31l2m2hb","time":1612981712,"event":{"mods":["AchievementEnabler","BaseMod","BetterRewards","Colored Map","Colored Powertips","Highlight Path","Minty Spire (QoL Compilation)","Quick Restart","StSLib","SuperFastMode","The Jungle","slay the spire mod where everything is the same but ironclad has a cowboy hat"],"gold_per_floor":[113,113,113,66,166,196,196,230,283,283,283,115,115,115],"floor_reached":13,"language":"DEU","playtime":3546,"items_purged":[],"score":287,"play_id":"18275d53-92a6-4762-af2d-b96e0bf8ff3d","local_time":"20210210192832","daily_mods":["SealedDeck","Hoarder","Specialized","Colorless Cards","Heirloom","Flight","DeadlyEvents"],"is_ascension_mode":false,"campfire_choices":[{"data":"Dropkick","floor":7,"key":"SMITH"},{"data":"Dropkick","floor":10,"key":"SMITH"},{"data":"Dropkick","floor":11,"key":"SMITH"}],"circlet_count":0,"master_deck":["Double Tap","Double Tap","Double Tap","Double Tap","Double Tap","Double Tap","Double Tap","Double Tap","Double Tap","Double Tap","Double Tap","Double Tap","Double Tap","Double Tap","Double Tap","Warcry","Warcry","Warcry","True Grit","True Grit","True Grit","Power Through","Power Through","Power Through","Clash","Clash","Clash","Clash","Clash","Clash","Clash","Clash","Clash","Dropkick+1","Dropkick+1","Dropkick+1","Trip","Trip","Trip","Trip","Trip","Trip","Dropkick","Dropkick","Dropkick","Warcry","Warcry","Warcry","Master of Strategy","Master of Strategy","Master of Strategy"],"relics":["Burning Blood","Thread and Needle","Bronze Scales","Meat on the Bone","Regal Pillow"],"acts_visited":["Exordium"],"potions_floor_usage":[],"damage_taken":[{"damage":0,"enemies":"Jaw Worm","floor":1,"turns":1},{"damage":0,"enemies":"Lagavulin","floor":6,"turns":4},{"damage":9,"enemies":"Gremlin Nob","floor":8,"turns":3},{"damage":0,"enemies":"3 Sentries","floor":13,"turns":1}],"seed_played":"-7184268572788698896","potions_obtained":[{"floor":6,"key":"BloodPotion"}],"is_trial":true,"path_per_floor":["M","?","$","$","?","E","R","E","T","R","R","$","E"],"character_chosen":"IRONCLAD","items_purchased":["Warcry","Master of Strategy"],"campfire_rested":0,"item_purchase_floors":[4,12],"current_hp_per_floor":[80,80,80,80,80,80,80,77,77,77,77,77,77,77],"gold":115,"neow_bonus":"","is_daily":false,"chose_seed":false,"campfire_upgraded":3,"win_rate":0.0,"timestamp":1612981712,"path_taken":["M","?","$","$","?","E","R","E","T","R","R","$","?"],"items_purchased_type":["Card","Card"],"build_version":"2020-12-22","purchased_purges":0,"victory":false,"max_hp_per_floor":[80,80,80,80,80,80,80,80,80,80,80,80,80,80],"card_choices":[{"not_picked":["Perfected Strike","Mind Blast","Headbutt"],"picked":"SKIP","floor":1},{"not_picked":["Body Slam","Jack Of All Trades","Clothesline"],"picked":"SKIP","floor":6},{"not_picked":["Sword Boomerang","Iron Wave","True Grit"],"picked":"SKIP","floor":8}],"player_experience":132783,"relics_obtained":[{"floor":6,"key":"Bronze Scales"},{"floor":8,"key":"Meat on the Bone"},{"floor":9,"key":"Regal Pillow"}],"event_choices":[{"damage_healed":0,"gold_gain":0,"player_choice":"Ignored","damage_taken":0,"max_hp_gain":0,"max_hp_loss":0,"event_name":"Liars Game","floor":2,"gold_loss":0},{"damage_healed":0,"gold_gain":100,"player_choice":"Pray","damage_taken":0,"max_hp_gain":0,"max_hp_loss":0,"event_name":"Golden Shrine","floor":5,"gold_loss":0}],"is_beta":false,"boss_relics":[],"items_purged_floors":[],"is_endless":false,"potions_floor_spawned":[6],"killed_by":"3 Sentries","ascension_level":0}}