{"host":"4tevhjhj5iq4ycpo","time":1612979719,"event":{"mods":["2.2 Compatiblity","AchievementEnabler","Aspiration","Bard","BaseMod","Beaked The Cultist","Better Altar","Better Match","Better Note","Better Sensory Stone","Better Skull","Better Third Choice","Better Vampires","CCEM2","Card Forge","Colored Map","Colored Powertips","Conspire","DeckTracker","Displayed Cursed Tome","Downfall","Energized Spire","Friendly Minions","FruityMod","GifTheSpireLib","Hermit","Hubris","Infinite Spire","Ironclad Rager","Jorbs\u0027s Wanderer Trilogy","Mad Scientist","Marisa????????","Marked Mod","Minty Spire (QoL Compilation)","Permanent Neow","Potionbrewer","Quarter Circle Forward PUNCH!","Quick Restart","Relic Forge","Relic Stats","Reliquary","Replay The Spire","Retaliation","Shop Mod","Spicy Shops","Spikes Relics","Spire Arcade","StS++","StSLib","Stuff the Spire","The Animator","The Blue Laboratory","The Construct","The Cursed","The Disciple","The Forsaken","The Gatherer","The Hayseed","The Hierophant","The Mystic","The Runesmith","The Servant 0.9.4","TheFirefly","TheVacant","Trackpad","Wandering Minibosses","Wide Potions"],"gold_per_floor":[112,112,128,143,162,195,195,195,195],"floor_reached":8,"language":"ENG","playtime":915,"items_purged":[],"score":61,"play_id":"4e8fdfd5-cfb9-4d76-89c8-e9f1d65bd304","local_time":"20210210125519","is_ascension_mode":true,"campfire_choices":[{"data":"Double Energy","floor":7,"key":"SMITH"}],"circlet_count":0,"master_deck":["Strike_B","Strike_B","Strike_B","Strike_B","Defend_B","Defend_B","Defend_B","Defend_B","Zap","Dualcast","Double Energy+1","Heatsinks","Ball Lightning"],"relics":["Cracked Core","Hammer of Thor","Seething Fire","Anvil of the Gods","RelicForgeForge","aspiration:Nostalgia","Ring of the Snake","Golden Idol","CCEMRelics:SelfSharpeningBlade"],"acts_visited":["Exordium"],"potions_floor_usage":[8],"damage_taken":[{"damage":3,"enemies":"Jaw Worm","floor":1,"turns":4},{"damage":0,"enemies":"conspire:RoseBush","floor":3,"turns":4},{"damage":4,"enemies":"Cultist","floor":4,"turns":4},{"damage":5,"enemies":"Large Slime","floor":5,"turns":6},{"damage":25,"enemies":"Replay:BlueRogue","floor":6,"turns":5},{"damage":35,"enemies":"Gremlin Nob","floor":8,"turns":4}],"seed_played":"-3052472608245054861","potions_obtained":[{"floor":6,"key":"blueLaboratory:BottleOfVodka"}],"is_trial":false,"path_per_floor":["M","?","M","M","M","E","R","E"],"character_chosen":"DEFECT","items_purchased":[],"campfire_rested":0,"item_purchase_floors":[],"current_hp_per_floor":[72,54,54,50,45,20,20,0,0],"gold":195,"neow_bonus":"NOSTALGIA","is_daily":false,"chose_seed":false,"campfire_upgraded":1,"win_rate":0.0,"timestamp":1612979719,"path_taken":["M","?","M","M","M","E","R","E"],"items_purchased_type":[],"build_version":"2020-12-22","purchased_purges":0,"victory":false,"max_hp_per_floor":[75,75,75,75,75,75,75,75,75],"relic_stats":{"counters":[6,27],"Golden Idol":17,"obtain_stats":[{"CCEMRelics:SelfSharpeningBlade":6,"Anvil of the Gods":0,"aspiration:Nostalgia":0,"Golden Idol":2,"Hammer of Thor":0,"Seething Fire":0,"RelicForgeForge":0,"Cracked Core":0,"Ring of the Snake":0},{"CCEMRelics:SelfSharpeningBlade":5,"Anvil of the Gods":0,"aspiration:Nostalgia":0,"Golden Idol":1,"Hammer of Thor":0,"Seething Fire":0,"RelicForgeForge":0,"Cracked Core":0,"Ring of the Snake":0},{"CCEMRelics:SelfSharpeningBlade":23,"Anvil of the Gods":0,"aspiration:Nostalgia":0,"Golden Idol":4,"Hammer of Thor":0,"Seething Fire":0,"RelicForgeForge":0,"Cracked Core":0,"Ring of the Snake":0}],"Ring of the Snake":[12]},"card_choices":[{"not_picked":["BasicCrystalCard","Turbo"],"picked":"Double Energy","floor":1},{"not_picked":["Compile Driver","BasicCrystalCard"],"picked":"Heatsinks","floor":3},{"not_picked":["Stack","Turbo","ReplaySolidLightProjector"],"picked":"SKIP","floor":4},{"not_picked":["Steam Power","Rebound"],"picked":"Ball Lightning","floor":5},{"not_picked":["Crystallizer","Gash","conspire:SharedLibrary"],"picked":"SKIP","floor":6}],"player_experience":411643,"relics_obtained":[{"floor":6,"key":"CCEMRelics:SelfSharpeningBlade"}],"event_choices":[{"damage_healed":0,"gold_gain":0,"player_choice":"Take Damage","damage_taken":18,"relics_obtained":["Golden Idol"],"max_hp_gain":0,"max_hp_loss":0,"event_name":"Golden Idol","floor":2,"gold_loss":0}],"is_beta":false,"boss_relics":[],"items_purged_floors":[],"is_endless":false,"potions_floor_spawned":[6],"killed_by":"Gremlin Nob","ascension_level":1}}