{"host":"dftd5cr6l8m56acq","time":1612932864,"event":{"mods":["AchievementEnabler","BaseMod","Bestiary","Colored Map","Highlight Path","Minty Spire (QoL Compilation)","Relic Stats","StSLib","everything is the same but u backflip on backflip"],"gold_per_floor":[112,112,112,38,38,38,69,83,83,116,62,62,87,107,107,204,204,219,231,231,231,243,243,277,277,277,277,292,292,321,338,338,438,438,453,210,210,224,244,244,274,274,298,325,343,343,356,19,19,19],"floor_reached":51,"language":"ENG","playtime":2296,"items_purged":["Strike_B"],"score":939,"play_id":"50236d27-a458-4a0a-954a-0a845270e20a","local_time":"20210209235424","is_ascension_mode":true,"campfire_choices":[{"data":"Rip and Tear","floor":6,"key":"SMITH"},{"data":"Hologram","floor":12,"key":"SMITH"},{"data":"Aggregate","floor":15,"key":"SMITH"},{"data":"Turbo","floor":23,"key":"SMITH"},{"data":"All For One","floor":25,"key":"SMITH"},{"data":"Compile Driver","floor":27,"key":"SMITH"},{"data":"Coolheaded","floor":32,"key":"SMITH"},{"data":"Defragment","floor":40,"key":"SMITH"},{"data":"Multi-Cast","floor":42,"key":"SMITH"},{"data":"Zap","floor":49,"key":"SMITH"}],"circlet_count":0,"master_deck":["Strike_B","Strike_B+1","Strike_B+1","Defend_B","Defend_B","Defend_B","Zap+1","Dualcast","White Noise","Rip and Tear+1","Aggregate+1","Ball Lightning","Go for the Eyes","Rebound","Hologram+1","Turbo+1","Compile Driver+1","All For One+1","Auto Shields","Loop+1","Beam Cell+1","Fission+1","Coolheaded+1","Self Repair+1","Multi-Cast+1","Melter+1","Defragment+1","PanicButton","Storm+1","Beam Cell","Echo Form","Hello World"],"relics":["FrozenCore","Bag of Preparation","FossilizedHelix","Ornamental Fan","Nunchaku","MutagenicStrength","Pen Nib","White Beast Statue","DataDisk","Coffee Dripper","Symbiotic Virus","MealTicket","Art of War","Toy Ornithopter","OrangePellets","Ancient Tea Set"],"acts_visited":["Exordium","TheCity","TheBeyond"],"potions_floor_usage":[10,24,33,33,44,50],"damage_taken":[{"damage":2,"enemies":"Jaw Worm","floor":1,"turns":3},{"damage":8,"enemies":"Gremlin Nob","floor":7,"turns":3},{"damage":7,"enemies":"2 Louse","floor":8,"turns":2},{"damage":10,"enemies":"3 Sentries","floor":10,"turns":5},{"damage":15,"enemies":"Lagavulin","floor":13,"turns":5},{"damage":0,"enemies":"Small Slimes","floor":14,"turns":3},{"damage":25,"enemies":"Hexaghost","floor":16,"turns":8},{"damage":0,"enemies":"2 Thieves","floor":18,"turns":3},{"damage":0,"enemies":"Spheric Guardian","floor":19,"turns":3},{"damage":0,"enemies":"3 Cultists","floor":22,"turns":5},{"damage":9,"enemies":"Gremlin Leader","floor":24,"turns":9},{"damage":9,"enemies":"Centurion and Healer","floor":28,"turns":6},{"damage":7,"enemies":"Book of Stabbing","floor":30,"turns":3},{"damage":0,"enemies":"Snake Plant","floor":31,"turns":1},{"damage":35,"enemies":"Collector","floor":33,"turns":9},{"damage":0,"enemies":"3 Darklings","floor":35,"turns":5},{"damage":0,"enemies":"3 Shapes","floor":38,"turns":3},{"damage":11,"enemies":"Sphere and 2 Shapes","floor":39,"turns":4},{"damage":14,"enemies":"Nemesis","floor":41,"turns":7},{"damage":14,"enemies":"Giant Head","floor":44,"turns":8},{"damage":0,"enemies":"Spire Growth","floor":45,"turns":3},{"damage":0,"enemies":"Transient","floor":47,"turns":5},{"damage":77,"enemies":"Time Eater","floor":50,"turns":8}],"seed_played":"2214789430427192937","potions_obtained":[{"floor":1,"key":"LiquidMemories"},{"floor":7,"key":"LiquidMemories"},{"floor":13,"key":"FairyPotion"},{"floor":19,"key":"AttackPotion"},{"floor":28,"key":"GamblersBrew"},{"floor":30,"key":"Block Potion"},{"floor":31,"key":"PowerPotion"},{"floor":33,"key":"Ancient Potion"},{"floor":35,"key":"SteroidPotion"},{"floor":38,"key":"BlessingOfTheForge"},{"floor":44,"key":"BlessingOfTheForge"},{"floor":47,"key":"Swift Potion"}],"is_trial":false,"path_per_floor":["M","?","?","$","?","R","E","M","T","E","$","R","E","M","R","B",null,"M","M","?","?","M","R","E","R","T","R","M","?","E","M","R","B",null,"M","$","?","M","M","R","E","R","T","E","M","T","M","$","R","B",null],"character_chosen":"DEFECT","items_purchased":["Rip and Tear","Hologram","Defragment","PanicButton","OrangePellets","Ancient Tea Set","Hello World"],"campfire_rested":0,"item_purchase_floors":[4,11,36,36,48,48,48],"current_hp_per_floor":[80,64,69,69,69,69,61,54,54,44,44,44,29,29,29,4,66,66,66,66,66,66,66,57,57,57,57,48,48,41,41,41,16,69,79,79,79,79,78,78,74,74,74,70,80,80,80,87,87,20],"gold":19,"neow_bonus":"TEN_PERCENT_HP_BONUS","is_daily":false,"chose_seed":false,"campfire_upgraded":10,"win_rate":0.0,"timestamp":1612932864,"path_taken":["M","?","?","$","?","R","E","M","T","E","?","R","E","?","R","BOSS","M","M","?","?","M","R","E","R","T","R","M","?","E","M","R","BOSS","M","$","?","M","M","R","E","R","T","E","M","?","M","$","R","BOSS"],"items_purchased_type":["Card","Card","Card","Card","Relic","Relic","Card"],"build_version":"2020-12-22","purchased_purges":1,"victory":true,"max_hp_per_floor":[82,82,87,87,87,87,87,87,87,87,87,87,87,87,87,87,87,87,87,87,87,87,87,87,87,87,87,87,87,87,87,87,87,87,87,87,87,87,87,87,87,87,87,87,87,87,87,87,87,87],"relic_stats":{"OrangePellets":[4],"Nunchaku":[25],"counters":[23,110],"Ornamental Fan":[220],"MealTicket":7,"Pen Nib":[17],"Bag of Preparation":[42],"Art of War":[0],"obtain_stats":[{"Pen Nib":24,"Bag of Preparation":7,"Ancient Tea Set":48,"White Beast Statue":26,"FrozenCore":17,"OrangePellets":48,"Nunchaku":13,"DataDisk":30,"Ornamental Fan":10,"MutagenicStrength":20,"MealTicket":43,"Coffee Dripper":34,"Art of War":44,"Cracked Core":0,"Symbiotic Virus":41,"FossilizedHelix":9,"Toy Ornithopter":46},{"Pen Nib":11,"Bag of Preparation":2,"Ancient Tea Set":22,"White Beast Statue":11,"FrozenCore":7,"OrangePellets":22,"Nunchaku":5,"DataDisk":13,"Ornamental Fan":4,"MutagenicStrength":9,"MealTicket":19,"Coffee Dripper":15,"Art of War":20,"Cracked Core":0,"Symbiotic Virus":19,"FossilizedHelix":3,"Toy Ornithopter":21},{"Pen Nib":49,"Bag of Preparation":6,"Ancient Tea Set":102,"White Beast Statue":49,"FrozenCore":29,"OrangePellets":102,"Nunchaku":18,"DataDisk":58,"Ornamental Fan":13,"MutagenicStrength":35,"MealTicket":87,"Coffee Dripper":68,"Art of War":94,"Cracked Core":0,"Symbiotic Virus":87,"FossilizedHelix":8,"Toy Ornithopter":97}],"Toy Ornithopter":0,"FrozenCore":[33]},"card_choices":[{"not_picked":["Darkness","Conserve Battery"],"picked":"White Noise","floor":1},{"not_picked":["Force Field","Loop"],"picked":"Ball Lightning","floor":7},{"not_picked":["Capacitor","Beam Cell"],"picked":"Go for the Eyes","floor":8},{"not_picked":["Beam Cell","Leap"],"picked":"Rebound","floor":10},{"not_picked":["Reprogram","Capacitor"],"picked":"Turbo","floor":13},{"not_picked":["Hologram","Stack"],"picked":"Compile Driver","floor":14},{"not_picked":["Hyperbeam","Core Surge"],"picked":"All For One","floor":16},{"not_picked":["Compile Driver","Sweeping Beam"],"picked":"Darkness","floor":18},{"not_picked":["Go for the Eyes","Chill"],"picked":"Auto Shields","floor":19},{"not_picked":["Compile Driver+1","Ball Lightning"],"picked":"Loop+1","floor":22},{"not_picked":["Aggregate","Leap"],"picked":"Beam Cell+1","floor":24},{"not_picked":["Aggregate+1","Compile Driver+1"],"picked":"Fission","floor":28},{"not_picked":["Cold Snap","Ball Lightning"],"picked":"Coolheaded","floor":30},{"not_picked":["Recycle","Go for the Eyes+1"],"picked":"Self Repair+1","floor":31},{"not_picked":["Reboot","All For One"],"picked":"Multi-Cast","floor":33},{"not_picked":["Ball Lightning","Heatsinks"],"picked":"Melter+1","floor":35},{"not_picked":["Stack+1","Conserve Battery","Ball Lightning"],"picked":"SKIP","floor":38},{"not_picked":["Aggregate+1","Leap"],"picked":"Storm+1","floor":39},{"not_picked":["Cold Snap","Consume+1","Static Discharge+1"],"picked":"SKIP","floor":41},{"not_picked":["Genetic Algorithm+1","Sweeping Beam+1","Rip and Tear"],"picked":"SKIP","floor":44},{"not_picked":["Cold Snap+1","Coolheaded"],"picked":"Beam Cell","floor":45},{"not_picked":["Sweeping Beam+1","Hologram"],"picked":"Echo Form","floor":47}],"player_experience":494381,"relics_obtained":[{"floor":7,"key":"Bag of Preparation"},{"floor":9,"key":"FossilizedHelix"},{"floor":10,"key":"Ornamental Fan"},{"floor":13,"key":"Nunchaku"},{"floor":24,"key":"Pen Nib"},{"floor":26,"key":"White Beast Statue"},{"floor":30,"key":"DataDisk"},{"floor":41,"key":"Symbiotic Virus"},{"floor":43,"key":"MealTicket"},{"floor":44,"key":"Art of War"},{"floor":46,"key":"Toy Ornithopter"}],"event_choices":[{"damage_healed":0,"gold_gain":0,"player_choice":"Entered Light","damage_taken":16,"max_hp_gain":0,"max_hp_loss":0,"event_name":"Shining Light","floor":2,"gold_loss":0,"cards_upgraded":["Strike_B","Strike_B"]},{"damage_healed":0,"gold_gain":0,"player_choice":"Donut","damage_taken":0,"max_hp_gain":5,"max_hp_loss":0,"event_name":"Big Fish","floor":3,"gold_loss":0},{"damage_healed":0,"gold_gain":0,"cards_transformed":["Defend_B"],"player_choice":"Change","damage_taken":0,"max_hp_gain":0,"max_hp_loss":0,"event_name":"Living Wall","floor":5,"gold_loss":0,"cards_obtained":["Aggregate"]},{"damage_healed":0,"gold_gain":0,"player_choice":"Inject Mutagens","damage_taken":0,"relics_obtained":["MutagenicStrength"],"max_hp_gain":0,"max_hp_loss":0,"event_name":"Drug Dealer","floor":20,"gold_loss":0},{"damage_healed":0,"gold_gain":0,"player_choice":"Ignored","damage_taken":0,"max_hp_gain":0,"max_hp_loss":0,"event_name":"Ghosts","floor":21,"gold_loss":0},{"damage_healed":0,"gold_gain":0,"player_choice":"Upgraded","damage_taken":0,"max_hp_gain":0,"max_hp_loss":0,"event_name":"Upgrade Shrine","floor":29,"gold_loss":0,"cards_upgraded":["Fission"]},{"cards_removed":["Darkness"],"damage_healed":0,"gold_gain":0,"player_choice":"Removed Skill","damage_taken":0,"max_hp_gain":0,"max_hp_loss":0,"event_name":"Falling","floor":37,"gold_loss":0}],"is_beta":false,"boss_relics":[{"not_picked":["Cursed Key","Busted Crown"],"picked":"FrozenCore"},{"not_picked":["Sozu","Velvet Choker"],"picked":"Coffee Dripper"}],"items_purged_floors":[36],"is_endless":false,"potions_floor_spawned":[1,7,13,19,28,30,31,33,35,38,39,41,44,45,47],"ascension_level":5}}