{"host":"udzsrhbqdxqtlypj","time":1612975802,"event":{"mods":["BaseMod","Minty Spire (QoL Compilation)","Relic Stats"],"gold_per_floor":[110,121,135,210,210,245,245,289,289,289,56,56,56,89,89,217,217,236,161,161,161,174,174,215,215,240,240,274,30,30,55,55,176,176,194,212,277,290,304,342,342,275,275,299,299,335,349,349,349,349,349,349,32,75,75],"floor_reached":56,"language":"ENG","playtime":3643,"items_purged":["Strike_R","Bash","Strike_R+1"],"score":1689,"play_id":"fadda8b4-cc07-40e0-a5ab-867547a48e1c","local_time":"20210210105002","is_ascension_mode":true,"campfire_choices":[{"data":"Whirlwind","floor":7,"key":"SMITH"},{"data":"Uppercut","floor":10,"key":"SMITH"},{"data":"Limit Break","floor":12,"key":"SMITH"},{"floor":15,"key":"REST"},{"data":"Impervious","floor":23,"key":"SMITH"},{"data":"Bloodletting","floor":25,"key":"SMITH"},{"data":"Pummel","floor":30,"key":"SMITH"},{"data":"Rage","floor":32,"key":"SMITH"},{"data":"Impervious","floor":41,"key":"SMITH"},{"floor":45,"key":"RECALL"},{"data":"Disarm","floor":49,"key":"SMITH"},{"data":"Spot Weakness","floor":52,"key":"SMITH"}],"circlet_count":0,"master_deck":["AscendersBane","Strike_R+1","Strike_R+1","Defend_R+1","Defend_R+1","Defend_R+1","Defend_R+1","Uppercut+1","Spot Weakness+1","Inflame","Whirlwind+1","Pummel+1","Limit Break+1","Impervious+1","Flex+1","Bloodletting+1","Rage+1","Sword Boomerang+1","Reaper","Sword Boomerang+1","Headbutt+1","Impervious+1","Shockwave+1","Disarm+1","Violence","Impatience","Limit Break+1","Battle Trance+1"],"relics":["Burning Blood","Golden Idol","Pear","Gremlin Horn","Orichalcum","Dream Catcher","Runic Pyramid","MutagenicStrength","Sundial","Nunchaku","MealTicket","Sling","Coffee Dripper","Charon\u0027s Ashes","Bag of Marbles","Eternal Feather","Paper Frog","Mummified Hand","DollysMirror","Bronze Scales"],"acts_visited":["Exordium","TheCity","TheBeyond","TheEnding"],"potions_floor_usage":[2,6,8,28,53,55,55,55],"damage_taken":[{"damage":4,"enemies":"Jaw Worm","floor":1,"turns":5},{"damage":8,"enemies":"Small Slimes","floor":2,"turns":4},{"damage":3,"enemies":"Cultist","floor":3,"turns":4},{"damage":25,"enemies":"Lagavulin","floor":6,"turns":7},{"damage":28,"enemies":"Gremlin Nob","floor":8,"turns":4},{"damage":14,"enemies":"3 Sentries","floor":14,"turns":3},{"damage":45,"enemies":"The Guardian","floor":16,"turns":9},{"damage":25,"enemies":"Shell Parasite","floor":18,"turns":5},{"damage":0,"enemies":"3 Byrds","floor":22,"turns":3},{"damage":26,"enemies":"Book of Stabbing","floor":24,"turns":5},{"damage":12,"enemies":"Slavers","floor":28,"turns":3},{"damage":6,"enemies":"Cultist and Chosen","floor":31,"turns":5},{"damage":8,"enemies":"Collector","floor":33,"turns":5},{"damage":2,"enemies":"Orb Walker","floor":35,"turns":2},{"damage":0,"enemies":"3 Shapes","floor":36,"turns":3},{"damage":17,"enemies":"2 Orb Walkers","floor":37,"turns":4},{"damage":20,"enemies":"Spire Growth","floor":38,"turns":4},{"damage":6,"enemies":"3 Darklings","floor":39,"turns":2},{"damage":3,"enemies":"Reptomancer","floor":40,"turns":3},{"damage":6,"enemies":"Writhing Mass","floor":44,"turns":4},{"damage":0,"enemies":"Nemesis","floor":46,"turns":3},{"damage":0,"enemies":"Spire Growth","floor":47,"turns":1},{"damage":35,"enemies":"Awakened One","floor":50,"turns":7},{"damage":2,"enemies":"Shield and Spear","floor":54,"turns":2},{"damage":51,"enemies":"The Heart","floor":55,"turns":5}],"seed_played":"4952471672476063467","potions_obtained":[{"floor":0,"key":"ElixirPotion"},{"floor":0,"key":"EssenceOfSteel"},{"floor":0,"key":"Dexterity Potion"},{"floor":1,"key":"PowerPotion"},{"floor":2,"key":"ElixirPotion"},{"floor":24,"key":"Fire Potion"},{"floor":31,"key":"BlessingOfTheForge"},{"floor":37,"key":"ElixirPotion"},{"floor":47,"key":"Fruit Juice"}],"is_trial":false,"path_per_floor":["M","M","M","?","?","E","R","E","T","R","$","R","T","E","R","B",null,"M","?","?","?","M","R","E","R","T","?","E","$","R","M","R","B",null,"M","M","?","M","M","E","R","?","T","M","R","E","M","?","R","B",null,"R","$","E","B",null],"character_chosen":"IRONCLAD","items_purchased":["Limit Break","Sling","DollysMirror","PowerPotion"],"campfire_rested":1,"item_purchase_floors":[11,29,53,53],"current_hp_per_floor":[74,72,75,64,64,55,55,33,33,33,33,33,33,25,50,11,66,47,47,47,47,53,53,33,33,33,33,27,42,42,42,42,40,73,77,83,72,84,84,84,84,84,84,84,84,84,84,74,84,84,84,84,89,89,80],"gold":75,"neow_bonus":"THREE_SMALL_POTIONS","is_daily":false,"chose_seed":false,"campfire_upgraded":10,"win_rate":0.0,"timestamp":1612975802,"path_taken":["M","M","M","?","?","E","R","E","T","R","$","R","?","E","R","BOSS","M","?","?","?","M","R","E","R","T","?","E","$","R","M","R","BOSS","M","?","?","M","M","E","R","?","T","?","R","E","M","?","R","BOSS","R","$","E","BOSS"],"items_purchased_type":["Card","Relic","Relic","Potion"],"build_version":"2020-12-22","purchased_purges":3,"victory":true,"max_hp_per_floor":[80,80,80,80,74,84,84,84,84,84,84,84,84,84,84,84,84,84,84,84,84,84,84,84,84,84,84,84,84,84,84,84,84,84,84,84,84,84,84,84,84,84,84,84,84,84,84,84,84,84,84,84,89,89,89],"relic_stats":{"Gremlin Horn":[15,15],"counters":[25,102],"Golden Idol":208,"Eternal Feather":10,"Charon\u0027s Ashes":[76],"Orichalcum":[168],"Burning Blood":123,"Dream Catcher":1,"Nunchaku":[8],"Sundial":[2],"Mummified Hand":[6],"Bronze Scales":[48],"MealTicket":15,"obtain_stats":[{"Pear":6,"Gremlin Horn":8,"Golden Idol":5,"Eternal Feather":42,"Charon\u0027s Ashes":37,"Orichalcum":13,"Sling":29,"Burning Blood":0,"Dream Catcher":14,"Nunchaku":26,"Sundial":24,"Mummified Hand":46,"DollysMirror":53,"MutagenicStrength":20,"Bronze Scales":54,"MealTicket":28,"Coffee Dripper":34,"Bag of Marbles":40,"Runic Pyramid":17,"Paper Frog":43},{"Pear":4,"Gremlin Horn":5,"Golden Idol":3,"Eternal Feather":19,"Charon\u0027s Ashes":16,"Orichalcum":5,"Sling":11,"Burning Blood":0,"Dream Catcher":6,"Nunchaku":10,"Sundial":10,"Mummified Hand":21,"DollysMirror":23,"MutagenicStrength":8,"Bronze Scales":24,"MealTicket":11,"Coffee Dripper":13,"Bag of Marbles":19,"Runic Pyramid":7,"Paper Frog":19},{"Pear":20,"Gremlin Horn":24,"Golden Idol":13,"Eternal Feather":80,"Charon\u0027s Ashes":71,"Orichalcum":24,"Sling":52,"Burning Blood":0,"Dream Catcher":27,"Nunchaku":49,"Sundial":49,"Mummified Hand":87,"DollysMirror":95,"MutagenicStrength":41,"Bronze Scales":97,"MealTicket":52,"Coffee Dripper":62,"Bag of Marbles":80,"Runic Pyramid":36,"Paper Frog":80}]},"card_choices":[{"not_picked":["Flex","Reckless Charge"],"picked":"Uppercut","floor":1},{"not_picked":["Headbutt","Armaments"],"picked":"Spot Weakness","floor":2},{"not_picked":["Iron Wave","Clash"],"picked":"Inflame","floor":3},{"not_picked":["Twin Strike","Anger"],"picked":"Whirlwind","floor":6},{"not_picked":["Headbutt","Armaments"],"picked":"Pummel","floor":8},{"not_picked":["Armaments","Juggernaut","Wild Strike"],"picked":"SKIP","floor":14},{"not_picked":["Double Tap","Exhume"],"picked":"Impervious","floor":16},{"not_picked":["True Grit","Armaments+1"],"picked":"Flex+1","floor":18},{"not_picked":["Burning Pact","Flex","Warcry"],"picked":"SKIP","floor":22},{"not_picked":["Pommel Strike+1","True Grit"],"picked":"Bloodletting","floor":24},{"not_picked":["Barricade","Clash"],"picked":"Rage","floor":28},{"not_picked":["Blood for Blood","Heavy Blade"],"picked":"Sword Boomerang+1","floor":31},{"not_picked":["Limit Break","Corruption"],"picked":"Reaper","floor":33},{"not_picked":["Cleave","Rage+1"],"picked":"Sword Boomerang+1","floor":35},{"not_picked":["Warcry+1","Pommel Strike"],"picked":"Headbutt+1","floor":36},{"not_picked":["Searing Blow+1","Whirlwind","Body Slam+1"],"picked":"SKIP","floor":38},{"not_picked":["Sentinel+1","Wild Strike+1","Blood for Blood+1"],"picked":"SKIP","floor":39},{"not_picked":["Thunderclap","Intimidate"],"picked":"Impervious","floor":40},{"not_picked":["Twin Strike","Power Through+1"],"picked":"Shockwave+1","floor":44},{"not_picked":["Wild Strike","Heavy Blade+1","Clash"],"picked":"SKIP","floor":46},{"not_picked":["Rampage+1","Sword Boomerang"],"picked":"Disarm","floor":47},{"not_picked":["HandOfGreed","Enlightenment"],"picked":"Violence","floor":48},{"not_picked":["Blind","Swift Strike"],"picked":"Impatience","floor":48},{"not_picked":["Anger+1","Warcry"],"picked":"Battle Trance+1","floor":54}],"player_experience":2848492,"relics_obtained":[{"floor":6,"key":"Pear"},{"floor":8,"key":"Gremlin Horn"},{"floor":13,"key":"Orichalcum"},{"floor":14,"key":"Dream Catcher"},{"floor":24,"key":"Sundial"},{"floor":26,"key":"Nunchaku"},{"floor":28,"key":"MealTicket"},{"floor":37,"key":"Charon\u0027s Ashes"},{"floor":40,"key":"Bag of Marbles"},{"floor":43,"key":"Paper Frog"},{"floor":46,"key":"Mummified Hand"},{"floor":54,"key":"Bronze Scales"}],"event_choices":[{"damage_healed":0,"gold_gain":75,"player_choice":"Gather Gold","damage_taken":11,"max_hp_gain":0,"max_hp_loss":0,"event_name":"World of Goop","floor":4,"gold_loss":0},{"damage_healed":0,"gold_gain":0,"player_choice":"Lose Max HP","damage_taken":0,"relics_obtained":["Golden Idol"],"max_hp_gain":0,"max_hp_loss":6,"event_name":"Golden Idol","floor":5,"gold_loss":0},{"cards_removed":["Strike_R"],"damage_healed":0,"gold_gain":0,"player_choice":"Gave Gold","damage_taken":0,"max_hp_gain":0,"max_hp_loss":0,"event_name":"Beggar","floor":19,"gold_loss":75},{"damage_healed":0,"gold_gain":0,"player_choice":"Inject Mutagens","damage_taken":0,"relics_obtained":["MutagenicStrength"],"max_hp_gain":0,"max_hp_loss":0,"event_name":"Drug Dealer","floor":20,"gold_loss":0},{"damage_healed":0,"gold_gain":0,"player_choice":"Simplicity","damage_taken":0,"max_hp_gain":0,"max_hp_loss":0,"event_name":"Back to Basics","floor":21,"gold_loss":0,"cards_upgraded":["Strike_R","Strike_R","Strike_R","Defend_R","Defend_R","Defend_R","Defend_R"]},{"damage_healed":0,"gold_gain":0,"player_choice":"Bought 0 Potions","damage_taken":0,"max_hp_gain":0,"max_hp_loss":0,"event_name":"The Woman in Blue","floor":27,"gold_loss":0},{"damage_healed":0,"gold_gain":0,"player_choice":"Fight","damage_taken":0,"max_hp_gain":0,"max_hp_loss":0,"event_name":"Mysterious Sphere","floor":37,"gold_loss":0},{"damage_healed":0,"gold_gain":0,"player_choice":"Paid Gold","damage_taken":0,"relics_obtained":["Eternal Feather"],"max_hp_gain":0,"max_hp_loss":0,"event_name":"WeMeetAgain","floor":42,"gold_loss":67},{"damage_healed":0,"gold_gain":0,"player_choice":"Memory 3","damage_taken":10,"max_hp_gain":0,"max_hp_loss":0,"event_name":"SensoryStone","floor":48,"gold_loss":0}],"is_beta":false,"boss_relics":[{"not_picked":["Snecko Eye","Cursed Key"],"picked":"Runic Pyramid"},{"not_picked":["Fusion Hammer","Black Star"],"picked":"Coffee Dripper"}],"items_purged_floors":[11,29,53],"is_endless":false,"potions_floor_spawned":[1,2,24,31,37,38,44,46,47,54],"ascension_level":10}}