{"host":"f0gpob8hq9vgebej","time":1612975280,"event":{"mods":["AchievementEnabler","BaseMod","Minty Spire (QoL Compilation)","Quick Restart","SuperFastMode"],"gold_per_floor":[115,134,33,43,43,43,62,73,73,83,83,97,113,147,147,225,225,240,216,116,116,116],"floor_reached":21,"language":"KOR","playtime":531,"items_purged":["Strike_G","Strike_G"],"score":435,"play_id":"08f22702-4b1d-45bf-a738-514b24bad2d1","local_time":"20210211014120","is_ascension_mode":true,"campfire_choices":[{"data":"Dagger Spray","floor":6.0,"key":"SMITH"},{"data":"Malaise","floor":11.0,"key":"SMITH"},{"data":"Neutralize","floor":15.0,"key":"SMITH"}],"circlet_count":0,"master_deck":["AscendersBane","Strike_G","Strike_G","Strike_G","Defend_G","Defend_G","Defend_G","Defend_G","Defend_G","Survivor","Neutralize+1","Dodge and Roll","Eviscerate","Blade Dance","Dagger Spray+1","Malaise+1","Backflip","Blade Dance","Deadly Poison","Crippling Poison","Envenom","Footwork"],"relics":["Ring of the Snake","Toy Ornithopter","Gremlin Horn","Strawberry"],"acts_visited":["Exordium","TheCity"],"potions_floor_usage":[19],"damage_taken":[{"damage":0.0,"enemies":"Jaw Worm","floor":1.0,"turns":6.0},{"damage":1.0,"enemies":"Cultist","floor":2.0,"turns":4.0},{"damage":0.0,"enemies":"2 Louse","floor":4.0,"turns":3.0},{"damage":0.0,"enemies":"Exordium Wildlife","floor":7.0,"turns":2.0},{"damage":0.0,"enemies":"3 Louse","floor":8.0,"turns":3.0},{"damage":0.0,"enemies":"2 Fungi Beasts","floor":10.0,"turns":3.0},{"damage":7.0,"enemies":"Looter","floor":12.0,"turns":4.0},{"damage":3.0,"enemies":"Blue Slaver","floor":13.0,"turns":5.0},{"damage":27.0,"enemies":"Gremlin Nob","floor":14.0,"turns":4.0},{"damage":0.0,"enemies":"Hexaghost","floor":16.0,"turns":12.0},{"damage":0.0,"enemies":"3 Byrds","floor":18.0,"turns":4.0},{"damage":20,"enemies":"2 Thieves","floor":19,"turns":4},{"damage":46,"enemies":"Sentry and Sphere","floor":21,"turns":7}],"seed_played":"5911992092810175107","potions_obtained":[{"floor":2.0,"key":"EssenceOfSteel"},{"floor":4.0,"key":"ColorlessPotion"},{"floor":14.0,"key":"GhostInAJar"}],"is_trial":false,"path_per_floor":["M","M","$","M","?","R","M","M","T","M","R","M","M","E","R","B",null,"M","M","$","M"],"character_chosen":"THE_SILENT","items_purchased":["Blade Dance"],"campfire_rested":0,"item_purchase_floors":[3],"current_hp_per_floor":[59,58,58,58,58,58,58,58,58,58,58,51,48,33,33,38,64,64,49,49,3,3],"gold":116,"neow_bonus":"RANDOM_COMMON_RELIC","is_daily":false,"chose_seed":false,"campfire_upgraded":3,"win_rate":0.0,"timestamp":1612975280,"path_taken":["M","M","$","M","?","R","M","M","T","?","R","M","M","E","R","BOSS","M","M","$","M"],"items_purchased_type":["Card"],"build_version":"2020-12-22","purchased_purges":2,"victory":false,"max_hp_per_floor":[66,66,66,66,66,66,66,66,66,66,66,66,66,73,73,73,73,73,73,73,73,73],"card_choices":[{"not_picked":["Backflip","Cloak And Dagger"],"picked":"Dodge and Roll","floor":1.0},{"not_picked":["Reflex","Prepared"],"picked":"Eviscerate","floor":2.0},{"not_picked":["Blur","Blade Dance"],"picked":"Dagger Spray","floor":4.0},{"not_picked":["Poisoned Stab","Outmaneuver"],"picked":"Backflip","floor":7.0},{"not_picked":["Dodge and Roll","Backflip"],"picked":"Blade Dance","floor":8.0},{"not_picked":["Dodge and Roll","Poisoned Stab","Endless Agony"],"picked":"SKIP","floor":10.0},{"not_picked":["Prepared","Flechettes","Dagger Throw"],"picked":"SKIP","floor":12.0},{"not_picked":["Storm of Steel","Dagger Throw"],"picked":"Deadly Poison","floor":13.0},{"not_picked":["Outmaneuver","Blade Dance"],"picked":"Crippling Poison","floor":14.0},{"not_picked":["Storm of Steel","Wraith Form v2"],"picked":"Envenom","floor":16.0},{"not_picked":["Dagger Spray+1","Sucker Punch","Endless Agony"],"picked":"SKIP","floor":18.0},{"not_picked":["Terror","Poisoned Stab"],"picked":"Footwork","floor":19}],"player_experience":383741,"relics_obtained":[{"floor":9.0,"key":"Gremlin Horn"},{"floor":14.0,"key":"Strawberry"}],"event_choices":[{"damage_healed":0.0,"max_hp_gain":0.0,"max_hp_loss":0.0,"gold_gain":0.0,"event_name":"Match and Keep!","player_choice":"1 cards matched","floor":5.0,"gold_loss":0.0,"damage_taken":0.0,"cards_obtained":["Malaise"]}],"is_beta":false,"boss_relics":[{"not_picked":["Philosopher\u0027s Stone","Runic Dome","Ectoplasm"]}],"items_purged_floors":[3,20],"is_endless":false,"potions_floor_spawned":[2,4,12,14],"killed_by":"Sentry and Sphere","ascension_level":17}}