{"host":"szp1d6dso4pv7ddl","time":1612931101,"event":{"mods":["AchievementEnabler","Alarm Clock","BaseMod","Bestiary","Block Reminder","Colored Map","Colored Powertips","Curses Come First","Dark Map","Displayed Cursed Tome","Highlight Path","Minty Spire (QoL Compilation)","Permanent Neow","Quick Restart","Relic Sorter","Relic Stats","StSLib","Synergy Search"],"gold_per_floor":[116,126,126,141,141,141,141,141],"floor_reached":7,"language":"ENG","playtime":487,"items_purged":[],"score":78,"play_id":"031cac35-2612-41ce-bb52-339a4e25d880","local_time":"20210209202501","is_ascension_mode":true,"campfire_choices":[{"data":"Crippling Poison","floor":6.0,"key":"SMITH"}],"circlet_count":0,"master_deck":["AscendersBane","Strike_G","Strike_G","Strike_G","Strike_G","Strike_G","Defend_G","Defend_G","Defend_G","Defend_G","Defend_G","Survivor","Neutralize","Crippling Poison+1","Underhanded Strike","Injury"],"relics":["HoveringKite","Golden Idol","Potion Belt"],"acts_visited":["Exordium"],"potions_floor_usage":[7],"damage_taken":[{"damage":4.0,"enemies":"Small Slimes","floor":1.0,"turns":4.0},{"damage":1.0,"enemies":"Jaw Worm","floor":2.0,"turns":4.0},{"damage":0.0,"enemies":"Cultist","floor":4.0,"turns":4.0},{"damage":59,"enemies":"Lagavulin","floor":7,"turns":9}],"seed_played":"1142326553794536600","potions_obtained":[{"floor":1.0,"key":"EssenceOfSteel"}],"is_trial":false,"path_per_floor":["M","M","?","M","?","R","E"],"character_chosen":"THE_SILENT","items_purchased":[],"campfire_rested":0,"item_purchase_floors":[],"current_hp_per_floor":[55,54,54,54,54,54,0,0],"gold":141,"neow_bonus":"BOSS_RELIC","is_daily":false,"chose_seed":false,"campfire_upgraded":1,"win_rate":0.0,"timestamp":1612931101,"path_taken":["M","M","?","M","?","R","E"],"items_purchased_type":[],"build_version":"2020-12-22","purchased_purges":0,"victory":false,"max_hp_per_floor":[66,66,66,66,66,66,66,66],"relic_stats":{"counters":[4,21],"Golden Idol":3,"HoveringKite":[6],"obtain_stats":[{"Potion Belt":5,"Golden Idol":3,"HoveringKite":0,"Ring of the Snake":0},{"Potion Belt":3,"Golden Idol":2,"HoveringKite":0,"Ring of the Snake":0},{"Potion Belt":12,"Golden Idol":8,"HoveringKite":0,"Ring of the Snake":0}]},"card_choices":[{"not_picked":["Bane","Backstab"],"picked":"Crippling Poison","floor":1.0},{"not_picked":["Footwork","Setup"],"picked":"Underhanded Strike","floor":2.0},{"not_picked":["Quick Slash","Deadly Poison"],"picked":"Poisoned Stab","floor":4.0}],"player_experience":1412663,"relics_obtained":[],"event_choices":[{"damage_healed":0.0,"max_hp_gain":0.0,"max_hp_loss":0.0,"gold_gain":0.0,"event_name":"Golden Idol","player_choice":"Take Wound","floor":3.0,"gold_loss":0.0,"damage_taken":0.0,"relics_obtained":["Golden Idol"],"cards_obtained":["Injury"]},{"cards_removed":["Poisoned Stab"],"damage_healed":0.0,"max_hp_gain":0.0,"max_hp_loss":0.0,"gold_gain":0.0,"event_name":"WeMeetAgain","player_choice":"Gave Card","floor":5.0,"gold_loss":0.0,"damage_taken":0.0,"relics_obtained":["Potion Belt"]}],"is_beta":false,"boss_relics":[],"items_purged_floors":[],"is_endless":false,"potions_floor_spawned":[1],"killed_by":"Lagavulin","ascension_level":18}}