{"host":"Lrdox","time":1612999287,"event":{"mods":["BaseMod","Colored Map","Minty Spire (QoL Compilation)","Relic Stats"],"gold_per_floor":[118,130,148,163,180,180,191,191,191],"floor_reached":8,"language":"ENG","playtime":313,"items_purged":[],"score":75,"play_id":"cf9a7916-8373-437d-9e62-344852a14369","local_time":"20210211002127","is_ascension_mode":true,"campfire_choices":[{"data":"Hologram","floor":6,"key":"SMITH"}],"circlet_count":0,"master_deck":["Strike_B","Strike_B","Strike_B","Strike_B","Defend_B","Defend_B","Defend_B","Defend_B","Zap","Dualcast","Streamline","Genetic Algorithm","Sweeping Beam","Creative AI","Hologram+1"],"relics":["Sozu"],"acts_visited":["Exordium"],"potions_floor_usage":[],"damage_taken":[{"damage":6.0,"enemies":"Cultist","floor":1.0,"turns":4.0},{"damage":4.0,"enemies":"2 Louse","floor":2.0,"turns":3.0},{"damage":7,"enemies":"Small Slimes","floor":3,"turns":3},{"damage":4,"enemies":"Looter","floor":4,"turns":3},{"damage":8,"enemies":"Blue Slaver","floor":5,"turns":5},{"damage":2,"enemies":"2 Fungi Beasts","floor":7,"turns":4},{"damage":40,"enemies":"Gremlin Nob","floor":8,"turns":4}],"seed_played":"2445409208202525794","potions_obtained":[],"is_trial":false,"path_per_floor":["M","M","M","M","M","R","M","E"],"character_chosen":"DEFECT","items_purchased":[],"campfire_rested":0,"item_purchase_floors":[],"current_hp_per_floor":[62,58,51,47,39,39,37,0,0],"gold":191,"neow_bonus":"BOSS_RELIC","is_daily":false,"chose_seed":false,"campfire_upgraded":1,"win_rate":0.0,"timestamp":1612999287,"path_taken":["M","M","M","M","M","R","?","E"],"items_purchased_type":[],"build_version":"2020-12-18","purchased_purges":0,"victory":false,"max_hp_per_floor":[75,75,75,75,75,75,75,75,75],"relic_stats":{"Sozu":2,"counters":[7,26],"obtain_stats":[{"Sozu":0,"Cracked Core":0},{"Sozu":0,"Cracked Core":0},{"Sozu":0,"Cracked Core":0}]},"card_choices":[{"not_picked":["Redo","Conserve Battery"],"picked":"Streamline","floor":1.0},{"not_picked":["Streamline","Ball Lightning"],"picked":"Genetic Algorithm","floor":2},{"not_picked":["Barrage","Go for the Eyes"],"picked":"Sweeping Beam","floor":3},{"not_picked":["Capacitor","Coolheaded"],"picked":"Creative AI","floor":4},{"not_picked":["Reprogram","Sunder"],"picked":"Hologram","floor":5},{"not_picked":["Turbo","Gash","Streamline"],"picked":"SKIP","floor":7}],"player_experience":248729,"relics_obtained":[],"event_choices":[],"is_beta":true,"boss_relics":[],"items_purged_floors":[],"is_endless":false,"potions_floor_spawned":[2,7],"killed_by":"Gremlin Nob","ascension_level":9}}