{"host":"g2yp6paluzgljz05","time":1612969178,"event":{"mods":["BaseMod","Bestiary","Colored Powertips","DeckTracker","Highlight Path","Minty Spire (QoL Compilation)","Quick Restart"],"gold_per_floor":[111,124,10,10,10,30,60,60,60,60,75,75,75,75,75,172,172,183,183,183,49,69,69,69,97,97,97,97],"floor_reached":27,"language":"ENG","playtime":1048,"items_purged":["Strike_B","Defend_B"],"score":261,"play_id":"8eebfdc9-3154-49a1-a90a-9979d107717c","local_time":"20210211015938","is_ascension_mode":true,"campfire_choices":[{"floor":10,"key":"REST"},{"data":"Gash","floor":13,"key":"SMITH"},{"data":"Go for the Eyes","floor":15,"key":"SMITH"},{"data":"Creative AI","floor":23,"key":"SMITH"}],"circlet_count":0,"master_deck":["Defend_B","Zap","Dualcast+1","Gash+1","Gash","FTL+1","FTL","Go for the Eyes+1","Creative AI+1","Fission","Self Repair","Hologram+1","Shame"],"relics":["Cracked Core","Sundial","Blue Candle","Empty Cage","Vajra","Cables","Boot"],"acts_visited":["Exordium","TheCity"],"potions_floor_usage":[16],"damage_taken":[{"damage":1,"enemies":"Cultist","floor":1,"turns":3},{"damage":6,"enemies":"2 Louse","floor":2,"turns":3},{"damage":2,"enemies":"Small Slimes","floor":6,"turns":3},{"damage":18,"enemies":"Gremlin Nob","floor":7,"turns":4},{"damage":5,"enemies":"3 Louse","floor":11,"turns":2},{"damage":28,"enemies":"The Guardian","floor":16,"turns":9},{"damage":31,"enemies":"3 Byrds","floor":18,"turns":5},{"damage":28,"enemies":"Shell Parasite","floor":22,"turns":5},{"damage":36,"enemies":"Gremlin Leader","floor":25,"turns":5},{"damage":23,"enemies":"Snecko","floor":27,"turns":3}],"seed_played":"-6759671833920952154","potions_obtained":[{"floor":2,"key":"Energy Potion"},{"floor":7,"key":"Dexterity Potion"},{"floor":18,"key":"FocusPotion"}],"is_trial":false,"path_per_floor":["M","M","$","?","?","M","E","$","T","R","M","$","R","?","R","B",null,"M","?","?","$","M","R","?","E","T","M"],"character_chosen":"DEFECT","items_purchased":["FTL","Self Repair"],"campfire_rested":1,"item_purchase_floors":[3,21],"current_hp_per_floor":[74,68,68,68,53,51,33,33,33,55,50,50,50,43,43,15,75,44,69,69,69,48,48,48,19,19,0,0],"gold":97,"neow_bonus":"THREE_CARDS","is_daily":false,"chose_seed":false,"campfire_upgraded":3,"win_rate":0.0,"timestamp":1612969178,"path_taken":["M","?","$","?","?","M","E","$","T","R","M","$","R","?","R","BOSS","M","?","?","$","?","R","?","E","T","M"],"items_purchased_type":["Card","Card"],"build_version":"2020-12-22","purchased_purges":2,"victory":false,"max_hp_per_floor":[75,75,75,75,75,75,75,75,75,75,75,75,75,75,75,75,75,75,75,75,75,75,75,75,75,75,75,75],"card_choices":[{"not_picked":["Coolheaded","Sweeping Beam"],"picked":"Gash","floor":0},{"not_picked":["Conserve Battery","Barrage","Hologram"],"picked":"SKIP","floor":1},{"not_picked":["Sweeping Beam","Doom and Gloom"],"picked":"Gash","floor":2},{"not_picked":["Beam Cell","Hologram"],"picked":"FTL","floor":6},{"not_picked":["Steam","White Noise"],"picked":"Go for the Eyes","floor":7},{"not_picked":["Ball Lightning","Stack","Go for the Eyes"],"picked":"SKIP","floor":11},{"not_picked":["Meteor Strike","Seek"],"picked":"Creative AI","floor":16},{"not_picked":["Barrage","Leap","Fusion+1"],"picked":"SKIP","floor":18},{"not_picked":["Redo+1","Coolheaded"],"picked":"Hologram+1","floor":22},{"not_picked":["Fusion","Redo","Hologram"],"picked":"SKIP","floor":25}],"player_experience":350305,"relics_obtained":[{"floor":7,"key":"Sundial"},{"floor":9,"key":"Blue Candle"},{"floor":25,"key":"Cables"},{"floor":26,"key":"Boot"}],"event_choices":[{"cards_removed":["Strike_B"],"damage_healed":0,"gold_gain":0,"player_choice":"Forget","damage_taken":0,"max_hp_gain":0,"max_hp_loss":0,"event_name":"Living Wall","floor":4,"gold_loss":0},{"damage_healed":0,"gold_gain":0,"player_choice":"Entered Light","damage_taken":15,"max_hp_gain":0,"max_hp_loss":0,"event_name":"Shining Light","floor":5,"gold_loss":0,"cards_upgraded":["Dualcast","FTL"]},{"cards_removed":["Strike_B"],"damage_healed":0,"gold_gain":0,"player_choice":"Card Removal","damage_taken":7,"max_hp_gain":0,"max_hp_loss":0,"event_name":"Golden Wing","floor":14,"gold_loss":0},{"damage_healed":25,"gold_gain":0,"player_choice":"Heal","damage_taken":0,"max_hp_gain":0,"max_hp_loss":0,"event_name":"The Library","floor":19,"gold_loss":0},{"damage_healed":0,"gold_gain":0,"cards_transformed":["Defend_B"],"player_choice":"Transformed","damage_taken":0,"max_hp_gain":0,"max_hp_loss":0,"event_name":"Transmorgrifier","floor":20,"gold_loss":0,"cards_obtained":["Fission"]},{"damage_healed":0,"gold_gain":0,"player_choice":"Stole Relic","damage_taken":0,"relics_obtained":["Vajra"],"max_hp_gain":0,"max_hp_loss":0,"event_name":"Addict","floor":24,"gold_loss":0,"cards_obtained":["Shame"]}],"is_beta":false,"boss_relics":[{"not_picked":["Snecko Eye","Inserter"],"picked":"Empty Cage"}],"items_purged_floors":[3,21],"is_endless":false,"potions_floor_spawned":[2,7,18],"killed_by":"Snecko","ascension_level":3}}