{"host":"1vy6j31128f61x2z","time":1612991814,"event":{"mods":["AchievementEnabler","BaseMod","Colored Powertips","Minty Spire (QoL Compilation)","Permanent Neow"],"gold_per_floor":[114,125,125,50,64,64,91,104,127,159,172,183,183,197,197,297,297,312,322,322,322,80,115,167,167,219,247,247,278,278,293,293,394,394,414,2,2,2,20,51,51,76,156,176,176,191,191,211,211,211],"floor_reached":51,"language":"ENG","playtime":2201,"items_purged":["Writhe","Strike_R"],"score":941,"play_id":"f972d822-8104-481b-b7d1-d35fd0bac3b9","local_time":"20210210161654","is_ascension_mode":true,"campfire_choices":[{"data":"Apotheosis","floor":6.0,"key":"SMITH"},{"data":"Bash","floor":13.0,"key":"SMITH"},{"data":"Ghostly Armor","floor":15.0,"key":"SMITH"},{"floor":25.0,"key":"REST"},{"data":"Offering","floor":28,"key":"SMITH"},{"data":"J.A.X.","floor":30,"key":"SMITH"},{"floor":32,"key":"REST"},{"floor":41,"key":"DIG"},{"floor":47,"key":"DIG"},{"floor":49,"key":"REST"}],"circlet_count":0,"master_deck":["Strike_R","Strike_R","Strike_R","Defend_R","Defend_R","Defend_R+1","Defend_R","Bash+1","Apotheosis+1","Pommel Strike","Anger","Ghostly Armor+1","Warcry","Anger","Power Through","Whirlwind","Cleave","Offering+1","Clothesline+1","Fire Breathing","J.A.X.+1","Burning Pact","Shrug It Off","Anger","Flame Barrier+1","Limit Break","Pommel Strike+1","Heavy Blade+1","Intimidate","Ghostly Armor+1","Power Through+1"],"relics":["Burning Blood","Meat on the Bone","InkBottle","Oddly Smooth Stone","Blood Vial","SlaversCollar","Self Forming Clay","Nunchaku","Lantern","Dream Catcher","Bag of Preparation","Orichalcum","Fusion Hammer","Shovel","Regal Pillow","Pear","Sundial","Bottled Flame","War Paint"],"acts_visited":["Exordium","TheCity","TheBeyond"],"potions_floor_usage":[33,33,50,50],"damage_taken":[{"damage":14.0,"enemies":"Cultist","floor":1.0,"turns":5.0},{"damage":5.0,"enemies":"Small Slimes","floor":2.0,"turns":3.0},{"damage":0.0,"enemies":"2 Louse","floor":5.0,"turns":3.0},{"damage":2.0,"enemies":"Gremlin Nob","floor":7.0,"turns":3.0},{"damage":6.0,"enemies":"Blue Slaver","floor":8.0,"turns":4.0},{"damage":21.0,"enemies":"3 Sentries","floor":10.0,"turns":7.0},{"damage":20.0,"enemies":"Exordium Thugs","floor":11.0,"turns":4.0},{"damage":0.0,"enemies":"Large Slime","floor":12.0,"turns":5.0},{"damage":1.0,"enemies":"Blue Slaver","floor":14.0,"turns":4.0},{"damage":21.0,"enemies":"Slime Boss","floor":16.0,"turns":9.0},{"damage":6.0,"enemies":"Chosen","floor":18.0,"turns":3.0},{"damage":11.0,"enemies":"2 Thieves","floor":19.0,"turns":4.0},{"damage":52.0,"enemies":"Slavers","floor":23.0,"turns":4.0},{"damage":9.0,"enemies":"Gremlin Leader","floor":27.0,"turns":4.0},{"damage":12,"enemies":"Book of Stabbing","floor":29,"turns":4},{"damage":18,"enemies":"Sentry and Sphere","floor":31,"turns":4},{"damage":65,"enemies":"Champ","floor":33,"turns":9},{"damage":1,"enemies":"3 Shapes","floor":35,"turns":3},{"damage":6,"enemies":"Orb Walker","floor":39,"turns":3},{"damage":24,"enemies":"Nemesis","floor":40,"turns":3},{"damage":12,"enemies":"Giant Head","floor":42,"turns":5},{"damage":27,"enemies":"3 Darklings","floor":44,"turns":2},{"damage":9,"enemies":"Sphere and 2 Shapes","floor":46,"turns":3},{"damage":11,"enemies":"Transient","floor":48,"turns":5},{"damage":17,"enemies":"Donu and Deca","floor":50,"turns":5}],"seed_played":"-1505262308507397803","potions_obtained":[{"floor":5.0,"key":"EssenceOfSteel"},{"floor":7.0,"key":"Energy Potion"},{"floor":8.0,"key":"SteroidPotion"},{"floor":16.0,"key":"Swift Potion"},{"floor":29,"key":"ColorlessPotion"},{"floor":31,"key":"Strength Potion"},{"floor":39,"key":"GamblersBrew"},{"floor":44,"key":"DuplicationPotion"}],"is_trial":false,"path_per_floor":["M","M","T","$","M","R","E","M","T","E","M","M","R","M","R","B",null,"M","M","?","?","$","E","T","R","T","E","R","E","R","M","R","B",null,"M","$","?","?","M","E","R","E","T","M","?","M","R","M","R","B",null],"character_chosen":"IRONCLAD","items_purchased":["Self Forming Clay","Shovel"],"campfire_rested":3,"item_purchase_floors":[22,36],"current_hp_per_floor":[72,73,73,73,79,79,80,80,80,65,53,61,61,68,68,55,80,80,75,75,75,75,43,43,67,67,66,66,62,62,52,76,31,80,80,80,80,76,76,58,68,64,64,57,57,56,56,53,86,75],"gold":211,"neow_bonus":"RANDOM_COLORLESS_2","is_daily":false,"chose_seed":false,"campfire_upgraded":5,"win_rate":0.0,"timestamp":1612991814,"path_taken":["M","M","?","$","M","R","E","M","T","E","M","M","R","M","R","BOSS","M","M","?","?","$","E","?","R","T","E","R","E","R","?","R","BOSS","M","$","?","?","M","E","R","E","T","M","?","?","R","M","R","BOSS"],"items_purchased_type":["Relic","Relic"],"build_version":"2020-12-22","purchased_purges":2,"victory":true,"max_hp_per_floor":[80,80,80,80,80,80,80,80,80,80,80,80,80,80,80,80,80,80,80,80,80,80,80,80,80,80,80,80,80,80,80,80,80,80,80,80,80,76,76,76,86,86,86,86,86,86,86,86,86,86],"card_choices":[{"not_picked":["Secret Weapon","The Bomb"],"picked":"Apotheosis","floor":0.0},{"not_picked":["Perfected Strike","Spot Weakness"],"picked":"Pommel Strike","floor":1.0},{"not_picked":["Warcry","Heavy Blade"],"picked":"Anger","floor":2.0},{"not_picked":["Warcry","Clothesline"],"picked":"Ghostly Armor","floor":5.0},{"not_picked":["Sword Boomerang","Havoc"],"picked":"Warcry","floor":7.0},{"not_picked":["Second Wind","Entrench"],"picked":"Anger","floor":8.0},{"not_picked":["Intimidate","Cleave"],"picked":"Power Through","floor":10.0},{"not_picked":["Clash","Infernal Blade"],"picked":"Whirlwind","floor":11.0},{"not_picked":["Headbutt","Armaments","Dark Embrace"],"picked":"SKIP","floor":12.0},{"not_picked":["Infernal Blade","Wild Strike"],"picked":"Cleave","floor":14.0},{"not_picked":["Berserk","Double Tap"],"picked":"Offering","floor":16.0},{"not_picked":["Warcry","Anger"],"picked":"Clothesline+1","floor":18.0},{"not_picked":["Shrug It Off","Havoc+1"],"picked":"Fire Breathing","floor":19.0},{"not_picked":["Pummel+1","Uppercut"],"picked":"Burning Pact","floor":23.0},{"not_picked":["Infernal Blade","Second Wind","True Grit"],"picked":"SKIP","floor":27.0},{"not_picked":["Feel No Pain","Twin Strike"],"picked":"Shrug It Off","floor":29},{"not_picked":["Clash","Sentinel"],"picked":"Anger","floor":31},{"not_picked":["Twin Strike","Havoc"],"picked":"Flame Barrier+1","floor":32},{"not_picked":["Corruption","Juggernaut"],"picked":"Limit Break","floor":33},{"not_picked":["Feel No Pain","Perfected Strike","Havoc+1"],"picked":"SKIP","floor":35},{"not_picked":["Iron Wave","Shrug It Off"],"picked":"Pommel Strike+1","floor":39},{"not_picked":["Shrug It Off","Armaments+1","Feel No Pain"],"picked":"SKIP","floor":40},{"not_picked":["Evolve+1","Anger+1"],"picked":"Heavy Blade+1","floor":42},{"not_picked":["Flex+1","True Grit+1","Sever Soul"],"picked":"SKIP","floor":44},{"not_picked":["Thunderclap","Warcry"],"picked":"Ghostly Armor","floor":46},{"not_picked":["Cleave+1","Anger"],"picked":"Power Through+1","floor":48}],"player_experience":37337,"relics_obtained":[{"floor":3.0,"key":"Meat on the Bone"},{"floor":7.0,"key":"InkBottle"},{"floor":9.0,"key":"Oddly Smooth Stone"},{"floor":10.0,"key":"Blood Vial"},{"floor":23.0,"key":"Nunchaku"},{"floor":24.0,"key":"Lantern"},{"floor":26.0,"key":"Dream Catcher"},{"floor":27.0,"key":"Bag of Preparation"},{"floor":29,"key":"Orichalcum"},{"floor":40,"key":"Regal Pillow"},{"floor":41,"key":"Pear"},{"floor":42,"key":"Sundial"},{"floor":43,"key":"Bottled Flame"},{"floor":47,"key":"War Paint"}],"event_choices":[{"damage_healed":0.0,"max_hp_gain":0.0,"max_hp_loss":0.0,"gold_gain":0.0,"event_name":"Ghosts","player_choice":"Ignored","floor":20.0,"gold_loss":0.0,"damage_taken":0.0},{"damage_healed":0.0,"max_hp_gain":0.0,"max_hp_loss":0.0,"gold_gain":0.0,"event_name":"Drug Dealer","player_choice":"Obtain J.A.X.","floor":21.0,"gold_loss":0.0,"damage_taken":0.0,"cards_obtained":["J.A.X."]},{"cards_removed":["Strike_R"],"damage_healed":0,"gold_gain":0,"player_choice":"Removed Attack","damage_taken":0,"max_hp_gain":0,"max_hp_loss":0,"event_name":"Falling","floor":37,"gold_loss":0},{"damage_healed":0,"gold_gain":0,"player_choice":"Max HP","damage_taken":0,"max_hp_gain":0,"max_hp_loss":4,"event_name":"Winding Halls","floor":38,"gold_loss":0},{"damage_healed":0,"gold_gain":0,"player_choice":"1 cards matched","damage_taken":0,"max_hp_gain":0,"max_hp_loss":0,"event_name":"Match and Keep!","floor":45,"gold_loss":0,"cards_obtained":["Intimidate"]}],"is_beta":false,"boss_relics":[{"not_picked":["Ectoplasm","SacredBark"],"picked":"SlaversCollar"},{"not_picked":["Calling Bell","Coffee Dripper"],"picked":"Fusion Hammer"}],"items_purged_floors":[4,36],"is_endless":false,"potions_floor_spawned":[5,7,8,11,14,16,18,29,31,39,44,46,48],"ascension_level":3}}