{"host":"gzsdmyo07u314vug","time":1612974607,"event":{"mods":["2.2 Compatiblity","Astrologer","BaseMod","Colored Powertips","GifTheSpireLib","Gremlin Mod","Hermit","Jorbs\u0027s Wanderer Trilogy","Minty Spire (QoL Compilation)","Quick Restart","Rare Cards Sparkle","Relic Stats","Replay The Spire","Robot Space Explorer","Shop Mod","StSLib","The Bladedancer","The Bug Knight","The Construct","The Cursed","The Elementalist","The Hierophant","The IronCluck","The Marked","The Necromancer","The Runesmith","The Servant 0.9.4","Unceasing Turn Reminder","everything is the same but u backflip on backflip","slay the spire mod where everything is the same but ironclad has a cowboy hat"],"gold_per_floor":[115,40,115,115,115,115,132,158,175,175,200,200,218,37,37,55,55,55,55],"floor_reached":18,"language":"ENG","playtime":787,"items_purged":["HollowMod:NailStrikeStart","HollowMod:NailStrikeStart"],"score":132,"play_id":"17eb4d59-c69e-4e68-a1fa-ded9474ab8a3","local_time":"20210210133007","is_ascension_mode":true,"campfire_choices":[{"data":"HollowMod:GreatSlash","floor":10,"key":"SMITH"},{"floor":12,"key":"REST"},{"data":"HollowMod:AbyssShriek","floor":15,"key":"SMITH"},{"data":"HollowMod:ShadowDash","floor":17,"key":"SMITH"}],"circlet_count":0,"master_deck":["HollowMod:NailStrikeStart","HollowMod:QuickDashStart","HollowMod:QuickDashStart","HollowMod:QuickDashStart","HollowMod:QuickDashStart","HollowMod:FocusHealStart","HollowMod:PogoStrike","HollowMod:GreatSlash+1","HollowMod:ShadowDash+1","HollowMod:VengefulVoid","HollowMod:VengefulVoid","HollowMod:DoubleDash","HollowMod:PerfectDash","HollowMod:AbyssShriek+1"],"relics":["HollowMod:VesselMask","Replay:Mystery Machine","Akabeko"],"acts_visited":["Exordium"],"potions_floor_usage":[8,18],"damage_taken":[{"damage":5,"enemies":"Small Slimes","floor":1,"turns":3},{"damage":6,"enemies":"Jaw Worm","floor":7,"turns":7},{"damage":55,"enemies":"Lagavulin","floor":8,"turns":10},{"damage":0,"enemies":"2 Louse","floor":9,"turns":2},{"damage":0,"enemies":"Exordium Wildlife","floor":13,"turns":2},{"damage":0,"enemies":"Blue Slaver","floor":16,"turns":2},{"damage":34,"enemies":"Hexaghost","floor":18,"turns":10}],"seed_played":"-7238789126039192629","potions_obtained":[{"floor":7,"key":"Dexterity Potion"},{"floor":8,"key":"Strength Potion"}],"is_trial":false,"path_per_floor":["M","$","?","PTL","PTL","?","M","E","M","R","T","R","M","$","R","M","R","B"],"character_chosen":"THE_BUGKNIGHT","items_purchased":["HollowMod:AbyssShriek"],"campfire_rested":1,"item_purchase_floors":[14],"current_hp_per_floor":[75,75,64,64,64,64,64,9,9,9,9,31,31,31,31,31,31,0,0],"gold":55,"neow_bonus":"TRANSFORM_CARD","is_daily":false,"chose_seed":false,"campfire_upgraded":3,"win_rate":0.0,"timestamp":1612974607,"path_taken":["M","$","?","PTL","PTL","?","M","E","M","R","T","R","M","$","R","M","R","BOSS"],"items_purchased_type":["Card"],"build_version":"2020-12-22","purchased_purges":2,"victory":false,"max_hp_per_floor":[75,75,75,75,75,75,75,75,75,75,75,75,75,75,75,75,75,75,75],"relic_stats":{"counters":[7,36],"obtain_stats":[{"HollowMod:VesselMask":0,"Replay:Mystery Machine":8,"Akabeko":11},{"HollowMod:VesselMask":0,"Replay:Mystery Machine":3,"Akabeko":4},{"HollowMod:VesselMask":0,"Replay:Mystery Machine":20,"Akabeko":22}]},"card_choices":[{"not_picked":["HollowMod:SharpenedNail","HollowMod:HowlingWraiths"],"picked":"HollowMod:ShadowDash","floor":1},{"not_picked":["HollowMod:PerfectDash","HollowMod:SoulStrike"],"picked":"HollowMod:VengefulVoid","floor":7},{"not_picked":["HollowMod:CycloneSlash","HollowMod:SiblingsSouls"],"picked":"HollowMod:VengefulVoid","floor":8},{"not_picked":["HollowMod:NewLittleFool","HollowMod:CornifersMapStart"],"picked":"HollowMod:DoubleDash","floor":9},{"not_picked":["HollowMod:LuriensSpire","HollowMod:DashSlash"],"picked":"HollowMod:PerfectDash","floor":13},{"not_picked":["HollowMod:GoodIntentions","HollowMod:LifebloodCocoon","HollowMod:SoulSplash"],"picked":"SKIP","floor":16}],"player_experience":848121,"relics_obtained":[{"floor":8,"key":"Replay:Mystery Machine"},{"floor":11,"key":"Akabeko"}],"event_choices":[{"damage_healed":0,"gold_gain":75,"player_choice":"Gather Gold","damage_taken":11,"max_hp_gain":0,"max_hp_loss":0,"event_name":"World of Goop","floor":3,"gold_loss":0},{"damage_healed":0,"gold_gain":0,"player_choice":"Ignored","damage_taken":0,"max_hp_gain":0,"max_hp_loss":0,"event_name":"Liars Game","floor":6,"gold_loss":0}],"is_beta":false,"boss_relics":[],"items_purged_floors":[2,14],"is_endless":false,"potions_floor_spawned":[7,8],"killed_by":"Hexaghost","ascension_level":4}}