{"host":"bplbr8uekuotory4","time":1612937053,"event":{"mods":["Act Like it!","BaseMod","GungeonMod","Hermit","KinomotoSakuraMod(木之本樱)","Marisa（F雨　魔理沙）","Minty Spire (QoL Compilation)","Prisma Mod","Quick Restart","Reimu（博丽灵梦）","SOS（斯巴达之子）","Spicy Shops","StSLib","TestMod","The Blackbeard","The Cursed","The Mystic","The Poker Player","The Saiyan","The Senshi","The Servant 0.9.4","Yuri Mod","[IsaacMod]以撒尖塔"],"gold_per_floor":[211,229,240,126,145,173,82,107,132,146,146,146,146,32,32,133,133,142,189,189,97,97,97,60,87,162,178,178,178,192,208,208,309,309,325,126,153,202,77,77,234,316,316,388,617,326,410,475,475,567,567,567,241,364,632],"floor_reached":56,"language":"ZHS","playtime":1742,"items_purged":["blackbeard:BlackbeardStrike","blackbeard:BlackbeardDefend","blackbeard:Cutlass","Regret","blackbeard:BlackbeardStrike","blackbeard:BlackbeardDefend","blackbeard:BlackbeardStrike","blackbeard:BlackbeardStrike","blackbeard:BlackbeardDefend"],"score":2489,"play_id":"19966e0d-0656-457a-85ce-148e8aedfce4","local_time":"20210210140413","is_ascension_mode":true,"campfire_choices":[{"data":"blackbeard:BeatUp","floor":12.0,"key":"SMITH"},{"data":"blackbeard:PiratesWill","floor":15.0,"key":"SMITH"},{"data":"blackbeard:BoostMorale","floor":23,"key":"SMITH"},{"data":"blackbeard:Toast","floor":28,"key":"SMITH"},{"floor":32,"key":"RECALL"},{"data":"blackbeard:BuriedTreasure","floor":40,"key":"SMITH"},{"data":"blackbeard:CaptainsHat","floor":49,"key":"SMITH"},{"floor":52,"key":"REST"}],"circlet_count":0,"master_deck":["AscendersBane","blackbeard:IntimidatingStrike+1","blackbeard:BlackbeardDefend+1","blackbeard:PiratesWill+1","blackbeard:BeatUp+1","blackbeard:Toast+1","blackbeard:BoostMorale+1","blackbeard:CaptainsHat+1","blackbeard:GoldenStrike+1","blackbeard:BuriedTreasure+1","blackbeard:RearmingStrike+1","blackbeard:Boarding+1","Magnetism"],"relics":["blackbeard:LoadTheCannons","testmod-TestBox","HushsDoor","SteamSale","testmod-Justice","testmod-Charity","DemoMod:ClearGuonStone","Incense Burner","Tiny Chest","Ancient Tea Set","blackbeard:HipFlask","testmod-PortableAltar","GuppysPaw","GuppysCollar","Juzu Bracelet","testmod-AssaultLearning","Toolbox","Anchor","ClockworkSouvenir","Dream Catcher","PillsDrop","DemoMod:GlassGuonStoneRelic","testmod-DeterminationOfClimber","GuppysHairball","SatanicBible","Strange Spoon","TuHaoJin","BelialBook","blackbeard:TreasureChest","RuthlessExorcism:ReiMu","Whetstone","DemoMod:PinkGuonStone","TheBean"],"acts_visited":["Exordium","TheCity","TheBeyond","TheEnding"],"potions_floor_usage":[33,38,55],"damage_taken":[{"damage":9.0,"enemies":"Cultist","floor":1.0,"turns":4.0},{"damage":8.0,"enemies":"Small Slimes","floor":2.0,"turns":4.0},{"damage":0.0,"enemies":"2 Louse","floor":3.0,"turns":3.0},{"damage":4.0,"enemies":"2 Fungi Beasts","floor":5.0,"turns":4.0},{"damage":30.0,"enemies":"Gremlin Nob","floor":6.0,"turns":5.0},{"damage":2.0,"enemies":"3 Sentries","floor":8.0,"turns":3.0},{"damage":4.0,"enemies":"Exordium Wildlife","floor":10.0,"turns":3.0},{"damage":0.0,"enemies":"Hexaghost","floor":16.0,"turns":9.0},{"damage":6.0,"enemies":"2 Thieves","floor":18.0,"turns":4.0},{"damage":4,"enemies":"Book of Stabbing","floor":25,"turns":4},{"damage":0,"enemies":"Spheric Guardian","floor":27,"turns":2},{"damage":1,"enemies":"Snake Plant","floor":30,"turns":3},{"damage":2,"enemies":"Centurion and Healer","floor":31,"turns":4},{"damage":2,"enemies":"Automaton","floor":33,"turns":5},{"damage":4,"enemies":"3 Shapes","floor":35,"turns":1},{"damage":0,"enemies":"3 Darklings","floor":37,"turns":1},{"damage":6,"enemies":"4 Shapes","floor":38,"turns":1},{"damage":0,"enemies":"Reptomancer","floor":41,"turns":1},{"damage":0,"enemies":"Spire Growth","floor":42,"turns":1},{"damage":0,"enemies":"3 Darklings","floor":44,"turns":1},{"damage":0,"enemies":"Transient","floor":45,"turns":1},{"damage":0,"enemies":"Nemesis","floor":47,"turns":1},{"damage":0,"enemies":"Maw","floor":48,"turns":1},{"damage":0,"enemies":"Awakened One","floor":50,"turns":2},{"damage":0,"enemies":"Shield and Spear","floor":54,"turns":1},{"damage":0,"enemies":"The Heart","floor":55,"turns":3}],"seed_played":"7358279230834110395","potions_obtained":[{"floor":2.0,"key":"BlessingOfTheForge"},{"floor":3.0,"key":"PowerPotion"},{"floor":8.0,"key":"ColorlessPotion"},{"floor":25,"key":"DuplicationPotion"},{"floor":31,"key":"PowerPotion"},{"floor":37,"key":"Fire Potion"},{"floor":41,"key":"Dexterity Potion"}],"is_trial":false,"path_per_floor":["M","M","M","$","M","E","$","E","T","M","?","R","?","$","R","B",null,"M","T","?","$","?","R","$","E","T","M","R","?","M","M","R","B",null,"M","$","M","M","$","R","E","M","T","M","M","$","E","M","R","B",null,"R","$","E","B",null],"character_chosen":"BLACKBEARD_CLASS","items_purchased":["testmod-Charity","Incense Burner","Ancient Tea Set","blackbeard:HipFlask","GuppysPaw","GuppysCollar","Toolbox","ClockworkSouvenir","GuppysHairball","SatanicBible","blackbeard:GoldenStrike","blackbeard:BuriedTreasure","Strange Spoon","blackbeard:Boarding","blackbeard:TreasureChest","RuthlessExorcism:ReiMu","Magnetism","DemoMod:PinkGuonStone"],"campfire_rested":1,"item_purchase_floors":[4,7,14,14,17,17,21,24,34,34,36,36,39,46,46,46,53,53],"current_hp_per_floor":[59,51,51,51,48,19,19,18,19,16,96,96,64,64,64,65,116,112,113,113,113,100,100,100,97,98,99,99,83,86,85,85,84,97,102,102,112,116,116,116,135,145,144,156,175,174,182,193,192,208,207,206,212,224,259],"gold":632,"neow_bonus":"HUNDRED_GOLD","is_daily":false,"chose_seed":false,"campfire_upgraded":6,"win_rate":0.0,"timestamp":1612937053,"path_taken":["M","M","?","$","M","E","$","E","T","?","?","R","?","$","R","BOSS","M","?","?","$","?","R","$","E","T","M","R","?","M","M","R","BOSS","M","$","M","M","$","R","E","M","T","M","M","$","E","M","R","BOSS","R","$","E","BOSS"],"items_purchased_type":["Relic","Relic","Relic","Relic","Relic","Relic","Relic","Relic","Relic","Relic","Card","Card","Relic","Card","Relic","Relic","Card","Relic"],"build_version":"2020-12-22","purchased_purges":9,"victory":true,"max_hp_per_floor":[75,75,75,75,76,77,77,78,79,80,160,160,160,160,160,161,133,134,134,133,132,131,130,129,129,129,129,128,127,130,130,129,129,101,106,105,112,121,120,119,135,145,144,156,175,174,182,193,192,208,207,206,212,224,259],"card_choices":[{"not_picked":["blackbeard:FieryDefense","blackbeard:Shrapnel"],"picked":"blackbeard:PiratesWill","floor":1.0},{"not_picked":["blackbeard:SwordDance","blackbeard:CaptainsCabin"],"picked":"Bomb","floor":2.0},{"not_picked":["blackbeard:Dagger","blackbeard:RearmingStrike"],"picked":"blackbeard:BeatUp","floor":3.0},{"not_picked":["blackbeard:VengefulSpirit","blackbeard:DoubleBottom","blackbeard:RemoveScurvy"],"picked":"SKIP","floor":5.0},{"not_picked":["blackbeard:InfiniteBarrage","blackbeard:GhostInTheRum"],"picked":"blackbeard:Toast","floor":6.0},{"not_picked":["blackbeard:PowderKeg","blackbeard:Dagger","blackbeard:MegaUpgrade"],"picked":"SKIP","floor":8.0},{"not_picked":["blackbeard:CatONineTails","blackbeard:Fencing","blackbeard:TerrorOfTheSeas"],"picked":"SKIP","floor":10.0},{"not_picked":["blackbeard:Parrot","blackbeard:Lifeboat"],"picked":"blackbeard:BoostMorale","floor":16.0},{"not_picked":["blackbeard:PowderKeg","blackbeard:Fencing","blackbeard:CloakAndCannonball"],"picked":"SKIP","floor":18.0},{"not_picked":["blackbeard:TerrorOfTheSeas","blackbeard:Provisioning+1","blackbeard:PirateEarring"],"picked":"SKIP","floor":25},{"not_picked":["blackbeard:Spear","blackbeard:DeadlyArsenal","blackbeard:PiratesWill"],"picked":"SKIP","floor":27},{"not_picked":["blackbeard:CannonBarrage","blackbeard:WiseDefense+1","blackbeard:Fencing"],"picked":"SKIP","floor":30},{"not_picked":["blackbeard:Lifeboat","blackbeard:CaptainsCabin","blackbeard:FieryDefense"],"picked":"SKIP","floor":31},{"not_picked":["blackbeard:GoldenGuillotine","blackbeard:Murder"],"picked":"blackbeard:CaptainsHat","floor":33},{"not_picked":["blackbeard:Shrapnel","blackbeard:Spear","blackbeard:DeadlyArsenal"],"picked":"SKIP","floor":35},{"not_picked":["blackbeard:PiratesWill","blackbeard:BrownPants","blackbeard:Sharpening"],"picked":"SKIP","floor":37},{"not_picked":["blackbeard:Anchor","blackbeard:SwordDance"],"picked":"blackbeard:RearmingStrike+1","floor":38},{"not_picked":["blackbeard:PiratesWill","blackbeard:Sword","blackbeard:AgileStrike"],"picked":"SKIP","floor":41},{"not_picked":["blackbeard:WeaponProficiency","blackbeard:Toast","blackbeard:FieryDefense"],"picked":"SKIP","floor":42},{"not_picked":["blackbeard:GoldenStrike","blackbeard:BlindAttacks","blackbeard:TacticalRetreat"],"picked":"SKIP","floor":44},{"not_picked":["blackbeard:BlindAttacks","blackbeard:Shrapnel","blackbeard:Spear"],"picked":"SKIP","floor":45},{"not_picked":["blackbeard:Sharpening","blackbeard:Halberd","blackbeard:PowderKeg"],"picked":"SKIP","floor":47},{"not_picked":["blackbeard:SwordDance","blackbeard:Sword","blackbeard:VengefulSpirit"],"picked":"SKIP","floor":48},{"not_picked":["blackbeard:VengefulSpirit","blackbeard:AgileStrike","blackbeard:FieryDefense"],"picked":"SKIP","floor":54}],"player_experience":1129404,"relics_obtained":[{"floor":6.0,"key":"DemoMod:ClearGuonStone"},{"floor":8.0,"key":"Tiny Chest"},{"floor":19.0,"key":"Juzu Bracelet"},{"floor":25,"key":"Dream Catcher"},{"floor":26,"key":"PillsDrop"},{"floor":41,"key":"TuHaoJin"},{"floor":43,"key":"BelialBook"},{"floor":47,"key":"Whetstone"},{"floor":54,"key":"TheBean"}],"event_choices":[{"damage_healed":0.0,"max_hp_gain":0.0,"max_hp_loss":0.0,"gold_gain":0.0,"event_name":"给自己的盒子","player_choice":"Swap Relic","floor":11.0,"relics_lost":["testmod-HarvestTotem"],"gold_loss":0.0,"damage_taken":0.0,"relics_obtained":["testmod-HarvestTotem"]},{"damage_healed":0.0,"max_hp_gain":0.0,"max_hp_loss":0.0,"gold_gain":0.0,"event_name":"Shining Light","player_choice":"Entered Light","floor":13.0,"gold_loss":0.0,"damage_taken":32.0,"cards_upgraded":["blackbeard:BlackbeardDefend","blackbeard:IntimidatingStrike"]},{"damage_healed":0.0,"max_hp_gain":0.0,"max_hp_loss":0.0,"gold_gain":0.0,"event_name":"The Mausoleum","player_choice":"Opened","floor":20.0,"gold_loss":0.0,"damage_taken":0.0,"relics_obtained":["testmod-AssaultLearning"]},{"damage_healed":0,"gold_gain":0,"player_choice":"Anchor","damage_taken":0,"relics_obtained":["Anchor"],"max_hp_gain":0,"max_hp_loss":0,"event_name":"blackbeard:ShipwreckEvent","floor":22,"gold_loss":0},{"damage_healed":0,"gold_gain":0,"player_choice":"Obtained Book","damage_taken":16,"max_hp_gain":0,"max_hp_loss":0,"event_name":"Cursed Tome","floor":29,"gold_loss":0}],"is_beta":false,"boss_relics":[{"not_picked":["testmod-BloodSacrificeSpiritualization","MagicMushroom"],"picked":"testmod-PortableAltar"},{"not_picked":[]},{"not_picked":["testmod-Prudence","Calling Bell"],"picked":"testmod-DeterminationOfClimber"},{"not_picked":[]}],"items_purged_floors":[4,7,17,21,34,36,39,46,53],"is_endless":false,"potions_floor_spawned":[2,3,8,25,27,31,37,41,42,47,54],"ascension_level":12}}