{"host":"nxma0dbhh74lxenq","time":1612947788,"event":{"mods":["Astrologer","BaseMod","Beaked The Cultist","CapriCore","Colored Map","DeckTracker","Gremlin Mod","Highlight Path","HololiveMod","Koishi","Mad Scientist","Minty Spire (QoL Compilation)","StSLib","SuperFastMode","The Bladedancer","The Cursed","The Immortal","The Mystic","YoumuÅiç∞ÈÆódöÎÅj"],"gold_per_floor":[109,34,52,69,87,118,118,148,148,148,159,177,177,207,207,279,279,295,312,312,312,312,312,312],"floor_reached":23,"language":"JPN","playtime":1031,"items_purged":["Koishi:BasicStrike"],"score":362,"play_id":"d1410781-84f7-4c91-af2b-fcd9e1f1b7f9","local_time":"20210210180308","is_ascension_mode":true,"campfire_choices":[{"data":"Koishi:HauntingSlash","floor":7,"key":"SMITH"},{"data":"Koishi:Untouchable","floor":13,"key":"SMITH"},{"data":"Koishi:Provoke","floor":15,"key":"SMITH"}],"circlet_count":0,"master_deck":["AscendersBane","Koishi:BasicStrike","Koishi:BasicStrike","Koishi:BasicStrike","Koishi:BasicDefend","Koishi:BasicDefend","Koishi:BasicDefend","Koishi:BasicDefend","Koishi:Provoke+1","Koishi:HauntingSlash+1","Koishi:CatchAndRose","Koishi:UnconsciousUprising","Koishi:RacingHeart","Koishi:GeneticsOfTheUnconscious","Koishi:Jaunt","Koishi:Untouchable+1","Koishi:Whimsy","Koishi:PhantomBarrier","Koishi:MindStellarRelief","Koishi:SpiritedAway","Koishi:JumpScare+1","RitualDagger"],"relics":["Koishi:ImaginaryFriend","Lantern","TungstenRod","Pantograph","Gremlin Horn","Odd Mushroom","Coffee Dripper","Nilry\u0027s Codex"],"acts_visited":["Exordium","TheCity"],"potions_floor_usage":[6,14,16,16],"damage_taken":[{"damage":2,"enemies":"Cultist","floor":1,"turns":4},{"damage":1,"enemies":"Small Slimes","floor":3,"turns":4},{"damage":3,"enemies":"2 Louse","floor":4,"turns":4},{"damage":11,"enemies":"Blue Slaver","floor":5,"turns":7},{"damage":19,"enemies":"Lagavulin","floor":6,"turns":7},{"damage":14,"enemies":"3 Sentries","floor":8,"turns":13},{"damage":10,"enemies":"Large Slime","floor":11,"turns":9},{"damage":0,"enemies":"Looter","floor":12,"turns":5},{"damage":10,"enemies":"The Mushroom Lair","floor":14,"turns":4},{"damage":26,"enemies":"The Guardian","floor":16,"turns":14},{"damage":2,"enemies":"Shell Parasite","floor":18,"turns":6},{"damage":8,"enemies":"Spheric Guardian","floor":19,"turns":5},{"damage":33,"enemies":"Book of Stabbing","floor":23,"turns":7}],"seed_played":"-6147247251780643343","potions_obtained":[{"floor":3,"key":"Weak Potion"},{"floor":5,"key":"SneckoOil"},{"floor":11,"key":"Explosive Potion"},{"floor":12,"key":"AttackPotion"},{"floor":14,"key":"AttackPotion"}],"is_trial":false,"path_per_floor":["M","$","M","M","M","E","R","E","T","?","M","M","R","?","R","B",null,"M","M","?","?","?","E"],"character_chosen":"KOISHI","items_purchased":[],"campfire_rested":0,"item_purchase_floors":[],"current_hp_per_floor":[51,51,52,51,45,33,33,23,23,23,23,29,29,25,25,52,56,57,53,36,31,31,0,0],"gold":312,"neow_bonus":"RANDOM_COMMON_RELIC","is_daily":false,"chose_seed":false,"campfire_upgraded":3,"win_rate":0.0,"timestamp":1612947788,"path_taken":["M","?","M","?","M","E","R","E","T","?","M","M","R","?","R","BOSS","M","M","?","?","?","E"],"items_purchased_type":[],"build_version":"2020-12-22","purchased_purges":1,"victory":false,"max_hp_per_floor":[57,57,57,57,57,57,57,57,57,57,57,57,57,57,57,57,57,57,57,57,57,57,57,57],"card_choices":[{"not_picked":["Koishi:Whimsy","Koishi:ReflexRadar"],"picked":"Koishi:CatchAndRose","floor":1},{"not_picked":["Koishi:EmbryosDream","Koishi:FreudianInstinct"],"picked":"Koishi:UnconsciousUprising","floor":3},{"not_picked":["Koishi:UnconsciousUprising","Koishi:StingingMind"],"picked":"Koishi:RacingHeart","floor":4},{"not_picked":["Koishi:Possession","Koishi:UnansweredLove"],"picked":"Koishi:GeneticsOfTheUnconscious","floor":5},{"not_picked":["Koishi:PhantomStrike","Koishi:DNAsFlaw"],"picked":"Koishi:Jaunt","floor":6},{"not_picked":["Koishi:YoukaiPolygraph","Koishi:Ego"],"picked":"Koishi:Untouchable","floor":8},{"not_picked":["Koishi:StrangeCloudFist","Koishi:PhantomStrike","Koishi:ReflexRadar"],"picked":"SKIP","floor":11},{"not_picked":["Koishi:DreadfulBlow","Koishi:RacingHeart"],"picked":"Koishi:Whimsy","floor":12},{"not_picked":["Koishi:EmbryosDream","Koishi:VengefulSpirit"],"picked":"Koishi:PhantomBarrier","floor":14},{"not_picked":["Koishi:ConfinedInnocent","Koishi:Ego"],"picked":"Koishi:MindStellarRelief","floor":16},{"not_picked":["Koishi:DreadfulBlow","Koishi:HeartAttack"],"picked":"Koishi:SpiritedAway","floor":18},{"not_picked":["Koishi:UnconsciousUprising","Koishi:DNAsFlaw+1"],"picked":"Koishi:JumpScare+1","floor":19}],"player_experience":576744,"relics_obtained":[{"floor":6,"key":"TungstenRod"},{"floor":8,"key":"Pantograph"},{"floor":9,"key":"Gremlin Horn"},{"floor":14,"key":"Odd Mushroom"},{"floor":20,"key":"Nilry\u0027s Codex"}],"event_choices":[{"damage_healed":0,"gold_gain":0,"player_choice":"Ignored","damage_taken":0,"max_hp_gain":0,"max_hp_loss":0,"event_name":"Liars Game","floor":10,"gold_loss":0},{"damage_healed":0,"gold_gain":0,"player_choice":"Fought Mushrooms","damage_taken":0,"max_hp_gain":0,"max_hp_loss":0,"event_name":"Mushrooms","floor":14,"gold_loss":0},{"damage_healed":0,"gold_gain":0,"player_choice":"Obtained Book","damage_taken":21,"max_hp_gain":0,"max_hp_loss":0,"event_name":"Cursed Tome","floor":20,"gold_loss":0},{"damage_healed":0,"gold_gain":0,"player_choice":"Joined the Cult","damage_taken":6,"max_hp_gain":0,"max_hp_loss":0,"event_name":"Nest","floor":21,"gold_loss":0,"cards_obtained":["RitualDagger"]},{"damage_healed":0,"gold_gain":0,"player_choice":"Ignored","damage_taken":0,"max_hp_gain":0,"max_hp_loss":0,"event_name":"The Mausoleum","floor":22,"gold_loss":0}],"is_beta":false,"boss_relics":[{"not_picked":["beaked:MawFillet","Snecko Eye"],"picked":"Coffee Dripper"}],"items_purged_floors":[2],"is_endless":false,"potions_floor_spawned":[3,5,11,12,14],"killed_by":"Book of Stabbing","ascension_level":16}}