{"host":"7qdnj56gqvs5vt6s","time":1612943506,"event":{"mods":["BaseMod","Colored Map","Hermit","Hubris","Lobotomy","Minty Spire (QoL Compilation)","Replay The Spire","StSLib"],"gold_per_floor":[117,117,117,242,242,242,196,196,222,222,222,246,260,298,298,298,298],"floor_reached":16,"language":"ENG","playtime":869,"items_purged":[],"score":96,"play_id":"a0a88f36-0abf-43dd-b895-ad67aca7dfb4","local_time":"20210209235146","is_ascension_mode":false,"campfire_choices":[{"data":"hermit:Snapshot","floor":6,"key":"SMITH"},{"data":"hermit:Quickdraw","floor":8,"key":"SMITH"},{"data":"hermit:Quickdraw","floor":10,"key":"SMITH"},{"floor":15,"key":"REST"}],"circlet_count":0,"master_deck":["hermit:Strike_Hermit","hermit:Strike_Hermit","hermit:Strike_Hermit","hermit:Strike_Hermit","hermit:Defend_Hermit","hermit:Defend_Hermit","hermit:Defend_Hermit","hermit:Defend_Hermit","BeautyBeast","hermit:Vantage","Injury","ReplayTheSpireMod:Splinters","hermit:Misfire","hermit:Quickdraw+1","hermit:Headshot+1","hermit:Quickdraw+1","HappyTeddy","hermit:Dive","LittlePrince","hermit:Misfire","Funeral","hermit:Enervate"],"relics":["hermit:Momento","CogitoBucket","Golden Idol","Potion Belt","ReplayTheSpireMod:Shallot","ReplayTheSpireMod:TigerMarble","hubris:Zylophone"],"acts_visited":["Exordium"],"potions_floor_usage":[],"damage_taken":[{"damage":1,"enemies":"Cultist","floor":1,"turns":3},{"damage":0,"enemies":"2 Louse","floor":12,"turns":3},{"damage":0,"enemies":"Small Slimes","floor":13,"turns":2},{"damage":30,"enemies":"Lagavulin","floor":14,"turns":7},{"damage":64,"enemies":"The Guardian","floor":16,"turns":12}],"seed_played":"-5867956765223655430","potions_obtained":[],"is_trial":false,"path_per_floor":["M","?","?","?","T","R","$","R","T","R","?","M","M","E","R","B"],"character_chosen":"HERMIT","items_purchased":["hermit:Quickdraw"],"campfire_rested":1,"item_purchase_floors":[7],"current_hp_per_floor":[74,74,74,74,74,74,74,74,74,74,74,74,74,44,66,3,3],"gold":298,"neow_bonus":"","is_daily":false,"chose_seed":false,"campfire_upgraded":3,"win_rate":0.0,"timestamp":1612943506,"path_taken":["M","?","?","?","?","R","$","R","T","R","?","M","?","E","R","BOSS"],"items_purchased_type":["Card"],"build_version":"2020-12-22","purchased_purges":0,"victory":false,"max_hp_per_floor":[75,75,75,75,75,75,75,75,75,75,75,75,75,75,75,75,75],"card_choices":[{"not_picked":["CherryBlossoms","HeroicMonk"],"picked":"BeautyBeast","floor":1},{"not_picked":["hermit:LowProfile","hermit:NoHoldsBarred"],"picked":"hermit:Vantage","floor":1},{"not_picked":["hermit:LoneWolf","hermit:ItchyTrigger"],"picked":"hermit:Misfire","floor":4},{"not_picked":["hermit:Headshot","hermit:Coalescence"],"picked":"hermit:Quickdraw","floor":4},{"not_picked":["hermit:Dive","hermit:CalledShot"],"picked":"hermit:Headshot","floor":4},{"not_picked":["Murderer","LaLuna"],"picked":"HappyTeddy","floor":12},{"not_picked":["hermit:LowProfile","hermit:LoneWolf"],"picked":"hermit:Dive","floor":12},{"not_picked":["CherryBlossoms","PunishingBird"],"picked":"LittlePrince","floor":13},{"not_picked":["hermit:EyeOfTheStorm","hermit:ShadowCloak"],"picked":"hermit:Misfire","floor":13},{"not_picked":["CherryBlossoms","BigBird"],"picked":"Funeral","floor":14},{"not_picked":["hermit:Shortfuse","hermit:Magnum"],"picked":"hermit:Enervate","floor":14}],"player_experience":51475,"relics_obtained":[{"floor":5,"key":"ReplayTheSpireMod:Shallot"},{"floor":9,"key":"ReplayTheSpireMod:TigerMarble"},{"floor":14,"key":"hubris:Zylophone"}],"event_choices":[{"damage_healed":0,"gold_gain":0,"player_choice":"Take Wound","damage_taken":0,"relics_obtained":["Golden Idol"],"max_hp_gain":0,"max_hp_loss":0,"event_name":"Golden Idol","floor":2,"gold_loss":0,"cards_obtained":["Injury"]},{"damage_healed":0,"gold_gain":0,"player_choice":"Box","damage_taken":0,"relics_obtained":["Potion Belt"],"max_hp_gain":0,"max_hp_loss":0,"event_name":"Big Fish","floor":3,"gold_loss":0,"cards_obtained":["Regret"]},{"damage_healed":0,"gold_gain":0,"player_choice":"Upgraded","damage_taken":0,"max_hp_gain":0,"max_hp_loss":0,"event_name":"Upgrade Shrine","floor":11,"gold_loss":0,"cards_upgraded":["hermit:Headshot"]}],"is_beta":false,"boss_relics":[],"items_purged_floors":[],"is_endless":false,"potions_floor_spawned":[],"killed_by":"The Guardian","ascension_level":0}}