{"host":"Qube","time":1612985237,"event":{"mods":["AchievementEnabler","BaseMod","Colored Map","Colored Powertips","Highlight Path","Minty Spire (QoL Compilation)","Permanent Neow","Quick Restart","Random Character Button","StSLib"],"gold_per_floor":[110,110,120,131,147,176,191,218,218,218,218,218,247,247,247,319,319,338,349,368,368,368],"floor_reached":21,"language":"ENG","playtime":998,"items_purged":[],"score":452,"play_id":"b46080b4-797a-4c4a-ada2-1677dda72ffd","local_time":"20210210112717","is_ascension_mode":true,"campfire_choices":[{"data":"Intimidate","floor":10,"key":"SMITH"},{"data":"Shrug It Off","floor":11,"key":"SMITH"},{"floor":12,"key":"REST"},{"data":"Demon Form","floor":15,"key":"SMITH"}],"circlet_count":0,"master_deck":["AscendersBane","Strike_R","Strike_R","Strike_R","Defend_R","Defend_R","Defend_R","Defend_R","Bash","Pommel Strike","Hemokinesis","Dropkick","Shrug It Off+1","Thunderclap","Seeing Red","Reckless Charge","Intimidate+1","Demon Form+1","Barricade","Heavy Blade","Clothesline","Feel No Pain"],"relics":["Burning Blood","Dead Branch","Juzu Bracelet","WingedGreaves","Magic Flower","Snecko Eye"],"acts_visited":["Exordium","TheCity"],"potions_floor_usage":[4,6,8,13,18,21,21],"damage_taken":[{"damage":14.0,"enemies":"Jaw Worm","floor":1.0,"turns":5.0},{"damage":3.0,"enemies":"Cultist","floor":3.0,"turns":3.0},{"damage":7,"enemies":"Small Slimes","floor":4,"turns":4},{"damage":9,"enemies":"2 Fungi Beasts","floor":5,"turns":5},{"damage":41,"enemies":"Lagavulin","floor":6,"turns":8},{"damage":3,"enemies":"Exordium Wildlife","floor":7,"turns":2},{"damage":2,"enemies":"Gremlin Nob","floor":8,"turns":2},{"damage":14,"enemies":"3 Sentries","floor":13,"turns":6},{"damage":29,"enemies":"The Guardian","floor":16,"turns":8},{"damage":23,"enemies":"2 Thieves","floor":18,"turns":4},{"damage":28,"enemies":"Shell Parasite","floor":19,"turns":4},{"damage":25,"enemies":"3 Cultists","floor":20,"turns":4},{"damage":12,"enemies":"Masked Bandits","floor":21,"turns":1}],"seed_played":"6314887364661076057","potions_obtained":[{"floor":0.0,"key":"EssenceOfSteel"},{"floor":0.0,"key":"EssenceOfSteel"},{"floor":7,"key":"Strength Potion"},{"floor":8,"key":"Weak Potion"},{"floor":16,"key":"FearPotion"},{"floor":18,"key":"PowerPotion"},{"floor":20,"key":"Explosive Potion"}],"is_trial":false,"path_per_floor":["M","?","M","M","M","E","M","E","T","R","R","R","E","?","R","B",null,"M","M","M","?"],"character_chosen":"IRONCLAD","items_purchased":[],"campfire_rested":1,"item_purchase_floors":[],"current_hp_per_floor":[60,60,63,62,59,24,27,31,31,31,31,53,45,38,38,18,61,47,28,12,0,0],"gold":368,"neow_bonus":"THREE_SMALL_POTIONS","is_daily":false,"chose_seed":false,"campfire_upgraded":3,"win_rate":0.0,"timestamp":1612985237,"path_taken":["M","?","M","?","M","E","M","E","T","R","R","R","E","?","R","BOSS","M","M","M","?"],"items_purchased_type":[],"build_version":"2020-12-18","purchased_purges":0,"victory":false,"max_hp_per_floor":[75,75,75,75,75,75,75,75,75,75,75,75,75,75,75,75,75,75,75,75,75,75],"card_choices":[{"not_picked":["Wild Strike","Infernal Blade"],"picked":"Pommel Strike","floor":1.0},{"not_picked":["Clash","Dual Wield"],"picked":"Dropkick","floor":3.0},{"not_picked":["Thunderclap","Clash"],"picked":"Shrug It Off","floor":4},{"not_picked":["Shrug It Off","Wild Strike"],"picked":"Thunderclap","floor":5},{"not_picked":["Anger","Warcry"],"picked":"Seeing Red","floor":6},{"not_picked":["Anger","Heavy Blade"],"picked":"Reckless Charge","floor":7},{"not_picked":["Anger","Infernal Blade"],"picked":"Intimidate","floor":8},{"not_picked":["Body Slam","Warcry"],"picked":"Demon Form","floor":13},{"not_picked":["Juggernaut","Demon Form"],"picked":"Barricade","floor":16},{"not_picked":["Anger","Metallicize"],"picked":"Heavy Blade","floor":18},{"not_picked":["Burning Pact","Metallicize"],"picked":"Clothesline","floor":19},{"not_picked":["Clash","Sword Boomerang"],"picked":"Feel No Pain","floor":20}],"player_experience":1129340,"relics_obtained":[{"floor":6,"key":"Dead Branch"},{"floor":8,"key":"Juzu Bracelet"},{"floor":9,"key":"WingedGreaves"},{"floor":13,"key":"Magic Flower"}],"event_choices":[{"damage_healed":0.0,"max_hp_gain":0.0,"max_hp_loss":0.0,"gold_gain":0.0,"cards_transformed":["Strike_R"],"event_name":"Transmorgrifier","player_choice":"Transformed","floor":2.0,"gold_loss":0.0,"damage_taken":0.0,"cards_obtained":["Hemokinesis"]},{"cards_removed":["Strike_R"],"damage_healed":0,"gold_gain":0,"player_choice":"Card Removal","damage_taken":7,"max_hp_gain":0,"max_hp_loss":0,"event_name":"Golden Wing","floor":14,"gold_loss":0},{"damage_healed":0,"gold_gain":0,"player_choice":"Fought Bandits","damage_taken":0,"max_hp_gain":0,"max_hp_loss":0,"event_name":"Masked Bandits","floor":21,"gold_loss":0}],"is_beta":true,"boss_relics":[{"not_picked":["SacredBark","Sozu"],"picked":"Snecko Eye"}],"items_purged_floors":[],"is_endless":false,"potions_floor_spawned":[1,7,8,16,18,20],"killed_by":"Masked Bandits","ascension_level":20}}