{"host":"87fdiiwflhrwsj8a","time":1612976344,"event":{"mods":["Aspiration","BaseMod","Better Match","Better Third Choice","BetterRewards","Colored Map","Conspire","GifTheSpireLib","Infinite Spire","Minty Spire (QoL Compilation)","Quick Restart","Relic Sorter","Replay The Spire","StSLib","Stuff the Spire","The Marked","The Servant 0.9.4"],"gold_per_floor":[114,289,289,146,171,200,200,3,3,3,36,36,46,81,139,234,234,252,252,280,138,152,179,192,192,263,263,263,298,333,333,333,432,532,544,544,544,594,594,627,627,661,731,731,745,745,780,604,604,604,604,604,439,470,470],"floor_reached":56,"language":"ENG","playtime":3103,"items_purged":["Doubt"],"score":2781,"play_id":"c7457ca7-c422-4526-a7d8-ce54a9dd5dd8","local_time":"20210210115904","is_ascension_mode":true,"campfire_choices":[{"floor":7,"key":"REST"},{"floor":10,"key":"REST"},{"data":"ReplayTheSpireMod:Haul","floor":25,"key":"SMITH"},{"data":"1","floor":27,"key":"LIFT"},{"data":"2","floor":32,"key":"LIFT"},{"floor":49,"key":"RECALL"},{"data":"3","floor":52,"key":"LIFT"}],"circlet_count":0,"master_deck":["AscendersBane","Strike_S","Defend_S","Defend_S","Defend_S","KidneyShot","Exchange+1","SurpressingFire+1","Ricochet+1","Starlight+1","Spin+1","Rearm","infinitespire:Punishment+1","DoubleEdge+1","LightFlow+1","Read+1","Initiator+1","Solidify+1","BottledTime","ReplayTheSpireMod:Haul+1","Rearm","FlawlessForm","Solidify+1","Reset","DoubleEdge+1","DoubleEdge+1","Spin+1","Solidify+1","Rearm+1","Reset+1","LightFlow+1","GearUp+1","Flash of Steel+1","Finesse","Mind Blast+1","SurpressingFire+1","Starlight+1","SurpressingFire+1","Enlightenment+1","SurpressingFire+1"],"relics":["Uniform","Molten Egg 2","Lee\u0027s Waffle","StuffTheSpire:OldFever","Juzu Bracelet","OldScarf","conspire:TreasureMap","Shuriken","Replay:Ringing Soul","infinitespire:Lucky Rock","Astrolabe","Durian","Black Star","Bottled Lightning","infinitespire:CheckeredPen","Girya","Red Mask","Oddly Smooth Stone","PreservedInsect","Replay:Wanted Poster","TungstenRod","StuffTheSpire:Experiment12","Bag of Marbles","Replay:Bottled Flurry","Prayer Wheel","Blood Vial","Replay:Bottled Eggs","Centennial Puzzle","Golden Egg","Boot","DollysMirror","Art of War","Replay:Baseball"],"acts_visited":["Exordium","TheCity","TheBeyond","TheEnding"],"potions_floor_usage":[6,18,55,55,55],"damage_taken":[{"damage":3.0,"enemies":"Jaw Worm","floor":1.0,"turns":5.0},{"damage":52,"enemies":"Replay:BlueRogue","floor":6,"turns":15},{"damage":15,"enemies":"3 Sentries","floor":11,"turns":2},{"damage":3,"enemies":"conspire:RoseBush","floor":13,"turns":1},{"damage":0,"enemies":"Gremlin Nob","floor":14,"turns":2},{"damage":0,"enemies":"Slime Boss","floor":16,"turns":3},{"damage":10,"enemies":"conspire:FuzzyDice","floor":18,"turns":2},{"damage":0,"enemies":"Spheric Guardian","floor":22,"turns":2},{"damage":9,"enemies":"conspire:SneckoGhost","floor":23,"turns":5},{"damage":0,"enemies":"Cultist and Chosen","floor":24,"turns":2},{"damage":0,"enemies":"Masked Bandits","floor":29,"turns":1},{"damage":4,"enemies":"Slavers","floor":30,"turns":2},{"damage":17,"enemies":"conspire:MysteriousRune","floor":33,"turns":5},{"damage":0,"enemies":"3 Darklings","floor":35,"turns":3},{"damage":0,"enemies":"Mind Bloom Boss Battle","floor":38,"turns":2},{"damage":0,"enemies":"Giant Head","floor":40,"turns":2},{"damage":0,"enemies":"R_Hoarder","floor":42,"turns":2},{"damage":0,"enemies":"3 Shapes","floor":45,"turns":1},{"damage":0,"enemies":"Giant Head","floor":47,"turns":3},{"damage":0,"enemies":"conspire:OrnateMirror","floor":50,"turns":5},{"damage":0,"enemies":"Shield and Spear","floor":54,"turns":1},{"damage":0,"enemies":"The Heart","floor":55,"turns":4}],"seed_played":"4517963362639097368","potions_obtained":[{"floor":6,"key":"SkillPotion"},{"floor":13,"key":"PowerPotion"},{"floor":14,"key":"AttackPotion"},{"floor":20,"key":"SkillPotion"},{"floor":36,"key":"CultistPotion"}],"is_trial":false,"path_per_floor":["M","?","?","$","T","E","R","$","T","R","E","AVR","M","E","R_BF","B",null,"M","AVR","?","$","M","E","M","R","T","R","?","?","E","?","R","B",null,"M","?","?","?","?","E","T","E","T","AVR","M","?","E","$","R","B",null,"R","$","E","B",null],"character_chosen":"THE_SERVANT","items_purchased":["Molten Egg 2","Lee\u0027s Waffle","SurpressingFire","Fruit Juice","StuffTheSpire:OldFever","conspire:TreasureMap","Spin+1","FlawlessForm","Starlight+1","DollysMirror","Enlightenment","SurpressingFire"],"campfire_rested":2,"item_purchase_floors":[0,0,0,0,4,8,8,21,48,48,53,53],"current_hp_per_floor":[69,69,55,55,55,8,31,31,31,54,39,42,42,42,42,45,79,72,80,58,61,64,58,61,61,61,61,61,64,63,63,63,49,105,108,108,108,111,111,111,111,111,111,111,116,110,115,118,118,120,137,137,140,142,144],"gold":470,"neow_bonus":"","is_daily":false,"chose_seed":false,"campfire_upgraded":1,"win_rate":0.0,"timestamp":1612976344,"path_taken":["M","?","?","?","?","E","R","$","T","R","E","AVR","M","E","R_BF","BOSS","M","AVR","?","$","M","E","M","R","T","R","?","?","E","?","R","BOSS","M","?","?","?","?","E","?","E","T","AVR","M","?","E","$","R","BOSS","R","$","E","BOSS"],"items_purchased_type":["Relic","Relic","Card","Potion","Relic","Relic","Card","Card","Card","Relic","Card","Card"],"build_version":"2020-12-22","purchased_purges":1,"victory":true,"max_hp_per_floor":[72,72,72,72,72,77,77,77,77,77,77,80,83,83,83,86,89,92,100,103,106,109,112,115,115,115,115,115,118,121,121,121,124,124,127,127,127,130,130,130,130,130,130,130,133,136,139,142,142,142,142,142,145,145,145],"card_choices":[{"not_picked":["Alleviate","FastForward"],"picked":"Ricochet+1","floor":1.0},{"not_picked":["ShatteredReality+1","Revamp"],"picked":"Starlight+1","floor":6},{"not_picked":["Replace","Spin+1"],"picked":"Rearm","floor":11},{"not_picked":["ForgedInTime","ShatteredReality+1"],"picked":"DoubleEdge+1","floor":13},{"not_picked":["TimeWarp+1","Shuttle","FastForward"],"picked":"SKIP","floor":14},{"not_picked":["TimeWarp+1","Shuttle","FastForward"],"picked":"SKIP","floor":14},{"not_picked":["Sunlight+1","Dilation"],"picked":"LightFlow+1","floor":16},{"not_picked":["Starlight+1","Potential+1"],"picked":"BottledTime","floor":18},{"not_picked":["FanOfKnives+1","Collapse+1"],"picked":"Rearm","floor":20},{"not_picked":["BottledTime","DoubleEdge+1"],"picked":"Solidify","floor":22},{"not_picked":["DancingSilver","InstantArmor"],"picked":"Reset","floor":23},{"not_picked":["Unruled+1","Advance+1"],"picked":"DoubleEdge+1","floor":24},{"not_picked":["Unruled+1","TimeWarp+1"],"picked":"DoubleEdge+1","floor":29},{"not_picked":["Gouge+1","Revamp"],"picked":"Spin+1","floor":30},{"not_picked":["Dilation","Initiator+1"],"picked":"Solidify","floor":33},{"not_picked":["Spin+1","MoonPhase"],"picked":"Rearm+1","floor":35},{"not_picked":["Alleviate+1","Replace"],"picked":"Reset+1","floor":38},{"not_picked":["Ricochet+1","Reset+1","Read"],"picked":"SKIP","floor":40},{"not_picked":["Rewind+1","DualDimension","StarChef+1"],"picked":"SKIP","floor":42},{"not_picked":["Ricochet+1","ReturningBlade+1"],"picked":"LightFlow+1","floor":45},{"not_picked":["Rearm+1","Desolation+1"],"picked":"GearUp+1","floor":45},{"not_picked":["PanicButton","Bandage Up"],"picked":"Flash of Steel+1","floor":46},{"not_picked":["ReplayTheSpireMod:Uncanny Aura","Impatience"],"picked":"Finesse","floor":46},{"not_picked":["ReplayTheSpireMod:Brewmster","Impatience"],"picked":"Mind Blast+1","floor":46},{"not_picked":["Starlight+1","Defy"],"picked":"SurpressingFire+1","floor":47},{"not_picked":["Revamp","MoonPhase+1","ShatteredReality+1"],"picked":"SKIP","floor":54}],"player_experience":2657703,"relics_obtained":[{"floor":5,"key":"Juzu Bracelet"},{"floor":6,"key":"OldScarf"},{"floor":11,"key":"Shuriken"},{"floor":14,"key":"infinitespire:Lucky Rock"},{"floor":23,"key":"Bottled Lightning"},{"floor":23,"key":"infinitespire:CheckeredPen"},{"floor":26,"key":"Girya"},{"floor":29,"key":"Red Mask"},{"floor":30,"key":"Oddly Smooth Stone"},{"floor":30,"key":"PreservedInsect"},{"floor":38,"key":"TungstenRod"},{"floor":40,"key":"StuffTheSpire:Experiment12"},{"floor":40,"key":"Bag of Marbles"},{"floor":41,"key":"Replay:Bottled Flurry"},{"floor":42,"key":"Prayer Wheel"},{"floor":42,"key":"Blood Vial"},{"floor":43,"key":"Replay:Bottled Eggs"},{"floor":47,"key":"Golden Egg"},{"floor":47,"key":"Boot"},{"floor":54,"key":"Art of War"},{"floor":54,"key":"Replay:Baseball"}],"event_choices":[{"damage_healed":0.0,"max_hp_gain":0.0,"max_hp_loss":0.0,"gold_gain":175.0,"event_name":"betterThird:BetterSerpent","player_choice":"AGREE","floor":2.0,"gold_loss":0.0,"damage_taken":114.0},{"damage_healed":69,"gold_gain":0,"player_choice":"Upgrade","damage_taken":14,"max_hp_gain":0,"max_hp_loss":72,"event_name":"betterThird:BetterShining","floor":3,"gold_loss":0,"cards_upgraded":["SurpressingFire","Exchange"]},{"damage_healed":0,"gold_gain":0,"player_choice":"Bought 0 Potions","damage_taken":0,"max_hp_gain":0,"max_hp_loss":0,"event_name":"The Woman in Blue","floor":28,"gold_loss":0},{"damage_healed":0,"gold_gain":0,"player_choice":"Fought Bandits","damage_taken":0,"max_hp_gain":0,"max_hp_loss":0,"event_name":"Masked Bandits","floor":29,"gold_loss":0},{"damage_healed":0,"gold_gain":0,"player_choice":"Got Potions","damage_taken":0,"max_hp_gain":0,"max_hp_loss":0,"event_name":"Lab","floor":36,"gold_loss":0},{"cards_removed":["Defend_S"],"damage_healed":0,"gold_gain":0,"player_choice":"Removed Skill","damage_taken":0,"max_hp_gain":0,"max_hp_loss":0,"event_name":"Falling","floor":37,"gold_loss":0},{"damage_healed":0,"gold_gain":0,"player_choice":"Fight","damage_taken":0,"max_hp_gain":0,"max_hp_loss":0,"event_name":"MindBloom","floor":38,"gold_loss":0},{"damage_healed":0,"gold_gain":0,"player_choice":"Leave","damage_taken":0,"max_hp_gain":0,"max_hp_loss":0,"event_name":"conspire:Investor","floor":39,"gold_loss":0},{"damage_healed":0,"gold_gain":0,"player_choice":"Memory 3","damage_taken":10,"max_hp_gain":0,"max_hp_loss":0,"event_name":"SensoryStone","floor":46,"gold_loss":0}],"is_beta":false,"boss_relics":[{"not_picked":["Pandora\u0027s Box","Cursed Key"],"picked":"Astrolabe"},{"not_picked":["ReplayTheSpireMod:DimensionalGlitch","Runic Dome"],"picked":"Replay:Wanted Poster"}],"items_purged_floors":[12],"is_endless":false,"potions_floor_spawned":[6,13,14,16,22,33,35,38,45,54],"ascension_level":10}}