{"host":"6hzrz31j95f2y1pa","time":1612957594,"event":{"mods":["BaseMod","Colored Map","Downfall","Minty Spire (QoL Compilation)","StSLib"],"gold_per_floor":[0,20,33,33,33,33,59,84,84,100,128,28,13,26,40,140,140,140,155,155,155,105,5,5,5,5,72,127,153,176,206,231,344,356,368,432,444,456,520,532,544,630,701,726,773,785,697,740,762,774,786,866,80,80,80,80],"floor_reached":57,"language":"ENG","playtime":3167,"items_purged":["Slimebound:Strike_Slimebound","Slimebound:Tackle"],"score":1472,"play_id":"78608f7e-c644-4cf1-a564-a66a75865f79","local_time":"20210210064634","is_ascension_mode":true,"campfire_choices":[{"data":"Slimebound:Split","floor":1.0,"key":"SMITH"},{"data":"Slimebound:SplitSpecialist","floor":6.0,"key":"SMITH"},{"data":"Slimebound:SelfFormingGoo","floor":9.0,"key":"SMITH"},{"data":"Slimebound:GoopSpray","floor":12.0,"key":"SMITH"},{"floor":18.0,"key":"RECALL"},{"data":"Slimebound:CorrosiveSpit","floor":23,"key":"SMITH"},{"floor":35,"key":"REST"},{"floor":47,"key":"REST"},{"floor":54,"key":"REST"}],"circlet_count":0,"master_deck":["Slimebound:Defend_Slimebound","Slimebound:Defend_Slimebound","Slimebound:Defend_Slimebound","Slimebound:Split+1","Slimebound:CorrosiveSpit+1","Slimebound:SplitMire","Slimebound:SlimeTap","Slimebound:GoopSpray+1","Slimebound:SplitSpecialist+1","Slimebound:SelfFormingGoo+1","Slimebound:LeechingTouch","Slimebound:RallyTheTroops","Slimebound:Darklings","Slimebound:SplitSpecialist","Slimebound:SplitSpecialist+1","Slimebound:PressTheAttack+1","Slimebound:LeadByExample","Slimebound:Repurpose+1","Slimebound:FirmFortitude","expansioncontent:Chronoboost","Slimebound:RallyTheTroops","Slimebound:DouseInSlime","Slimebound:LeechingTouch"],"relics":["Slimebound:AbsorbEndCombat","Gremlin Horn","Slimebound:AggressiveSlimeRelic","Omamori","downfall:HeartBlessingBlue","Calling Bell","Juzu Bracelet","Turnip","Mummified Hand","downfall:KnowingSkull","downfall:HeartBlessingRed","Ice Cream","Necronomicon","Smiling Mask","MawBank","Fusion Hammer","Frozen Egg 2","Sundial","InkBottle","downfall:HeartBlessingGreen","hexamod:Sixitude","Akabeko","Ornamental Fan","Vajra"],"acts_visited":["Exordium","TheCity","TheBeyond","TheEnding"],"potions_floor_usage":[27,29,29,30,32,50,50,55,55,56,56,56],"damage_taken":[{"damage":0.0,"enemies":"Small Slimes","floor":2.0,"turns":2.0},{"damage":2.0,"enemies":"Jaw Worm","floor":3.0,"turns":3.0},{"damage":3.0,"enemies":"Lagavulin","floor":8.0,"turns":7.0},{"damage":0.0,"enemies":"Cultist","floor":10.0,"turns":3.0},{"damage":10.0,"enemies":"3 Sentries","floor":11.0,"turns":8.0},{"damage":0.0,"enemies":"downfall:FleeingMerchant","floor":13.0,"turns":4.0},{"damage":3.0,"enemies":"Large Slime","floor":14.0,"turns":4.0},{"damage":3.0,"enemies":"Blue Slaver","floor":15.0,"turns":3.0},{"damage":0.0,"enemies":"SI_SHIV_ARCHETYPE","floor":16.0,"turns":5.0},{"damage":5.0,"enemies":"3 Byrds","floor":19.0,"turns":5.0},{"damage":6,"enemies":"downfall:FleeingMerchant","floor":22,"turns":4},{"damage":13,"enemies":"Gremlin Leader","floor":27,"turns":4},{"damage":10,"enemies":"Shell Parasite","floor":28,"turns":4},{"damage":32,"enemies":"Book of Stabbing","floor":29,"turns":3},{"damage":15,"enemies":"Centurion and Healer","floor":30,"turns":5},{"damage":1,"enemies":"Snecko","floor":31,"turns":5},{"damage":2,"enemies":"Snake Plant","floor":32,"turns":3},{"damage":30,"enemies":"DF_ARCHETYPE_CLAW","floor":33,"turns":6},{"damage":3,"enemies":"3 Shapes","floor":36,"turns":4},{"damage":29,"enemies":"3 Darklings","floor":39,"turns":4},{"damage":17,"enemies":"Giant Head","floor":42,"turns":8},{"damage":13,"enemies":"Transient","floor":43,"turns":5},{"damage":2,"enemies":"Sphere and 2 Shapes","floor":44,"turns":4},{"damage":0,"enemies":"Reptomancer","floor":45,"turns":4},{"damage":0,"enemies":"Giant Head","floor":48,"turns":6},{"damage":3,"enemies":"4 Shapes","floor":49,"turns":3},{"damage":53,"enemies":"IC_BLOCK_ARCHETYPE","floor":50,"turns":8},{"damage":61,"enemies":"downfall:CharBossMerchant","floor":52,"turns":6},{"damage":5,"enemies":"downfall:NeowBoss","floor":55,"turns":11},{"damage":39,"enemies":"downfall:NeowBossFinal","floor":56,"turns":11}],"seed_played":"-7042891982816469237","potions_obtained":[{"floor":3.0,"key":"Weak Potion"},{"floor":10.0,"key":"PowerPotion"},{"floor":14.0,"key":"PowerPotion"},{"floor":27,"key":"DuplicationPotion"},{"floor":29,"key":"Ancient Potion"},{"floor":30,"key":"Strength Potion"},{"floor":43,"key":"SteroidPotion"},{"floor":52,"key":"Block Potion"}],"is_trial":false,"path_per_floor":["R","M","M","?","?","R","T","E","R","M","E","R","$","M","M","B",null,"R","M","?","?","$","R","T","?","?","E","M","E","M","M","M","B",null,"R","M","?","?","M","?","T","E","M","M","E","?","R","E","M","B",null,"E","$","R","B","B",null],"character_chosen":"SLIMEBOUND","items_purchased":["Slimebound:SlimyTonguePotion","Regen Potion","Slimebound:DouseInSlime","Slimebound:LeechingTouch","Ornamental Fan","Vajra"],"campfire_rested":3,"item_purchase_floors":[53,53,53,53,53,53],"current_hp_per_floor":[65,65,65,47,47,47,47,50,50,52,46,56,60,65,66,74,75,75,75,69,69,69,69,69,69,53,52,46,35,24,31,35,13,75,75,75,75,75,50,50,50,41,30,32,40,40,62,70,71,26,75,22,22,44,62,31],"gold":80,"neow_bonus":"TRANSFORM_TWO_CARDS","is_daily":false,"chose_seed":false,"campfire_upgraded":5,"win_rate":0.0,"timestamp":1612957594,"path_taken":["R","M","M","?","?","R","T","E","R","M","E","R","$","M","M","BOSS","R","M","?","?","$","R","T","?","?","E","M","E","M","M","M","BOSS","R","M","?","?","M","?","T","E","M","M","E","?","R","E","M","BOSS","E","$","R","BOSS","BOSS"],"items_purchased_type":["Potion","Potion","Card","Card","Relic","Relic"],"build_version":"2020-12-22","purchased_purges":2,"victory":true,"max_hp_per_floor":[65,65,65,65,65,65,65,65,65,65,65,75,75,75,75,75,75,75,75,75,75,75,75,75,75,75,75,75,75,75,75,75,75,75,75,75,75,75,75,75,75,75,75,75,75,75,75,75,75,75,75,75,75,75,75,75],"card_choices":[{"not_picked":["Slimebound:SamplingLick","Slimebound:LeechingTouch"],"picked":"Slimebound:GoopSpray","floor":2.0},{"not_picked":["Slimebound:SplitBruiser","Slimebound:SamplingLick"],"picked":"Slimebound:SplitSpecialist","floor":3.0},{"not_picked":["Slimebound:SlimeBrawl","Slimebound:SlimeSpikes"],"picked":"Slimebound:SelfFormingGoo","floor":8.0},{"not_picked":["Slimebound:TongueLash","Slimebound:Chomp","Slimebound:HauntingLick"],"picked":"SKIP","floor":10.0},{"not_picked":["Slimebound:Dissolve","Slimebound:FinishingTackle","Slimebound:Chomp"],"picked":"SKIP","floor":11.0},{"not_picked":["Slimebound:Dissolve","Slimebound:FinishingTackle","Slimebound:Chomp"],"picked":"SKIP","floor":11.0},{"not_picked":["Slimebound:LivingWall","Slimebound:SplitLeeching"],"picked":"Slimebound:LeechingTouch","floor":13.0},{"not_picked":["Slimebound:Dissolve","Slimebound:SlimeSpikes","Slimebound:LivingWall"],"picked":"SKIP","floor":14.0},{"not_picked":["Slimebound:Prepare","Slimebound:LeechingTouch"],"picked":"Slimebound:RallyTheTroops","floor":15.0},{"not_picked":["Slimebound:Teamwork","Slimebound:Overexert"],"picked":"Slimebound:Darklings","floor":16.0},{"not_picked":["Slimebound:GoopSpray","Slimebound:SlimeTap"],"picked":"Slimebound:SplitSpecialist","floor":19.0},{"not_picked":["Slimebound:LivingWall","Slimebound:RejuvenatingLick"],"picked":"Slimebound:SplitSpecialist+1","floor":22},{"not_picked":["Slimebound:Overexert","Slimebound:LeechingTouch","Slimebound:ItLooksTasty"],"picked":"SKIP","floor":27},{"not_picked":["Slimebound:Gluttony+1","Slimebound:SplitLeeching"],"picked":"Slimebound:PressTheAttack+1","floor":28},{"not_picked":["Slimebound:TagTeam","Slimebound:FinishingTackle"],"picked":"Slimebound:LeadByExample","floor":29},{"not_picked":["Slimebound:ItLooksTasty","Slimebound:SlimeSpikes","Slimebound:Dissolve"],"picked":"SKIP","floor":30},{"not_picked":["Slimebound:RollThrough","Slimebound:Dissolve"],"picked":"Slimebound:Repurpose+1","floor":31},{"not_picked":["Slimebound:SplitMire+1","Slimebound:Schlurp","Slimebound:SlimeSpikes+1"],"picked":"SKIP","floor":32},{"not_picked":["Slimebound:SelfFormingGoo","Slimebound:DouseInSlime"],"picked":"Slimebound:FirmFortitude","floor":33},{"not_picked":["Slimebound:Recollect","Slimebound:SplitBruiser+1","Slimebound:HauntingLick+1"],"picked":"SKIP","floor":36},{"not_picked":["Slimebound:Repurpose","Slimebound:LeadByExample+1"],"picked":"Slimebound:LivingWall+1","floor":39},{"not_picked":["expansioncontent:PolyBeam","expansioncontent:InvincibleStrength"],"picked":"expansioncontent:Chronoboost","floor":40},{"not_picked":["Slimebound:GoopTackle+1","Slimebound:FinishingTackle+1","Slimebound:ItLooksTasty+1"],"picked":"SKIP","floor":42},{"not_picked":["Slimebound:ProtectTheBoss+1","Slimebound:SlimeBrawl","Slimebound:Nibble+1"],"picked":"SKIP","floor":43},{"not_picked":["Slimebound:Dissolve+1","Slimebound:Darklings","Slimebound:LeadByExample+1"],"picked":"SKIP","floor":44},{"not_picked":["Slimebound:ComboTackle+1","Slimebound:GoopTackle+1","Slimebound:SlimeBrawl"],"picked":"SKIP","floor":45},{"not_picked":["Slimebound:Schlurp","Slimebound:GoopTackle+1","Slimebound:SlimeSpikes+1"],"picked":"SKIP","floor":48},{"not_picked":["Slimebound:ProtectTheBoss+1","Slimebound:RejuvenatingLick"],"picked":"Slimebound:RallyTheTroops","floor":49},{"not_picked":["Slimebound:ComboTackle","Slimebound:LeechingTouch+1","Slimebound:HauntingLick+1"],"picked":"SKIP","floor":52}],"player_experience":1416822,"relics_obtained":[{"floor":8.0,"key":"Slimebound:AggressiveSlimeRelic"},{"floor":11.0,"key":"Omamori"},{"floor":17.0,"key":"Juzu Bracelet"},{"floor":17.0,"key":"Turnip"},{"floor":17.0,"key":"Mummified Hand"},{"floor":24,"key":"Ice Cream"},{"floor":26,"key":"Necronomicon"},{"floor":27,"key":"Smiling Mask"},{"floor":29,"key":"MawBank"},{"floor":41,"key":"Frozen Egg 2"},{"floor":42,"key":"Sundial"},{"floor":45,"key":"InkBottle"},{"floor":48,"key":"hexamod:Sixitude"},{"floor":52,"key":"Akabeko"}],"event_choices":[{"damage_healed":0.0,"max_hp_gain":0.0,"max_hp_loss":0.0,"gold_gain":0.0,"event_name":"Scrap Ooze","player_choice":"Success","floor":4.0,"gold_loss":0.0,"damage_taken":18.0,"relics_obtained":["Gremlin Horn"]},{"cards_removed":["Slimebound:Strike_Slimebound"],"damage_healed":0.0,"max_hp_gain":0.0,"max_hp_loss":0.0,"gold_gain":0.0,"event_name":"The Cleric","player_choice":"Card Removal","floor":5.0,"gold_loss":0.0,"damage_taken":0.0},{"damage_healed":0.0,"max_hp_gain":0.0,"max_hp_loss":0.0,"gold_gain":0.0,"event_name":"Ghosts","player_choice":"Ignored","floor":21.0,"gold_loss":0.0,"damage_taken":0.0},{"damage_healed":0,"gold_gain":0,"player_choice":"Ignored","damage_taken":0,"max_hp_gain":0,"max_hp_loss":0,"event_name":"Mysterious Sphere","floor":37,"gold_loss":0},{"cards_removed":["Slimebound:LivingWall"],"damage_healed":0,"gold_gain":0,"player_choice":"Removed Skill","damage_taken":0,"max_hp_gain":0,"max_hp_loss":0,"event_name":"Falling","floor":46,"gold_loss":0}],"is_beta":false,"boss_relics":[{"not_picked":["Runic Dome","SacredBark"],"picked":"Calling Bell"},{"not_picked":["bronze:MakeshiftBattery","Slimebound:TarBlob"],"picked":"Fusion Hammer"}],"items_purged_floors":[22,53],"is_endless":false,"potions_floor_spawned":[3,10,14,15,27,29,30,43,45,52],"ascension_level":2}}