{"host":"6q94iy5iz6612v89","time":1612918457,"event":{"mods":["2.2 Compatiblity","AchievementEnabler","BaseMod","Colored Map","DeckTracker","Keyboard Shortcuts","Minty Spire (QoL Compilation)","Permanent Neow","StSLib","SuperFastMode"],"gold_per_floor":[119,119,139,157,172,172,188,215,215,215,232,246,261,279,279,350,350,366,51,65,82,98,98,108,158,158,158,158,158],"floor_reached":28,"language":"KOR","playtime":1089,"items_purged":["Strike_G"],"score":456,"play_id":"9c927732-1bcc-4d0a-a8fc-129e2d94af1d","local_time":"20210210095417","is_ascension_mode":true,"campfire_choices":[{"data":"Dagger Spray","floor":6,"key":"SMITH"},{"data":"Neutralize","floor":10,"key":"SMITH"},{"data":"Deadly Poison","floor":15,"key":"SMITH"},{"floor":23,"key":"REST"},{"floor":27,"key":"REST"}],"circlet_count":0,"master_deck":["AscendersBane","Strike_G","Strike_G","Strike_G","Strike_G","Defend_G","Defend_G","Defend_G","Defend_G","Defend_G","Survivor","Neutralize+1","Dagger Spray+1","Dash","Footwork+1","Predator","Blur","Deadly Poison+1","Corpse Explosion","Noxious Fumes+1","Calculated Gamble","Leg Sweep"],"relics":["Ring of the Snake","Frozen Egg 2","White Beast Statue","StrikeDummy","Cursed Key","TheAbacus"],"acts_visited":["Exordium","TheCity"],"potions_floor_usage":[0,5,16,20,21,22,28,28],"damage_taken":[{"damage":4,"enemies":"Small Slimes","floor":1,"turns":5},{"damage":1,"enemies":"Cultist","floor":3,"turns":5},{"damage":0,"enemies":"2 Louse","floor":4,"turns":3},{"damage":0,"enemies":"Lots of Slimes","floor":5,"turns":1},{"damage":12,"enemies":"Exordium Wildlife","floor":7,"turns":5},{"damage":17,"enemies":"3 Sentries","floor":8,"turns":8},{"damage":0,"enemies":"Looter","floor":11,"turns":2},{"damage":1,"enemies":"3 Louse","floor":12,"turns":3},{"damage":1,"enemies":"Blue Slaver","floor":13,"turns":3},{"damage":3,"enemies":"Looter","floor":14,"turns":3},{"damage":19,"enemies":"The Guardian","floor":16,"turns":11},{"damage":16,"enemies":"Spheric Guardian","floor":18,"turns":6},{"damage":4,"enemies":"3 Byrds","floor":20,"turns":4},{"damage":19,"enemies":"Shelled Parasite and Fungi","floor":21,"turns":6},{"damage":7,"enemies":"Centurion and Healer","floor":22,"turns":6},{"damage":2,"enemies":"Sentry and Sphere","floor":24,"turns":6},{"damage":50,"enemies":"Gremlin Leader","floor":28,"turns":6}],"seed_played":"-309470678404221556","potions_obtained":[{"floor":0,"key":"EntropicBrew"},{"floor":4,"key":"Dexterity Potion"},{"floor":7,"key":"LiquidBronze"},{"floor":16,"key":"SneckoOil"},{"floor":18,"key":"Explosive Potion"},{"floor":20,"key":"PowerPotion"},{"floor":21,"key":"ColorlessPotion"},{"floor":22,"key":"SkillPotion"},{"floor":24,"key":"Fire Potion"}],"is_trial":false,"path_per_floor":["M","?","M","M","M","R","M","E","T","R","M","M","M","M","R","B",null,"M","$","M","M","M","R","M","?","T","R","E"],"character_chosen":"THE_SILENT","items_purchased":["Noxious Fumes+1","TheAbacus"],"campfire_rested":2,"item_purchase_floors":[19,19],"current_hp_per_floor":[55,55,54,54,54,54,42,25,25,25,25,24,23,20,20,1,50,34,34,30,11,4,23,21,21,21,40,0,0],"gold":158,"neow_bonus":"THREE_SMALL_POTIONS","is_daily":false,"chose_seed":false,"campfire_upgraded":3,"win_rate":0.0,"timestamp":1612918457,"path_taken":["M","?","M","M","M","R","?","E","T","R","M","M","M","M","R","BOSS","M","$","M","M","M","R","M","?","T","R","E"],"items_purchased_type":["Card","Relic"],"build_version":"2020-12-22","purchased_purges":1,"victory":false,"max_hp_per_floor":[66,66,66,66,66,66,66,66,66,66,66,66,66,66,66,66,66,66,66,66,66,66,66,66,66,66,66,66,66],"card_choices":[{"not_picked":["Flying Knee","Caltrops"],"picked":"Dagger Spray","floor":1},{"not_picked":["Finisher","Backflip"],"picked":"Dash","floor":3},{"not_picked":["Dagger Spray","Slice"],"picked":"Footwork+1","floor":4},{"not_picked":["Distraction","Prepared"],"picked":"Predator","floor":5},{"not_picked":["Flechettes","PiercingWail","Caltrops+1"],"picked":"SKIP","floor":7},{"not_picked":["Dodge and Roll","Outmaneuver"],"picked":"Blur","floor":8},{"not_picked":["Flying Knee","Escape Plan"],"picked":"Deadly Poison","floor":11},{"not_picked":["Slice","Dash","Dagger Throw"],"picked":"SKIP","floor":12},{"not_picked":["Tactician","Unload","Poisoned Stab"],"picked":"SKIP","floor":13},{"not_picked":["Heel Hook","Prepared","Deadly Poison"],"picked":"SKIP","floor":14},{"not_picked":["Heel Hook","Prepared","Deadly Poison"],"picked":"SKIP","floor":14},{"not_picked":["Malaise","Die Die Die"],"picked":"Corpse Explosion","floor":16},{"not_picked":["Slice","Deflect","Poisoned Stab"],"picked":"SKIP","floor":18},{"not_picked":["Flying Knee","Dagger Spray","Deflect"],"picked":"SKIP","floor":20},{"not_picked":["Blade Dance","Eviscerate"],"picked":"Calculated Gamble","floor":21},{"not_picked":["Deadly Poison","Infinite Blades+1"],"picked":"Leg Sweep","floor":22},{"not_picked":["Calculated Gamble","Finisher","Outmaneuver"],"picked":"SKIP","floor":24}],"player_experience":1481637,"relics_obtained":[{"floor":8,"key":"White Beast Statue"},{"floor":9,"key":"StrikeDummy"}],"event_choices":[{"damage_healed":0,"gold_gain":0,"player_choice":"Gave Potion","damage_taken":0,"relics_obtained":["Frozen Egg 2"],"max_hp_gain":0,"max_hp_loss":0,"event_name":"WeMeetAgain","floor":2,"gold_loss":0},{"damage_healed":0,"gold_gain":50,"player_choice":"Stole From Cult","damage_taken":0,"max_hp_gain":0,"max_hp_loss":0,"event_name":"Nest","floor":25,"gold_loss":0}],"is_beta":false,"boss_relics":[{"not_picked":["Empty Cage","SacredBark"],"picked":"Cursed Key"}],"items_purged_floors":[19],"is_endless":false,"potions_floor_spawned":[4,7,8,11,12,13,14,16,18,20,21,22,24],"killed_by":"Gremlin Leader","ascension_level":20}}