{"host":"6a9c3xws62y7efyw","time":1612930916,"event":{"mods":["BaseMod","Colored Map","Minty Spire (QoL Compilation)","Relic Stats","StSLib"],"gold_per_floor":[110,121,140,151,151,151,182,182,182,193,206,218,218,233,233,306,306,316,329,329,349,12,12,30,30,30,56,73,73,73,73,73,145,145,162,173,221,235,4,35,35,70,96,113,113,113,113,131,131,131,131,131,131,22,22,22],"floor_reached":55,"language":"ENG","playtime":3065,"items_purged":["Strike_G","Strike_G"],"score":1887,"play_id":"30f3962e-ca0a-4d4d-ad07-a010143239ca","local_time":"20210209202156","is_ascension_mode":true,"campfire_choices":[{"data":"Footwork","floor":6.0,"key":"SMITH"},{"data":"Malaise","floor":8.0,"key":"SMITH"},{"data":"Catalyst","floor":15.0,"key":"SMITH"},{"floor":23.0,"key":"REST"},{"data":"Outmaneuver","floor":25.0,"key":"SMITH"},{"floor":30.0,"key":"REST"},{"floor":32.0,"key":"REST"},{"floor":45.0,"key":"REST"},{"floor":47.0,"key":"REST"},{"floor":49.0,"key":"RECALL"},{"floor":53.0,"key":"REST"}],"circlet_count":0,"master_deck":["AscendersBane","Strike_G","Strike_G","Defend_G","Defend_G","Defend_G","Defend_G","Defend_G","Survivor","Neutralize","Sadistic Nature","Bane","Poisoned Stab","Footwork+1","Sucker Punch","Malaise+1","Poisoned Stab","Escape Plan","Catalyst+1","Die Die Die","Bouncing Flask+1","Cloak And Dagger+1","PiercingWail+1","Outmaneuver+1","Noxious Fumes","Night Terror","Bullet Time","Cloak And Dagger","Catalyst+1","Cloak And Dagger+1","Backflip","Backflip+1","Adrenaline","Footwork+1"],"relics":["Ring of the Snake","FaceOfCleric","Gremlin Horn","Question Card","Runic Pyramid","Shuriken","Ninja Scroll","Orichalcum","Fusion Hammer","Du-Vu Doll","Membership Card","Akabeko","Pantograph","OrangePellets"],"acts_visited":["Exordium","TheCity","TheBeyond","TheEnding"],"potions_floor_usage":[55,55],"damage_taken":[{"damage":2.0,"enemies":"Jaw Worm","floor":1.0,"turns":5.0},{"damage":1.0,"enemies":"Cultist","floor":2.0,"turns":3.0},{"damage":1.0,"enemies":"2 Louse","floor":3.0,"turns":3.0},{"damage":14.0,"enemies":"Exordium Thugs","floor":4.0,"turns":4.0},{"damage":12.0,"enemies":"3 Sentries","floor":7.0,"turns":12.0},{"damage":0.0,"enemies":"2 Fungi Beasts","floor":10.0,"turns":3.0},{"damage":14.0,"enemies":"Exordium Wildlife","floor":11.0,"turns":4.0},{"damage":2.0,"enemies":"3 Louse","floor":12.0,"turns":3.0},{"damage":0.0,"enemies":"Gremlin Gang","floor":14.0,"turns":4.0},{"damage":4.0,"enemies":"Slime Boss","floor":16.0,"turns":8.0},{"damage":0.0,"enemies":"Chosen","floor":18.0,"turns":6.0},{"damage":3.0,"enemies":"Spheric Guardian","floor":19.0,"turns":3.0},{"damage":31.0,"enemies":"Shelled Parasite and Fungi","floor":21.0,"turns":5.0},{"damage":2.0,"enemies":"Sentry and Sphere","floor":24.0,"turns":7.0},{"damage":0.0,"enemies":"Snake Plant","floor":28.0,"turns":4.0},{"damage":22.0,"enemies":"Champ","floor":33.0,"turns":5.0},{"damage":0.0,"enemies":"3 Darklings","floor":35.0,"turns":5.0},{"damage":6.0,"enemies":"Orb Walker","floor":36.0,"turns":4.0},{"damage":27.0,"enemies":"2 Orb Walkers","floor":37.0,"turns":4.0},{"damage":25.0,"enemies":"Spire Growth","floor":38.0,"turns":4.0},{"damage":6.0,"enemies":"Nemesis","floor":40.0,"turns":5.0},{"damage":0.0,"enemies":"Giant Head","floor":42.0,"turns":5.0},{"damage":0.0,"enemies":"Sphere and 2 Shapes","floor":44.0,"turns":4.0},{"damage":0.0,"enemies":"4 Shapes","floor":48.0,"turns":6.0},{"damage":18.0,"enemies":"Time Eater","floor":50.0,"turns":7.0},{"damage":53.0,"enemies":"Donu and Deca","floor":51.0,"turns":10.0},{"damage":90,"enemies":"Shield and Spear","floor":55,"turns":5}],"seed_played":"-4063732380915733500","potions_obtained":[{"floor":1.0,"key":"AttackPotion"},{"floor":2.0,"key":"Ancient Potion"},{"floor":3.0,"key":"SkillPotion"},{"floor":10.0,"key":"Fire Potion"},{"floor":14.0,"key":"Poison Potion"},{"floor":24.0,"key":"Weak Potion"},{"floor":33.0,"key":"SkillPotion"},{"floor":42.0,"key":"CultistPotion"}],"is_trial":false,"path_per_floor":["M","M","M","M","?","R","E","R","T","M","M","M","?","M","R","B",null,"M","M","?","M","$","R","M","R","T","T","M","?","R","?","R","B",null,"M","M","?","M","$","E","?","E","T","M","R","?","R","M","R","B","B",null,"R","$","E"],"character_chosen":"THE_SILENT","items_purchased":["Shuriken","Membership Card","Backflip","OrangePellets","Swift Potion"],"campfire_rested":6,"item_purchase_floors":[22,39,39,54,54],"current_hp_per_floor":[57,56,55,41,41,41,30,30,30,31,18,17,17,18,18,15,53,54,52,33,3,3,25,24,24,24,24,25,4,26,26,48,27,65,66,61,35,11,11,6,6,7,7,8,33,33,58,59,59,67,34,74,87,87,0,0],"gold":22,"neow_bonus":"RANDOM_COLORLESS_2","is_daily":false,"chose_seed":false,"campfire_upgraded":4,"win_rate":0.0,"timestamp":1612930916,"path_taken":["M","M","M","M","?","R","E","R","T","M","?","M","?","M","R","BOSS","M","M","?","M","$","R","M","R","T","?","?","?","R","?","R","BOSS","M","M","?","M","$","E","?","E","T","M","R","?","R","M","R","BOSS","BOSS","R","$","E"],"items_purchased_type":["Relic","Relic","Card","Relic","Potion"],"build_version":"2020-12-22","purchased_purges":2,"victory":false,"max_hp_per_floor":[60,60,60,60,60,60,61,61,61,62,63,64,64,65,65,66,66,67,68,73,74,74,74,75,75,75,75,76,76,76,76,76,77,77,78,79,80,81,81,82,82,83,83,84,84,84,84,85,85,86,87,87,87,87,87,87],"relic_stats":{"OrangePellets":[0],"FaceOfCleric":22,"Gremlin Horn":[21,21],"counters":[27,138],"Shuriken":[40],"Pantograph":44,"Orichalcum":[144],"Question Card":19,"obtain_stats":[{"Gremlin Horn":7,"Orichalcum":27,"Question Card":9,"Akabeko":40,"Du-Vu Doll":37,"OrangePellets":54,"FaceOfCleric":5,"Shuriken":22,"Ninja Scroll":26,"Pantograph":42,"Fusion Hammer":34,"Membership Card":39,"Ring of the Snake":0,"Runic Pyramid":17},{"Gremlin Horn":5,"Orichalcum":14,"Question Card":5,"Akabeko":21,"Du-Vu Doll":19,"OrangePellets":26,"FaceOfCleric":4,"Shuriken":13,"Ninja Scroll":14,"Pantograph":22,"Fusion Hammer":16,"Membership Card":20,"Ring of the Snake":0,"Runic Pyramid":10},{"Gremlin Horn":27,"Orichalcum":70,"Question Card":27,"Akabeko":101,"Du-Vu Doll":92,"OrangePellets":133,"FaceOfCleric":15,"Shuriken":63,"Ninja Scroll":70,"Pantograph":106,"Fusion Hammer":79,"Membership Card":96,"Ring of the Snake":0,"Runic Pyramid":49}],"Ring of the Snake":[54]},"card_choices":[{"not_picked":["Thinking Ahead","Metamorphosis"],"picked":"Sadistic Nature","floor":0.0},{"not_picked":["Caltrops","Outmaneuver"],"picked":"Bane","floor":1.0},{"not_picked":["Blade Dance","Caltrops"],"picked":"Poisoned Stab","floor":2.0},{"not_picked":["Grand Finale","Flying Knee"],"picked":"Footwork","floor":3.0},{"not_picked":["Dodge and Roll","Escape Plan"],"picked":"Sucker Punch","floor":4.0},{"not_picked":["Infinite Blades","PiercingWail"],"picked":"Malaise","floor":7.0},{"not_picked":["Prepared","Dagger Throw","Blur"],"picked":"Poisoned Stab","floor":10.0},{"not_picked":["Riddle With Holes","Dagger Spray","Calculated Gamble"],"picked":"Escape Plan","floor":11.0},{"not_picked":["Prepared","Dodge and Roll","Flying Knee","Setup"],"picked":"SKIP","floor":12.0},{"not_picked":["Deadly Poison","Outmaneuver","Masterful Stab"],"picked":"Catalyst","floor":14.0},{"not_picked":["Storm of Steel","Malaise","A Thousand Cuts"],"picked":"Die Die Die","floor":16.0},{"not_picked":["Endless Agony","Prepared","Dagger Throw"],"picked":"Bouncing Flask+1","floor":18.0},{"not_picked":["Acrobatics","Deadly Poison","Leg Sweep"],"picked":"Cloak And Dagger+1","floor":19.0},{"not_picked":["Underhanded Strike","Tactician","Deflect"],"picked":"PiercingWail+1","floor":21.0},{"not_picked":["Acrobatics+1","Bane","PiercingWail"],"picked":"Outmaneuver","floor":24.0},{"not_picked":["Dash","Dagger Throw","Infinite Blades"],"picked":"Noxious Fumes","floor":28.0},{"not_picked":["Adrenaline","Die Die Die","A Thousand Cuts"],"picked":"Bullet Time","floor":33.0},{"not_picked":["Bane","Dagger Spray","Deadly Poison","Sucker Punch"],"picked":"SKIP","floor":35.0},{"not_picked":["Eviscerate","Masterful Stab","Dodge and Roll"],"picked":"Cloak And Dagger","floor":36.0},{"not_picked":["Eviscerate","Underhanded Strike","Flying Knee"],"picked":"Catalyst+1","floor":37.0},{"not_picked":["Flying Knee","Blade Dance","Dash"],"picked":"Cloak And Dagger+1","floor":38.0},{"not_picked":["Finisher+1","Slice+1","Dagger Throw"],"picked":"Backflip+1","floor":40.0},{"not_picked":["Backflip+1","Cloak And Dagger+1","Bouncing Flask+1"],"picked":"Adrenaline","floor":42.0},{"not_picked":["Blade Dance","Dodge and Roll","Poisoned Stab+1","Cloak And Dagger"],"picked":"SKIP","floor":44.0},{"not_picked":["Die Die Die","Infinite Blades","Predator","Distraction"],"picked":"SKIP","floor":48.0}],"player_experience":1511207,"relics_obtained":[{"floor":7.0,"key":"Gremlin Horn"},{"floor":9.0,"key":"Question Card"},{"floor":26.0,"key":"Ninja Scroll"},{"floor":27.0,"key":"Orichalcum"},{"floor":37.0,"key":"Du-Vu Doll"},{"floor":40.0,"key":"Akabeko"},{"floor":42.0,"key":"Pantograph"}],"event_choices":[{"damage_healed":0.0,"max_hp_gain":0.0,"max_hp_loss":0.0,"gold_gain":0.0,"event_name":"FaceTrader","player_choice":"Trade","floor":5.0,"gold_loss":0.0,"damage_taken":0.0,"relics_obtained":["FaceOfCleric"]},{"damage_healed":0.0,"max_hp_gain":0.0,"max_hp_loss":0.0,"gold_gain":0.0,"event_name":"Liars Game","player_choice":"Ignored","floor":13.0,"gold_loss":0.0,"damage_taken":0.0},{"damage_healed":0.0,"max_hp_gain":5.0,"max_hp_loss":0.0,"gold_gain":0.0,"event_name":"Forgotten Altar","player_choice":"Shed Blood","floor":20.0,"gold_loss":0.0,"damage_taken":24.0},{"damage_healed":0.0,"max_hp_gain":0.0,"max_hp_loss":0.0,"gold_gain":0.0,"event_name":"Cursed Tome","player_choice":"Obtained Book","floor":29.0,"gold_loss":0.0,"damage_taken":21.0},{"damage_healed":0.0,"max_hp_gain":0.0,"max_hp_loss":0.0,"gold_gain":0.0,"event_name":"The Library","player_choice":"Read","floor":31.0,"gold_loss":0.0,"damage_taken":0.0,"cards_obtained":["Night Terror"]},{"damage_healed":0.0,"max_hp_gain":0.0,"max_hp_loss":0.0,"gold_gain":0.0,"event_name":"Mysterious Sphere","player_choice":"Fight","floor":37.0,"gold_loss":0.0,"damage_taken":0.0},{"cards_removed":["Strike_G"],"damage_healed":0.0,"max_hp_gain":0.0,"max_hp_loss":0.0,"gold_gain":0.0,"event_name":"Falling","player_choice":"Removed Attack","floor":41.0,"gold_loss":0.0,"damage_taken":0.0},{"damage_healed":0.0,"max_hp_gain":0.0,"max_hp_loss":0.0,"gold_gain":0.0,"event_name":"Duplicator","player_choice":"Copied","floor":46.0,"gold_loss":0.0,"damage_taken":0.0,"cards_obtained":["Footwork"]}],"is_beta":false,"boss_relics":[{"not_picked":["Coffee Dripper","Tiny House"],"picked":"Runic Pyramid"},{"not_picked":["Empty Cage","Calling Bell"],"picked":"Fusion Hammer"}],"items_purged_floors":[22,39],"is_endless":false,"potions_floor_spawned":[1,2,3,10,14,24,33,35,42],"killed_by":"Shield and Spear","ascension_level":20}}