{"host":"ryxkq7m36cv0y2ky","time":1612925529,"event":{"mods":["100% Spire Juice","BaseMod","Duelist Mod","Hubris","Jorbs\u0027s Wanderer Trilogy","Marisa????????","Minty Spire (QoL Compilation)","Reliquary","Remilia??????","Replay The Spire","Spire Arcade","StSLib","The Cursed","The Disciple","The Marked","The Mystic","The Necromancer","The Runesmith","The Servant 0.9.4"],"gold_per_floor":[111,124,124,124,143,169,189,189,238,267,41,41,58,68,68,164,164,178,193,193,206,206,206],"floor_reached":22,"language":"ENG","playtime":1015,"items_purged":[],"score":198,"play_id":"21a659f6-2efa-4a37-9daa-7dca60c453f0","local_time":"20210210132209","is_ascension_mode":false,"campfire_choices":[{"data":"Runesmith:CraftMagma","floor":8,"key":"SMITH"},{"floor":15,"key":"REST"}],"circlet_count":0,"master_deck":["Runesmith:Strike_RS","Runesmith:Strike_RS","Runesmith:Strike_RS","Runesmith:Defend_RS","Runesmith:Defend_RS","Runesmith:Defend_RS","Runesmith:Defend_RS","Runesmith:CraftFirestone","Runesmith:Fortify","Runesmith:HeatedChisel","Runesmith:CraftMagma+1","Runesmith:Reinforce+1","Runesmith:UnstableHammer","Runesmith:ChiselStab","Runesmith:EnergizedChisel","Runesmith:Firestorm+1","Runesmith:Firestorm","Runesmith:CraftMagma","Runesmith:HeatedChisel","Runesmith:GrandSlam","Runesmith:CraftIncendium+1","Runesmith:HeatExchange","Writhe","Runesmith:CraftIncendium"],"relics":["Runesmith:CoreCrystal","NlothsMask","Replay:Bottled Eggs","Art of War","DollysMirror","Oddly Smooth Stone"],"acts_visited":["Exordium","TheCity"],"potions_floor_usage":[10,10,18,22,22],"damage_taken":[{"damage":1,"enemies":"Jaw Worm","floor":1,"turns":5},{"damage":0,"enemies":"2 Louse","floor":2,"turns":2},{"damage":1,"enemies":"Cultist","floor":5,"turns":4},{"damage":18,"enemies":"Lagavulin","floor":6,"turns":6},{"damage":11,"enemies":"Exordium Thugs","floor":7,"turns":4},{"damage":27,"enemies":"Gremlin Nob","floor":10,"turns":4},{"damage":6,"enemies":"Exordium Wildlife","floor":13,"turns":4},{"damage":1,"enemies":"2 Fungi Beasts","floor":14,"turns":3},{"damage":3,"enemies":"Hexaghost","floor":16,"turns":8},{"damage":4,"enemies":"Spheric Guardian","floor":18,"turns":4},{"damage":33,"enemies":"2 Thieves","floor":19,"turns":4},{"damage":19,"enemies":"Chosen and Byrds","floor":21,"turns":6},{"damage":25,"enemies":"Sentry and Sphere","floor":22,"turns":3}],"seed_played":"-2563897204035352091","potions_obtained":[{"floor":2,"key":"GamblersBrew"},{"floor":6,"key":"Adrenaline Potion"},{"floor":10,"key":"Dexterity Potion"},{"floor":13,"key":"Toxic Potion"},{"floor":14,"key":"Adrenaline Potion"},{"floor":18,"key":"Adrenaline Potion"}],"is_trial":false,"path_per_floor":["M","M","?","?","M","E","M","R","T","E","$","?","M","M","R","B",null,"M","M","?","M","M"],"character_chosen":"RUNESMITH_CLASS","items_purchased":["Runesmith:Firestorm","DollysMirror"],"campfire_rested":1,"item_purchase_floors":[11,11],"current_hp_per_floor":[76,76,76,76,75,57,46,46,46,19,19,19,13,12,35,32,77,73,40,40,21,0,0],"gold":206,"neow_bonus":"TEN_PERCENT_HP_BONUS","is_daily":false,"chose_seed":false,"campfire_upgraded":1,"win_rate":0.0,"timestamp":1612925529,"path_taken":["M","M","?","?","M","E","?","R","T","E","?","?","M","M","R","BOSS","M","M","?","M","M"],"items_purchased_type":["Card","Relic"],"build_version":"2020-12-22","purchased_purges":0,"victory":false,"max_hp_per_floor":[77,77,77,77,77,77,77,77,77,77,77,77,77,77,77,77,77,77,77,77,77,77,77],"card_choices":[{"not_picked":["Runesmith:ChiselStab","Runesmith:BackupBattery"],"picked":"Runesmith:HeatedChisel","floor":1},{"not_picked":["Runesmith:StaticCage","Runesmith:Firestorm"],"picked":"Runesmith:CraftMagma","floor":2},{"not_picked":["Runesmith:Overpower","Runesmith:Malloc"],"picked":"Runesmith:Reinforce","floor":5},{"not_picked":["Runesmith:EnergizedChisel","Runesmith:Empowerment"],"picked":"Runesmith:UnstableHammer","floor":6},{"not_picked":["Runesmith:CraftIncendium","Runesmith:Terraform"],"picked":"Runesmith:ChiselStab","floor":7},{"not_picked":["Runesmith:Supernova","Runesmith:MetallurgicalResearch"],"picked":"Runesmith:EnergizedChisel","floor":10},{"not_picked":["Runesmith:ChargedHammer","Runesmith:EnergizedChisel"],"picked":"Runesmith:CraftMagma","floor":13},{"not_picked":["Runesmith:HammerThrow","Runesmith:Discharge"],"picked":"Runesmith:HeatedChisel","floor":14},{"not_picked":["Runesmith:CraftIndustria","Runesmith:Supernova"],"picked":"Runesmith:GrandSlam","floor":16},{"not_picked":["Runesmith:Repurpose+1","Runesmith:Grindstone+1"],"picked":"Runesmith:CraftIncendium+1","floor":18},{"not_picked":["Runesmith:CraftSpiculum","Runesmith:WhiteBalance"],"picked":"Runesmith:HeatExchange","floor":19},{"not_picked":["Runesmith:BackupBattery+1","Runesmith:GenerateForcefield"],"picked":"Runesmith:CraftIncendium","floor":21}],"player_experience":329797,"relics_obtained":[{"floor":6,"key":"Replay:Bottled Eggs"},{"floor":10,"key":"Art of War"}],"event_choices":[{"damage_healed":0,"gold_gain":0,"player_choice":"Trade","damage_taken":0,"relics_obtained":["NlothsMask"],"max_hp_gain":0,"max_hp_loss":0,"event_name":"FaceTrader","floor":4,"gold_loss":0},{"damage_healed":0,"gold_gain":0,"player_choice":"Upgraded","damage_taken":0,"max_hp_gain":0,"max_hp_loss":0,"event_name":"Upgrade Shrine","floor":12,"gold_loss":0,"cards_upgraded":["Runesmith:Firestorm"]},{"damage_healed":0,"gold_gain":0,"player_choice":"Opened","damage_taken":0,"relics_obtained":["Oddly Smooth Stone"],"max_hp_gain":0,"max_hp_loss":0,"event_name":"The Mausoleum","floor":20,"gold_loss":0,"cards_obtained":["Writhe"]}],"is_beta":false,"boss_relics":[{"not_picked":["Kintsugi","Empty Cage"],"picked":"Runesmith:CoreCrystal"}],"items_purged_floors":[],"is_endless":false,"potions_floor_spawned":[2,6,10,13,14,16,18,19],"killed_by":"Sentry and Sphere","ascension_level":0}}