{"host":"lrlw254gqe5layub","time":1612929496,"event":{"mods":["AchievementEnabler","BaseMod","Colored Map","Colored Powertips","Minty Spire (QoL Compilation)","Rare Cards Sparkle","SuperFastMode"],"gold_per_floor":[111,286,335,335,5,36,36,71,117,133,146,146,146,156,156,261,261,272,272,145,244,3,3,32,48,48,64,97,117,128,142,142,244,244,261,186,59,412,102,102,136,136,136,136,136,59,59,93,93,93],"floor_reached":51,"language":"KOR","playtime":2795,"items_purged":["Doubt","Strike_B","Defend_B","Strike_B","Defend_B"],"score":1258,"play_id":"d2715125-6356-42bb-9542-ab81fb1b0564","local_time":"20210210125816","is_ascension_mode":true,"campfire_choices":[{"floor":7.0,"key":"REST"},{"data":"Zap","floor":12.0,"key":"SMITH"},{"data":"Dualcast","floor":15.0,"key":"SMITH"},{"data":"Buffer","floor":23.0,"key":"SMITH"},{"floor":32.0,"key":"REST"},{"floor":40.0,"key":"RECALL"},{"data":"Echo Form","floor":44.0,"key":"SMITH"},{"data":"Redo","floor":47.0,"key":"SMITH"},{"floor":49.0,"key":"REST"}],"circlet_count":0,"master_deck":["AscendersBane","Strike_B","Defend_B","Zap+1","Dualcast+1","Beam Cell","Echo Form+1","Coolheaded","Go for the Eyes","Scrape","Buffer+1","Go for the Eyes","Genetic Algorithm","Defragment","Defragment+1","Creative AI","Redo+1","Coolheaded+1","Leap+1","Gash+1"],"relics":["Cracked Core","Pen Nib","Membership Card","Happy Flower","DataDisk","Eternal Feather","Regal Pillow","Orichalcum","Nuclear Battery","Centennial Puzzle","Sling","Lantern","Toolbox","Dream Catcher","Anchor","Black Star","Kunai","Old Coin","Shuriken","ClockworkSouvenir","Oddly Smooth Stone","Gambling Chip","Sundial","Vajra","Emotion Chip","Akabeko"],"acts_visited":["Exordium","TheCity","TheBeyond"],"potions_floor_usage":[50,50],"damage_taken":[{"damage":7.0,"enemies":"Jaw Worm","floor":1.0,"turns":3.0},{"damage":26.0,"enemies":"3 Sentries","floor":6.0,"turns":8.0},{"damage":4.0,"enemies":"Lagavulin","floor":8.0,"turns":5.0},{"damage":0.0,"enemies":"2 Louse","floor":10.0,"turns":2.0},{"damage":0.0,"enemies":"Small Slimes","floor":11.0,"turns":3.0},{"damage":1.0,"enemies":"Exordium Thugs","floor":14.0,"turns":3.0},{"damage":37.0,"enemies":"The Guardian","floor":16.0,"turns":8.0},{"damage":0.0,"enemies":"Spheric Guardian","floor":18.0,"turns":4.0},{"damage":17.0,"enemies":"Slavers","floor":24.0,"turns":3.0},{"damage":10.0,"enemies":"2 Thieves","floor":25.0,"turns":4.0},{"damage":4.0,"enemies":"Chosen and Byrds","floor":27.0,"turns":5.0},{"damage":4.0,"enemies":"Book of Stabbing","floor":28.0,"turns":3.0},{"damage":20.0,"enemies":"3 Cultists","floor":29.0,"turns":5.0},{"damage":0.0,"enemies":"Cultist and Chosen","floor":30.0,"turns":7.0},{"damage":5.0,"enemies":"Snecko","floor":31.0,"turns":7.0},{"damage":0.0,"enemies":"Champ","floor":33.0,"turns":10.0},{"damage":0.0,"enemies":"Orb Walker","floor":35.0,"turns":3.0},{"damage":17.0,"enemies":"2 Orb Walkers","floor":38.0,"turns":5.0},{"damage":0.0,"enemies":"Giant Head","floor":41.0,"turns":7.0},{"damage":21.0,"enemies":"Reptomancer","floor":48.0,"turns":8.0},{"damage":26,"enemies":"Time Eater","floor":50,"turns":12}],"seed_played":"5157781579933981742","potions_obtained":[{"floor":6.0,"key":"ColorlessPotion"},{"floor":8.0,"key":"LiquidBronze"},{"floor":14.0,"key":"Swift Potion"},{"floor":27.0,"key":"Energy Potion"},{"floor":30.0,"key":"Regen Potion"},{"floor":31.0,"key":"Ancient Potion"},{"floor":33.0,"key":"FearPotion"},{"floor":38.0,"key":"Fruit Juice"},{"floor":41.0,"key":"Block Potion"}],"is_trial":false,"path_per_floor":["M","?","T","?","$","E","R","E","T","M","M","R","?","M","R","B",null,"M","?","$","?","$","R","E","M","T","M","E","M","M","M","R","B",null,"M","$","$","?","$","R","E","?","T","R","?","$","R","E","R","B",null],"character_chosen":"DEFECT","items_purchased":["Membership Card","Happy Flower","Echo Form","Coolheaded","Sling","Lantern","Toolbox","Go for the Eyes","Kunai","Shuriken","ClockworkSouvenir","Energy Potion","Vajra"],"campfire_rested":3,"item_purchase_floors":[5,5,5,5,20,22,22,22,37,39,39,39,46],"current_hp_per_floor":[61,61,61,54,54,28,50,46,46,46,46,55,37,36,45,8,58,58,58,58,58,58,67,50,40,40,36,32,12,12,22,71,71,74,74,74,74,62,62,71,71,71,71,80,80,80,80,59,80,54],"gold":93,"neow_bonus":"REMOVE_CARD","is_daily":false,"chose_seed":false,"campfire_upgraded":5,"win_rate":0.0,"timestamp":1612929496,"path_taken":["M","?","?","?","$","E","R","E","T","?","M","R","?","M","R","BOSS","M","?","$","?","$","R","E","?","T","M","E","M","M","M","R","BOSS","M","?","$","?","$","R","E","?","T","R","?","$","R","E","R","BOSS"],"items_purchased_type":["Relic","Relic","Card","Card","Relic","Relic","Relic","Card","Relic","Relic","Relic","Potion","Relic"],"build_version":"2020-12-22","purchased_purges":5,"victory":true,"max_hp_per_floor":[75,75,75,75,75,75,75,75,75,75,75,75,75,75,75,75,75,75,75,75,75,75,75,75,75,75,75,75,75,75,75,75,75,75,75,75,75,80,80,80,80,80,80,80,80,80,80,80,80,80],"card_choices":[{"not_picked":["Blizzard","Hello World"],"picked":"Beam Cell","floor":1.0},{"not_picked":["Blizzard","FTL"],"picked":"Go for the Eyes","floor":6.0},{"not_picked":["Reboot","Compile Driver","Rainbow"],"picked":"SKIP","floor":8.0},{"not_picked":["Sweeping Beam","Skim"],"picked":"Beam Cell","floor":10.0},{"not_picked":["Auto Shields","Go for the Eyes"],"picked":"Scrape","floor":11.0},{"not_picked":["Leap","Sweeping Beam","Coolheaded"],"picked":"SKIP","floor":14.0},{"not_picked":["Reboot","Fission"],"picked":"Buffer","floor":16.0},{"not_picked":["Doom and Gloom+1","Steam","FTL+1"],"picked":"SKIP","floor":18.0},{"not_picked":["Reprogram","Darkness"],"picked":"Genetic Algorithm","floor":24.0},{"not_picked":["Beam Cell","Turbo"],"picked":"Defragment","floor":25.0},{"not_picked":["Gash","Tempest"],"picked":"Defragment+1","floor":27.0},{"not_picked":["Steam+1","Barrage"],"picked":"Creative AI","floor":28.0},{"not_picked":["Compile Driver","Conserve Battery"],"picked":"Redo","floor":29.0},{"not_picked":["Leap","Reprogram+1","Ball Lightning+1"],"picked":"SKIP","floor":30.0},{"not_picked":["Scrape","Storm","Cold Snap"],"picked":"SKIP","floor":31.0},{"not_picked":["Static Discharge+1","Beam Cell+1"],"picked":"Coolheaded+1","floor":35.0},{"not_picked":["Lockon","Beam Cell+1"],"picked":"Leap+1","floor":41.0},{"not_picked":["Cold Snap+1","Reboot","Creative AI"],"picked":"SKIP","floor":48.0},{"not_picked":["Rip and Tear+1","Redo"],"picked":"Gash+1","floor":49.0}],"player_experience":483294,"relics_obtained":[{"floor":3.0,"key":"Pen Nib"},{"floor":6.0,"key":"DataDisk"},{"floor":8.0,"key":"Eternal Feather"},{"floor":9.0,"key":"Regal Pillow"},{"floor":24.0,"key":"Dream Catcher"},{"floor":28.0,"key":"Anchor"},{"floor":38.0,"key":"Old Coin"},{"floor":41.0,"key":"Oddly Smooth Stone"},{"floor":41.0,"key":"Gambling Chip"},{"floor":43.0,"key":"Sundial"},{"floor":48.0,"key":"Emotion Chip"},{"floor":48.0,"key":"Akabeko"}],"event_choices":[{"damage_healed":0.0,"max_hp_gain":0.0,"max_hp_loss":0.0,"gold_gain":175.0,"event_name":"Liars Game","player_choice":"AGREE","floor":2.0,"gold_loss":0.0,"damage_taken":0.0,"cards_obtained":["Doubt"]},{"cards_removed":["Defend_B"],"damage_healed":0.0,"max_hp_gain":0.0,"max_hp_loss":0.0,"gold_gain":0.0,"event_name":"Golden Wing","player_choice":"Card Removal","floor":4.0,"gold_loss":0.0,"damage_taken":7.0},{"damage_healed":0.0,"max_hp_gain":0.0,"max_hp_loss":0.0,"gold_gain":0.0,"event_name":"Scrap Ooze","player_choice":"Success","floor":13.0,"gold_loss":0.0,"damage_taken":18.0,"relics_obtained":["Orichalcum"]},{"damage_healed":0.0,"max_hp_gain":0.0,"max_hp_loss":0.0,"gold_gain":0.0,"event_name":"The Mausoleum","player_choice":"Opened","floor":19.0,"gold_loss":0.0,"damage_taken":0.0,"relics_obtained":["Centennial Puzzle"]},{"damage_healed":0.0,"max_hp_gain":0.0,"max_hp_loss":0.0,"gold_gain":99.0,"event_name":"Nest","player_choice":"Stole From Cult","floor":21.0,"gold_loss":0.0,"damage_taken":0.0},{"damage_healed":0.0,"max_hp_gain":0.0,"max_hp_loss":0.0,"gold_gain":0.0,"event_name":"Mysterious Sphere","player_choice":"Fight","floor":38.0,"gold_loss":0.0,"damage_taken":0.0},{"damage_healed":0.0,"max_hp_gain":0.0,"max_hp_loss":0.0,"gold_gain":0.0,"event_name":"Tomb of Lord Red Mask","player_choice":"Ignored","floor":42.0,"gold_loss":0.0,"damage_taken":0.0},{"cards_removed":["Beam Cell"],"damage_healed":0.0,"max_hp_gain":0.0,"max_hp_loss":0.0,"gold_gain":0.0,"event_name":"Falling","player_choice":"Removed Attack","floor":45.0,"gold_loss":0.0,"damage_taken":0.0}],"is_beta":false,"boss_relics":[{"not_picked":["SacredBark","Pandora\u0027s Box"],"picked":"Nuclear Battery"},{"not_picked":["Fusion Hammer","Snecko Eye"],"picked":"Black Star"}],"items_purged_floors":[5,20,22,36,39],"is_endless":false,"potions_floor_spawned":[6,8,14,16,24,27,30,31,33,38,41,48],"ascension_level":10}}