{"host":"Black","time":1612986425,"event":{"mods":["Act Like it!","Always Whale","AlwaysNeverKeys","Aspiration","BaseMod","Beta Mode","BetterRewards","Colored Map","Colored Powertips","Custom Start","DeckTracker","Downfall","FetchMod","Highlight Path","Hubris","Minty Spire (QoL Compilation)","MoreRelics","Quick Restart","Random Character Button","Shop Mod","StSLib","SuperFastMode","Unceasing Turn Reminder","everything is the same but u backflip on backflip"],"gold_per_floor":[99,110,123,123,58,58,58,75,75,75,89,89,99,128,147,242,242,242,262,347,347,66,66,90,90,109,127,127,177,177,188,206,305,305,305,323,343,58,58,88,158,158,58,251,51,65,65,75,92,92,92,124,1,1,1,1],"floor_reached":57,"language":"ENG","playtime":3894,"items_purged":["Guardian:Strike_Guardian","Guardian:Strike_Guardian"],"score":1232,"play_id":"5c0500af-0389-4e15-870c-d36f45875344","local_time":"20210210204705","is_ascension_mode":false,"campfire_choices":[{"data":"Guardian:TwinSlam","floor":1,"key":"SMITH"},{"data":"Body Slam","floor":9,"key":"SMITH"},{"data":"Pommel Strike","floor":12,"key":"SMITH"},{"data":"Go for the Eyes","floor":18,"key":"SMITH"},{"data":"expansioncontent:QuickStudy","floor":23,"key":"SMITH"},{"data":"Echo Form","floor":25,"key":"SMITH"},{"data":"Hologram","floor":28,"key":"SMITH"},{"floor":35,"key":"RECALL"},{"data":"Guardian:VentSteam","floor":43,"key":"SMITH"},{"data":"Flex","floor":45,"key":"SMITH"},{"data":"Reboot","floor":47,"key":"SMITH"},{"data":"Guardian:Orbwalk","floor":54,"key":"SMITH"}],"circlet_count":0,"master_deck":["Guardian:Strike_Guardian","Guardian:Defend_Guardian","Guardian:Defend_Guardian+1","Guardian:Defend_Guardian","Guardian:Defend_Guardian+1","Guardian:CurlUp","Guardian:TwinSlam+1","Pommel Strike+1","Infinite Blades+1","Echo Form+1","Body Slam+1","Go for the Eyes+1","Guardian:EvasiveProtocol","Guardian:ShieldCharger","Guardian:VentSteam+1","BootSequence","expansioncontent:QuickStudy+1","Shrug It Off+1","Hologram+1","Seeing Red+1","Guardian:RevengeProtocol+1","Flex+1","Footwork+1","Guardian:ShieldCharger","Violence","Footwork+1","Acrobatics+1","Reboot+1","Force Field+1","BootSequence+1","Guardian:Orbwalk+1","Dodge and Roll"],"relics":["Guardian:ModeShifter","Kunai","aspiration:FrozenJewel","Velvet Choker","TungstenRod","MealTicket","PreservedInsect","aspiration:IroncladSkillbook","hubris:Icosahedron","hubris:MysteriousPyramids","downfall:HeartBlessingRed","Bag of Preparation","downfall:HeartBlessingBlue","downfall:HeartBlessingGreen","InkBottle"],"acts_visited":["Exordium","TheCity","TheBeyond","TheEnding"],"potions_floor_usage":[16,33,44,52,55,56],"damage_taken":[{"damage":0,"enemies":"Small Slimes","floor":2,"turns":4},{"damage":3,"enemies":"Jaw Worm","floor":3,"turns":3},{"damage":2,"enemies":"downfall:FleeingMerchant","floor":5,"turns":4},{"damage":0,"enemies":"2 Louse","floor":8,"turns":4},{"damage":6,"enemies":"Exordium Wildlife","floor":11,"turns":3},{"damage":5,"enemies":"Blue Slaver","floor":13,"turns":3},{"damage":3,"enemies":"Gremlin Nob","floor":14,"turns":3},{"damage":0,"enemies":"2 Fungi Beasts","floor":15,"turns":3},{"damage":8,"enemies":"DF_ARCHETYPE_STREAMLINE","floor":16,"turns":9},{"damage":0,"enemies":"Spheric Guardian","floor":19,"turns":5},{"damage":0,"enemies":"downfall:FleeingMerchant","floor":22,"turns":4},{"damage":0,"enemies":"Snake Plant","floor":26,"turns":2},{"damage":0,"enemies":"Cultist and Chosen","floor":27,"turns":6},{"damage":0,"enemies":"3 Cultists","floor":31,"turns":4},{"damage":0,"enemies":"Snecko","floor":32,"turns":4},{"damage":0,"enemies":"WA_ARCHETYPE_CALM","floor":33,"turns":11},{"damage":6,"enemies":"Orb Walker","floor":36,"turns":4},{"damage":0,"enemies":"3 Darklings","floor":37,"turns":5},{"damage":3,"enemies":"downfall:FleeingMerchant","floor":38,"turns":4},{"damage":0,"enemies":"Nemesis","floor":40,"turns":5},{"damage":3,"enemies":"downfall:FleeingMerchant","floor":44,"turns":3},{"damage":2,"enemies":"4 Shapes","floor":46,"turns":4},{"damage":1,"enemies":"Jaw Worm Horde","floor":48,"turns":5},{"damage":0,"enemies":"Transient","floor":49,"turns":5},{"damage":8,"enemies":"IC_BLOCK_ARCHETYPE","floor":50,"turns":10},{"damage":10,"enemies":"downfall:CharBossMerchant","floor":52,"turns":8},{"damage":2,"enemies":"downfall:NeowBoss","floor":55,"turns":20},{"damage":109,"enemies":"downfall:NeowBossFinal","floor":56,"turns":14}],"seed_played":"5349763416309183284","potions_obtained":[{"floor":3,"key":"champ:CounterPotion"},{"floor":8,"key":"Fire Potion"},{"floor":13,"key":"Guardian:AcceleratePotion"},{"floor":19,"key":"BlessingOfTheForge"},{"floor":31,"key":"GamblersBrew"},{"floor":37,"key":"Energy Potion"},{"floor":49,"key":"champ:CounterPotion"},{"floor":52,"key":"Weak Potion"}],"is_trial":false,"path_per_floor":["R","M","M","?","$","?","T","M","R","?","M","R","M","E","M","B",null,"R","M","?","?","$","R","T","R","M","M","R","T","?","M","M","B",null,"R","M","M","$","?","E","T","?","R","$","R","M","R","M","M","B",null,"E","$","R","B","B",null],"character_chosen":"GUARDIAN","items_purchased":["Body Slam","expansioncontent:QuickStudy","Violence","Bag of Preparation","Dodge and Roll","LiquidMemories"],"campfire_rested":0,"item_purchase_floors":[5,22,38,44,53,53],"current_hp_per_floor":[80,80,77,77,75,75,75,75,75,75,69,69,64,61,61,53,80,80,80,64,64,64,64,64,64,64,64,64,64,64,64,64,64,80,80,78,80,80,80,80,80,80,80,80,90,90,90,90,90,86,90,84,90,90,90,34],"gold":1,"neow_bonus":"REMOVE_CARD","is_daily":false,"chose_seed":false,"campfire_upgraded":11,"win_rate":0.0,"timestamp":1612986425,"path_taken":["R","M","M","?","$","?","T","M","R","?","?","R","M","E","M","BOSS","R","M","?","?","$","R","T","R","M","M","R","?","?","M","M","BOSS","R","M","M","$","?","E","T","?","R","?","R","?","R","?","M","BOSS","E","$","R","BOSS","BOSS"],"items_purchased_type":["Card","Card","Card","Relic","Card","Potion"],"build_version":"2020-12-22","purchased_purges":2,"victory":true,"max_hp_per_floor":[80,80,80,80,80,80,80,80,80,80,80,80,80,80,80,80,80,80,80,80,80,80,80,80,80,80,80,80,80,80,80,80,80,80,80,80,80,80,80,80,80,80,80,80,90,90,90,90,90,90,90,90,90,90,90,90],"card_choices":[{"not_picked":["Sword Boomerang","Catalyst"],"picked":"Pommel Strike","floor":2},{"not_picked":["Guardian:Reroute","Guardian:Suspension"],"picked":"Infinite Blades","floor":3},{"not_picked":["Backflip","Guardian:WalkerClaw"],"picked":"Echo Form","floor":5},{"not_picked":["Headbutt","Uppercut"],"picked":"Guardian:Gem_Blue","floor":8},{"not_picked":["Guardian:Gem_Yellow","Evolve"],"picked":"Guardian:Gem_Purple","floor":11},{"not_picked":["Multi-Cast","Catalyst"],"picked":"Go for the Eyes","floor":13},{"not_picked":["Tempest","Sucker Punch"],"picked":"Guardian:EvasiveProtocol","floor":14},{"not_picked":["Redo","Dropkick"],"picked":"Guardian:ShieldCharger","floor":15},{"not_picked":["Rip and Tear","Slice"],"picked":"Guardian:VentSteam","floor":19},{"not_picked":["Clash","Dagger Throw"],"picked":"BootSequence","floor":22},{"not_picked":["Guardian:Gem_Yellow","Sweeping Beam"],"picked":"Shrug It Off+1","floor":26},{"not_picked":["Go for the Eyes+1","Guardian:TemporalShield"],"picked":"Hologram","floor":27},{"not_picked":["Dagger Spray","Headbutt+1"],"picked":"Seeing Red+1","floor":31},{"not_picked":["Backstab","Barrage","Guardian:FierceBash"],"picked":"SKIP","floor":32},{"not_picked":["Wraith Form v2","After Image"],"picked":"Guardian:RevengeProtocol","floor":33},{"not_picked":["Guardian:Gem_Lightblue","Blizzard+1","Cloak And Dagger+1"],"picked":"Flex","floor":36},{"not_picked":["Cleave+1","Dagger Spray+1","Ball Lightning+1"],"picked":"Footwork+1","floor":37},{"not_picked":["Double Energy+1","Havoc","Twin Strike"],"picked":"Guardian:ShieldCharger","floor":38},{"not_picked":["Thunderclap+1","Guardian:BronzeOrb+1","Slice+1"],"picked":"Footwork+1","floor":40},{"not_picked":["Leap","Guardian:Gem_Cyan","Recycle"],"picked":"Acrobatics+1","floor":44},{"not_picked":["Dagger Throw+1","Gash+1","Steam Power"],"picked":"Reboot","floor":46},{"not_picked":["Dodge and Roll","Clothesline","Lockon+1"],"picked":"Force Field+1","floor":48},{"not_picked":["Headbutt+1","Uppercut+1","Guardian:ShieldSpikes"],"picked":"BootSequence+1","floor":49},{"not_picked":["Hyperbeam","Perfected Strike+1","Guardian:TimeCapacitor"],"picked":"Guardian:Orbwalk","floor":52}],"player_experience":503915,"relics_obtained":[{"floor":7,"key":"Kunai"},{"floor":14,"key":"aspiration:FrozenJewel"},{"floor":24,"key":"MealTicket"},{"floor":29,"key":"PreservedInsect"},{"floor":40,"key":"hubris:MysteriousPyramids"},{"floor":52,"key":"InkBottle"}],"event_choices":[],"is_beta":true,"boss_relics":[{"not_picked":["aspiration:RitualDagger","hubris:ScarierMask"],"picked":"Velvet Choker"},{"not_picked":["aspiration:FutureDiary","Philosopher\u0027s Stone"],"picked":"aspiration:IroncladSkillbook"}],"items_purged_floors":[22,38],"is_endless":false,"potions_floor_spawned":[3,8,13,15,19,27,31,32,37,49,52],"ascension_level":0}}