{"host":"plbsiuh3vwan8ocg","time":1612924968,"event":{"mods":["BaseMod","Downfall","Minty Spire (QoL Compilation)","Quick Restart","StSLib"],"gold_per_floor":[99,113,113,98,112,12,12,12,112,132,147,165,181,215,229,229,229,229],"floor_reached":16,"language":"ENG","playtime":2164,"items_purged":[],"score":104,"play_id":"61149468-66ac-4522-9f1e-0d5fb9a5dfe0","local_time":"20210209214248","is_ascension_mode":false,"campfire_choices":[{"floor":1,"key":"RECALL"},{"data":"champ:EndlessRage","floor":6,"key":"SMITH"}],"circlet_count":0,"master_deck":["champ:Strike","champ:Strike","champ:Strike","champ:Strike","champ:Defend","champ:Defend","champ:Defend","champ:Defend","champ:Execute","champ:Taunt","champ:FanOfKnives","champ:RecklessLeap","champ:EndlessRage+1","Regret","champ:FlashCut","champ:ViciousMockery","champ:Haymaker","champ:StanceDance","champ:RisingSlash","champ:CrookedStrike","champ:FaceSlap"],"relics":["champ:ChampionCrown","Bag of Preparation","downfall:HeartBlessingRed","Question Card","Ornamental Fan","CloakClasp","WingedGreaves"],"acts_visited":["Exordium"],"potions_floor_usage":[9,16,16,16],"damage_taken":[{"damage":21,"enemies":"Jaw Worm","floor":2,"turns":6},{"damage":20,"enemies":"downfall:FleeingMerchant","floor":4,"turns":4},{"damage":25,"enemies":"Small Slimes","floor":5,"turns":2},{"damage":79,"enemies":"Small Slimes","floor":9,"turns":7},{"damage":8,"enemies":"2 Louse","floor":10,"turns":3},{"damage":14,"enemies":"Gremlin Gang","floor":11,"turns":5},{"damage":16,"enemies":"Red Slaver","floor":12,"turns":2},{"damage":19,"enemies":"Exordium Wildlife","floor":13,"turns":4},{"damage":26,"enemies":"3 Sentries","floor":14,"turns":5},{"damage":10,"enemies":"Lots of Slimes","floor":15,"turns":4},{"damage":27,"enemies":"DF_ARCHETYPE_STREAMLINE","floor":16,"turns":3}],"seed_played":"-3742385554940000909","potions_obtained":[{"floor":2,"key":"BlessingOfTheForge"},{"floor":9,"key":"Dexterity Potion"},{"floor":10,"key":"Slimebound:ThreeZeroPotion"},{"floor":11,"key":"champ:OpenerPotion"}],"is_trial":false,"path_per_floor":["R","M","?","$","M","R","T","?","?","M","M","M","M","E","M","B"],"character_chosen":"THE_CHAMP","items_purchased":[],"campfire_rested":0,"item_purchase_floors":[],"current_hp_per_floor":[99,98,95,95,95,95,95,95,61,58,49,48,39,28,18,0,0,0],"gold":229,"neow_bonus":"TEN_PERCENT_HP_BONUS","is_daily":false,"chose_seed":false,"campfire_upgraded":1,"win_rate":0.0,"timestamp":1612924968,"path_taken":["R","M","?","$","M","R","T","?","?","?","M","M","M","E","M","BOSS"],"items_purchased_type":[],"build_version":"2020-12-22","purchased_purges":0,"victory":false,"max_hp_per_floor":[99,99,99,99,99,99,99,99,99,99,99,99,99,99,99,99,99,99],"card_choices":[{"not_picked":["champ:PerfectedStrike","champ:BringItOn"],"picked":"champ:FanOfKnives","floor":2},{"not_picked":["champ:AdrenalArmor","champ:EnGarde"],"picked":"champ:RecklessLeap","floor":4},{"not_picked":["champ:DeathBlow","champ:PreciseThrust"],"picked":"champ:EndlessRage","floor":5},{"not_picked":["champ:EnragedBash","champ:PreciseThrust","champ:BladeFlurry"],"picked":"champ:FlashCut","floor":9},{"not_picked":["champ:FlashCut","champ:RisingSlash","champ:CrookedStrike"],"picked":"champ:ViciousMockery","floor":10},{"not_picked":["champ:GladiatorStyle","champ:EnragedBash","champ:HeartStrike"],"picked":"champ:Haymaker","floor":11},{"not_picked":["champ:ViciousMockery","champ:SkillfulDodge","champ:Haymaker"],"picked":"champ:StanceDance","floor":12},{"not_picked":["champ:EndlessRage","champ:HeartStrike","champ:IronFortress"],"picked":"champ:RisingSlash","floor":13},{"not_picked":["champ:Circumvent","champ:EnragedBash","champ:BringItOn"],"picked":"champ:CrookedStrike","floor":14},{"not_picked":["champ:PerfectedStrike","champ:FanOfKnives","champ:PreciseThrust"],"picked":"champ:FaceSlap","floor":15}],"player_experience":516467,"relics_obtained":[{"floor":7,"key":"Question Card"},{"floor":9,"key":"CloakClasp"},{"floor":14,"key":"WingedGreaves"}],"event_choices":[{"damage_healed":0,"gold_gain":0,"player_choice":"Success","damage_taken":3,"relics_obtained":["Bag of Preparation"],"max_hp_gain":0,"max_hp_loss":0,"event_name":"Scrap Ooze","floor":3,"gold_loss":0},{"damage_healed":0,"gold_gain":0,"player_choice":"Box","damage_taken":0,"relics_obtained":["Ornamental Fan"],"max_hp_gain":0,"max_hp_loss":0,"event_name":"Big Fish","floor":8,"gold_loss":0,"cards_obtained":["Regret"]}],"is_beta":false,"boss_relics":[],"items_purged_floors":[],"is_endless":false,"potions_floor_spawned":[2,9,10,11,14],"killed_by":"DF_ARCHETYPE_STREAMLINE","ascension_level":0}}