{"host":"f0gpob8hq9vgebej","time":1612974037,"event":{"mods":["AchievementEnabler","BaseMod","Minty Spire (QoL Compilation)","Quick Restart","SuperFastMode"],"gold_per_floor":[119,138,138,138,138,138,176,188,270,310,310,330,235,264,264,264,264],"floor_reached":16,"language":"KOR","playtime":301,"items_purged":["Strike_G"],"score":250,"play_id":"8c5fa238-fdee-413a-a0c5-a51aa4dd2504","local_time":"20210211012037","is_ascension_mode":true,"campfire_choices":[{"data":"Venomology","floor":6.0,"key":"SMITH"},{"floor":11.0,"key":"REST"},{"data":"Deadly Poison","floor":15,"key":"SMITH"}],"circlet_count":0,"master_deck":["AscendersBane","Strike_G","Strike_G","Strike_G","Defend_G","Defend_G","Defend_G","Defend_G","Defend_G","Survivor","Neutralize","Slice","Venomology+1","Terror","Backflip","Leg Sweep","Deadly Poison+1","Poisoned Stab"],"relics":["Ring of the Snake","NeowsBlessing","CeramicFish","Ice Cream","InkBottle","The Courier"],"acts_visited":["Exordium"],"potions_floor_usage":[12,16,16],"damage_taken":[{"damage":0.0,"enemies":"2 Louse","floor":1.0,"turns":1.0},{"damage":0.0,"enemies":"Small Slimes","floor":2.0,"turns":1.0},{"damage":0.0,"enemies":"Lagavulin","floor":7.0,"turns":1.0},{"damage":0.0,"enemies":"Cultist","floor":8.0,"turns":3.0},{"damage":31.0,"enemies":"3 Sentries","floor":10.0,"turns":10.0},{"damage":3,"enemies":"Looter","floor":12,"turns":3},{"damage":4,"enemies":"2 Fungi Beasts","floor":14,"turns":5},{"damage":0,"enemies":"Hexaghost","floor":16,"turns":9}],"seed_played":"5641404342335661671","potions_obtained":[{"floor":7.0,"key":"SteroidPotion"},{"floor":8.0,"key":"ColorlessPotion"},{"floor":12,"key":"PowerPotion"}],"is_trial":false,"path_per_floor":["M","M","?","?","?","R","E","M","T","E","R","M","$","M","R","B"],"character_chosen":"THE_SILENT","items_purchased":["Deadly Poison"],"campfire_rested":1,"item_purchase_floors":[13],"current_hp_per_floor":[59,59,41,34,34,34,34,34,34,3,22,19,19,15,15,15,15],"gold":264,"neow_bonus":"THREE_ENEMY_KILL","is_daily":false,"chose_seed":false,"campfire_upgraded":2,"win_rate":0.0,"timestamp":1612974037,"path_taken":["M","M","?","?","?","R","E","M","T","E","R","M","$","M","R","BOSS"],"items_purchased_type":["Card"],"build_version":"2020-12-22","purchased_purges":1,"victory":false,"max_hp_per_floor":[66,66,66,66,66,66,66,66,66,66,66,66,66,66,66,66,66],"card_choices":[{"not_picked":["Flying Knee","Sucker Punch"],"picked":"Slice","floor":1.0},{"not_picked":["Sucker Punch","Caltrops"],"picked":"Venomology","floor":2.0},{"not_picked":["Flying Knee","Concentrate"],"picked":"Terror","floor":7.0},{"not_picked":["Underhanded Strike","Slice","Flying Knee"],"picked":"SKIP","floor":8.0},{"not_picked":["Bane","Predator"],"picked":"Backflip","floor":10.0},{"not_picked":["Calculated Gamble","Riddle With Holes"],"picked":"Leg Sweep","floor":12},{"not_picked":["Flechettes","Blur"],"picked":"Poisoned Stab","floor":14}],"player_experience":383741,"relics_obtained":[{"floor":7.0,"key":"Ice Cream"},{"floor":9.0,"key":"InkBottle"},{"floor":10.0,"key":"The Courier"}],"event_choices":[{"damage_healed":0.0,"max_hp_gain":0.0,"max_hp_loss":0.0,"gold_gain":0.0,"event_name":"Scrap Ooze","player_choice":"Success","floor":3.0,"gold_loss":0.0,"damage_taken":18.0,"relics_obtained":["CeramicFish"]},{"cards_removed":["Strike_G"],"damage_healed":0.0,"max_hp_gain":0.0,"max_hp_loss":0.0,"gold_gain":0.0,"event_name":"Golden Wing","player_choice":"Card Removal","floor":4.0,"gold_loss":0.0,"damage_taken":7.0},{"damage_healed":0.0,"max_hp_gain":0.0,"max_hp_loss":0.0,"gold_gain":0.0,"event_name":"Golden Idol","player_choice":"Ignored","floor":5.0,"gold_loss":0.0,"damage_taken":0.0}],"is_beta":false,"boss_relics":[],"items_purged_floors":[13],"is_endless":false,"potions_floor_spawned":[7,8,12],"killed_by":"Hexaghost","ascension_level":17}}