{"host":"fj5i6t4nkss7815d","time":1612920170,"event":{"mods":["AchievementEnabler","BaseMod","Minty Spire (QoL Compilation)","Quick Restart","Relic Stats"],"gold_per_floor":[111,130,145,145,163,163,163,163],"floor_reached":7,"language":"ENG","playtime":478,"items_purged":[],"score":84,"play_id":"22e884a8-6c1f-4f70-8d24-b06a94c23bfc","local_time":"20210209172250","is_ascension_mode":true,"campfire_choices":[{"floor":6,"key":"REST"}],"circlet_count":0,"master_deck":["AscendersBane","Strike_G","Strike_G","Strike_G","Strike_G","Strike_G","Defend_G","Defend_G","Defend_G","Defend_G","Defend_G","Survivor","Neutralize","Storm of Steel","Slice","Terror","Dagger Spray"],"relics":["Ring of the Snake"],"acts_visited":["Exordium"],"potions_floor_usage":[],"damage_taken":[{"damage":0,"enemies":"Jaw Worm","floor":1,"turns":6},{"damage":1,"enemies":"Cultist","floor":2,"turns":4},{"damage":2,"enemies":"2 Louse","floor":3,"turns":4},{"damage":42,"enemies":"Large Slime","floor":5,"turns":11},{"damage":24,"enemies":"3 Sentries","floor":7,"turns":6}],"seed_played":"-7627155585338125626","potions_obtained":[],"is_trial":false,"path_per_floor":["M","M","M","?","M","R","E"],"character_chosen":"THE_SILENT","items_purchased":[],"campfire_rested":1,"item_purchase_floors":[],"current_hp_per_floor":[59,58,56,56,14,33,9,9],"gold":163,"neow_bonus":"THREE_RARE_CARDS","is_daily":false,"chose_seed":false,"campfire_upgraded":0,"win_rate":0.0,"timestamp":1612920170,"path_taken":["M","M","M","?","M","R","E"],"items_purchased_type":[],"build_version":"2020-12-22","purchased_purges":0,"victory":false,"max_hp_per_floor":[66,66,66,66,66,66,66,66],"relic_stats":{"counters":[5,31],"obtain_stats":[{"Ring of the Snake":0},{"Ring of the Snake":0},{"Ring of the Snake":0}],"Ring of the Snake":[10]},"card_choices":[{"not_picked":["After Image","Burst"],"picked":"Storm of Steel","floor":0},{"not_picked":["Dagger Spray","Backflip"],"picked":"Slice","floor":1},{"not_picked":["Cloak And Dagger","Finisher"],"picked":"Terror","floor":2},{"not_picked":["Flying Knee","Footwork","Distraction"],"picked":"SKIP","floor":3},{"not_picked":["Dagger Throw","Flying Knee"],"picked":"Dagger Spray","floor":5}],"player_experience":1022152,"relics_obtained":[],"event_choices":[{"cards_removed":["Writhe"],"damage_healed":0,"gold_gain":0,"player_choice":"Removed Curses","damage_taken":0,"max_hp_gain":0,"max_hp_loss":0,"event_name":"Fountain of Cleansing","floor":4,"gold_loss":0}],"is_beta":false,"boss_relics":[],"items_purged_floors":[],"is_endless":false,"potions_floor_spawned":[],"killed_by":"3 Sentries","ascension_level":19}}