{"host":"u21q392b5xaj11fl","time":1612987765,"event":{"mods":["2.2 Compatiblity","Bard","BaseMod","Better Note","Colored Map","Colored Powertips","Conspire","Custom Start","Downfall","Faster Ascension Climbing","GifTheSpireLib","Gremlin Skip","Highlight Path","Hubris","Infinite Spire","Mad Scientist","Marisa????????","Mimic Mod","Minty Spire (QoL Compilation)","Monster B Gone","Permanent Neow","Potionbrewer","Quick Restart","READ ME - Guardian Mod","Relic Sorter","Replay The Spire","Shop Mod","Somnambulant","StSLib","Stuff the Spire","SuperFastMode","The Construct","The Disciple","The Servant 0.9.4"],"gold_per_floor":[16,26,37,37,56,56,69,94,94,94,94],"floor_reached":10,"language":"ENG","playtime":1556,"items_purged":[],"score":119,"play_id":"6045ce35-649b-47cb-9214-825738cb8798","local_time":"20210210140925","is_ascension_mode":true,"campfire_choices":[{"data":"MadScienceMod:LightOnFire","floor":6,"key":"SMITH"}],"circlet_count":0,"master_deck":["AscendersBane","MadScienceMod:Strike_MadScience","MadScienceMod:Strike_MadScience","MadScienceMod:Strike_MadScience","MadScienceMod:Strike_MadScience","MadScienceMod:Defend_MadScience+1","MadScienceMod:Defend_MadScience+1","MadScienceMod:Defend_MadScience","MadScienceMod:Defend_MadScience","MadScienceMod:PoweredStrike","MadScienceMod:HideBehindJunk","MadScienceMod:SoftenUp","MadScienceMod:Strafe","MadScienceMod:Sprocket","MadScienceMod:LightOnFire+1","MadScienceMod:ShrinkRay","MadScienceMod:RadioactiveSword"],"relics":["MadScienceMod:FuelTank","MadScienceMod:Funnel","Shovel","Girya"],"acts_visited":["Exordium"],"potions_floor_usage":[],"damage_taken":[{"damage":0,"enemies":"Small Slimes","floor":1,"turns":3},{"damage":3,"enemies":"Jaw Worm","floor":2,"turns":4},{"damage":0,"enemies":"conspire:RoseBush","floor":3,"turns":4},{"damage":3,"enemies":"3 Louse","floor":5,"turns":4},{"damage":7,"enemies":"2 Fungi Beasts","floor":7,"turns":3},{"damage":27,"enemies":"Lagavulin","floor":8,"turns":7},{"damage":10,"enemies":"3 Sentries","floor":10,"turns":4}],"seed_played":"-8646630257233380373","potions_obtained":[{"floor":5,"key":"FearPotion"}],"is_trial":false,"path_per_floor":["M","M","M","?","M","R","M","E","T","E"],"character_chosen":"MAD_SCIENTIST","items_purchased":[],"campfire_rested":0,"item_purchase_floors":[],"current_hp_per_floor":[64,61,61,47,44,44,37,10,10,0,0],"gold":94,"neow_bonus":"ONE_RARE_RELIC","is_daily":false,"chose_seed":false,"campfire_upgraded":1,"win_rate":0.0,"timestamp":1612987765,"path_taken":["M","M","M","?","M","R","M","E","T","E"],"items_purchased_type":[],"build_version":"2020-12-22","purchased_purges":0,"victory":false,"max_hp_per_floor":[71,71,71,71,71,71,71,71,71,71,71],"card_choices":[{"not_picked":["MadScienceMod:NowOrNever","MadScienceMod:FragmentationGrenade"],"picked":"MadScienceMod:SoftenUp","floor":1},{"not_picked":["MadScienceMod:AutoStrike","MadScienceMod:FumeBlast"],"picked":"MadScienceMod:Strafe","floor":2},{"not_picked":["MadScienceMod:AntimatterBomb","MadScienceMod:Poke"],"picked":"MadScienceMod:Sprocket","floor":3},{"not_picked":["MadScienceMod:ImposingConstruct","MadScienceMod:FlameThrower"],"picked":"MadScienceMod:LightOnFire","floor":5},{"not_picked":["MadScienceMod:Sprocket","MadScienceMod:FumeBlast"],"picked":"MadScienceMod:ShrinkRay","floor":7},{"not_picked":["MadScienceMod:AntimatterBomb","MadScienceMod:AutoStrike"],"picked":"MadScienceMod:RadioactiveSword","floor":8}],"player_experience":238524,"relics_obtained":[{"floor":8,"key":"Shovel"},{"floor":9,"key":"Girya"}],"event_choices":[{"damage_healed":0,"gold_gain":0,"player_choice":"Entered Light","damage_taken":14,"max_hp_gain":0,"max_hp_loss":0,"event_name":"Shining Light","floor":4,"gold_loss":0,"cards_upgraded":["MadScienceMod:Defend_MadScience","MadScienceMod:Defend_MadScience"]}],"is_beta":false,"boss_relics":[],"items_purged_floors":[],"is_endless":false,"potions_floor_spawned":[5],"killed_by":"3 Sentries","ascension_level":14}}