{"host":"mo4d2vii2wc3uyp7","time":1612943716,"event":{"mods":["AchievementEnabler","BaseMod","Colored Map","Highlight Path","Keyboard Shortcuts","Minty Spire (QoL Compilation)","Permanent Neow","Quick Restart","Shop Mod","StSLib","SuperFastMode","everything is the same but u backflip on backflip"],"gold_per_floor":[16,33,53,69,87,98,98,98],"floor_reached":7,"language":"KOR","playtime":401,"items_purged":[],"score":47,"play_id":"21a48548-56b1-4563-ba7f-121a11acad2b","local_time":"20210210165516","is_ascension_mode":false,"campfire_choices":[],"circlet_count":0,"master_deck":["Strike_G","Strike_G","Strike_G","Strike_G","Strike_G","Defend_G","Defend_G","Defend_G","Defend_G","Defend_G","Survivor","Neutralize","Storm of Steel","Dagger Throw","Dagger Throw","Footwork","Venomology"],"relics":["Ring of the Snake"],"acts_visited":["Exordium"],"potions_floor_usage":[6],"damage_taken":[{"damage":1,"enemies":"Cultist","floor":1,"turns":4},{"damage":1,"enemies":"Jaw Worm","floor":2,"turns":4},{"damage":0,"enemies":"2 Louse","floor":3,"turns":2},{"damage":8,"enemies":"Gremlin Gang","floor":4,"turns":4},{"damage":10,"enemies":"Lots of Slimes","floor":5,"turns":4},{"damage":0,"enemies":"Large Slime","floor":6,"turns":4},{"damage":50,"enemies":"Lagavulin","floor":7,"turns":8}],"seed_played":"-4881685729533539227","potions_obtained":[{"floor":3,"key":"Regen Potion"},{"floor":5,"key":"SteroidPotion"}],"is_trial":false,"path_per_floor":["M","M","M","M","M","M","E"],"character_chosen":"THE_SILENT","items_purchased":[],"campfire_rested":0,"item_purchase_floors":[],"current_hp_per_floor":[69,68,68,60,50,50,0,0],"gold":98,"neow_bonus":"THREE_RARE_CARDS","is_daily":false,"chose_seed":false,"campfire_upgraded":0,"win_rate":0.0,"timestamp":1612943716,"path_taken":["M","M","M","M","M","M","E"],"items_purchased_type":[],"build_version":"2020-12-22","purchased_purges":0,"victory":false,"max_hp_per_floor":[70,70,70,70,70,70,70,70],"card_choices":[{"not_picked":["Glass Knife","Wraith Form v2"],"picked":"Storm of Steel","floor":0},{"not_picked":["Cloak And Dagger","Caltrops"],"picked":"Dagger Throw","floor":1},{"not_picked":["Quick Slash","Acrobatics"],"picked":"Dagger Throw","floor":2},{"not_picked":["Bouncing Flask","Deflect","Choke"],"picked":"SKIP","floor":3},{"not_picked":["Flying Knee","Deadly Poison","Bouncing Flask"],"picked":"SKIP","floor":4},{"not_picked":["Underhanded Strike","Bane"],"picked":"Footwork","floor":5},{"not_picked":["Flechettes","Concentrate"],"picked":"Venomology","floor":6}],"player_experience":612592,"relics_obtained":[],"event_choices":[],"is_beta":false,"boss_relics":[],"items_purged_floors":[],"is_endless":false,"potions_floor_spawned":[3,5],"killed_by":"Lagavulin","ascension_level":0}}