{"host":"d52brwsy6af8zvaq","time":1612922384,"event":{"mods":["AchievementEnabler","BaseMod","Bestiary","Highlight Path","Minty Spire (QoL Compilation)","Quick Restart","Relic Stats","ojb\u0027s Better Paths Mod"],"gold_per_floor":[118,118,128,146,221,221,233,233,233,261,279,304,304,331,331,331,331],"floor_reached":16,"language":"ENG","playtime":570,"items_purged":[],"score":240,"play_id":"eb113595-cbcd-4508-82c0-c2117a4253bd","local_time":"20210209185944","is_ascension_mode":true,"campfire_choices":[{"data":"Zap","floor":6.0,"key":"SMITH"},{"floor":8.0,"key":"REST"},{"data":"Dualcast","floor":15.0,"key":"SMITH"}],"circlet_count":0,"master_deck":["AscendersBane","Strike_B","Strike_B","Strike_B","Defend_B","Defend_B","Defend_B","Defend_B","Zap+1","Dualcast+1","Capacitor","Redo","Streamline","Cold Snap","Biased Cognition","Leap","White Noise","Compile Driver"],"relics":["Cracked Core","PreservedInsect","Ginger","Art of War","Pantograph","Happy Flower"],"acts_visited":["Exordium"],"potions_floor_usage":[16],"damage_taken":[{"damage":7.0,"enemies":"Small Slimes","floor":1.0,"turns":4.0},{"damage":2.0,"enemies":"Cultist","floor":3.0,"turns":4.0},{"damage":4.0,"enemies":"Jaw Worm","floor":4.0,"turns":4.0},{"damage":6.0,"enemies":"Blue Slaver","floor":7.0,"turns":3.0},{"damage":9.0,"enemies":"Gremlin Nob","floor":10.0,"turns":3.0},{"damage":0.0,"enemies":"2 Fungi Beasts","floor":11.0,"turns":2.0},{"damage":6.0,"enemies":"Lagavulin","floor":12.0,"turns":6.0},{"damage":16.0,"enemies":"3 Sentries","floor":14.0,"turns":7.0},{"damage":50,"enemies":"Hexaghost","floor":16,"turns":9}],"seed_played":"5153198370508641211","potions_obtained":[{"floor":1.0,"key":"DuplicationPotion"},{"floor":3.0,"key":"DistilledChaos"},{"floor":14.0,"key":"Swift Potion"}],"is_trial":false,"path_per_floor":["M","?","M","M","?","R","M","R","T","E","M","E","T","E","R","B"],"character_chosen":"DEFECT","items_purchased":[],"campfire_rested":1,"item_purchase_floors":[],"current_hp_per_floor":[57,57,55,51,40,40,34,55,55,46,46,40,40,24,24,0,0],"gold":331,"neow_bonus":"RANDOM_COMMON_RELIC","is_daily":false,"chose_seed":false,"campfire_upgraded":2,"win_rate":0.0,"timestamp":1612922384,"path_taken":["M","?","?","M","?","R","M","R","T","E","M","E","?","E","R","BOSS"],"items_purchased_type":[],"build_version":"2020-12-22","purchased_purges":0,"victory":false,"max_hp_per_floor":[71,71,71,71,71,71,71,71,71,71,71,71,71,71,71,71,71],"relic_stats":{"Happy Flower":[3],"counters":[9,42],"Pantograph":25,"PreservedInsect":91,"Art of War":[5],"Ginger":[0],"obtain_stats":[{"Happy Flower":14,"Pantograph":13,"PreservedInsect":0,"Art of War":12,"Ginger":10,"Cracked Core":0},{"Happy Flower":8,"Pantograph":7,"PreservedInsect":0,"Art of War":7,"Ginger":5,"Cracked Core":0},{"Happy Flower":33,"Pantograph":26,"PreservedInsect":0,"Art of War":26,"Ginger":18,"Cracked Core":0}]},"card_choices":[{"not_picked":["Skim","Heatsinks"],"picked":"Capacitor","floor":1.0},{"not_picked":["Steam","Capacitor"],"picked":"Redo","floor":3.0},{"not_picked":["Compile Driver","White Noise"],"picked":"Streamline","floor":4.0},{"not_picked":["Hologram","Rebound"],"picked":"Cold Snap","floor":7.0},{"not_picked":["Storm","FTL"],"picked":"Biased Cognition","floor":10.0},{"not_picked":["Chill","Capacitor"],"picked":"Leap","floor":11.0},{"not_picked":["Storm","Hologram"],"picked":"White Noise","floor":12.0},{"not_picked":["Tempest","Leap"],"picked":"Compile Driver","floor":14.0}],"player_experience":2203120,"relics_obtained":[{"floor":10.0,"key":"Ginger"},{"floor":12.0,"key":"Art of War"},{"floor":13.0,"key":"Pantograph"},{"floor":14.0,"key":"Happy Flower"}],"event_choices":[{"cards_removed":["Strike_B"],"damage_healed":0.0,"max_hp_gain":0.0,"max_hp_loss":0.0,"gold_gain":0.0,"event_name":"Purifier","player_choice":"Purged","floor":2.0,"gold_loss":0.0,"damage_taken":0.0},{"damage_healed":0.0,"max_hp_gain":0.0,"max_hp_loss":0.0,"gold_gain":75.0,"event_name":"World of Goop","player_choice":"Gather Gold","floor":5.0,"gold_loss":0.0,"damage_taken":11.0}],"is_beta":false,"boss_relics":[],"items_purged_floors":[],"is_endless":false,"potions_floor_spawned":[1,3,14],"killed_by":"Hexaghost","ascension_level":20}}