{"host":"6to8m083wj0ro91z","time":1612991785,"event":{"mods":["BaseMod","Better Third Choice","BetterRewards","CatGirl Mod","ChefMod","Friendly Minions","Hubris","Mad Scientist","Marisa????????","Minty Spire (QoL Compilation)","Robot Space Explorer","Shade Mod","Spicy Shops","StSLib","The Blackbeard","The Death Knight","The Forsaken","The Gatherer","The Marked","The Mystic","The Necromancer","The Runesmith","The Servant 0.9.4","The Showman","The Vixen","Yohane!"],"gold_per_floor":[119,119,136,154,154,184,184,194,194,212,212,212],"floor_reached":11,"language":"ENG","playtime":325,"items_purged":[],"score":79,"play_id":"10d35d3b-8472-42e2-ad45-922d732ae03c","local_time":"20210210221625","is_ascension_mode":true,"campfire_choices":[{"data":"theCatGirl:SpinningStrike","floor":7,"key":"SMITH"}],"circlet_count":0,"master_deck":["theCatGirl:Strike","theCatGirl:Strike","theCatGirl:Strike","theCatGirl:Strike","theCatGirl:Defend","theCatGirl:Defend","theCatGirl:Defend","theCatGirl:Defend","theCatGirl:ClawStrike","theCatGirl:Evasion","theCatGirl:SpinningStrike+1","theCatGirl:FumblingBlow","theCatGirl:Meow"],"relics":["Coffee Dripper","Pocketwatch","Prayer Wheel"],"acts_visited":["Exordium"],"potions_floor_usage":[10],"damage_taken":[{"damage":0,"enemies":"Small Slimes","floor":1,"turns":4},{"damage":0,"enemies":"Cultist","floor":3,"turns":4},{"damage":0,"enemies":"Jaw Worm","floor":4,"turns":3},{"damage":38,"enemies":"Lagavulin","floor":6,"turns":9},{"damage":6,"enemies":"2 Fungi Beasts","floor":8,"turns":3},{"damage":2,"enemies":"Blue Slaver","floor":10,"turns":4},{"damage":27,"enemies":"Gremlin Nob","floor":11,"turns":4}],"seed_played":"7280584943372443250","potions_obtained":[{"floor":10,"key":"Fruit Juice"}],"is_trial":false,"path_per_floor":["M","?","M","M","?","E","R","M","T","M","E"],"character_chosen":"THE_CATGIRL","items_purchased":[],"campfire_rested":0,"item_purchase_floors":[],"current_hp_per_floor":[70,70,70,70,70,32,32,26,26,29,2,2],"gold":212,"neow_bonus":"BOSS_RELIC","is_daily":false,"chose_seed":false,"campfire_upgraded":1,"win_rate":0.0,"timestamp":1612991785,"path_taken":["M","?","?","M","?","E","R","M","T","?","E"],"items_purchased_type":[],"build_version":"2020-12-22","purchased_purges":0,"victory":false,"max_hp_per_floor":[70,70,70,70,70,70,70,70,70,75,75,75],"card_choices":[{"not_picked":["theCatGirl:LostTrinket","theCatGirl:SearchBackpack","theCatGirl:ClenchYourTeeth"],"picked":"SKIP","floor":1},{"not_picked":["theCatGirl:DecliningDefenses","theCatGirl:GoddessOfMisfortune"],"picked":"theCatGirl:SpinningStrike","floor":3},{"not_picked":["theCatGirl:PilingErrors","theCatGirl:PoisedStrike"],"picked":"theCatGirl:FumblingBlow","floor":4},{"not_picked":["theCatGirl:SpinningStrike","theCatGirl:Misfire"],"picked":"theCatGirl:Meow","floor":6},{"not_picked":["theCatGirl:TripLunge","theCatGirl:Meow","theCatGirl:DefensiveStance"],"picked":"SKIP","floor":8},{"not_picked":["theCatGirl:ThatWasntIt","theCatGirl:PoisedStrike","theCatGirl:Slip"],"picked":"SKIP","floor":10},{"not_picked":["theCatGirl:DefensiveStance","theCatGirl:BloodBath","theCatGirl:RageClaws"],"picked":"SKIP","floor":10}],"player_experience":1116949,"relics_obtained":[{"floor":6,"key":"Pocketwatch"},{"floor":9,"key":"Prayer Wheel"}],"event_choices":[{"cards_removed":["OortCloud"],"damage_healed":0,"gold_gain":0,"player_choice":"Took Card","damage_taken":0,"max_hp_gain":0,"max_hp_loss":0,"event_name":"NoteForYourself","floor":2,"gold_loss":0,"cards_obtained":["OortCloud"]},{"damage_healed":0,"gold_gain":0,"player_choice":"Bought 0 Potions","damage_taken":0,"max_hp_gain":0,"max_hp_loss":0,"event_name":"The Woman in Blue","floor":5,"gold_loss":0}],"is_beta":false,"boss_relics":[],"items_purged_floors":[],"is_endless":false,"potions_floor_spawned":[10],"killed_by":"Gremlin Nob","ascension_level":1}}