{"host":"3j2m8n0ywf988fwb","time":1612927407,"event":{"mods":["2.2 Compatiblity","AchievementEnabler","Act Like it!","Aspiration","Astrologer","BaseMod","Better Altar","Better Match","Better Note","Better Sensory Stone","Better Skull","Better Third Choice","CCEM2","ChefMod","Colored Map","Colored Powertips","Conspire","Dark Map","Energized Spire","GifTheSpireLib","Halation","Hallownest","Highlight Path","Hubris","Infinite Spire","Jedi Mod","Marisa????????","Marked Mod","Mimic Mod","Minty Spire (QoL Compilation)","Monster B Gone","Random Character Button","Relic Filter Mod","Relic Stats","Reliquary","Replay The Spire","Robot Space Explorer","Shade Mod","Shop Mod","Somnambulant","StS++","StSLib","Stuff the Spire","The Bug Knight","The Elementalist","The Hierophant","The Marked","The Runesmith","TheBandit","TheFirefly","Unceasing Turn Reminder","Weighted Paths","everything is the same but u backflip on backflip"],"gold_per_floor":[114,114,114,131,56,89,89,106,154,79,107,127,171,199,199,314,314,338,338,438,476,350,373,375,375],"floor_reached":24,"language":"ENG","playtime":1185,"items_purged":["elementalist:Defend_Elemblue","Strike_MRS"],"score":227,"play_id":"360e9292-012a-4b72-86f3-59434cdf1121","local_time":"20210209212327","is_ascension_mode":true,"campfire_choices":[{"data":"CasketOfStar","floor":7,"key":"SMITH"}],"circlet_count":0,"master_deck":["Strike_MRS","Strike_MRS","Strike_MRS","Defend_MRS","Defend_MRS","Defend_MRS","Defend_MRS","MasterSpark","UpSweep","Neutralize+1","CasketOfStar+1","EnergyFlow+1","OrrerysSun","StarBarrage+1","AsteroidBelt","6A","RefractionSpark","DoubleSpark"],"relics":["BewitchedHakkero","hubris:OldNail","reliquary:RosewoodLute","halation:VictoryRuler","hubris:SlimyHat","Replay:Bandana","reliquary:ExpiredCoupon"],"acts_visited":["Exordium","TheCity"],"potions_floor_usage":[13,16,23],"damage_taken":[{"damage":0,"enemies":"conspire:RoseBush","floor":1,"turns":4},{"damage":5,"enemies":"2 Louse","floor":4,"turns":3},{"damage":6,"enemies":"Replay:BlueRogue","floor":6,"turns":5},{"damage":7,"enemies":"Cultist","floor":8,"turns":4},{"damage":2,"enemies":"Lagavulin","floor":11,"turns":6},{"damage":4,"enemies":"Blue Slaver","floor":12,"turns":4},{"damage":5,"enemies":"HollowMod:MossKnight","floor":13,"turns":5},{"damage":12,"enemies":"Exordium Thugs","floor":14,"turns":4},{"damage":29,"enemies":"Slime Boss","floor":16,"turns":6},{"damage":40,"enemies":"2 Thieves","floor":18,"turns":4},{"damage":7,"enemies":"3 Byrds","floor":21,"turns":5},{"damage":24,"enemies":"Shelled Parasite and Fungi","floor":23,"turns":7},{"damage":7,"enemies":"Replay:Snechameleon","floor":24,"turns":2}],"seed_played":"19096771880685983","potions_obtained":[{"floor":1,"key":"Explosive Potion"},{"floor":6,"key":"Reflective Coating"},{"floor":8,"key":"Venom Potion"},{"floor":11,"key":"AttackPotion"},{"floor":13,"key":"GamblersBrew"},{"floor":21,"key":"SkillPotion"}],"is_trial":false,"path_per_floor":["M","?","?","M","?","E","R","M","T","$","E","M","E","M","R_BF","B",null,"M","?","?","M","$","M","E"],"character_chosen":"MARISA","items_purchased":["DoubleSpark"],"campfire_rested":0,"item_purchase_floors":[22],"current_hp_per_floor":[75,75,69,64,64,58,58,51,51,51,49,45,40,28,50,21,75,35,35,35,28,28,4,0,0],"gold":375,"neow_bonus":"THREE_RARE_CARDS","is_daily":false,"chose_seed":false,"campfire_upgraded":1,"win_rate":0.0,"timestamp":1612927407,"path_taken":["M","?","?","M","?","E","R","M","T","$","E","?","E","M","R_BF","BOSS","M","?","?","?","?","M","E"],"items_purchased_type":["Card"],"build_version":"2020-12-22","purchased_purges":2,"victory":false,"max_hp_per_floor":[75,75,75,75,75,75,75,75,75,75,75,75,75,75,75,75,75,75,75,75,75,75,75,75,75],"relic_stats":{"counters":[13,59],"obtain_stats":[{"reliquary:ExpiredCoupon":13,"Replay:Bandana":11,"halation:VictoryRuler":6,"hubris:SlimyHat":9,"MiniHakkero":0,"reliquary:RosewoodLute":3,"BewitchedHakkero":17,"hubris:OldNail":3},{"reliquary:ExpiredCoupon":7,"Replay:Bandana":5,"halation:VictoryRuler":3,"hubris:SlimyHat":4,"MiniHakkero":0,"reliquary:RosewoodLute":1,"BewitchedHakkero":9,"hubris:OldNail":1},{"reliquary:ExpiredCoupon":31,"Replay:Bandana":22,"halation:VictoryRuler":12,"hubris:SlimyHat":16,"MiniHakkero":0,"reliquary:RosewoodLute":4,"BewitchedHakkero":41,"hubris:OldNail":4}]},"card_choices":[{"not_picked":["UltimateShortwave","BlazingStar"],"picked":"CasketOfStar","floor":0},{"not_picked":["Acceleration","GrandCross"],"picked":"EnergyFlow","floor":1},{"not_picked":["NonDirectionalLaser","MilkyWay"],"picked":"OrrerysSun","floor":4},{"not_picked":["SprinkleStarSeal+1","DragonMeteor+1"],"picked":"StarBarrage+1","floor":5},{"not_picked":["StarDustReverie","MachineGunSpark","StarBarrage"],"picked":"SKIP","floor":6},{"not_picked":["EventHorizon","ShootingEcho"],"picked":"AsteroidBelt","floor":8},{"not_picked":["Acceleration","DarkSpark","DC"],"picked":"SKIP","floor":11},{"not_picked":["PulseMagic","NonDirectionalLaser","DarkMatter"],"picked":"SKIP","floor":12},{"not_picked":["UnstableBomb","PowerUp","Acceleration"],"picked":"SKIP","floor":13},{"not_picked":["NonDirectionalLaser","GrandCross"],"picked":"6A","floor":14},{"not_picked":["ShootingEcho","GrandCross","AsteroidBelt"],"picked":"SKIP","floor":18},{"not_picked":["Occultation","NonDirectionalLaser"],"picked":"RefractionSpark","floor":21},{"not_picked":["OneTimeOff+1","BlazingStar","ManaConvection"],"picked":"SKIP","floor":23},{"not_picked":["OneTimeOff+1","BlazingStar","ManaConvection"],"picked":"SKIP","floor":23}],"player_experience":1104216,"relics_obtained":[{"floor":6,"key":"halation:VictoryRuler"},{"floor":9,"key":"hubris:SlimyHat"},{"floor":11,"key":"Replay:Bandana"},{"floor":13,"key":"reliquary:ExpiredCoupon"}],"event_choices":[{"damage_healed":0,"gold_gain":1,"player_choice":"Relic Relic ","damage_taken":6,"max_hp_gain":0,"max_hp_loss":0,"event_name":"betterThird:BetterScrap","floor":3,"gold_loss":0,"cards_obtained":["ReplayTheSpireMod:Speed Training"]},{"damage_healed":0,"gold_gain":0,"player_choice":"2","damage_taken":0,"max_hp_gain":0,"max_hp_loss":0,"event_name":"betterMatch:BetterMatch","floor":5,"gold_loss":0,"cards_obtained":["betterMatch:UncommonCard"]},{"damage_healed":0,"gold_gain":0,"player_choice":"Ignored","damage_taken":0,"max_hp_gain":0,"max_hp_loss":0,"event_name":"betterNote:BetterNote","floor":19,"gold_loss":0,"cards_obtained":["StSpp:Saturation"]},{"damage_healed":0,"gold_gain":100,"player_choice":"Pray","damage_taken":0,"max_hp_gain":0,"max_hp_loss":0,"event_name":"Golden Shrine","floor":20,"gold_loss":0}],"is_beta":false,"boss_relics":[{"not_picked":["reliquary:RedPaperclip","hubris:VirtuousBlindfold"],"picked":"BewitchedHakkero"}],"items_purged_floors":[10,22],"is_endless":false,"potions_floor_spawned":[1,6,8,11,13,21],"killed_by":"Replay:Snechameleon","ascension_level":1}}