{"host":"1bvadgc0hovl67h4","time":1612932415,"event":{"mods":["BaseMod","Colored Map","Downfall","Hermit","Minty Spire (QoL Compilation)","Morshu Shopkeeper","Morshu Shopkeeper - ENHANCED","StSLib","The Cursed"],"gold_per_floor":[99,119,134,197,197,215,215,226,676,690,590,606,619,636,656,757,757,757,767,607,619,639,672,672,672,572,586,586,597,597,353,373,474,474,474,524,579,579,579,579,579,589,685,695,454,454,472,501,401,401,401,430,20,20,20,20],"floor_reached":57,"language":"ENG","playtime":4305,"items_purged":["downfall:Icky","TheCursedMod:ParallelWorld+1"],"score":1380,"play_id":"97f3611c-eda4-439f-b72c-c0dbf0a14abd","local_time":"20210209204655","is_ascension_mode":true,"campfire_choices":[{"floor":1,"key":"RECALL"},{"floor":11,"key":"REST"},{"data":"TheCursedMod:HellfireBreathing","floor":18,"key":"SMITH"},{"floor":26,"key":"REST"},{"data":"TheCursedMod:ParallelWorld","floor":28,"key":"SMITH"},{"data":"TheCursedMod:FleshFromBone","floor":35,"key":"SMITH"},{"floor":40,"key":"REST"},{"data":"TheCursedMod:CleanUpWorkshop","floor":46,"key":"SMITH"},{"floor":49,"key":"REST"},{"floor":54,"key":"REST"}],"circlet_count":0,"master_deck":["TheCursedMod:Strike_TheCursed","TheCursedMod:Strike_TheCursed","TheCursedMod:Defend_TheCursed","TheCursedMod:Defend_TheCursed","TheCursedMod:Defend_TheCursed","TheCursedMod:Defend_TheCursed","TheCursedMod:CursedWand","TheCursedMod:CleanUpWorkshop+1","TheCursedMod:Dregs","TheCursedMod:CursedBoomerang+1","TheCursedMod:SpitefulPlan+1","TheCursedMod:CursedShiv","Clumsy","TheCursedMod:HellfireBreathing+1","downfall:Icky","downfall:Icky","TheCursedMod:HellsGateOpen","TheCursedMod:CursedSpellbook","TheCursedMod:TroublousMinions","TheCursedMod:ManaBullet+1","TheCursedMod:DemonSword","TheCursedMod:FleshFromBone+1","TheCursedMod:SurpriseAttack+1","TheCursedMod:StingEye","TheCursedMod:LuckyCharm","TheCursedMod:LuckyCharm","TheCursedMod:VoidForm","TheCursedMod:ReleasedStrength","TheCursedMod:Torture+1","TheCursedMod:SurpriseAttack+1","expansioncontent:QuickStudy","TheCursedMod:Stigma+1","TheCursedMod:StunningStrike","Secret Technique"],"relics":["TheCursedMod:BlackMagic101","Oddly Smooth Stone","TheCursedMod:SoulVessel","Matryoshka","downfall:HeartBlessingRed","TheCursedMod:FourLeafCloverCharm","Membership Card","Vajra","downfall:HeartBlessingBlue","Juzu Bracelet","Cauldron","Toy Ornithopter","Philosopher\u0027s Stone","Ginger","Pocketwatch","TheCursedMod:BloodyHarpoon","Mango","Eternal Feather","Ancient Tea Set","Bronze Scales","Whetstone","Singing Bowl","downfall:HeartBlessingGreen","Art of War","Pen Nib","Centennial Puzzle","TheCursedMod:PinkPellets"],"acts_visited":["Exordium","TheCity","TheBeyond","TheEnding"],"potions_floor_usage":[4,16,19,22,33,50,50,55],"damage_taken":[{"damage":0,"enemies":"Cultist","floor":2,"turns":4},{"damage":0,"enemies":"Small Slimes","floor":3,"turns":3},{"damage":36,"enemies":"Gremlin Nob","floor":4,"turns":5},{"damage":0,"enemies":"2 Louse","floor":6,"turns":1},{"damage":4,"enemies":"Exordium Thugs","floor":8,"turns":5},{"damage":12,"enemies":"Large Slime","floor":10,"turns":4},{"damage":2,"enemies":"Blue Slaver","floor":12,"turns":3},{"damage":5,"enemies":"Red Slaver","floor":13,"turns":3},{"damage":0,"enemies":"3 Louse","floor":14,"turns":2},{"damage":12,"enemies":"2 Fungi Beasts","floor":15,"turns":3},{"damage":35,"enemies":"DF_ARCHETYPE_STREAMLINE","floor":16,"turns":9},{"damage":0,"enemies":"Shell Parasite","floor":19,"turns":3},{"damage":0,"enemies":"downfall:FleeingMerchant","floor":20,"turns":4},{"damage":0,"enemies":"Spheric Guardian","floor":21,"turns":3},{"damage":32,"enemies":"Snake Plant","floor":22,"turns":4},{"damage":27,"enemies":"Book of Stabbing","floor":23,"turns":6},{"damage":16,"enemies":"Centurion and Healer","floor":27,"turns":5},{"damage":11,"enemies":"Shelled Parasite and Fungi","floor":29,"turns":5},{"damage":0,"enemies":"downfall:FleeingMerchant","floor":31,"turns":4},{"damage":6,"enemies":"3 Cultists","floor":32,"turns":5},{"damage":52,"enemies":"SI_MIRROR_ARCHETYPE","floor":33,"turns":8},{"damage":1,"enemies":"SI_MIRROR_ARCHETYPE","floor":36,"turns":8},{"damage":66,"enemies":"2 Orb Walkers","floor":37,"turns":5},{"damage":49,"enemies":"3 Darklings","floor":42,"turns":3},{"damage":0,"enemies":"downfall:FleeingMerchant","floor":43,"turns":4},{"damage":17,"enemies":"Orb Walker","floor":44,"turns":3},{"damage":35,"enemies":"Transient","floor":47,"turns":5},{"damage":52,"enemies":"Reptomancer","floor":48,"turns":7},{"damage":13,"enemies":"IC_BLOCK_ARCHETYPE","floor":50,"turns":6},{"damage":66,"enemies":"downfall:CharBossMerchant","floor":52,"turns":6},{"damage":25,"enemies":"downfall:NeowBoss","floor":55,"turns":9},{"damage":42,"enemies":"downfall:NeowBossFinal","floor":56,"turns":7}],"seed_played":"-8130681995898193363","potions_obtained":[{"floor":2,"key":"DistilledChaos"},{"floor":10,"key":"DistilledChaos"},{"floor":14,"key":"FairyPotion"},{"floor":15,"key":"CultistPotion"},{"floor":16,"key":"Weak Potion"},{"floor":21,"key":"PowerPotion"},{"floor":23,"key":"FairyPotion"},{"floor":31,"key":"CultistPotion"},{"floor":37,"key":"SteroidPotion"},{"floor":47,"key":"Explosive Potion"}],"is_trial":false,"path_per_floor":["R","M","M","?","?","M","T","M","?","M","R","M","M","M","M","B",null,"R","M","$","M","M","E","T","?","R","M","R","M","?","$","M","B",null,"R","?","?","?","?","R","T","M","$","M","$","R","M","E","R","B",null,"E","$","R","B","B",null],"character_chosen":"THE_CURSED","items_purchased":["Membership Card","Juzu Bracelet","Cauldron","Toy Ornithopter","Eternal Feather","Ancient Tea Set","Bronze Scales","Whetstone","expansioncontent:QuickStudy","Pen Nib","Block Potion","Swift Potion","Secret Technique","Centennial Puzzle","TheCursedMod:PinkPellets"],"campfire_rested":5,"item_purchase_floors":[20,31,31,31,43,43,45,45,45,53,53,53,53,53,53],"current_hp_per_floor":[75,75,75,39,39,39,39,38,38,30,52,52,49,50,40,12,75,75,75,75,75,51,29,29,29,64,56,56,50,50,53,53,17,85,85,85,24,24,24,49,63,20,27,12,12,30,33,22,70,76,101,43,43,91,84,51],"gold":20,"neow_bonus":"RANDOM_COMMON_RELIC","is_daily":false,"chose_seed":false,"campfire_upgraded":4,"win_rate":0.0,"timestamp":1612932415,"path_taken":["R","M","?","?","?","?","T","M","?","M","R","M","M","M","M","BOSS","R","M","$","M","M","E","T","?","R","M","R","?","?","$","M","BOSS","R","?","?","?","?","R","T","M","$","M","$","R","M","E","R","BOSS","E","$","R","BOSS","BOSS"],"items_purchased_type":["Relic","Relic","Relic","Relic","Relic","Relic","Relic","Relic","Card","Relic","Potion","Potion","Card","Relic","Relic"],"build_version":"2020-12-22","purchased_purges":2,"victory":true,"max_hp_per_floor":[75,75,75,75,75,75,75,75,75,75,75,75,75,75,75,75,75,75,75,75,75,75,75,75,75,85,85,85,85,85,85,85,85,85,85,85,85,85,85,85,99,99,99,99,99,99,99,101,101,101,101,101,101,101,101,101],"card_choices":[{"not_picked":["TheCursedMod:SmokeScreen","TheCursedMod:CircleOfCorruption"],"picked":"TheCursedMod:CursedBoomerang","floor":2},{"not_picked":["TheCursedMod:Stretching","TheCursedMod:SpitefulStrike"],"picked":"TheCursedMod:SpitefulPlan","floor":3},{"not_picked":["TheCursedMod:VitalStrike","TheCursedMod:ForbiddenAlchemy"],"picked":"TheCursedMod:CursedShiv","floor":4},{"not_picked":["TheCursedMod:VitalStrike","TheCursedMod:FleshFromBone","TheCursedMod:Stretching"],"picked":"SKIP","floor":6},{"not_picked":["TheCursedMod:Stretching","TheCursedMod:CircleOfFlame"],"picked":"TheCursedMod:HellfireBreathing","floor":8},{"not_picked":["TheCursedMod:Torture","TheCursedMod:SoulCrush","TheCursedMod:Wield"],"picked":"SKIP","floor":10},{"not_picked":["TheCursedMod:BloodBarrier","TheCursedMod:CursedStaff"],"picked":"TheCursedMod:HellsGateOpen","floor":12},{"not_picked":["TheCursedMod:SpitefulPray","TheCursedMod:RapidMovement"],"picked":"TheCursedMod:CursedSpellbook","floor":13},{"not_picked":["TheCursedMod:Torture","TheCursedMod:TacticalStrike"],"picked":"TheCursedMod:TroublousMinions","floor":14},{"not_picked":["TheCursedMod:CircleOfFlame","TheCursedMod:Mangle"],"picked":"TheCursedMod:ManaBullet","floor":15},{"not_picked":["TheCursedMod:DemonicPact","TheCursedMod:ParallelWorld"],"picked":"TheCursedMod:DemonSword","floor":16},{"not_picked":["TheCursedMod:SurpriseAttack+1","TheCursedMod:RapidMovement"],"picked":"TheCursedMod:FleshFromBone","floor":19},{"not_picked":["TheCursedMod:RavingStaff","TheCursedMod:SpitefulPray+1"],"picked":"TheCursedMod:SurpriseAttack","floor":20},{"not_picked":["TheCursedMod:SaltUponWound","TheCursedMod:Obscuration"],"picked":"TheCursedMod:StingEye","floor":21},{"not_picked":["TheCursedMod:CursedAmulet+1","TheCursedMod:CircleOfBlood"],"picked":"TheCursedMod:LuckyCharm","floor":22},{"not_picked":["TheCursedMod:CircleOfFocus","TheCursedMod:HellsGateOpen","TheCursedMod:SpitefulPray"],"picked":"SKIP","floor":23},{"not_picked":["TheCursedMod:RavingStaff","TheCursedMod:BlessingInDisguise","TheCursedMod:SpitefulStrike"],"picked":"SKIP","floor":27},{"not_picked":["TheCursedMod:SurpriseAttack","TheCursedMod:CursedBlade+1"],"picked":"TheCursedMod:LuckyCharm","floor":29},{"not_picked":["TheCursedMod:SpitefulStrike+1","TheCursedMod:WearCloak","TheCursedMod:ParallelWorld"],"picked":"SKIP","floor":31},{"not_picked":["TheCursedMod:CircleOfCorruption","TheCursedMod:CursedBlade","TheCursedMod:AshesToAshes+1"],"picked":"SKIP","floor":32},{"not_picked":["TheCursedMod:ShockAndAwe","TheCursedMod:ManaCirculation"],"picked":"TheCursedMod:VoidForm","floor":33},{"not_picked":["TheCursedMod:Wield+1","TheCursedMod:BlessingInDisguise+1"],"picked":"TheCursedMod:ReleasedStrength","floor":36},{"not_picked":["TheCursedMod:RapidMovement+1","TheCursedMod:SpitefulStrike+1","TheCursedMod:Torture"],"picked":"SKIP","floor":42},{"not_picked":["TheCursedMod:CursedMace+1","TheCursedMod:CursedBlade"],"picked":"TheCursedMod:Torture+1","floor":43},{"not_picked":["TheCursedMod:RapidMovement","TheCursedMod:FleshFromBone+1"],"picked":"TheCursedMod:SurpriseAttack+1","floor":44},{"not_picked":["TheCursedMod:CircleOfAbyss","TheCursedMod:Evocation"],"picked":"TheCursedMod:Stigma+1","floor":47},{"not_picked":["TheCursedMod:FleshFromBone","TheCursedMod:VitalStrike+1","TheCursedMod:CircleOfWindfury+1"],"picked":"Singing Bowl","floor":48},{"not_picked":["TheCursedMod:RapidMovement+1","TheCursedMod:BlessingInDisguise+1"],"picked":"TheCursedMod:StunningStrike","floor":52}],"player_experience":273852,"relics_obtained":[{"floor":4,"key":"TheCursedMod:SoulVessel"},{"floor":7,"key":"Matryoshka"},{"floor":23,"key":"Happy Flower"},{"floor":24,"key":"Vajra"},{"floor":36,"key":"Ginger"},{"floor":37,"key":"Pocketwatch"},{"floor":41,"key":"TheCursedMod:BloodyHarpoon"},{"floor":41,"key":"Mango"},{"floor":48,"key":"Singing Bowl"},{"floor":52,"key":"Art of War"}],"event_choices":[{"damage_healed":0,"gold_gain":0,"player_choice":"Fight","damage_taken":0,"max_hp_gain":0,"max_hp_loss":0,"event_name":"Mysterious Sphere","floor":37,"gold_loss":0},{"cards_removed":["TheCursedMod:Strike_TheCursed"],"damage_healed":0,"gold_gain":0,"player_choice":"Removed Attack","damage_taken":0,"max_hp_gain":0,"max_hp_loss":0,"event_name":"Falling","floor":39,"gold_loss":0}],"is_beta":false,"boss_relics":[{"not_picked":["Cursed Key","Runic Pyramid"],"picked":"TheCursedMod:FourLeafCloverCharm"},{"not_picked":["Runic Dome","SlaversCollar"],"picked":"Philosopher\u0027s Stone"}],"items_purged_floors":[43,53],"is_endless":false,"potions_floor_spawned":[2,10,14,15,16,21,23,27,29,37,44,47],"ascension_level":3}}