{"host":"wvjetiwvtzv47vcu","time":1612979124,"event":{"mods":["AchievementEnabler","Act Like it!","BaseMod","BetterRewards","Colored Map","Colored Powertips","Downfall","Gensokyo","Hubris","Koishi","Marisa????????","Minty Spire (QoL Compilation)","Rare Cards Sparkle","StSLib","The Animator"],"gold_per_floor":[116,291,251,263,276,305,86,86,86,117,41,41,58,69,69,173,57,188,198,209,209,226,226,253,253,253,253,263,263,298,398,398,495,495,511,523,543,561,561,595,595,595,618,30,60,60,60,60,60,159,159,177,189,16,16,66,66,94,105,105,132,132,62,62,92,92,92,92,92,11,40,40],"floor_reached":73,"language":"ENG","playtime":3959,"items_purged":["Doubt","Defend_B","Defend_B"],"score":2484,"play_id":"5a29379e-6447-46c2-be4c-465adb9bca2c","local_time":"20210210094524","is_ascension_mode":true,"campfire_choices":[{"data":"Zap","floor":8.0,"key":"SMITH"},{"data":"Dualcast","floor":12.0,"key":"SMITH"},{"floor":15.0,"key":"REST"},{"floor":23.0,"key":"RECALL"},{"data":"Chill","floor":25.0,"key":"SMITH"},{"data":"Chaos","floor":27.0,"key":"SMITH"},{"data":"Blizzard","floor":32.0,"key":"SMITH"},{"data":"hubris:SpecializedCircuitry","floor":42.0,"key":"SMITH"},{"data":"Blizzard","floor":47.0,"key":"SMITH"},{"data":"hubris:PowerSurge","floor":49.0,"key":"SMITH"},{"data":"Defragment","floor":57.0,"key":"SMITH"},{"data":"Flash of Steel","floor":62.0,"key":"SMITH"},{"data":"Defragment","floor":64.0,"key":"SMITH"},{"data":"Machine Learning","floor":66.0,"key":"SMITH"},{"data":"Conserve Battery","floor":69,"key":"SMITH"}],"circlet_count":0,"master_deck":["Strike_B","Strike_B","Strike_B","Strike_B","Defend_B+1","Defend_B","Zap+1","Dualcast+1","Conserve Battery+1","Go for the Eyes","Barrage","Skim+1","Ball Lightning","Coolheaded","Ball Lightning","Blizzard+1","Machine Learning","Chaos+1","Sunder","Self Repair","Chill+1","Ball Lightning","hubris:SpecializedCircuitry+1","CurseOfTheBell","hubris:PowerSurge+1","Ball Lightning","Ball Lightning","Cold Snap","Writhe","Flash of Steel+1","Blizzard+1","Machine Learning+1","Defragment+1","Ball Lightning+1","Ball Lightning","Defragment+1","Coolheaded+1","Storm","Coolheaded"],"relics":["Cracked Core","HandDrill","Cables","DataDisk","Bottled Lightning","Bag of Preparation","SacredBark","Happy Flower","hubris:Towel","Blood Vial","hubris:BallOfYels","Strawberry","Potion Belt","Calling Bell","Juzu Bracelet","Ornamental Fan","Dead Branch","hubris:SoftwareUpdate","Shuriken","White Beast Statue","Toy Ornithopter","Omamori","HornCleat","Ice Cream","hubris:CuriousFeather","hubris:CrystalStatue","Mercury Hourglass","War Paint","Mummified Hand"],"acts_visited":["Exordium","TheCity","TheBeyond","TheEnding"],"potions_floor_usage":[67,67,67,67,67],"damage_taken":[{"damage":0.0,"enemies":"2 Louse","floor":1.0,"turns":3.0},{"damage":7.0,"enemies":"Jaw Worm","floor":4.0,"turns":3.0},{"damage":0.0,"enemies":"Cultist","floor":5.0,"turns":3.0},{"damage":17.0,"enemies":"Gremlin Nob","floor":6.0,"turns":4.0},{"damage":23.0,"enemies":"Lagavulin","floor":10.0,"turns":5.0},{"damage":7.0,"enemies":"Exordium Thugs","floor":13.0,"turns":3.0},{"damage":1.0,"enemies":"Looter","floor":14.0,"turns":2.0},{"damage":0.0,"enemies":"Slime Boss","floor":16.0,"turns":6.0},{"damage":0.0,"enemies":"Cultist","floor":18.0,"turns":2.0},{"damage":0.0,"enemies":"2 Louse","floor":19.0,"turns":1.0},{"damage":4.0,"enemies":"Small Slimes","floor":20.0,"turns":2.0},{"damage":6.0,"enemies":"Exordium Thugs","floor":22.0,"turns":2.0},{"damage":15.0,"enemies":"Gremlin Nob","floor":24.0,"turns":3.0},{"damage":1.0,"enemies":"Looter","floor":28.0,"turns":2.0},{"damage":0.0,"enemies":"3 Sentries","floor":30.0,"turns":2.0},{"damage":3.0,"enemies":"Slime Boss","floor":33.0,"turns":5.0},{"damage":1.0,"enemies":"Shell Parasite","floor":35.0,"turns":2.0},{"damage":0.0,"enemies":"3 Byrds","floor":36.0,"turns":3.0},{"damage":0.0,"enemies":"Snecko","floor":37.0,"turns":2.0},{"damage":0.0,"enemies":"Snake Plant","floor":38.0,"turns":1.0},{"damage":12.0,"enemies":"Slavers","floor":40.0,"turns":6.0},{"damage":20.0,"enemies":"Gremlin Leader","floor":45.0,"turns":6.0},{"damage":33.0,"enemies":"Champ","floor":50.0,"turns":10.0},{"damage":5.0,"enemies":"3 Shapes","floor":52.0,"turns":4.0},{"damage":0.0,"enemies":"Orb Walker","floor":53.0,"turns":6.0},{"damage":0.0,"enemies":"Mind Bloom Boss Battle","floor":56.0,"turns":9.0},{"damage":31.0,"enemies":"Giant Head","floor":58.0,"turns":11.0},{"damage":8.0,"enemies":"Spire Growth","floor":59.0,"turns":7.0},{"damage":0.0,"enemies":"Nemesis","floor":61.0,"turns":7.0},{"damage":0.0,"enemies":"Reptomancer","floor":65.0,"turns":6.0},{"damage":0,"enemies":"Time Eater","floor":67,"turns":8},{"damage":0,"enemies":"Shield and Spear","floor":71,"turns":6},{"damage":8,"enemies":"The Heart","floor":72,"turns":10}],"seed_played":"8310483799765180474","potions_obtained":[{"floor":3.0,"key":"Fire Potion"},{"floor":3.0,"key":"Regen Potion"},{"floor":3.0,"key":"CultistPotion"},{"floor":6.0,"key":"SkillPotion"},{"floor":10.0,"key":"FocusPotion"},{"floor":19.0,"key":"LiquidBronze"},{"floor":20.0,"key":"SteroidPotion"},{"floor":24.0,"key":"Explosive Potion"},{"floor":35.0,"key":"sneckomod:MuddlingPotion"},{"floor":40.0,"key":"Fire Potion"},{"floor":45.0,"key":"champ:CounterPotion"},{"floor":50.0,"key":"Weak Potion"},{"floor":52.0,"key":"AttackPotion"},{"floor":53.0,"key":"Swift Potion"},{"floor":56.0,"key":"PowerPotion"},{"floor":58.0,"key":"Fruit Juice"},{"floor":59.0,"key":"SneckoOil"},{"floor":61.0,"key":"Block Potion"},{"floor":65.0,"key":"LiquidBronze"},{"floor":71,"key":"SpeedPotion"}],"is_trial":false,"path_per_floor":["M","?","?","M","M","E","$","R","T","E","$","R","M","M","R","B",null,"M","M","M","?","M","R","E","R","T","R","M","?","E","?","R","B",null,"M","M","M","M","?","E","?","R","T","$","E","?","R","?","R","B",null,"M","M","$","?","?","R","E","M","T","E","R","$","R","E","R","B",null,"R","$","E","B",null],"character_chosen":"DEFECT","items_purchased":["HandDrill","DataDisk","Coolheaded","PowerPotion","Happy Flower","Flash of Steel","White Beast Statue","Toy Ornithopter","Swift Potion","Defragment","Storm"],"campfire_rested":1,"item_purchase_floors":[0,7,11,11,17,44,44,44,54,63,70],"current_hp_per_floor":[68,68,68,61,61,56,56,56,56,33,33,33,26,25,47,47,68,68,68,64,64,58,58,43,43,43,43,51,55,57,57,57,63,77,82,82,82,82,82,77,77,77,77,77,59,59,59,59,59,38,71,75,82,82,82,82,82,73,67,67,81,81,81,81,90,90,92,92,92,92,92,91],"gold":40,"neow_bonus":"","is_daily":false,"chose_seed":false,"campfire_upgraded":13,"win_rate":0.0,"timestamp":1612979124,"path_taken":["M","?","?","M","?","E","?","R","T","E","$","R","M","M","R","BOSS","M","M","M","?","M","R","E","R","T","R","M","?","E","?","R","BOSS","M","M","M","M","?","E","?","R","T","$","E","?","R","?","R","BOSS","M","M","$","?","?","R","E","M","T","E","R","$","R","E","R","BOSS","R","$","E","BOSS"],"items_purchased_type":["Relic","Relic","Card","Potion","Relic","Card","Relic","Relic","Potion","Card","Card"],"build_version":"2020-12-22","purchased_purges":3,"victory":true,"max_hp_per_floor":[75,75,75,75,75,75,75,75,75,75,75,75,75,75,75,75,75,75,75,75,75,75,75,75,75,75,75,75,82,82,82,82,82,82,82,82,82,82,82,82,82,82,82,82,82,82,82,82,82,82,82,82,82,82,82,82,82,92,92,92,92,92,92,92,92,92,92,92,92,92,92,92],"card_choices":[{"not_picked":["Rebound","Leap"],"picked":"Conserve Battery","floor":1.0},{"not_picked":["Aggregate","Auto Shields"],"picked":"Go for the Eyes","floor":4.0},{"not_picked":["Storm","Force Field"],"picked":"Barrage","floor":5.0},{"not_picked":["hubris:Ukulele","Redo"],"picked":"Skim","floor":6.0},{"not_picked":["Darkness","Barrage"],"picked":"Ball Lightning","floor":10.0},{"not_picked":["Leap","Melter"],"picked":"Ball Lightning","floor":13.0},{"not_picked":["Barrage","Stack"],"picked":"Blizzard","floor":14.0},{"not_picked":["Meteor Strike","Rainbow"],"picked":"Machine Learning","floor":16.0},{"not_picked":["Rebound","Hologram","Streamline"],"picked":"SKIP","floor":18.0},{"not_picked":["Leap","Hello World"],"picked":"Chaos","floor":19.0},{"not_picked":["Genetic Algorithm","Beam Cell"],"picked":"Sunder","floor":20.0},{"not_picked":["Turbo","Doom and Gloom"],"picked":"Self Repair","floor":22.0},{"not_picked":["Cold Snap","Blizzard"],"picked":"Chill","floor":24.0},{"not_picked":["Gash","Rip and Tear","Stack"],"picked":"SKIP","floor":28.0},{"not_picked":["Redo","Compile Driver"],"picked":"Ball Lightning","floor":30.0},{"not_picked":["Echo Form","Machine Learning"],"picked":"hubris:SpecializedCircuitry","floor":33.0},{"not_picked":["Leap+1","Cold Snap"],"picked":"hubris:PowerSurge","floor":35.0},{"not_picked":["Gash","Aggregate"],"picked":"Ball Lightning","floor":36.0},{"not_picked":["Sweeping Beam","Gash+1"],"picked":"Ball Lightning","floor":37.0},{"not_picked":["Double Energy","Force Field"],"picked":"Cold Snap","floor":38.0},{"not_picked":["Compile Driver","Reinforced Body"],"picked":"Consume","floor":40.0},{"not_picked":["hubris:SpecializedCircuitry","Heatsinks"],"picked":"Blizzard","floor":45.0},{"not_picked":["Hyperbeam","Meteor Strike"],"picked":"Machine Learning","floor":50.0},{"not_picked":["Lockon+1","White Noise"],"picked":"Defragment","floor":52.0},{"not_picked":["Conserve Battery+1","Heatsinks+1"],"picked":"Ball Lightning+1","floor":53.0},{"not_picked":["Aggregate","Conserve Battery+1","hubris:SpecializedCircuitry"],"picked":"SKIP","floor":58.0},{"not_picked":["Steam","Beam Cell+1","Barrage"],"picked":"SKIP","floor":59.0},{"not_picked":["Compile Driver","Meteor Strike"],"picked":"Ball Lightning","floor":61.0},{"not_picked":["Stack+1","Steam"],"picked":"Coolheaded+1","floor":65.0},{"not_picked":["Redo","Fission"],"picked":"Coolheaded","floor":71}],"player_experience":258944,"relics_obtained":[{"floor":6.0,"key":"Cables"},{"floor":9.0,"key":"Bottled Lightning"},{"floor":10.0,"key":"Bag of Preparation"},{"floor":24.0,"key":"Blood Vial"},{"floor":26.0,"key":"hubris:BallOfYels"},{"floor":30.0,"key":"Potion Belt"},{"floor":34.0,"key":"Juzu Bracelet"},{"floor":34.0,"key":"Ornamental Fan"},{"floor":34.0,"key":"Dead Branch"},{"floor":40.0,"key":"hubris:SoftwareUpdate"},{"floor":45.0,"key":"Omamori"},{"floor":56.0,"key":"Ice Cream"},{"floor":58.0,"key":"hubris:CuriousFeather"},{"floor":60.0,"key":"hubris:CrystalStatue"},{"floor":61.0,"key":"Mercury Hourglass"},{"floor":65.0,"key":"War Paint"},{"floor":71,"key":"Mummified Hand"}],"event_choices":[{"damage_healed":0.0,"max_hp_gain":0.0,"max_hp_loss":0.0,"gold_gain":175.0,"event_name":"Liars Game","player_choice":"AGREE","floor":2.0,"gold_loss":0.0,"damage_taken":0.0,"cards_obtained":["Doubt"]},{"damage_healed":0.0,"max_hp_gain":0.0,"max_hp_loss":0.0,"gold_gain":0.0,"event_name":"The Woman in Blue","player_choice":"Bought 3 Potions","floor":3.0,"gold_loss":0.0,"damage_taken":0.0},{"damage_healed":0.0,"max_hp_gain":0.0,"max_hp_loss":0.0,"gold_gain":0.0,"event_name":"Scrap Ooze","player_choice":"Success","floor":29.0,"gold_loss":0.0,"damage_taken":3.0,"relics_obtained":["Strawberry"]},{"damage_healed":0.0,"max_hp_gain":0.0,"max_hp_loss":0.0,"gold_gain":100.0,"event_name":"Wheel of Change","player_choice":"Gold","floor":31.0,"gold_loss":0.0,"damage_taken":0.0},{"damage_healed":0.0,"max_hp_gain":0.0,"max_hp_loss":0.0,"gold_gain":0.0,"event_name":"Ghosts","player_choice":"Ignored","floor":39.0,"gold_loss":0.0,"damage_taken":0.0},{"damage_healed":0.0,"max_hp_gain":0.0,"max_hp_loss":0.0,"gold_gain":0.0,"event_name":"The Mausoleum","player_choice":"Opened","floor":41.0,"gold_loss":0.0,"damage_taken":0.0,"relics_obtained":["Shuriken"],"cards_obtained":["Writhe"]},{"damage_healed":0.0,"max_hp_gain":0.0,"max_hp_loss":0.0,"gold_gain":0.0,"event_name":"Cursed Tome","player_choice":"Ignored","floor":46.0,"gold_loss":0.0,"damage_taken":0.0},{"damage_healed":0.0,"max_hp_gain":0.0,"max_hp_loss":0.0,"gold_gain":0.0,"event_name":"Addict","player_choice":"Stole Relic","floor":48.0,"gold_loss":0.0,"damage_taken":0.0,"relics_obtained":["HornCleat"],"cards_obtained":["Shame"]},{"cards_removed":["Consume"],"damage_healed":0.0,"max_hp_gain":0.0,"max_hp_loss":0.0,"gold_gain":0.0,"event_name":"Bonfire Elementals","player_choice":"Offered Uncommon","floor":55.0,"gold_loss":0.0,"damage_taken":0.0},{"damage_healed":0.0,"max_hp_gain":0.0,"max_hp_loss":0.0,"gold_gain":0.0,"event_name":"MindBloom","player_choice":"Fight","floor":56.0,"gold_loss":0.0,"damage_taken":0.0}],"is_beta":false,"boss_relics":[{"not_picked":["Runic Pyramid","Runic Dome"],"picked":"SacredBark"},{"not_picked":["Astrolabe","Empty Cage"],"picked":"Calling Bell"},{"not_picked":["Runic Dome","hubris:BlackHole","hubris:GrandSneckoEye"]}],"items_purged_floors":[7,44,54],"is_endless":false,"potions_floor_spawned":[4,6,10,19,20,24,35,40,45,50,52,53,56,58,59,61,65,71],"ascension_level":7}}