{"host":"8gdkjaczyd21tne7","time":1612948400,"event":{"mods":["Ascension Reborn","BaseMod","Colored Powertips","KomeijiMod","Minty Spire (QoL Compilation)","Relic Stats","Spicy Shops","StSLib"],"gold_per_floor":[119,130,141,141,206,233,266,266,266,316,391,105,146,169,169,292,292,317,88,138,161,161,161],"floor_reached":22,"language":"ZHS","playtime":1420,"items_purged":["Defend_Komeiji+1"],"score":204,"play_id":"1c26d8e3-91a2-4476-a87f-c3851d6e28c4","local_time":"20210210171320","daily_mods":["Heirloom","Time Dilation","Flight"],"is_ascension_mode":true,"campfire_choices":[{"data":"DochyakuKami+1","floor":8,"key":"SWEEP"},{"floor":15,"key":"REST"}],"circlet_count":0,"master_deck":["Strike_Komeiji+1","Strike_Komeiji+1","Strike_Komeiji+1","Strike_Komeiji+1","Defend_Komeiji+1","Defend_Komeiji+1","Defend_Komeiji+1","Dash_Komeiji+1","DemonLordCradle","Sabishigari+1","NingyouSP+1","NingyouFukuhei+1","NingyouMusou+1","DochyakuKami+1","Injury","TerribleSouvenir","NingyouChiyari+1","ShanghaiNingyou","YuumeiNoKurin","SeekerWire+1","NingyouSousou+1","SuitokuNoKyoryu","Melting"],"relics":["KomeijisEye","SpellCardsRule","MusicBox","Calipers","SsserpentHead","CrystalOfMemory","Boot","Bag of Preparation","Golden Idol","Akabeko","Sundial","Grimoire","Nloth\u0027s Gift"],"acts_visited":["Exordium","TheCity"],"potions_floor_usage":[13,16,18,21,22],"damage_taken":[{"damage":0,"enemies":"Cultist","floor":1,"turns":4},{"damage":0,"enemies":"Small Slimes","floor":2,"turns":2},{"damage":0,"enemies":"2 Louse","floor":3,"turns":2},{"damage":16,"enemies":"Exordium Wildlife","floor":5,"turns":3},{"damage":14,"enemies":"3 Sentries","floor":6,"turns":9},{"damage":3,"enemies":"Gremlin Nob","floor":7,"turns":4},{"damage":8,"enemies":"3 Sentries","floor":13,"turns":4},{"damage":1,"enemies":"Lots of Slimes","floor":14,"turns":6},{"damage":19,"enemies":"The Guardian","floor":16,"turns":9},{"damage":0,"enemies":"3 Byrds","floor":18,"turns":8},{"damage":19,"enemies":"2 Thieves","floor":21,"turns":4},{"damage":34,"enemies":"Snake Plant","floor":22,"turns":2}],"seed_played":"8444631173486063851","potions_obtained":[{"floor":5,"key":"Block Potion"},{"floor":6,"key":"AttackPotion"},{"floor":7,"key":"PpointPotion"},{"floor":16,"key":"Regen Potion"},{"floor":18,"key":"Swift Potion"}],"is_trial":true,"path_per_floor":["M","M","M","?","M","E","E","R","T","?","T","$","E","M","R","B",null,"M","$","?","M","M"],"character_chosen":"KomeijiSatori","items_purchased":["TerribleSouvenir","NingyouSousou+1","SuitokuNoKyoryu","Medical Kit"],"campfire_rested":1,"item_purchase_floors":[12,19,19,19],"current_hp_per_floor":[50,50,50,50,34,20,17,22,22,22,22,22,16,15,30,11,50,50,50,50,31,0,0],"gold":161,"neow_bonus":"","is_daily":false,"chose_seed":false,"campfire_upgraded":0,"win_rate":0.0,"timestamp":1612948400,"path_taken":["M","M","?","?","?","E","E","R","T","?","?","$","E","M","R","BOSS","M","?","?","M","M"],"items_purchased_type":["Card","Card","Card","Relic"],"build_version":"2020-12-22","purchased_purges":1,"victory":false,"max_hp_per_floor":[50,50,50,50,50,50,50,50,50,50,50,50,50,50,50,50,50,50,50,50,50,50,50],"relic_stats":{"SsserpentHead":250,"counters":[12,57],"Golden Idol":48,"Sundial":[4],"Bag of Preparation":[12],"Nloth\u0027s Gift":0,"Boot":[0],"obtain_stats":[{"MusicBox":0,"Calipers":0,"Golden Idol":10,"Grimoire":17,"Bag of Preparation":9,"Boot":7,"Medical Kit":19,"Akabeko":11,"SsserpentHead":4,"CrystalOfMemory":6,"KomeijisEye":0,"Sundial":13,"Nloth\u0027s Gift":20,"SpellCardsRule":0},{"MusicBox":0,"Calipers":0,"Golden Idol":6,"Grimoire":9,"Bag of Preparation":6,"Boot":6,"Medical Kit":10,"Akabeko":6,"SsserpentHead":3,"CrystalOfMemory":5,"KomeijisEye":0,"Sundial":7,"Nloth\u0027s Gift":10,"SpellCardsRule":0},{"MusicBox":0,"Calipers":0,"Golden Idol":24,"Grimoire":43,"Bag of Preparation":24,"Boot":24,"Medical Kit":51,"Akabeko":24,"SsserpentHead":8,"CrystalOfMemory":20,"KomeijisEye":0,"Sundial":28,"Nloth\u0027s Gift":51,"SpellCardsRule":0}]},"card_choices":[{"not_picked":["MusuNoYume","NarrowSpark"],"picked":"DemonLordCradle","floor":1},{"not_picked":["SatsujinDooru","Melting"],"picked":"Mishyaguji+1","floor":2},{"not_picked":["SenyouGoraku+1","DemonLordCradle"],"picked":"Sabishigari+1","floor":3},{"not_picked":["NingyouOkisou+1","MissingPower"],"picked":"NingyouSP+1","floor":5},{"not_picked":["NingyouYunhei+1","NarrowSpark"],"picked":"NingyouFukuhei+1","floor":6},{"not_picked":["SelfTokamak","Agarareta+1"],"picked":"NingyouMusou+1","floor":7},{"not_picked":["DemonsDinnerFork","MusuNoYume"],"picked":"NingyouChiyari+1","floor":13},{"not_picked":["Agarareta+1","Sabishigari+1"],"picked":"ShanghaiNingyou","floor":14},{"not_picked":["LunaticRedEyes","MusouMyousyu"],"picked":"YuumeiNoKurin","floor":16},{"not_picked":["Sabishigari+1","Melting+1"],"picked":"SeekerWire+1","floor":18},{"not_picked":["Agarareta+1","RikonNoKama+1"],"picked":"Melting","floor":21}],"player_experience":194498,"relics_obtained":[{"floor":6,"key":"CrystalOfMemory"},{"floor":7,"key":"Boot"},{"floor":9,"key":"Bag of Preparation"},{"floor":11,"key":"Akabeko"},{"floor":13,"key":"Sundial"}],"event_choices":[{"damage_healed":0,"gold_gain":0,"player_choice":"Trade","damage_taken":0,"relics_obtained":["SsserpentHead"],"max_hp_gain":0,"max_hp_loss":0,"event_name":"FaceTrader","floor":4,"gold_loss":0},{"damage_healed":0,"gold_gain":0,"player_choice":"Take Wound","damage_taken":0,"relics_obtained":["Golden Idol"],"max_hp_gain":0,"max_hp_loss":0,"event_name":"Golden Idol","floor":10,"gold_loss":0,"cards_obtained":["Injury"]},{"damage_healed":0,"gold_gain":0,"player_choice":"Traded Relic","damage_taken":0,"relics_obtained":["Nloth\u0027s Gift"],"max_hp_gain":0,"max_hp_loss":0,"event_name":"N\u0027loth","floor":20,"relics_lost":["Medical Kit"],"gold_loss":0}],"is_beta":false,"boss_relics":[{"not_picked":["Memoirist","Coffee Dripper"],"picked":"Grimoire"}],"items_purged_floors":[12],"is_endless":false,"potions_floor_spawned":[5,6,7,16,18],"killed_by":"Snake Plant","ascension_level":0}}