{"host":"6xsbn6ynqlzwllfm","time":1612990990,"event":{"mods":["2.2 Compatiblity","BaseMod","Bestiary","Colored Map","Colored Powertips","Curses Come First","Highlight Path","Keyboard Shortcuts","Minty Spire (QoL Compilation)","Relic Stats","Slay the Relics Exporter","StSLib","SuperFastMode"],"gold_per_floor":[119,119,119,119,135,135,167,180,180,205,205,6,38,38,38,38,38],"floor_reached":16,"language":"ENG","playtime":645,"items_purged":["Regret"],"score":232,"play_id":"7ba78382-7486-42fa-a868-4fcad1571e4c","local_time":"20210210160310","is_ascension_mode":true,"campfire_choices":[{"floor":6,"key":"REST"},{"data":"True Grit","floor":15,"key":"SMITH"}],"circlet_count":0,"master_deck":["AscendersBane","Strike_R+1","Strike_R","Strike_R","Strike_R","Strike_R","Defend_R+1","Defend_R","Defend_R","Defend_R","Bash","Pommel Strike","Perfected Strike","Sword Boomerang","Feed","True Grit+1","Corruption"],"relics":["Burning Blood","Ginger","Pocketwatch","Calipers","Juzu Bracelet","Bird Faced Urn","Membership Card","Molten Egg 2"],"acts_visited":["Exordium"],"potions_floor_usage":[7,10,16],"damage_taken":[{"damage":18,"enemies":"Cultist","floor":1,"turns":6},{"damage":0,"enemies":"2 Louse","floor":5,"turns":2},{"damage":17,"enemies":"Lagavulin","floor":7,"turns":6},{"damage":4,"enemies":"Jaw Worm","floor":8,"turns":2},{"damage":9,"enemies":"3 Sentries","floor":10,"turns":7},{"damage":8,"enemies":"Gremlin Nob","floor":13,"turns":3},{"damage":28,"enemies":"The Guardian","floor":16,"turns":10}],"seed_played":"1010000674323776033","potions_obtained":[{"floor":1,"key":"PowerPotion"},{"floor":7,"key":"SmokeBomb"},{"floor":8,"key":"Explosive Potion"},{"floor":10,"key":"Dexterity Potion"}],"is_trial":false,"path_per_floor":["M","?","?","?","M","R","E","M","T","E","?","$","E","?","R","B"],"character_chosen":"IRONCLAD","items_purchased":["Membership Card"],"campfire_rested":1,"item_purchase_floors":[12],"current_hp_per_floor":[56,33,26,8,14,36,25,27,27,27,27,27,25,25,25,0,0],"gold":38,"neow_bonus":"ONE_RARE_RELIC","is_daily":false,"chose_seed":false,"campfire_upgraded":1,"win_rate":0.0,"timestamp":1612990990,"path_taken":["M","?","?","?","M","R","E","M","T","E","?","$","E","?","R","BOSS"],"items_purchased_type":["Relic"],"build_version":"2020-12-22","purchased_purges":1,"victory":false,"max_hp_per_floor":[75,75,75,75,75,75,75,75,75,78,78,78,78,78,78,78,78],"relic_stats":{"counters":[7,36],"Bird Faced Urn":[2],"Juzu Bracelet":1,"Ginger":[1],"obtain_stats":[{"Calipers":9,"Bird Faced Urn":11,"Molten Egg 2":13,"Juzu Bracelet":10,"Ginger":0,"Membership Card":12,"Burning Blood":0,"Pocketwatch":7},{"Calipers":4,"Bird Faced Urn":5,"Molten Egg 2":6,"Juzu Bracelet":5,"Ginger":0,"Membership Card":5,"Burning Blood":0,"Pocketwatch":3},{"Calipers":16,"Bird Faced Urn":23,"Molten Egg 2":26,"Juzu Bracelet":23,"Ginger":0,"Membership Card":23,"Burning Blood":0,"Pocketwatch":14}],"Burning Blood":36,"Pocketwatch":[54]},"card_choices":[{"not_picked":["Searing Blow","Heavy Blade"],"picked":"Pommel Strike","floor":1},{"not_picked":["Clash","Warcry"],"picked":"Perfected Strike","floor":5},{"not_picked":["Bloodletting","Armaments"],"picked":"Sword Boomerang","floor":7},{"not_picked":["Twin Strike","Pummel"],"picked":"Feed","floor":8},{"not_picked":["Twin Strike","Intimidate"],"picked":"True Grit","floor":10},{"not_picked":["Clash+1","Brutality"],"picked":"Corruption","floor":13}],"player_experience":1446400,"relics_obtained":[{"floor":7,"key":"Pocketwatch"},{"floor":9,"key":"Calipers"},{"floor":10,"key":"Juzu Bracelet"},{"floor":13,"key":"Molten Egg 2"}],"event_choices":[{"damage_healed":0,"gold_gain":0,"player_choice":"Entered Light","damage_taken":23,"max_hp_gain":0,"max_hp_loss":0,"event_name":"Shining Light","floor":2,"gold_loss":0,"cards_upgraded":["Strike_R","Defend_R"]},{"cards_removed":["Doubt"],"damage_healed":0,"gold_gain":0,"player_choice":"Card Removal","damage_taken":7,"max_hp_gain":0,"max_hp_loss":0,"event_name":"Golden Wing","floor":3,"gold_loss":0},{"damage_healed":0,"gold_gain":0,"player_choice":"Fled","damage_taken":18,"max_hp_gain":0,"max_hp_loss":0,"event_name":"Scrap Ooze","floor":4,"gold_loss":0},{"damage_healed":0,"gold_gain":0,"player_choice":"Box","damage_taken":0,"relics_obtained":["Bird Faced Urn"],"max_hp_gain":0,"max_hp_loss":0,"event_name":"Big Fish","floor":11,"gold_loss":0,"cards_obtained":["Regret"]},{"damage_healed":0,"gold_gain":0,"player_choice":"0 cards matched","damage_taken":0,"max_hp_gain":0,"max_hp_loss":0,"event_name":"Match and Keep!","floor":14,"gold_loss":0,"cards_obtained":[]}],"is_beta":false,"boss_relics":[],"items_purged_floors":[12],"is_endless":false,"potions_floor_spawned":[1,7,8,10],"killed_by":"The Guardian","ascension_level":20}}