{"host":"2ehbln4r1tfoeq56","time":1612980158,"event":{"mods":["Aspiration","BaseMod","Better Altar","Better Match","Better Note","Better Sensory Stone","Better Skull","Better Third Choice","Downfall","Friendly Minions","GifTheSpireLib","Minty Spire (QoL Compilation)","Reliquary","Replay The Spire","StSLib"],"gold_per_floor":[99,110,127,174,184,184,207,220,220,252,269,269,269,283,301,399,499,499,518,534,534,549,541,566,591,609,509,502,545,545,558,584,691,691,691,715,1050,1074,1092,1092,1171,1071,1084,1084,1084,742,762,789,799,799],"floor_reached":51,"language":"ENG","playtime":5666,"items_purged":["hexamod:Defend"],"score":750,"play_id":"e55fb7dc-db4c-4cef-bfc2-1d954d661ec2","local_time":"20210210120238","is_ascension_mode":false,"campfire_choices":[{"floor":1,"key":"RECALL"},{"data":"hexamod:RadiantFlame","floor":9,"key":"SMITH"},{"data":"hexamod:PhantomCloak","floor":12,"key":"SMITH"},{"floor":18,"key":"DIG"},{"data":"hexamod:HexaLevel","floor":27,"key":"SMITH"},{"data":"hexamod:ForkedFlame","floor":35,"key":"SMITH"},{"data":"hexamod:VolcanoVisage","floor":42,"key":"SMITH"},{"data":"hexamod:GhostflameBarrier","floor":45,"key":"SMITH"}],"circlet_count":0,"master_deck":["hexamod:Strike","hexamod:Strike","hexamod:Strike","hexamod:Strike","hexamod:Defend","hexamod:Defend","hexamod:Defend","hexamod:Sear","hexamod:Float","hexamod:Hexaguard","hexamod:SkipABeat","hexamod:ThermalTransfer","hexamod:GhostflameBarrier+1","hexamod:RadiantFlame+1","hexamod:PhantomCloak+1","hexamod:AdvancingGuard+1","hexamod:HexaLevel+1","hexamod:VolcanoVisage+1","hexamod:BacktrackSmack+1","hexamod:HauntingEcho+1","hexamod:Hexaguard","hexamod:Hexaguard","hexamod:ParanormalForm","hexamod:RadiantFlame","hexamod:GhostShield+1","hexamod:BurningTouch+1","hexamod:FirstSeal","hexamod:GhostflameBarrier+1","hexamod:FirstSeal","hexamod:ThermalTransfer+1","hexamod:ForkedFlame+1","hexamod:InspiringFlames+1","hexamod:PhantomCloak+1","hexamod:GhostShield+1","hexamod:EmpoweredFlame+1"],"relics":["hexamod:SpiritBrand","Mummified Hand","Incense Burner","Bag of Preparation","PreservedInsect","Replay:Wanted Poster","Ancient Tea Set","downfall:HeartBlessingBlue","hexamod:InflammatoryLetter","Nilry\u0027s Codex","Sozu","Darkstone Periapt","downfall:HeartBlessingRed","Onion Ring","hexamod:TheBrokenSeal","Replay:Mystery Machine"],"acts_visited":["Exordium","TheCity","TheBeyond"],"potions_floor_usage":[16,16,29,29,33],"damage_taken":[{"damage":5,"enemies":"Small Slimes","floor":2,"turns":4},{"damage":0,"enemies":"Cultist","floor":3,"turns":4},{"damage":0,"enemies":"2 Louse","floor":5,"turns":3},{"damage":0,"enemies":"Exordium Wildlife","floor":8,"turns":5},{"damage":0,"enemies":"Replay:BlueRogue","floor":10,"turns":7},{"damage":1,"enemies":"Lots of Slimes","floor":11,"turns":6},{"damage":0,"enemies":"Blue Slaver","floor":14,"turns":3},{"damage":0,"enemies":"3 Louse","floor":15,"turns":7},{"damage":17,"enemies":"WA_ARCHETYPE_RETAIN","floor":16,"turns":11},{"damage":27,"enemies":"3 Byrds","floor":19,"turns":6},{"damage":3,"enemies":"Snecko","floor":20,"turns":6},{"damage":0,"enemies":"Centurion and Healer","floor":22,"turns":8},{"damage":10,"enemies":"Snake Plant","floor":25,"turns":4},{"damage":0,"enemies":"Snecko","floor":26,"turns":7},{"damage":0,"enemies":"downfall:FleeingMerchant","floor":28,"turns":4},{"damage":3,"enemies":"Book of Stabbing","floor":29,"turns":6},{"damage":3,"enemies":"Chosen and Byrds","floor":31,"turns":3},{"damage":13,"enemies":"Snake Plant","floor":32,"turns":3},{"damage":59,"enemies":"IC_MUSHROOM_ARCHETYPE","floor":33,"turns":9},{"damage":3,"enemies":"Orb Walker","floor":36,"turns":4},{"damage":2,"enemies":"3 Shapes","floor":38,"turns":9},{"damage":0,"enemies":"Maw","floor":39,"turns":7},{"damage":1,"enemies":"Sphere and 2 Shapes","floor":43,"turns":5},{"damage":0,"enemies":"downfall:FleeingMerchant","floor":46,"turns":4},{"damage":23,"enemies":"Spire Growth","floor":47,"turns":7},{"damage":0,"enemies":"3 Darklings","floor":49,"turns":4},{"damage":89,"enemies":"DF_ARCHETYPE_ORBS","floor":50,"turns":9}],"seed_played":"1105752841623846645","potions_obtained":[{"floor":2,"key":"Block Potion"},{"floor":4,"key":"SkillPotion"},{"floor":8,"key":"Fire Potion"},{"floor":11,"key":"hexamod:SoulburnPotion"},{"floor":19,"key":"ColorlessPotion"},{"floor":20,"key":"bronze:BurnAndBuffPotion"},{"floor":25,"key":"Adrenaline Potion"},{"floor":26,"key":"Ancient Potion"},{"floor":28,"key":"Regen Potion"},{"floor":33,"key":"hexamod:DoubleChargePotion"}],"is_trial":false,"path_per_floor":["R","M","M","?","M","?","T","M","R","E","M","R","T","M","M","B",null,"R","M","M","?","M","?","T","M","M","R","$","E","?","M","M","B",null,"R","M","?","M","M","?","T","R","M","?","R","$","M","T","M","B",null],"character_chosen":"THE_SPIRIT","items_purchased":["Onion Ring"],"campfire_rested":0,"item_purchase_floors":[46],"current_hp_per_floor":[77,72,72,53,53,53,53,53,53,53,52,52,52,52,52,35,77,77,50,47,47,47,40,40,37,44,54,61,80,64,68,69,31,87,87,87,62,81,87,87,87,87,87,87,87,87,97,97,97,22],"gold":799,"neow_bonus":"TEN_PERCENT_HP_BONUS","is_daily":false,"chose_seed":false,"campfire_upgraded":6,"win_rate":0.0,"timestamp":1612980158,"path_taken":["R","M","M","?","?","?","T","M","R","E","M","R","?","?","M","BOSS","R","M","M","?","M","?","T","M","M","R","?","E","?","M","M","BOSS","R","M","?","M","?","?","T","R","M","?","R","$","M","?","M","BOSS"],"items_purchased_type":["Relic"],"build_version":"2020-12-22","purchased_purges":1,"victory":true,"max_hp_per_floor":[77,77,77,77,77,77,77,77,77,77,77,77,77,77,77,77,77,77,77,77,77,77,77,77,77,77,87,87,87,87,87,87,87,87,87,87,87,87,87,87,87,87,87,87,87,87,97,97,97,97],"card_choices":[{"not_picked":["hexamod:HeatCrush","hexamod:CatchUp"],"picked":"hexamod:Hexaguard","floor":2},{"not_picked":["hexamod:FastForward","hexamod:BurningTouch"],"picked":"hexamod:SkipABeat","floor":3},{"not_picked":["hexamod:HauntingEcho","hexamod:Hexaguard"],"picked":"hexamod:ThermalTransfer","floor":4},{"not_picked":["hexamod:RetreatToShadows","hexamod:FirstSeal"],"picked":"hexamod:GhostflameBarrier","floor":5},{"not_picked":["hexamod:Incineration","hexamod:HeatShield"],"picked":"hexamod:RadiantFlame","floor":8},{"not_picked":["hexamod:SpectersWail","hexamod:RecurringNightmare"],"picked":"hexamod:ThirdSeal","floor":10},{"not_picked":["hexamod:ChargedBarrage","hexamod:HeatMetal"],"picked":"hexamod:PhantomCloak","floor":11},{"not_picked":["hexamod:BurningTouch","hexamod:ThermalTransfer"],"picked":"hexamod:AdvancingGuard","floor":14},{"not_picked":["hexamod:RetreatToShadows","hexamod:Haunt"],"picked":"hexamod:HexaLevel","floor":15},{"not_picked":["hexamod:SpectersWail","hexamod:HauntingEcho","hexamod:SwordOfDarkness"],"picked":"SKIP","floor":15},{"not_picked":["hexamod:UnlimitedPower","hexamod:FifthSeal"],"picked":"hexamod:VolcanoVisage","floor":16},{"not_picked":["hexamod:NightmareStrike","hexamod:Hexaguard"],"picked":"hexamod:BacktrackSmack+1","floor":19},{"not_picked":["hexamod:NightmareStrike","hexamod:SwordOfDarkness+1"],"picked":"hexamod:HauntingEcho","floor":19},{"not_picked":["hexamod:BacktrackSmack","hexamod:StepThrough"],"picked":"hexamod:Hexaguard","floor":20},{"not_picked":["hexamod:BurningTouch","hexamod:TurnItUp","hexamod:NightmareStrike+1"],"picked":"SKIP","floor":20},{"not_picked":["hexamod:EtherealExpedition+1","hexamod:FastForward"],"picked":"hexamod:Hexaguard","floor":22},{"not_picked":["hexamod:HauntingEcho+1","hexamod:FastForward+1","hexamod:GhostLash"],"picked":"SKIP","floor":22},{"not_picked":["hexamod:InspiringFlames","hexamod:ShieldOfDarkness"],"picked":"hexamod:ParanormalForm","floor":25},{"not_picked":["hexamod:SpectersWail","hexamod:CatchUp","hexamod:BurningTouch"],"picked":"SKIP","floor":25},{"not_picked":["hexamod:GhostOfSpireFuture","hexamod:FastForward"],"picked":"hexamod:RadiantFlame","floor":26},{"not_picked":["hexamod:HeatMetal","hexamod:BacktrackSmack"],"picked":"hexamod:GhostShield+1","floor":26},{"not_picked":["hexamod:InspiringFlames","hexamod:BurningTouch"],"picked":"hexamod:FifthSeal","floor":28},{"not_picked":["hexamod:FastForward+1","hexamod:EtherealExpedition"],"picked":"hexamod:BurningTouch+1","floor":28},{"not_picked":["hexamod:ThirdSeal","hexamod:FourthSeal"],"picked":"hexamod:FirstSeal","floor":29},{"not_picked":["hexamod:SpectersWail","hexamod:UnleashSpirits"],"picked":"hexamod:GhostflameBarrier+1","floor":29},{"not_picked":["hexamod:ThermalTransfer","hexamod:UnlimitedPower","hexamod:Hexaguard"],"picked":"SKIP","floor":29},{"not_picked":["hexamod:SecondSeal","hexamod:ThirdSeal"],"picked":"hexamod:FirstSeal","floor":31},{"not_picked":["hexamod:NecessarySacrifice","hexamod:Hexaguard","hexamod:GhostOfSpirePast+1"],"picked":"SKIP","floor":31},{"not_picked":["hexamod:SkipABeat","hexamod:BurningTouch","hexamod:EtherealExpedition"],"picked":"SKIP","floor":31},{"not_picked":["hexamod:GhostLash+1","hexamod:NightmareStrike"],"picked":"hexamod:ThermalTransfer+1","floor":32},{"not_picked":["hexamod:Firestarter","hexamod:SwordOfDarkness","hexamod:NecessarySacrifice"],"picked":"SKIP","floor":32},{"not_picked":["hexamod:GhostOfSpirePresent","hexamod:TimeOfNeed"],"picked":"hexamod:ForkedFlame","floor":33},{"not_picked":["hexamod:ThirdSeal","hexamod:SoulSteal+1"],"picked":"hexamod:InspiringFlames+1","floor":36},{"not_picked":["hexamod:GhostLash+1","hexamod:HauntingEcho"],"picked":"hexamod:PhantomCloak+1","floor":36},{"not_picked":["hexamod:GhostflameInferno","hexamod:InspiringFlames"],"picked":"hexamod:GhostShield+1","floor":38},{"not_picked":["hexamod:Firestarter+1","hexamod:AdvancingGuard","hexamod:SpectersWail+1"],"picked":"SKIP","floor":38},{"not_picked":["hexamod:ThirdSeal","hexamod:AdvancingGuard","hexamod:BurningTouch+1"],"picked":"SKIP","floor":39},{"not_picked":["hexamod:Firestarter+1","hexamod:Hexaguard","hexamod:NightmareStrike"],"picked":"SKIP","floor":39},{"not_picked":["hexamod:ThirdSeal","hexamod:FourthSeal"],"picked":"hexamod:SixthSeal","floor":43},{"not_picked":["hexamod:GhostLash+1","hexamod:InspiringFlames+1","hexamod:NecessarySacrifice"],"picked":"SKIP","floor":43},{"not_picked":["hexamod:AdvancingGuard+1","hexamod:DynamicBlow+1","hexamod:NightmareStrike"],"picked":"SKIP","floor":43},{"not_picked":["hexamod:GhostShield+1","hexamod:NecessarySacrifice+1"],"picked":"hexamod:EmpoweredFlame+1","floor":46},{"not_picked":["hexamod:FastForward+1","hexamod:HauntingEcho","hexamod:InspiringFlames"],"picked":"SKIP","floor":46},{"not_picked":["hexamod:FourthSeal","hexamod:ShieldOfDarkness+1","hexamod:StepThrough"],"picked":"SKIP","floor":47},{"not_picked":["hexamod:RadiantFlame","hexamod:TurnItUp","hexamod:EmpoweredFlame+1"],"picked":"SKIP","floor":49}],"player_experience":101943,"relics_obtained":[{"floor":4,"key":"Mummified Hand"},{"floor":7,"key":"reliquary:FerryPass"},{"floor":10,"key":"Incense Burner"},{"floor":10,"key":"Bag of Preparation"},{"floor":13,"key":"PreservedInsect"},{"floor":18,"key":"Ancient Tea Set"},{"floor":29,"key":"hexamod:InflammatoryLetter"},{"floor":30,"key":"Nilry\u0027s Codex"},{"floor":41,"key":"Darkstone Periapt"},{"floor":48,"key":"Replay:Mystery Machine"}],"event_choices":[{"damage_healed":0,"gold_gain":0,"player_choice":"Ignored","damage_taken":0,"max_hp_gain":0,"max_hp_loss":0,"event_name":"betterNote:BetterNote","floor":21,"gold_loss":0,"cards_obtained":["Enlightenment"]},{"damage_healed":0,"gold_gain":335,"player_choice":"GO GO GO ","damage_taken":28,"relics_obtained":[],"max_hp_gain":0,"max_hp_loss":0,"event_name":"betterSkull:BetterSkull","floor":37,"gold_loss":0,"cards_upgraded":[]},{"damage_healed":0,"gold_gain":0,"player_choice":"Ignored","damage_taken":0,"max_hp_gain":0,"max_hp_loss":0,"event_name":"Mysterious Sphere","floor":40,"gold_loss":0}],"is_beta":false,"boss_relics":[{"not_picked":["Tiny House","SacredBark"],"picked":"Replay:Wanted Poster"},{"not_picked":["reliquary:WritOfMandamus","hexamod:IceCube"],"picked":"Sozu"}],"items_purged_floors":[46],"is_endless":false,"potions_floor_spawned":[2,8,10,11,14,19,20,31,36,39],"ascension_level":0}}