{"host":"p9vmbvw2hh2n16dn","time":1612953576,"event":{"mods":["AchievementEnabler","BaseMod","Block Reminder","Minty Spire (QoL Compilation)","Relic Stats","SuperFastMode"],"gold_per_floor":[109,109,124,137,237,237,263,263,289,315,315,315,344,416,416,492,492,510,530,480,498,518,545,545,545,545],"floor_reached":25,"language":"ENG","playtime":859,"items_purged":[],"score":434,"play_id":"2f86e096-c643-490c-8ce3-d3ae0eb737ec","local_time":"20210210113936","is_ascension_mode":true,"campfire_choices":[{"data":"Demon Form","floor":6.0,"key":"SMITH"},{"data":"Dual Wield","floor":15.0,"key":"SMITH"},{"floor":24.0,"key":"REST"}],"circlet_count":0,"master_deck":["AscendersBane","Strike_R","Strike_R","Strike_R","Strike_R","Defend_R","Defend_R","Defend_R","Defend_R","Bash","Shrug It Off","Demon Form+1","Metallicize","Dual Wield+1","Cleave","Corruption+1","Exhume","Uppercut+1","Armaments+1","Twin Strike","Dual Wield+1"],"relics":["Burning Blood","NeowsBlessing","Tiny Chest","Boot","Vajra","Blue Candle","Frozen Egg 2","Pear","Fusion Hammer","Pen Nib"],"acts_visited":["Exordium","TheCity"],"potions_floor_usage":[],"damage_taken":[{"damage":0.0,"enemies":"2 Louse","floor":1.0,"turns":1.0},{"damage":0.0,"enemies":"Cultist","floor":3.0,"turns":1.0},{"damage":0.0,"enemies":"Small Slimes","floor":4.0,"turns":1.0},{"damage":29.0,"enemies":"3 Sentries","floor":7.0,"turns":7.0},{"damage":0.0,"enemies":"Exordium Thugs","floor":8.0,"turns":2.0},{"damage":10.0,"enemies":"Lagavulin","floor":10.0,"turns":7.0},{"damage":32.0,"enemies":"Gremlin Nob","floor":13.0,"turns":4.0},{"damage":17.0,"enemies":"Slime Boss","floor":16.0,"turns":8.0},{"damage":16.0,"enemies":"Spheric Guardian","floor":18.0,"turns":5.0},{"damage":4.0,"enemies":"Chosen","floor":19.0,"turns":4.0},{"damage":10.0,"enemies":"Snecko","floor":21.0,"turns":3.0},{"damage":11.0,"enemies":"Cultist and Chosen","floor":22.0,"turns":5.0},{"damage":37.0,"enemies":"Book of Stabbing","floor":23.0,"turns":6.0},{"damage":49,"enemies":"Slavers","floor":25,"turns":3}],"seed_played":"-7302388973646927487","potions_obtained":[{"floor":4.0,"key":"SmokeBomb"},{"floor":10.0,"key":"Regen Potion"},{"floor":16.0,"key":"Strength Potion"},{"floor":18.0,"key":"FearPotion"},{"floor":19.0,"key":"Fire Potion"}],"is_trial":false,"path_per_floor":["M","?","M","M","?","R","E","M","T","E","?","?","E","T","R","B",null,"M","M","?","M","M","E","R","E"],"character_chosen":"IRONCLAD","items_purchased":[],"campfire_rested":1,"item_purchase_floors":[],"current_hp_per_floor":[74,74,75,75,75,75,52,58,58,54,49,49,35,45,45,34,72,62,64,64,60,55,24,49,0,0],"gold":545,"neow_bonus":"THREE_ENEMY_KILL","is_daily":false,"chose_seed":false,"campfire_upgraded":2,"win_rate":0.0,"timestamp":1612953576,"path_taken":["M","?","M","?","?","R","E","?","T","E","?","?","E","?","R","BOSS","M","M","?","M","M","E","R","E"],"items_purchased_type":[],"build_version":"2020-12-22","purchased_purges":0,"victory":false,"max_hp_per_floor":[75,75,75,75,75,75,75,75,75,75,75,75,75,85,85,85,85,85,85,85,85,85,85,85,85,85],"relic_stats":{"counters":[14,57],"Blue Candle":[0],"Tiny Chest":1,"Pen Nib":[0],"Boot":[1],"obtain_stats":[{"Pear":14,"NeowsBlessing":0,"Blue Candle":11,"Vajra":10,"Tiny Chest":7,"Fusion Hammer":17,"Pen Nib":23,"Frozen Egg 2":13,"Boot":9,"Burning Blood":0},{"Pear":7,"NeowsBlessing":0,"Blue Candle":6,"Vajra":6,"Tiny Chest":4,"Fusion Hammer":8,"Pen Nib":13,"Frozen Egg 2":7,"Boot":5,"Burning Blood":0},{"Pear":23,"NeowsBlessing":0,"Blue Candle":19,"Vajra":19,"Tiny Chest":10,"Fusion Hammer":31,"Pen Nib":54,"Frozen Egg 2":23,"Boot":12,"Burning Blood":0}],"Burning Blood":67},"card_choices":[{"not_picked":["Warcry","Burning Pact"],"picked":"Shrug It Off","floor":1.0},{"not_picked":["Havoc","Perfected Strike","Evolve"],"picked":"SKIP","floor":3.0},{"not_picked":["Bloodletting","Burning Pact"],"picked":"Metallicize","floor":4.0},{"not_picked":["Hemokinesis","Inflame"],"picked":"Dual Wield","floor":7.0},{"not_picked":["Rage","Burning Pact"],"picked":"Cleave","floor":10.0},{"not_picked":["Havoc","Cleave"],"picked":"Corruption+1","floor":13.0},{"not_picked":["Berserk+1","Impervious"],"picked":"Exhume","floor":16.0},{"not_picked":["Perfected Strike","Clothesline"],"picked":"Uppercut+1","floor":18.0},{"not_picked":["Shrug It Off","Pommel Strike"],"picked":"Armaments+1","floor":19.0},{"not_picked":["Anger","Flex+1"],"picked":"Twin Strike","floor":21.0},{"not_picked":["Searing Blow","Fire Breathing+1","Clothesline"],"picked":"SKIP","floor":22.0},{"not_picked":["Cleave","Juggernaut+1"],"picked":"Dual Wield+1","floor":23.0}],"player_experience":312257,"relics_obtained":[{"floor":7.0,"key":"Tiny Chest"},{"floor":9.0,"key":"Boot"},{"floor":10.0,"key":"Vajra"},{"floor":13.0,"key":"Frozen Egg 2"},{"floor":14.0,"key":"Pear"},{"floor":23.0,"key":"Pen Nib"}],"event_choices":[{"damage_healed":0.0,"max_hp_gain":0.0,"max_hp_loss":0.0,"gold_gain":0.0,"event_name":"Match and Keep!","player_choice":"1 cards matched","floor":2.0,"gold_loss":0.0,"damage_taken":0.0,"cards_obtained":["Demon Form"]},{"damage_healed":0.0,"max_hp_gain":0.0,"max_hp_loss":0.0,"gold_gain":100.0,"event_name":"Wheel of Change","player_choice":"Gold","floor":5.0,"gold_loss":0.0,"damage_taken":0.0},{"damage_healed":0.0,"max_hp_gain":0.0,"max_hp_loss":0.0,"gold_gain":0.0,"event_name":"Scrap Ooze","player_choice":"Success","floor":11.0,"gold_loss":0.0,"damage_taken":5.0,"relics_obtained":["Blue Candle"]},{"cards_removed":["Strike_R"],"damage_healed":0.0,"max_hp_gain":0.0,"max_hp_loss":0.0,"gold_gain":0.0,"event_name":"Purifier","player_choice":"Purged","floor":12.0,"gold_loss":0.0,"damage_taken":0.0},{"damage_healed":0.0,"max_hp_gain":0.0,"max_hp_loss":0.0,"gold_gain":0.0,"event_name":"The Joust","player_choice":"Bet on Murderer","floor":20.0,"gold_loss":50.0,"damage_taken":0.0}],"is_beta":false,"boss_relics":[{"not_picked":["Runic Cube","Busted Crown"],"picked":"Fusion Hammer"}],"items_purged_floors":[],"is_endless":false,"potions_floor_spawned":[4,10,16,18,19],"killed_by":"Slavers","ascension_level":16}}