{"host":"ajxvnmsjfcleb5r5","time":1612960002,"event":{"mods":["2.2 Compatiblity","AchievementEnabler","BaseMod","Beaked The Cultist","Better Note","BetterRewards","Card Forge","Colored Powertips","DNKmod","Friendly Minions","Gremlin Mod","Hermit","Infinite Spire","Minty Spire (QoL Compilation)","Quick Restart","Shop Mod","StSLib","SuperFastMode"],"gold_per_floor":[115,128,203,203,378,407,419,419,419,419,434,448,87,65,65,170,170,188,188,31,50,50,50,66,66,90,102,102,114,114,114,114,216,216,216,216],"floor_reached":35,"language":"KOR","playtime":1421,"items_purged":[],"score":355,"play_id":"4e211a8b-d76a-48ac-b9d3-ffd1395af580","local_time":"20210210212642","is_ascension_mode":false,"campfire_choices":[{"floor":10,"key":"REST"},{"data":"beaked:BraceForImpact","floor":15,"key":"SMITH"},{"data":"beaked:AwakenedForm","floor":23,"key":"SMITH"},{"floor":25,"key":"DIG"},{"data":"beaked:AwakenedForm","floor":28,"key":"SMITH"},{"floor":32,"key":"DIG"}],"circlet_count":0,"master_deck":["beaked:Strike_Y","beaked:Strike_Y","beaked:Strike_Y","beaked:Strike_Y","beaked:Strike_Y","beaked:Strike_Y","beaked:Defend_Y","beaked:Defend_Y","beaked:Defend_Y","beaked:Defend_Y","beaked:Ceremony","beaked:Ceremony","beaked:Ceremony","beaked:BloodForTheGods","beaked:BraceForImpact","Doubt","beaked:Daydream","beaked:Resilience","beaked:BraceForImpact+1","beaked:Insight","beaked:WarriorEssence","beaked:AwakenedForm+1","CurseOfTheBell","beaked:BloodRitual","beaked:Evade","beaked:AwakenedForm+1","beaked:DigDeep+1","beaked:Brace","infinitespire:UltimateForm","beaked:RitualOfBody","beaked:WildInstinct"],"relics":["beaked:MendingPlumage","Hammer of Thor","Seething Fire","Anvil of the Gods","Darkstone Periapt","Calipers","Lantern","Nunchaku","Blue Candle","Matryoshka","MealTicket","Centennial Puzzle","Calling Bell","Potion Belt","infinitespire:ShieldingShard","Shovel","Blood Vial","StoneCalendar","Anchor","PreservedInsect","FossilizedHelix","Runic Pyramid"],"acts_visited":["Exordium","TheCity","TheBeyond"],"potions_floor_usage":[],"damage_taken":[{"damage":10,"enemies":"Jaw Worm","floor":1,"turns":4},{"damage":27,"enemies":"2 Louse","floor":2,"turns":4},{"damage":69,"enemies":"Gremlin Nob","floor":6,"turns":6},{"damage":15,"enemies":"Cultist","floor":7,"turns":4},{"damage":34,"enemies":"Exordium Thugs","floor":11,"turns":6},{"damage":18,"enemies":"Exordium Wildlife","floor":12,"turns":5},{"damage":90,"enemies":"The Guardian","floor":16,"turns":13},{"damage":65,"enemies":"Spheric Guardian","floor":18,"turns":6},{"damage":77,"enemies":"3 Byrds","floor":21,"turns":9},{"damage":98,"enemies":"Snake Plant","floor":24,"turns":6},{"damage":65,"enemies":"Snecko","floor":27,"turns":7},{"damage":67,"enemies":"Chosen and Byrds","floor":29,"turns":7},{"damage":98,"enemies":"Champ","floor":33,"turns":11},{"damage":98,"enemies":"3 Darklings","floor":35,"turns":4}],"seed_played":"-5900967731050560793","potions_obtained":[{"floor":6,"key":"EssenceOfSteel"},{"floor":8,"key":"Strength Potion"},{"floor":8,"key":"infinitespire:BlackPotion"},{"floor":11,"key":"Energy Potion"},{"floor":21,"key":"Regen Potion"},{"floor":24,"key":"Explosive Potion"}],"is_trial":false,"path_per_floor":["M","M","?","T","?","E","M","?","T","R","M","M","$","$","R","B",null,"M","?","$","M","?","R","M","R","T","M","R","M","AVR","?","R","B",null,"M"],"character_chosen":"BEAKED_THE_CULTIST","items_purchased":["MealTicket","Centennial Puzzle","beaked:Insight","beaked:WarriorEssence","Blood Vial"],"campfire_rested":1,"item_purchase_floors":[13,13,13,14,20],"current_hp_per_floor":[47,43,32,32,38,5,3,3,3,19,11,16,16,31,31,56,62,42,42,57,62,62,62,17,17,17,53,53,40,40,40,40,55,62,0,0],"gold":216,"neow_bonus":"RANDOM_COMMON_RELIC","is_daily":false,"chose_seed":false,"campfire_upgraded":3,"win_rate":0.0,"timestamp":1612960002,"path_taken":["M","M","?","?","?","E","M","?","T","R","?","M","?","$","R","BOSS","M","?","$","M","?","R","M","R","T","?","R","M","AVR","?","R","BOSS","M"],"items_purchased_type":["Relic","Relic","Card","Card","Relic"],"build_version":"2020-12-22","purchased_purges":0,"victory":false,"max_hp_per_floor":[50,50,50,50,56,56,56,56,56,56,56,56,56,56,56,56,62,62,62,62,62,62,62,62,62,62,62,62,62,62,62,62,62,62,62,62],"card_choices":[{"not_picked":["beaked:Tweet","beaked:TuckingFeathers"],"picked":"beaked:BloodForTheGods","floor":1},{"not_picked":["beaked:Negation","beaked:Redirect"],"picked":"beaked:BraceForImpact","floor":2},{"not_picked":["beaked:RuinSticks","beaked:Roost"],"picked":"beaked:Daydream","floor":6},{"not_picked":["beaked:DesperateSwing","beaked:Brace"],"picked":"beaked:Resilience","floor":7},{"not_picked":["beaked:BarbedWire","beaked:Pecker"],"picked":"beaked:BraceForImpact","floor":11},{"not_picked":["beaked:Poke","beaked:FullHouse","beaked:StunningBlow"],"picked":"SKIP","floor":12},{"not_picked":["beaked:FullHouse","beaked:DarkTribute"],"picked":"beaked:AwakenedForm","floor":16},{"not_picked":["beaked:Molting","beaked:Windmill+1"],"picked":"beaked:BloodRitual","floor":18},{"not_picked":["beaked:Replenish+1","beaked:BraceForImpact"],"picked":"beaked:Evade","floor":21},{"not_picked":["beaked:BarbedWire","beaked:Poke"],"picked":"beaked:DigDeep+1","floor":24},{"not_picked":["beaked:SacrificialDive","beaked:Cower","beaked:Pecker"],"picked":"SKIP","floor":27},{"not_picked":["beaked:FeelMyPain","beaked:StunningBlow"],"picked":"beaked:Brace","floor":29},{"not_picked":["beaked:Caw","beaked:Sacrifice"],"picked":"beaked:WildInstinct","floor":33}],"player_experience":169318,"relics_obtained":[{"floor":4,"key":"Nunchaku"},{"floor":6,"key":"Blue Candle"},{"floor":9,"key":"Matryoshka"},{"floor":17,"key":"Potion Belt"},{"floor":17,"key":"infinitespire:ShieldingShard"},{"floor":17,"key":"Shovel"},{"floor":25,"key":"StoneCalendar"},{"floor":26,"key":"Anchor"},{"floor":26,"key":"PreservedInsect"},{"floor":32,"key":"FossilizedHelix"}],"event_choices":[{"damage_healed":0,"gold_gain":75,"player_choice":"Gather Gold","damage_taken":11,"max_hp_gain":0,"max_hp_loss":0,"event_name":"World of Goop","floor":3,"gold_loss":0},{"damage_healed":0,"gold_gain":175,"player_choice":"AGREE","damage_taken":0,"max_hp_gain":0,"max_hp_loss":0,"event_name":"Liars Game","floor":5,"gold_loss":0,"cards_obtained":["Doubt"]},{"damage_healed":0,"gold_gain":0,"player_choice":"Got Potions","damage_taken":0,"max_hp_gain":0,"max_hp_loss":0,"event_name":"Lab","floor":8,"gold_loss":0},{"cards_removed":["beaked:BloodRitual"],"damage_healed":0,"gold_gain":0,"player_choice":"Give","damage_taken":0,"max_hp_gain":0,"max_hp_loss":0,"event_name":"betterNote:BetterNote","floor":19,"gold_loss":0,"cards_obtained":["Capacitor"]},{"damage_healed":0,"gold_gain":0,"player_choice":"Copied","damage_taken":0,"max_hp_gain":0,"max_hp_loss":0,"event_name":"Duplicator","floor":22,"gold_loss":0,"cards_obtained":["beaked:AwakenedForm"]},{"damage_healed":0,"gold_gain":0,"player_choice":"Read","damage_taken":0,"max_hp_gain":0,"max_hp_loss":0,"event_name":"The Library","floor":31,"gold_loss":0,"cards_obtained":["beaked:RitualOfBody"]}],"is_beta":false,"boss_relics":[{"not_picked":["Black Star","beaked:MawFillet"],"picked":"Calling Bell"},{"not_picked":["Velvet Choker","infinitespire:Cupcake"],"picked":"Runic Pyramid"}],"items_purged_floors":[],"is_endless":false,"potions_floor_spawned":[6,11,16,21,24,29],"killed_by":"3 Darklings","ascension_level":0}}