{"host":"k97npy6own8k4xam","time":1612955525,"event":{"mods":["BaseMod","Bestiary","Minty Spire (QoL Compilation)","Relic Stats","StSLib","ojb\u0027s Better Paths Mod"],"gold_per_floor":[368,368,388,15,35,72,97,126,126,126,162,162,162,188,188,273,273,273,273,15,15,15,15,15,15,15,15,15,15,15,15,15,15,15,15,15,15,15,15,15,15,15,15,15,15,15,15,15,15,15,15,15,15,15,15,15],"floor_reached":57,"language":"ITA","playtime":3658,"items_purged":[],"score":2898,"play_id":"c4a33bb7-0fc8-4ba1-a8cf-f03d4411e828","local_time":"20210210121205","is_ascension_mode":true,"campfire_choices":[{"data":"Feed","floor":10.0,"key":"SMITH"},{"data":"Flex","floor":12.0,"key":"SMITH"},{"data":"True Grit","floor":15.0,"key":"SMITH"},{"floor":28.0,"key":"REST"},{"data":"Shrug It Off","floor":32.0,"key":"SMITH"},{"data":"Limit Break","floor":46.0,"key":"SMITH"},{"floor":49.0,"key":"RECALL"},{"data":"Barricade","floor":53,"key":"SMITH"}],"circlet_count":0,"master_deck":["AscendersBane","Strike_R","Strike_R","Strike_R","Strike_R","Strike_R","Defend_R","Defend_R","Defend_R","Defend_R","Bash","Pummel","Flex+1","Cleave","True Grit+1","Cleave","Feed+1","Shrug It Off+1","Sword Boomerang","Barricade+1","Shrug It Off","Inflame+1","Clothesline+1","Shrug It Off+1","Twin Strike","Shockwave+1","Flame Barrier","Shrug It Off","Reaper","Spot Weakness","Limit Break+1","Flex+1","Sword Boomerang","Impervious","Offering","Entrench","Sword Boomerang"],"relics":["Burning Blood","Torii","CeramicFish","Gambling Chip","Calipers","Bottled Flame","Ectoplasm","ClockworkSouvenir","Red Mask","Self Forming Clay","Bottled Lightning","Question Card","Old Coin","Coffee Dripper","Oddly Smooth Stone","Anchor","Centennial Puzzle","Gremlin Horn"],"acts_visited":["Exordium","TheCity","TheBeyond","TheEnding"],"potions_floor_usage":[55,56],"damage_taken":[{"damage":0.0,"enemies":"2 Louse","floor":1.0,"turns":3.0},{"damage":1.0,"enemies":"Small Slimes","floor":3.0,"turns":4.0},{"damage":0.0,"enemies":"Cultist","floor":5.0,"turns":3.0},{"damage":32.0,"enemies":"Gremlin Nob","floor":6.0,"turns":4.0},{"damage":9.0,"enemies":"Large Slime","floor":7.0,"turns":7.0},{"damage":6.0,"enemies":"Exordium Thugs","floor":8.0,"turns":3.0},{"damage":21.0,"enemies":"3 Sentries","floor":11.0,"turns":7.0},{"damage":11.0,"enemies":"Gremlin Nob","floor":14.0,"turns":3.0},{"damage":26.0,"enemies":"The Guardian","floor":16.0,"turns":13.0},{"damage":0.0,"enemies":"Chosen","floor":18.0,"turns":3.0},{"damage":1.0,"enemies":"Shell Parasite","floor":19.0,"turns":3.0},{"damage":20.0,"enemies":"Masked Bandits","floor":21.0,"turns":4.0},{"damage":66.0,"enemies":"Gremlin Leader","floor":23.0,"turns":6.0},{"damage":7.0,"enemies":"Snecko","floor":24.0,"turns":3.0},{"damage":10.0,"enemies":"Shelled Parasite and Fungi","floor":25.0,"turns":4.0},{"damage":4.0,"enemies":"Book of Stabbing","floor":27.0,"turns":4.0},{"damage":11.0,"enemies":"Centurion and Healer","floor":29.0,"turns":7.0},{"damage":16.0,"enemies":"Gremlin Leader","floor":30.0,"turns":7.0},{"damage":14.0,"enemies":"Snake Plant","floor":31.0,"turns":6.0},{"damage":11.0,"enemies":"Champ","floor":33.0,"turns":13.0},{"damage":17.0,"enemies":"3 Darklings","floor":35.0,"turns":6.0},{"damage":0.0,"enemies":"3 Shapes","floor":37.0,"turns":5.0},{"damage":0.0,"enemies":"Transient","floor":38.0,"turns":6.0},{"damage":25.0,"enemies":"Maw","floor":39.0,"turns":7.0},{"damage":40.0,"enemies":"Reptomancer","floor":40.0,"turns":6.0},{"damage":56.0,"enemies":"Nemesis","floor":42.0,"turns":18.0},{"damage":7.0,"enemies":"Jaw Worm Horde","floor":44.0,"turns":8.0},{"damage":0.0,"enemies":"Spire Growth","floor":47.0,"turns":5.0},{"damage":6.0,"enemies":"Giant Head","floor":48.0,"turns":8.0},{"damage":7.0,"enemies":"Time Eater","floor":50.0,"turns":13.0},{"damage":115,"enemies":"Donu and Deca","floor":51,"turns":10},{"damage":51,"enemies":"Shield and Spear","floor":55,"turns":6},{"damage":94,"enemies":"The Heart","floor":56,"turns":9}],"seed_played":"-1211252325665943172","potions_obtained":[{"floor":1.0,"key":"LiquidBronze"},{"floor":5.0,"key":"SpeedPotion"},{"floor":6.0,"key":"Fire Potion"},{"floor":7.0,"key":"SteroidPotion"},{"floor":11.0,"key":"Energy Potion"},{"floor":13.0,"key":"AttackPotion"},{"floor":18.0,"key":"Strength Potion"},{"floor":24.0,"key":"Weak Potion"},{"floor":29.0,"key":"Weak Potion"},{"floor":31.0,"key":"Explosive Potion"},{"floor":33.0,"key":"SmokeBomb"},{"floor":38.0,"key":"Swift Potion"},{"floor":39.0,"key":"ColorlessPotion"},{"floor":44.0,"key":"BlessingOfTheForge"},{"floor":47.0,"key":"AttackPotion"}],"is_trial":false,"path_per_floor":["M","?","M","$","M","E","M","M","T","R","E","R","?","E","R","B",null,"M","M","$","?","?","E","M","M","T","E","R","M","E","M","R","B",null,"M","?","M","M","M","E","?","E","T","M","$","R","M","E","R","B","B",null,"R","$","E","B",null],"character_chosen":"IRONCLAD","items_purchased":["Torii","Cleave","ClockworkSouvenir","Inflame"],"campfire_rested":1,"item_purchase_floors":[4,4,20,20],"current_hp_per_floor":[74,67,72,72,75,49,46,49,49,49,38,38,38,37,37,21,73,83,88,88,78,78,22,25,25,25,27,60,59,53,57,57,74,110,126,126,130,130,130,100,100,54,54,65,65,65,71,99,99,98,25,108,108,108,90,44],"gold":15,"neow_bonus":"TWO_FIFTY_GOLD","is_daily":false,"chose_seed":false,"campfire_upgraded":6,"win_rate":0.0,"timestamp":1612955525,"path_taken":["M","?","M","$","M","E","M","M","T","R","E","R","?","E","R","BOSS","M","M","$","?","?","E","?","M","T","E","R","M","E","M","R","BOSS","M","?","M","M","?","E","?","E","T","M","?","R","M","E","R","BOSS","BOSS","R","$","E","BOSS"],"items_purchased_type":["Relic","Card","Relic","Card"],"build_version":"2020-12-22","purchased_purges":0,"victory":true,"max_hp_per_floor":[75,75,75,75,75,75,75,78,78,78,82,82,82,86,86,90,90,94,94,94,98,98,102,106,110,110,110,110,114,118,118,118,122,122,126,126,130,130,130,134,127,131,131,135,135,135,135,135,135,135,135,135,135,135,135,135],"relic_stats":{"Centennial Puzzle":[12],"Torii":126,"Gremlin Horn":[0,0],"counters":[33,214],"Self Forming Clay":[261],"CeramicFish":45,"Gambling Chip":[70],"Ectoplasm":955,"Question Card":14,"obtain_stats":[{"Calipers":11,"Torii":4,"Gremlin Horn":55,"Self Forming Clay":23,"CeramicFish":6,"Oddly Smooth Stone":40,"Question Card":27,"Burning Blood":0,"ClockworkSouvenir":20,"Old Coin":30,"Bottled Flame":14,"Anchor":42,"Centennial Puzzle":48,"Gambling Chip":9,"Ectoplasm":17,"Red Mask":21,"Coffee Dripper":34,"Bottled Lightning":26},{"Calipers":7,"Torii":2,"Gremlin Horn":32,"Self Forming Clay":13,"CeramicFish":4,"Oddly Smooth Stone":25,"Question Card":16,"Burning Blood":0,"ClockworkSouvenir":11,"Old Coin":18,"Bottled Flame":8,"Anchor":26,"Centennial Puzzle":29,"Gambling Chip":6,"Ectoplasm":9,"Red Mask":12,"Coffee Dripper":20,"Bottled Lightning":15},{"Calipers":31,"Torii":7,"Gremlin Horn":205,"Self Forming Clay":63,"CeramicFish":14,"Oddly Smooth Stone":137,"Question Card":74,"Burning Blood":0,"ClockworkSouvenir":53,"Old Coin":88,"Bottled Flame":34,"Anchor":155,"Centennial Puzzle":176,"Gambling Chip":24,"Ectoplasm":47,"Red Mask":57,"Coffee Dripper":107,"Bottled Lightning":70}],"Burning Blood":173},"card_choices":[{"not_picked":["Pommel Strike","Sever Soul"],"picked":"Pummel","floor":1.0},{"not_picked":["Pummel","Headbutt"],"picked":"Flex","floor":3.0},{"not_picked":["Clothesline","Fire Breathing"],"picked":"True Grit","floor":5.0},{"not_picked":["Infernal Blade","Anger"],"picked":"Cleave","floor":6.0},{"not_picked":["Sword Boomerang","Anger"],"picked":"Feed","floor":7.0},{"not_picked":["Headbutt","Perfected Strike"],"picked":"Shrug It Off","floor":8.0},{"not_picked":["Pommel Strike","Shrug It Off"],"picked":"Sword Boomerang","floor":11.0},{"not_picked":["Evolve","Headbutt","Perfected Strike"],"picked":"SKIP","floor":14.0},{"not_picked":["Immolate","Corruption"],"picked":"Barricade","floor":16.0},{"not_picked":["Rampage","Headbutt"],"picked":"Shrug It Off","floor":18.0},{"not_picked":["Feel No Pain","Wild Strike","Infernal Blade"],"picked":"SKIP","floor":19.0},{"not_picked":["Power Through","Clash"],"picked":"Clothesline+1","floor":21.0},{"not_picked":["Flame Barrier","Clothesline+1"],"picked":"Shrug It Off+1","floor":23.0},{"not_picked":["Berserk","Cleave"],"picked":"Twin Strike","floor":24.0},{"not_picked":["Intimidate","Headbutt"],"picked":"Shockwave+1","floor":25.0},{"not_picked":["Iron Wave","Thunderclap"],"picked":"Flame Barrier","floor":27.0},{"not_picked":["True Grit","Rage+1","Sentinel"],"picked":"Shrug It Off","floor":29.0},{"not_picked":["Double Tap","Armaments","Flex"],"picked":"Reaper","floor":30.0},{"not_picked":["Clash","Perfected Strike","Shrug It Off"],"picked":"Spot Weakness","floor":31.0},{"not_picked":["Fiend Fire","Reaper","Barricade"],"picked":"Limit Break","floor":33.0},{"not_picked":["Rampage+1","Dark Embrace","Cleave+1"],"picked":"Flex+1","floor":35.0},{"not_picked":["Havoc","Corruption","Perfected Strike+1","Twin Strike"],"picked":"SKIP","floor":37.0},{"not_picked":["Perfected Strike","Reckless Charge+1","Flex"],"picked":"Sword Boomerang","floor":38.0},{"not_picked":["Warcry+1","True Grit+1","Shrug It Off","Cleave"],"picked":"SKIP","floor":39.0},{"not_picked":["Metallicize+1","Battle Trance","Barricade"],"picked":"Impervious","floor":40.0},{"not_picked":["Twin Strike","Searing Blow","True Grit"],"picked":"Offering","floor":42.0},{"not_picked":["Whirlwind+1","Infernal Blade","Feel No Pain","Pommel Strike+1"],"picked":"SKIP","floor":44.0},{"not_picked":["Rampage","Fire Breathing","Wild Strike","Headbutt"],"picked":"SKIP","floor":47.0},{"not_picked":["Ghostly Armor","Feel No Pain","Carnage"],"picked":"Entrench","floor":48.0},{"not_picked":["Demon Form","Shockwave","Warcry"],"picked":"Sword Boomerang","floor":55}],"player_experience":425589,"relics_obtained":[{"floor":6.0,"key":"CeramicFish"},{"floor":9.0,"key":"Gambling Chip"},{"floor":11.0,"key":"Calipers"},{"floor":14.0,"key":"Bottled Flame"},{"floor":21.0,"key":"Red Mask"},{"floor":23.0,"key":"Self Forming Clay"},{"floor":26.0,"key":"Bottled Lightning"},{"floor":27.0,"key":"Question Card"},{"floor":30.0,"key":"Old Coin"},{"floor":40.0,"key":"Oddly Smooth Stone"},{"floor":42.0,"key":"Anchor"},{"floor":48.0,"key":"Centennial Puzzle"},{"floor":55,"key":"Gremlin Horn"}],"event_choices":[{"cards_removed":["Decay"],"damage_healed":0.0,"max_hp_gain":0.0,"max_hp_loss":0.0,"gold_gain":0.0,"event_name":"Golden Wing","player_choice":"Card Removal","floor":2.0,"gold_loss":0.0,"damage_taken":7.0},{"damage_healed":0.0,"max_hp_gain":0.0,"max_hp_loss":0.0,"gold_gain":0.0,"event_name":"Lab","player_choice":"Got Potions","floor":13.0,"gold_loss":0.0,"damage_taken":0.0},{"damage_healed":0.0,"max_hp_gain":0.0,"max_hp_loss":0.0,"gold_gain":0.0,"event_name":"Masked Bandits","player_choice":"Fought Bandits","floor":21.0,"gold_loss":0.0,"damage_taken":0.0},{"damage_healed":0.0,"max_hp_gain":0.0,"max_hp_loss":0.0,"gold_gain":0.0,"event_name":"Accursed Blacksmith","player_choice":"Forge","floor":22.0,"gold_loss":0.0,"damage_taken":0.0,"cards_upgraded":["Inflame"]},{"damage_healed":0.0,"max_hp_gain":0.0,"max_hp_loss":0.0,"gold_gain":0.0,"event_name":"Match and Keep!","player_choice":"0 cards matched","floor":36.0,"gold_loss":0.0,"damage_taken":0.0,"cards_obtained":[]},{"damage_healed":0.0,"max_hp_gain":0.0,"max_hp_loss":7.0,"gold_gain":0.0,"event_name":"Winding Halls","player_choice":"Max HP","floor":41.0,"gold_loss":0.0,"damage_taken":0.0}],"is_beta":false,"boss_relics":[{"not_picked":["SacredBark","Calling Bell"],"picked":"Ectoplasm"},{"not_picked":["Runic Cube","Snecko Eye"],"picked":"Coffee Dripper"}],"items_purged_floors":[],"is_endless":false,"potions_floor_spawned":[1,5,6,7,11,18,24,29,31,33,38,39,44,47],"ascension_level":20}}