{"host":"et0ypqa1uh5c1j5j","time":1612978845,"event":{"mods":["BaseMod","Colored Map","Colored Powertips","Minty Spire (QoL Compilation)","Relic Stats","StSLib"],"gold_per_floor":[114,114,133,19,38,38,70,86,86,112,112,126,146,162,162,235,235,250,250,283,17,28,53,53,70,93,123,133,153,165,192,192,270,270,283,283,35,60,75,101,101,115,115,145,194,207,49,78,78,78,78],"floor_reached":50,"language":"ENG","playtime":4823,"items_purged":["Pain"],"score":1333,"play_id":"fc13c5e7-2048-43b2-8db7-de572c558908","local_time":"20210210174045","is_ascension_mode":true,"campfire_choices":[{"data":"Sucker Punch","floor":6,"key":"SMITH"},{"floor":11,"key":"REST"},{"data":"Well Laid Plans","floor":15,"key":"SMITH"},{"data":"Calculated Gamble","floor":24,"key":"SMITH"},{"data":"Noxious Fumes","floor":32,"key":"SMITH"},{"floor":41,"key":"REST"},{"floor":49,"key":"RECALL"}],"circlet_count":0,"master_deck":["AscendersBane","Survivor","Neutralize+1","Sucker Punch+1","Backflip","Heel Hook","Dagger Spray+1","Prepared","Cloak And Dagger","Underhanded Strike+1","Quick Slash+1","Well Laid Plans+1","Heel Hook+1","Noxious Fumes+1","Eviscerate+1","Sucker Punch+1","Calculated Gamble+1","Escape Plan","Cloak And Dagger","Endless Agony+1","A Thousand Cuts","Finisher+1","Acrobatics","Adrenaline","Caltrops","PiercingWail","Dash+1","Dagger Throw+1","Infinite Blades","Mayhem","Deadly Poison","Caltrops+1","Backflip","Prepared","Catalyst+1","Catalyst+1"],"relics":["Busted Crown","WarpedTongs","Du-Vu Doll","Molten Egg 2","Mummified Hand","Pandora\u0027s Box","Red Mask","Eternal Feather","Orichalcum","PreservedInsect","Whetstone","SlaversCollar","Thread and Needle","Bottled Tornado","Girya","Incense Burner","DollysMirror","Kunai"],"acts_visited":["Exordium","TheCity","TheBeyond"],"potions_floor_usage":[7,10,33,40,45,50],"damage_taken":[{"damage":0,"enemies":"2 Louse","floor":1,"turns":3},{"damage":1,"enemies":"Cultist","floor":3,"turns":4},{"damage":1,"enemies":"Small Slimes","floor":5,"turns":3},{"damage":20,"enemies":"3 Sentries","floor":7,"turns":9},{"damage":0,"enemies":"Blue Slaver","floor":8,"turns":3},{"damage":23,"enemies":"Lagavulin","floor":10,"turns":8},{"damage":7,"enemies":"Exordium Wildlife","floor":12,"turns":4},{"damage":1,"enemies":"Large Slime","floor":13,"turns":4},{"damage":1,"enemies":"Blue Slaver","floor":14,"turns":2},{"damage":7,"enemies":"Hexaghost","floor":16,"turns":8},{"damage":3,"enemies":"Chosen","floor":18,"turns":3},{"damage":0,"enemies":"Masked Bandits","floor":20,"turns":3},{"damage":8,"enemies":"2 Thieves","floor":22,"turns":3},{"damage":0,"enemies":"Book of Stabbing","floor":23,"turns":3},{"damage":5,"enemies":"Centurion and Healer","floor":25,"turns":4},{"damage":2,"enemies":"Slavers","floor":27,"turns":3},{"damage":5,"enemies":"Cultist and Chosen","floor":28,"turns":4},{"damage":0,"enemies":"3 Cultists","floor":29,"turns":4},{"damage":0,"enemies":"Shelled Parasite and Fungi","floor":30,"turns":3},{"damage":4,"enemies":"Book of Stabbing","floor":31,"turns":2},{"damage":12,"enemies":"Champ","floor":33,"turns":8},{"damage":10,"enemies":"Orb Walker","floor":35,"turns":3},{"damage":0,"enemies":"Mind Bloom Boss Battle","floor":38,"turns":3},{"damage":0,"enemies":"3 Shapes","floor":39,"turns":6},{"damage":36,"enemies":"Reptomancer","floor":40,"turns":4},{"damage":18,"enemies":"Jaw Worm Horde","floor":42,"turns":4},{"damage":2,"enemies":"Nemesis","floor":44,"turns":4},{"damage":20,"enemies":"2 Orb Walkers","floor":45,"turns":5},{"damage":8,"enemies":"Writhing Mass","floor":46,"turns":5},{"damage":3,"enemies":"Giant Head","floor":48,"turns":4},{"damage":48,"enemies":"Time Eater","floor":50,"turns":10}],"seed_played":"2437878410089465989","potions_obtained":[{"floor":5,"key":"DistilledChaos"},{"floor":7,"key":"Dexterity Potion"},{"floor":12,"key":"Dexterity Potion"},{"floor":14,"key":"GhostInAJar"},{"floor":35,"key":"Regen Potion"},{"floor":42,"key":"Strength Potion"},{"floor":44,"key":"DuplicationPotion"}],"is_trial":false,"path_per_floor":["M","?","M","$","M","R","E","M","T","E","R","M","M","M","R","B",null,"M","?","?","$","M","E","R","M","T","E","M","M","M","E","R","B",null,"M","?","$","?","M","E","R","M","T","E","?","M","$","E","R","B"],"character_chosen":"THE_SILENT","items_purchased":["Heel Hook","Adrenaline","Caltrops","Mayhem","Deadly Poison","DollysMirror"],"campfire_rested":2,"item_purchase_floors":[4,21,21,37,37,47],"current_hp_per_floor":[59,59,58,58,57,57,37,37,37,14,33,26,25,24,24,17,54,51,33,33,33,25,25,40,35,35,33,28,28,28,24,39,27,60,50,50,50,50,50,23,61,43,43,41,21,13,13,10,31,0,0],"gold":78,"neow_bonus":"BOSS_RELIC","is_daily":false,"chose_seed":false,"campfire_upgraded":4,"win_rate":0.0,"timestamp":1612978845,"path_taken":["M","?","M","$","M","R","E","M","T","E","R","M","M","M","R","BOSS","M","?","?","$","M","E","R","M","T","E","M","M","M","E","R","BOSS","M","?","$","?","M","E","R","M","T","E","?","M","?","E","R","BOSS"],"items_purchased_type":["Card","Card","Card","Card","Card","Relic"],"build_version":"2020-12-22","purchased_purges":1,"victory":false,"max_hp_per_floor":[66,66,66,66,66,66,66,66,66,66,66,66,66,66,66,66,66,66,71,71,71,71,71,71,71,71,71,71,71,71,71,71,71,71,71,67,67,67,67,67,67,67,67,67,67,67,67,67,67,67,67],"relic_stats":{"Busted Crown":60,"counters":[31,136],"Mummified Hand":[111],"Pandora\u0027s Box":["Heel Hook","Noxious Fumes","Eviscerate","Sucker Punch","Calculated Gamble","Escape Plan","Cloak And Dagger","Endless Agony","A Thousand Cuts","Finisher"],"Eternal Feather":69,"PreservedInsect":285,"Whetstone":["Neutralize","Dagger Spray"],"Kunai":[6],"Orichalcum":[102],"obtain_stats":[{"Girya":44,"Eternal Feather":23,"Thread and Needle":38,"PreservedInsect":27,"Incense Burner":45,"Whetstone":31,"Orichalcum":26,"Bottled Tornado":40,"WarpedTongs":2,"Du-Vu Doll":7,"SlaversCollar":34,"Busted Crown":0,"Mummified Hand":10,"DollysMirror":47,"Molten Egg 2":9,"Pandora\u0027s Box":17,"Red Mask":20,"Kunai":48,"Ring of the Snake":0},{"Girya":27,"Eternal Feather":14,"Thread and Needle":23,"PreservedInsect":16,"Incense Burner":28,"Whetstone":20,"Orichalcum":15,"Bottled Tornado":25,"WarpedTongs":1,"Du-Vu Doll":4,"SlaversCollar":21,"Busted Crown":0,"Mummified Hand":6,"DollysMirror":29,"Molten Egg 2":5,"Pandora\u0027s Box":10,"Red Mask":12,"Kunai":30,"Ring of the Snake":0},{"Girya":112,"Eternal Feather":60,"Thread and Needle":94,"PreservedInsect":67,"Incense Burner":117,"Whetstone":80,"Orichalcum":64,"Bottled Tornado":104,"WarpedTongs":3,"Du-Vu Doll":19,"SlaversCollar":88,"Busted Crown":0,"Mummified Hand":30,"DollysMirror":122,"Molten Egg 2":22,"Pandora\u0027s Box":48,"Red Mask":54,"Kunai":126,"Ring of the Snake":0}],"WarpedTongs":[133]},"card_choices":[{"not_picked":[],"picked":"Sucker Punch","floor":1},{"not_picked":[],"picked":"Backflip","floor":3},{"not_picked":[],"picked":"Dagger Spray","floor":5},{"not_picked":[],"picked":"Prepared","floor":7},{"not_picked":[],"picked":"Cloak And Dagger","floor":8},{"not_picked":[],"picked":"Underhanded Strike+1","floor":10},{"not_picked":["Underhanded Strike+1"],"picked":"SKIP","floor":12},{"not_picked":[],"picked":"Quick Slash+1","floor":13},{"not_picked":[],"picked":"Well Laid Plans","floor":14},{"not_picked":[],"picked":"Acrobatics","floor":18},{"not_picked":[],"picked":"PiercingWail","floor":22},{"not_picked":[],"picked":"Dash+1","floor":23},{"not_picked":["Flechettes+1"],"picked":"SKIP","floor":25},{"not_picked":["Flechettes+1"],"picked":"SKIP","floor":27},{"not_picked":[],"picked":"Dagger Throw+1","floor":28},{"not_picked":["Bane+1"],"picked":"SKIP","floor":29},{"not_picked":[],"picked":"Infinite Blades","floor":30},{"not_picked":["Underhanded Strike+1"],"picked":"SKIP","floor":31},{"not_picked":["Cloak And Dagger"],"picked":"SKIP","floor":35},{"not_picked":[],"picked":"Caltrops+1","floor":38},{"not_picked":[],"picked":"Backflip","floor":39},{"not_picked":[],"picked":"Prepared","floor":40},{"not_picked":["Outmaneuver"],"picked":"SKIP","floor":42},{"not_picked":["A Thousand Cuts"],"picked":"SKIP","floor":44},{"not_picked":[],"picked":"Catalyst+1","floor":45},{"not_picked":["Dagger Throw+1"],"picked":"SKIP","floor":46},{"not_picked":["Outmaneuver"],"picked":"SKIP","floor":48}],"player_experience":467013,"relics_obtained":[{"floor":7,"key":"Du-Vu Doll"},{"floor":9,"key":"Molten Egg 2"},{"floor":10,"key":"Mummified Hand"},{"floor":20,"key":"Red Mask"},{"floor":23,"key":"Eternal Feather"},{"floor":26,"key":"Orichalcum"},{"floor":27,"key":"PreservedInsect"},{"floor":31,"key":"Whetstone"},{"floor":38,"key":"Thread and Needle"},{"floor":40,"key":"Bottled Tornado"},{"floor":44,"key":"Girya"},{"floor":45,"key":"Incense Burner"},{"floor":48,"key":"Kunai"}],"event_choices":[{"damage_healed":0,"gold_gain":0,"player_choice":"Rummage","damage_taken":0,"relics_obtained":["WarpedTongs"],"max_hp_gain":0,"max_hp_loss":0,"event_name":"Accursed Blacksmith","floor":2,"gold_loss":0,"cards_obtained":["Pain"]},{"damage_healed":0,"gold_gain":0,"player_choice":"Shed Blood","damage_taken":23,"max_hp_gain":5,"max_hp_loss":0,"event_name":"Forgotten Altar","floor":19,"gold_loss":0},{"damage_healed":0,"gold_gain":0,"player_choice":"Fought Bandits","damage_taken":0,"max_hp_gain":0,"max_hp_loss":0,"event_name":"Masked Bandits","floor":20,"gold_loss":0},{"damage_healed":0,"gold_gain":0,"player_choice":"Max HP","damage_taken":0,"max_hp_gain":0,"max_hp_loss":4,"event_name":"Winding Halls","floor":36,"gold_loss":0},{"damage_healed":0,"gold_gain":0,"player_choice":"Fight","damage_taken":0,"max_hp_gain":0,"max_hp_loss":0,"event_name":"MindBloom","floor":38,"gold_loss":0},{"damage_healed":0,"gold_gain":0,"player_choice":"Fight","damage_taken":0,"max_hp_gain":0,"max_hp_loss":0,"event_name":"Mysterious Sphere","floor":45,"gold_loss":0}],"is_beta":false,"boss_relics":[{"not_picked":["Tiny House","Snecko Eye"],"picked":"Pandora\u0027s Box"},{"not_picked":["Coffee Dripper","Empty Cage"],"picked":"SlaversCollar"}],"items_purged_floors":[4],"is_endless":false,"potions_floor_spawned":[5,7,12,14,22,23,25,28,30,35,38,39,42,44],"killed_by":"Time Eater","ascension_level":20}}