{"host":"oeh4wb93hhtrshvk","time":1612953684,"event":{"mods":["2.2 Compatiblity","AchievementEnabler","Act Like it!","Aspiration","BaseMod","Better Skull","Better Third Choice","Block Reminder","Bossed Relics","Card Filter","Colored Powertips","Conspire","Curses Come First","Defuse TimeMaze Blight","Displayed Cursed Tome","Downfall","Energized Spire","GifTheSpireLib","Hermit","Hubris","Infinite Spire","Marisa????????","Minty Spire (QoL Compilation)","Pale of the Ancients","Quick Restart","Rare Cards Sparkle","Relic Filter","Reliquary","Replay The Spire","Shop Mod","Spicy Shops","StS++","StSLib","The Blue Laboratory","The Cursed","Transform Curses","Wandering Minibosses","Weighted Paths","Wide Potions"],"gold_per_floor":[110,130,144,144,159,159,8,35,35,52,52,64,89,118,118,118,118,118],"floor_reached":16,"language":"FRA","playtime":1027,"items_purged":[],"score":122,"play_id":"5eae679c-9723-492b-a9f2-91e4e361b7e8","local_time":"20210210114124","daily_mods":["Heirloom","DeadlyEvents"],"is_ascension_mode":false,"campfire_choices":[{"data":"Slimebound:Equalize","floor":6,"key":"SMITH"},{"data":"Slimebound:Chomp","floor":11,"key":"SMITH"},{"data":"Slimebound:MassFeed","floor":15,"key":"SMITH"}],"circlet_count":0,"master_deck":["Slimebound:Strike_Slimebound","Slimebound:Strike_Slimebound","Slimebound:Strike_Slimebound","Slimebound:Tackle","Slimebound:Defend_Slimebound","Slimebound:Defend_Slimebound","Slimebound:Defend_Slimebound","Slimebound:Defend_Slimebound","Slimebound:Split+1","Slimebound:CorrosiveSpit","Slimebound:Equalize+1","Slimebound:LeechingTouch","Slimebound:MegaLick","Slimebound:Chomp+1","Slimebound:RollThrough","Slimebound:GrowthPunch","Slimebound:MassFeed+1"],"relics":["Slimebound:AbsorbEndCombat","champ:DuelingGlove","Membership Card","Bottled Lightning","Toxic Egg 2","Meat on the Bone","bronze:DecasWashers"],"acts_visited":["Exordium"],"potions_floor_usage":[8,8,14],"damage_taken":[{"damage":3,"enemies":"Cultist","floor":1,"turns":4},{"damage":4,"enemies":"2 Louse","floor":2,"turns":3},{"damage":10,"enemies":"Small Slimes","floor":3,"turns":3},{"damage":12,"enemies":"Exordium Wildlife","floor":5,"turns":6},{"damage":3,"enemies":"Gremlin Nob","floor":8,"turns":3},{"damage":13,"enemies":"Looter","floor":10,"turns":3},{"damage":0,"enemies":"Lots of Slimes","floor":12,"turns":3},{"damage":21,"enemies":"3 Sentries","floor":13,"turns":6},{"damage":21,"enemies":"Lagavulin","floor":14,"turns":6},{"damage":88,"enemies":"Fading Forest","floor":16,"turns":10}],"seed_played":"4800680274567739651","potions_obtained":[{"floor":1,"key":"blueLaboratory:PhilterOfMotion"},{"floor":3,"key":"PowerPotion"},{"floor":12,"key":"blueLaboratory:BottleOfVodka"}],"is_trial":true,"path_per_floor":["M","M","M","?","M","R","$","E","T","M","R","M","E","E","R","B"],"character_chosen":"SLIMEBOUND","items_purchased":["Membership Card"],"campfire_rested":0,"item_purchase_floors":[7],"current_hp_per_floor":[62,60,60,60,60,60,60,62,62,51,51,65,50,49,49,0,0,0],"gold":118,"neow_bonus":"","is_daily":false,"chose_seed":false,"campfire_upgraded":3,"win_rate":0.0,"timestamp":1612953684,"path_taken":["M","?","?","?","M","R","$","?","T","M","R","M","E","?","R","BOSS"],"items_purchased_type":["Relic"],"build_version":"2020-12-22","purchased_purges":0,"victory":false,"max_hp_per_floor":[65,65,65,65,65,65,65,65,65,65,65,65,65,65,65,65,65,65],"card_choices":[{"not_picked":["Slimebound:Schlurp","Slimebound:LeechEnergy","Slimebound:Prepare"],"picked":"SKIP","floor":1},{"not_picked":["Slimebound:SlimeSpikes","Slimebound:MegaLick"],"picked":"Slimebound:Equalize","floor":2},{"not_picked":["Slimebound:GoopSpray","Slimebound:ComboTackle"],"picked":"Slimebound:LeechingTouch","floor":3},{"not_picked":["Slimebound:Schlurp","Slimebound:FlameTackle"],"picked":"Slimebound:MegaLick","floor":5},{"not_picked":["Slimebound:SpikyOuterGoop","Slimebound:ComboTackle"],"picked":"Slimebound:Chomp","floor":8},{"not_picked":["Slimebound:SplitMire+1","Slimebound:LivingWall+1"],"picked":"Slimebound:RollThrough","floor":10},{"not_picked":["Slimebound:LeechEnergy","Slimebound:PressTheAttack"],"picked":"Slimebound:GrowthPunch","floor":12},{"not_picked":["Slimebound:GoopSpray+1","Slimebound:ItLooksTasty"],"picked":"Slimebound:MassFeed","floor":13},{"not_picked":["Slimebound:GoopTackle","Slimebound:DivideAndConquer","Slimebound:SplitMire+1"],"picked":"SKIP","floor":14}],"player_experience":676677,"relics_obtained":[{"floor":8,"key":"Bottled Lightning"},{"floor":9,"key":"Toxic Egg 2"},{"floor":13,"key":"Meat on the Bone"},{"floor":14,"key":"bronze:DecasWashers"}],"event_choices":[{"damage_healed":0,"gold_gain":0,"player_choice":"Grow","damage_taken":0,"max_hp_gain":0,"max_hp_loss":0,"event_name":"Living Wall","floor":4,"gold_loss":0,"cards_upgraded":["Slimebound:Split"]}],"is_beta":false,"boss_relics":[],"items_purged_floors":[],"is_endless":false,"potions_floor_spawned":[1,3,12],"killed_by":"Fading Forest","ascension_level":0}}