{"host":"6a9c3xws62y7efyw","time":1612940627,"event":{"mods":["BaseMod","Colored Map","Minty Spire (QoL Compilation)","Relic Stats","StSLib"],"gold_per_floor":[12,12,28,45,64,64,93,93,117,117,117,136,168,185,185,257,257,269,285,11,11,23,23,33,33,33,66,66,78,104,124,124,124,124],"floor_reached":33,"language":"ENG","playtime":1488,"items_purged":[],"score":698,"play_id":"93d6f8ef-3f32-4206-b867-a5c65f8a3d7d","local_time":"20210209230347","is_ascension_mode":true,"campfire_choices":[{"data":"Envenom","floor":6.0,"key":"SMITH"},{"floor":11.0,"key":"REST"},{"data":"Glass Knife","floor":15.0,"key":"SMITH"},{"floor":23.0,"key":"REST"},{"floor":25.0,"key":"REST"},{"data":"Well Laid Plans","floor":28.0,"key":"SMITH"},{"floor":32,"key":"REST"}],"circlet_count":0,"master_deck":["AscendersBane","Strike_G","Strike_G+1","Defend_G","Defend_G","Defend_G","Defend_G","Survivor","Neutralize+1","Blade Dance","Noxious Fumes","Quick Slash","Flying Knee","Envenom+1","Quick Slash","Well Laid Plans+1","Infinite Blades","Glass Knife+1","Corpse Explosion+1","Dodge and Roll+1","Doppelganger+1","Cloak And Dagger+1","Blade Dance+1","RitualDagger","Distraction+1","Backflip+1","PiercingWail+1","Cloak And Dagger+1","Deflect+1"],"relics":["Ring of the Snake","Whetstone","Happy Flower","Toxic Egg 2","Boot","Cursed Key","Bag of Preparation","StoneCalendar","Bottled Lightning"],"acts_visited":["Exordium","TheCity"],"potions_floor_usage":[33],"damage_taken":[{"damage":4.0,"enemies":"Jaw Worm","floor":1.0,"turns":4.0},{"damage":1.0,"enemies":"Cultist","floor":3.0,"turns":4.0},{"damage":0.0,"enemies":"2 Louse","floor":4.0,"turns":3.0},{"damage":1.0,"enemies":"2 Fungi Beasts","floor":5.0,"turns":4.0},{"damage":8.0,"enemies":"Gremlin Nob","floor":7.0,"turns":3.0},{"damage":8.0,"enemies":"Exordium Wildlife","floor":12.0,"turns":4.0},{"damage":23.0,"enemies":"3 Sentries","floor":13.0,"turns":7.0},{"damage":0.0,"enemies":"3 Louse","floor":14.0,"turns":3.0},{"damage":16.0,"enemies":"Hexaghost","floor":16.0,"turns":7.0},{"damage":0.0,"enemies":"Chosen","floor":18.0,"turns":3.0},{"damage":22.0,"enemies":"Shell Parasite","floor":19.0,"turns":5.0},{"damage":12.0,"enemies":"Snake Plant","floor":22.0,"turns":3.0},{"damage":12.0,"enemies":"Snecko","floor":24.0,"turns":4.0},{"damage":0.0,"enemies":"Gremlin Leader","floor":27.0,"turns":5.0},{"damage":10,"enemies":"Shelled Parasite and Fungi","floor":29,"turns":5},{"damage":15,"enemies":"Slavers","floor":30,"turns":5},{"damage":11,"enemies":"Sentry and Sphere","floor":31,"turns":4},{"damage":21,"enemies":"Champ","floor":33,"turns":5}],"seed_played":"-8855090395145877423","potions_obtained":[{"floor":1.0,"key":"Dexterity Potion"},{"floor":3.0,"key":"Fire Potion"},{"floor":5.0,"key":"Poison Potion"},{"floor":14.0,"key":"LiquidBronze"},{"floor":18.0,"key":"Dexterity Potion"},{"floor":19.0,"key":"Strength Potion"},{"floor":31,"key":"Fire Potion"}],"is_trial":false,"path_per_floor":["M","?","M","M","M","R","E","?","T","T","R","M","E","M","R","B",null,"M","M","$","?","M","R","M","R","T","E","R","M","E","M","R","B"],"character_chosen":"THE_SILENT","items_purchased":["Bag of Preparation","Cloak And Dagger+1","Blade Dance+1"],"campfire_rested":4,"item_purchase_floors":[20,20,20],"current_hp_per_floor":[55,55,54,54,53,53,45,38,38,38,57,49,26,26,26,10,52,52,30,30,24,12,31,19,38,38,38,38,28,13,2,21,0,0],"gold":124,"neow_bonus":"TRANSFORM_TWO_CARDS","is_daily":false,"chose_seed":false,"campfire_upgraded":3,"win_rate":0.0,"timestamp":1612940627,"path_taken":["M","?","?","M","M","R","E","?","T","?","R","M","E","M","R","BOSS","M","M","?","?","M","R","M","R","T","E","R","M","E","M","R","BOSS"],"items_purchased_type":["Relic","Card","Card"],"build_version":"2020-12-22","purchased_purges":0,"victory":false,"max_hp_per_floor":[66,66,66,66,66,66,66,66,66,66,66,66,66,66,66,66,66,66,66,66,66,66,66,66,66,66,66,66,66,66,66,66,66,66],"relic_stats":{"Happy Flower":[20],"counters":[18,78],"StoneCalendar":[0],"Bag of Preparation":[14],"Whetstone":["Strike_G","Neutralize"],"Boot":[117],"Cursed Key":0,"obtain_stats":[{"Happy Flower":9,"StoneCalendar":27,"Bag of Preparation":20,"Whetstone":7,"Bottled Lightning":30,"Toxic Egg 2":10,"Boot":13,"Cursed Key":17,"Ring of the Snake":0},{"Happy Flower":5,"StoneCalendar":14,"Bag of Preparation":11,"Whetstone":5,"Bottled Lightning":16,"Toxic Egg 2":5,"Boot":7,"Cursed Key":9,"Ring of the Snake":0},{"Happy Flower":18,"StoneCalendar":59,"Bag of Preparation":47,"Whetstone":18,"Bottled Lightning":69,"Toxic Egg 2":18,"Boot":29,"Cursed Key":39,"Ring of the Snake":0}],"Ring of the Snake":[36]},"card_choices":[{"not_picked":["Caltrops","Concentrate"],"picked":"Quick Slash","floor":1.0},{"not_picked":["Blur","Catalyst"],"picked":"Flying Knee","floor":3.0},{"not_picked":["Prepared","Slice","Outmaneuver"],"picked":"SKIP","floor":4.0},{"not_picked":["Flying Knee","Well Laid Plans"],"picked":"Envenom","floor":5.0},{"not_picked":["Dagger Throw","Blur"],"picked":"Quick Slash","floor":7.0},{"not_picked":["PiercingWail+1","Bane"],"picked":"Well Laid Plans","floor":12.0},{"not_picked":["Underhanded Strike","Blur+1"],"picked":"Infinite Blades","floor":13.0},{"not_picked":["Caltrops","Sucker Punch"],"picked":"Glass Knife","floor":14.0},{"not_picked":["After Image","Unload"],"picked":"Corpse Explosion+1","floor":16.0},{"not_picked":["Quick Slash","Outmaneuver+1"],"picked":"Dodge and Roll+1","floor":18.0},{"not_picked":["Dagger Throw","Slice"],"picked":"Doppelganger+1","floor":19.0},{"not_picked":["Setup+1","Sucker Punch"],"picked":"Distraction+1","floor":22.0},{"not_picked":["Sucker Punch","Riddle With Holes"],"picked":"Backflip+1","floor":24.0},{"not_picked":["Choke","Riddle With Holes","Heel Hook"],"picked":"SKIP","floor":27.0},{"not_picked":["Concentrate+1","Dagger Spray"],"picked":"PiercingWail+1","floor":29},{"not_picked":["Glass Knife","PiercingWail+1"],"picked":"Cloak And Dagger+1","floor":30},{"not_picked":["Underhanded Strike","Caltrops"],"picked":"Deflect+1","floor":31}],"player_experience":1518266,"relics_obtained":[{"floor":7.0,"key":"Whetstone"},{"floor":9.0,"key":"Happy Flower"},{"floor":10.0,"key":"Toxic Egg 2"},{"floor":13.0,"key":"Boot"},{"floor":27.0,"key":"StoneCalendar"},{"floor":30,"key":"Bottled Lightning"}],"event_choices":[{"cards_removed":["Strike_G"],"damage_healed":0.0,"max_hp_gain":0.0,"max_hp_loss":0.0,"gold_gain":0.0,"event_name":"Bonfire Elementals","player_choice":"Offered Basic","floor":2.0,"gold_loss":0.0,"damage_taken":0.0},{"cards_removed":["Strike_G"],"damage_healed":0.0,"max_hp_gain":0.0,"max_hp_loss":0.0,"gold_gain":0.0,"event_name":"Golden Wing","player_choice":"Card Removal","floor":8.0,"gold_loss":0.0,"damage_taken":7.0},{"damage_healed":0.0,"max_hp_gain":0.0,"max_hp_loss":0.0,"gold_gain":0.0,"event_name":"Nest","player_choice":"Joined the Cult","floor":21.0,"gold_loss":0.0,"damage_taken":6.0,"cards_obtained":["RitualDagger"]}],"is_beta":false,"boss_relics":[{"not_picked":["Black Star","Busted Crown"],"picked":"Cursed Key"}],"items_purged_floors":[],"is_endless":false,"potions_floor_spawned":[1,3,5,14,18,19,31],"killed_by":"Champ","ascension_level":20}}