{"host":"5wwct7e0z3l0f094","time":1612985150,"event":{"mods":["BaseMod","Colored Map","Highlight Path","Minty Spire (QoL Compilation)"],"gold_per_floor":[111,122,140,140,140,166,166,498,498,498,498],"floor_reached":10,"language":"ENG","playtime":360,"items_purged":[],"score":99,"play_id":"07c85b58-9fa5-4555-8b23-fb98025f57c1","local_time":"20210210142550","is_ascension_mode":true,"campfire_choices":[{"floor":7,"key":"REST"}],"circlet_count":0,"master_deck":["Strike_P","Strike_P","Strike_P","Defend_P","Defend_P","Defend_P","Defend_P","Eruption+1","Vigilance"],"relics":["Busted Crown","Anchor","Old Coin"],"acts_visited":["Exordium"],"potions_floor_usage":[6,8],"damage_taken":[{"damage":7,"enemies":"Cultist","floor":1,"turns":3},{"damage":0,"enemies":"2 Louse","floor":2,"turns":2},{"damage":2,"enemies":"Jaw Worm","floor":3,"turns":3},{"damage":7,"enemies":"3 Sentries","floor":6,"turns":9},{"damage":32,"enemies":"Gremlin Nob","floor":8,"turns":3},{"damage":42,"enemies":"Lagavulin","floor":10,"turns":5}],"seed_played":"6037001523836925672","potions_obtained":[{"floor":1,"key":"AttackPotion"},{"floor":2,"key":"BottledMiracle"},{"floor":6,"key":"Strength Potion"}],"is_trial":false,"path_per_floor":["M","M","M","?","?","E","R","E","T","E"],"character_chosen":"WATCHER","items_purchased":[],"campfire_rested":1,"item_purchase_floors":[],"current_hp_per_floor":[58,58,56,56,56,49,70,38,38,0,0],"gold":498,"neow_bonus":"BOSS_RELIC","is_daily":false,"chose_seed":false,"campfire_upgraded":0,"win_rate":0.0,"timestamp":1612985150,"path_taken":["M","M","?","?","?","E","R","E","T","E"],"items_purchased_type":[],"build_version":"2020-12-22","purchased_purges":0,"victory":false,"max_hp_per_floor":[72,72,72,72,72,72,72,72,72,72,72],"card_choices":[{"not_picked":["JustLucky"],"picked":"SKIP","floor":1},{"not_picked":["Protect"],"picked":"SKIP","floor":2},{"not_picked":["PathToVictory"],"picked":"SKIP","floor":3},{"not_picked":["WreathOfFlame"],"picked":"SKIP","floor":6},{"not_picked":["ForeignInfluence"],"picked":"SKIP","floor":8}],"player_experience":304900,"relics_obtained":[{"floor":6,"key":"Anchor"},{"floor":8,"key":"Old Coin"}],"event_choices":[{"damage_healed":0,"gold_gain":0,"player_choice":"Grow","damage_taken":0,"max_hp_gain":0,"max_hp_loss":0,"event_name":"Living Wall","floor":4,"gold_loss":0,"cards_upgraded":["Eruption"]},{"cards_removed":["Strike_P"],"damage_healed":0,"gold_gain":0,"player_choice":"Card Removal","damage_taken":0,"max_hp_gain":0,"max_hp_loss":0,"event_name":"Wheel of Change","floor":5,"gold_loss":0}],"is_beta":false,"boss_relics":[],"items_purged_floors":[],"is_endless":false,"potions_floor_spawned":[1,2,6],"killed_by":"Lagavulin","ascension_level":6}}