{"host":"7c48c022du196gjj","time":1612939593,"event":{"mods":["BaseMod","Better Third Choice","Colored Map","Hubris","Minty Spire (QoL Compilation)","Monster B Gone","Quick Restart","Reliquary","Replay The Spire","Say the Spire","Smile Girya","Spicy Shops","StSLib"],"gold_per_floor":[113,113,113,113,128,162,174,208,208,238,238,218,218,228,228,305,305,325,325,344,344,344,378,378,413,437,437,437],"floor_reached":27,"language":"ENG","playtime":1211,"items_purged":[],"score":540,"play_id":"fdca48f0-5a50-4118-86c5-f7987f13033a","local_time":"20210210004633","is_ascension_mode":true,"campfire_choices":[{"floor":11,"key":"REST"},{"floor":13,"key":"REST"},{"floor":15,"key":"DIG"},{"floor":24,"key":"REST"}],"circlet_count":0,"master_deck":["AscendersBane","Strike_G","Strike_G","Strike_G","Strike_G","Strike_G","Defend_G","Defend_G","Defend_G","Defend_G","Defend_G","Survivor","Neutralize","Prepared","ReplayTheSpireMod:Scrap Shanks+1","Cloak And Dagger","Replay:Bag of Tricks","Blade Dance","Caltrops","Envenom","Outmaneuver","Storm of Steel","Blade Dance+1","ReplayTheSpireMod:Scrap Shanks+1","Injury","Calculated Gamble","Tools of the Trade"],"relics":["Ring of the Snake","NeowsBlessing","hubris:Towel","Strawberry","Juzu Bracelet","Ninja Scroll","Mummified Hand","reliquary:Stiletto","Pocketwatch","ChewingGum","reliquary:PartyBalloon","Gremlin Horn","Bottled Tornado","reliquary:Buckler","Replay:Rubber Ducky"],"acts_visited":["Exordium","TheCity"],"potions_floor_usage":[8,8,16,16,25],"damage_taken":[{"damage":0,"enemies":"Small Slimes","floor":1,"turns":1},{"damage":0,"enemies":"2 Louse","floor":5,"turns":1},{"damage":0,"enemies":"3 Sentries","floor":6,"turns":1},{"damage":4,"enemies":"Cultist","floor":7,"turns":4},{"damage":26,"enemies":"Lagavulin","floor":8,"turns":5},{"damage":29,"enemies":"3 Sentries","floor":10,"turns":9},{"damage":4,"enemies":"Exordium Thugs","floor":14,"turns":5},{"damage":41,"enemies":"Fading Forest","floor":16,"turns":11},{"damage":0,"enemies":"Spheric Guardian","floor":18,"turns":3},{"damage":11,"enemies":"Chosen","floor":20,"turns":3},{"damage":28,"enemies":"Book of Stabbing","floor":23,"turns":4},{"damage":37,"enemies":"Slavers","floor":25,"turns":4},{"damage":4,"enemies":"Snake Plant","floor":27,"turns":1}],"seed_played":"-964686185012629227","potions_obtained":[{"floor":6,"key":"Strength Potion"},{"floor":7,"key":"Strength Potion"},{"floor":8,"key":"Adrenaline Potion"},{"floor":12,"key":"Death Potion"},{"floor":20,"key":"SpeedPotion"},{"floor":23,"key":"Block Potion"}],"is_trial":false,"path_per_floor":["M","?","?","?","M","E","M","E","T","E","R","?","R","M","R_BF","B",null,"M","?","M","?","?","E","R","E","T","M"],"character_chosen":"THE_SILENT","items_purchased":[],"campfire_rested":3,"item_purchase_floors":[],"current_hp_per_floor":[59,59,59,66,66,66,62,36,36,7,28,28,49,45,45,4,56,56,56,45,45,45,17,38,1,1,0,0],"gold":437,"neow_bonus":"THREE_ENEMY_KILL","is_daily":false,"chose_seed":false,"campfire_upgraded":0,"win_rate":0.0,"timestamp":1612939593,"path_taken":["M","?","?","?","M","E","M","E","T","E","R","?","R","M","R_BF","BOSS","M","?","M","?","?","E","R","E","T","M"],"items_purchased_type":[],"build_version":"2020-12-22","purchased_purges":0,"victory":false,"max_hp_per_floor":[66,66,66,73,73,73,73,73,73,73,73,73,73,73,73,73,73,73,73,73,73,73,73,73,73,73,73,73],"card_choices":[{"not_picked":["Outmaneuver","Flying Knee"],"picked":"Prepared","floor":1},{"not_picked":["Bane","Hidden Blade"],"picked":"Cloak And Dagger","floor":5},{"not_picked":["Outmaneuver","hubris:SlightOfHand"],"picked":"Replay:Bag of Tricks","floor":6},{"not_picked":["Poisoned Stab","Underhanded Strike"],"picked":"Blade Dance","floor":7},{"not_picked":["Sucker Punch","Dagger Throw"],"picked":"Caltrops","floor":8},{"not_picked":["hubris:SlightOfHand","Concentrate"],"picked":"Envenom","floor":10},{"not_picked":["Bane","Dagger Throw"],"picked":"Outmaneuver","floor":14},{"not_picked":["Tools of the Trade","Unload"],"picked":"Storm of Steel","floor":16},{"not_picked":["Backflip+1","Fluid Movement"],"picked":"Blade Dance+1","floor":18},{"not_picked":["Blade Dance","Backflip"],"picked":"ReplayTheSpireMod:Scrap Shanks","floor":20},{"not_picked":["hubris:SlightOfHand","Bane"],"picked":"Calculated Gamble","floor":23},{"not_picked":["Crippling Poison","Underhanded Strike"],"picked":"Tools of the Trade","floor":25}],"player_experience":884832,"relics_obtained":[{"floor":4,"key":"Strawberry"},{"floor":6,"key":"Juzu Bracelet"},{"floor":8,"key":"Ninja Scroll"},{"floor":9,"key":"Mummified Hand"},{"floor":10,"key":"reliquary:Stiletto"},{"floor":15,"key":"Pocketwatch"},{"floor":19,"key":"reliquary:PartyBalloon"},{"floor":23,"key":"Bottled Tornado"},{"floor":25,"key":"reliquary:Buckler"},{"floor":26,"key":"Replay:Rubber Ducky"}],"event_choices":[{"damage_healed":0,"gold_gain":0,"player_choice":"Relic","damage_taken":0,"max_hp_gain":0,"max_hp_loss":0,"event_name":"Wheel of Change","floor":4,"gold_loss":0},{"damage_healed":0,"gold_gain":0,"player_choice":"Bought 1 Potion","damage_taken":0,"max_hp_gain":0,"max_hp_loss":0,"event_name":"The Woman in Blue","floor":12,"gold_loss":0},{"damage_healed":0,"gold_gain":0,"player_choice":"Relic","damage_taken":0,"max_hp_gain":0,"max_hp_loss":0,"event_name":"Wheel of Change","floor":19,"gold_loss":0},{"damage_healed":0,"gold_gain":0,"player_choice":"Ignored","damage_taken":0,"max_hp_gain":0,"max_hp_loss":0,"event_name":"Ghosts","floor":22,"gold_loss":0}],"is_beta":false,"boss_relics":[{"not_picked":["hubris:VirtuousBlindfold","Runic Dome"],"picked":"ChewingGum"}],"items_purged_floors":[],"is_endless":false,"potions_floor_spawned":[6,7,8,20,23],"killed_by":"Snake Plant","ascension_level":17}}