{"host":"92wx9z21c4p52du4","time":1612979383,"event":{"mods":["Act Like it!","Arknights","Bard","BaseMod","ChefMod","Elementarium","Evolution","Hallownest","Infinite Spire","Lobotomy","Minty Spire (QoL Compilation)","QueenMod","Relic Stats","Reliquary","Robot Space Explorer","StSLib","SuperFastMode","The Blue Laboratory","The Bug Knight","The Disciple","The Hierophant","The Jungle","The Runesmith","TheSurvivalist"],"gold_per_floor":[114,114,142,142,158,158,170,203,203,215,22,22,22,49,49,145,145,160,174,188,202,214,214,214,214],"floor_reached":24,"language":"ENG","playtime":2204,"items_purged":["HollowMod:NailStrikeStart"],"score":243,"play_id":"2e825cf0-4421-460d-bc30-ac401517d72a","local_time":"20210210114943","is_ascension_mode":false,"campfire_choices":[{"data":"Discovery","floor":6,"key":"SMITH"},{"data":"HollowMod:GrimmsGift","floor":12,"key":"SMITH"},{"data":"HollowMod:DoubleDash","floor":15,"key":"SMITH"},{"floor":23,"key":"REST"}],"circlet_count":0,"master_deck":["HollowMod:NailStrikeStart","HollowMod:FocusHealStart","HollowMod:PogoStrike","Discovery+1","HollowMod:DashSlash","Hallownest:skillSlugHide","Hallownest:skillSlugHide","Hallownest:skillSlugHide","Hallownest:skillSlugHide","Hallownest:skillSlugHide","HollowMod:NewLittleFool","HollowMod:GrimmsGift+1","HollowMod:DoubleDash+1","HollowMod:ElderbugsWisdom","HollowMod:CornifersMapStart","HollowMod:MantisMark","HollowMod:HuntersJournal"],"relics":["HollowMod:VesselMask","EVO:Axolotl","reliquary:RoseTintedGlasses","Ornamental Fan","Toy Ornithopter","Membership Card","StoneCalendar","infinitespire:Cupcake"],"acts_visited":["Hallownest:Greenpath","TheCity"],"potions_floor_usage":[14,19,20],"damage_taken":[{"damage":5,"enemies":"2_ Uuma","floor":1,"turns":6},{"damage":11,"enemies":"Hallownest:eliteMossKnight","floor":3,"turns":20},{"damage":4,"enemies":"Hallownest:2_Baldur","floor":5,"turns":4},{"damage":0,"enemies":"Hallownest:monsterHuskWarrior","floor":7,"turns":6},{"damage":5,"enemies":"Hallownest:eliteVengeflyKing","floor":8,"turns":5},{"damage":0,"enemies":"Hallownest:MossCreep_and_Mosskin","floor":10,"turns":5},{"damage":1,"enemies":"Hallownest:eliteCrystalGuardian","floor":14,"turns":5},{"damage":2,"enemies":"Hallownest:BossFalseKnight","floor":16,"turns":11},{"damage":5,"enemies":"Shell Parasite","floor":18,"turns":7},{"damage":13,"enemies":"Spheric Guardian","floor":19,"turns":7},{"damage":69,"enemies":"Cultist and Chosen","floor":20,"turns":8},{"damage":0,"enemies":"Shelled Parasite and Fungi","floor":21,"turns":8},{"damage":13,"enemies":"Snecko","floor":22,"turns":7},{"damage":33,"enemies":"3 Cultists","floor":24,"turns":4}],"seed_played":"5953037780099051675","potions_obtained":[{"floor":3,"key":"SteroidPotion"},{"floor":5,"key":"blueLaboratory:PhilterOfMotion"},{"floor":10,"key":"LiquidMemories"},{"floor":18,"key":"Swift Potion"},{"floor":19,"key":"LiquidMemories"}],"is_trial":false,"path_per_floor":["M","?","?","?","M","R","M","E","T","M","$","R","$","E","R","B",null,"M","M","M","M","M","R","M"],"character_chosen":"THE_BUGKNIGHT","items_purchased":["Membership Card"],"campfire_rested":1,"item_purchase_floors":[11],"current_hp_per_floor":[75,75,72,72,74,74,74,69,69,75,75,75,75,75,75,73,75,75,67,3,9,2,24,0,0],"gold":214,"neow_bonus":"RANDOM_COLORLESS","is_daily":false,"chose_seed":false,"campfire_upgraded":3,"win_rate":0.0,"timestamp":1612979383,"path_taken":["M","?","?","?","M","R","M","E","T","M","$","R","?","E","R","BOSS","M","?","M","M","M","R","M"],"items_purchased_type":["Relic"],"build_version":"2020-12-22","purchased_purges":1,"victory":false,"max_hp_per_floor":[75,75,75,75,75,75,75,75,75,75,75,75,75,75,75,75,75,75,75,75,75,75,75,75,75],"relic_stats":{"counters":[14,103],"Ornamental Fan":[92],"StoneCalendar":[155],"obtain_stats":[{"Ornamental Fan":8,"HollowMod:VesselMask":0,"StoneCalendar":14,"reliquary:RoseTintedGlasses":3,"EVO:Axolotl":0,"Membership Card":11,"Toy Ornithopter":9,"infinitespire:Cupcake":17},{"Ornamental Fan":5,"HollowMod:VesselMask":0,"StoneCalendar":7,"reliquary:RoseTintedGlasses":2,"EVO:Axolotl":0,"Membership Card":6,"Toy Ornithopter":5,"infinitespire:Cupcake":8},{"Ornamental Fan":41,"HollowMod:VesselMask":0,"StoneCalendar":51,"reliquary:RoseTintedGlasses":26,"EVO:Axolotl":0,"Membership Card":46,"Toy Ornithopter":41,"infinitespire:Cupcake":62}],"Toy Ornithopter":11},"card_choices":[{"not_picked":["Swift Strike","Blind"],"picked":"Discovery","floor":0},{"not_picked":["HollowMod:CoiledNail","HollowMod:ChannelNail"],"picked":"HollowMod:DashSlash","floor":1},{"not_picked":["HollowMod:SoulStrike","HollowMod:InfectedAttack"],"picked":"HollowMod:NewLittleFool","floor":3},{"not_picked":["HollowMod:Grubsong","HollowMod:VengefulVoid"],"picked":"HollowMod:GrimmsGift","floor":5},{"not_picked":["HollowMod:DescendingDark","HollowMod:InfectedCysts","HollowMod:SoulSplash"],"picked":"SKIP","floor":7},{"not_picked":["HollowMod:CrystalDash","HollowMod:VengefulVoid","HollowMod:FastStrike"],"picked":"SKIP","floor":8},{"not_picked":["HollowMod:LifebloodCocoon","HollowMod:DescendingDark","HollowMod:VengefulVoid"],"picked":"SKIP","floor":10},{"not_picked":["HollowMod:CycloneSlash","HollowMod:ShadowDash"],"picked":"HollowMod:DoubleDash","floor":14},{"not_picked":["HollowMod:HornetsHelp","HollowMod:ZotesMagnificence"],"picked":"HollowMod:ElderbugsWisdom","floor":16},{"not_picked":["HollowMod:SoulStrike","HollowMod:GoodIntentions"],"picked":"HollowMod:CornifersMapStart","floor":18},{"not_picked":["HollowMod:ShadowDash","HollowMod:CloakDash"],"picked":"HollowMod:MantisMark","floor":19},{"not_picked":["HollowMod:SoulSplash","HollowMod:LordofShades","HollowMod:MawleksShell+1"],"picked":"SKIP","floor":20},{"not_picked":["HollowMod:VengefulVoid","HollowMod:DescendingDark"],"picked":"HollowMod:HuntersJournal","floor":21},{"not_picked":["HollowMod:LifebloodCocoon","HollowMod:HowlingWraiths","HollowMod:FallenFury"],"picked":"SKIP","floor":22}],"player_experience":264602,"relics_obtained":[{"floor":3,"key":"reliquary:RoseTintedGlasses"},{"floor":8,"key":"Ornamental Fan"},{"floor":9,"key":"Toy Ornithopter"},{"floor":14,"key":"StoneCalendar"}],"event_choices":[],"is_beta":false,"boss_relics":[{"not_picked":["reliquary:Ember","Busted Crown"],"picked":"infinitespire:Cupcake"}],"items_purged_floors":[11],"is_endless":false,"potions_floor_spawned":[3,5,10,18,19],"killed_by":"3 Cultists","ascension_level":0}}