{"host":"37ccm3d17clopct7","time":1612951910,"event":{"mods":["BaseMod","GungeonMod","Hermit","Lobotomy","Minty Spire (QoL Compilation)","StSLib","The Bug Knight","The Cursed","The Hierophant","The Jungle","The Runesmith"],"gold_per_floor":[109,109,184,197,197,197,232,232,256,271,170,195,195,222,222,222,222],"floor_reached":16,"language":"KOR","playtime":610,"items_purged":["TheCursedMod:Defend_TheCursed"],"score":128,"play_id":"27fb18aa-4dd0-4d2a-99b3-48d4096f4007","local_time":"20210210191150","is_ascension_mode":true,"campfire_choices":[{"floor":6,"key":"REST"},{"floor":8,"key":"RECALL"},{"floor":13,"key":"REST"},{"floor":15,"key":"REST"}],"circlet_count":0,"master_deck":["TheCursedMod:Strike_TheCursed","TheCursedMod:Strike_TheCursed","TheCursedMod:Strike_TheCursed","TheCursedMod:Defend_TheCursed","TheCursedMod:Defend_TheCursed","TheCursedMod:Defend_TheCursed","TheCursedMod:CursedWand","TheCursedMod:CleanUpWorkshop","TheCursedMod:Dregs","Discovery","TheCursedMod:CircleOfCorruption","TheCursedMod:Stretching","TheCursedMod:CursedShiv","TheCursedMod:ReleasedStrength","TheCursedMod:FleshFromBone","TheCursedMod:SmokeScreen","TheCursedMod:WearCloak+1"],"relics":["TheCursedMod:BlackMagic101","PreservedInsect","Orichalcum","TheCursedMod:Tack","Toxic Egg 2"],"acts_visited":["Exordium"],"potions_floor_usage":[16],"damage_taken":[{"damage":4,"enemies":"2 Louse","floor":1,"turns":2},{"damage":4,"enemies":"Jaw Worm","floor":4,"turns":3},{"damage":19,"enemies":"Gremlin Nob","floor":7,"turns":4},{"damage":2,"enemies":"Small Slimes","floor":10,"turns":3},{"damage":1,"enemies":"3 Sentries","floor":12,"turns":3},{"damage":8,"enemies":"Lagavulin","floor":14,"turns":10},{"damage":76,"enemies":"Hexaghost","floor":16,"turns":16}],"seed_played":"6189122281280815939","potions_obtained":[{"floor":4,"key":"Energy Potion"},{"floor":10,"key":"Strength Potion"},{"floor":14,"key":"Ancient Potion"}],"is_trial":false,"path_per_floor":["M","?","?","M","?","R","E","R","T","M","$","E","R","E","R","B"],"character_chosen":"THE_CURSED","items_purchased":["TheCursedMod:FleshFromBone"],"campfire_rested":3,"item_purchase_floors":[11],"current_hp_per_floor":[71,59,48,44,44,66,47,47,47,45,45,44,66,58,75,0,0],"gold":222,"neow_bonus":"RANDOM_COLORLESS","is_daily":false,"chose_seed":false,"campfire_upgraded":0,"win_rate":0.0,"timestamp":1612951910,"path_taken":["M","?","?","M","?","R","E","R","T","?","$","E","R","E","R","BOSS"],"items_purchased_type":["Card"],"build_version":"2020-12-22","purchased_purges":1,"victory":false,"max_hp_per_floor":[75,75,75,75,75,75,75,75,75,75,75,75,75,75,75,75,75],"card_choices":[{"not_picked":["PanicButton","Swift Strike"],"picked":"Discovery","floor":0},{"not_picked":["TheCursedMod:Wield","TheCursedMod:Stretching"],"picked":"TheCursedMod:CircleOfCorruption","floor":1},{"not_picked":["TheCursedMod:BlessingInDisguise","TheCursedMod:VitalStrike"],"picked":"TheCursedMod:Stretching","floor":4},{"not_picked":["TheCursedMod:ManaCirculation","TheCursedMod:Wield"],"picked":"TheCursedMod:CursedShiv","floor":7},{"not_picked":["TheCursedMod:Stigma","TheCursedMod:VitalStrike"],"picked":"TheCursedMod:ReleasedStrength","floor":10},{"not_picked":["TheCursedMod:CircleOfCorruption","TheCursedMod:VoidForm"],"picked":"TheCursedMod:SmokeScreen","floor":12},{"not_picked":["TheCursedMod:CursedBlade","TheCursedMod:CircleOfAmplification+1"],"picked":"TheCursedMod:WearCloak+1","floor":14}],"player_experience":166958,"relics_obtained":[{"floor":7,"key":"Orichalcum"},{"floor":12,"key":"TheCursedMod:Tack"},{"floor":14,"key":"Toxic Egg 2"}],"event_choices":[{"damage_healed":0,"gold_gain":0,"player_choice":"Success","damage_taken":12,"relics_obtained":["PreservedInsect"],"max_hp_gain":0,"max_hp_loss":0,"event_name":"Scrap Ooze","floor":2,"gold_loss":0},{"damage_healed":0,"gold_gain":75,"player_choice":"Gather Gold","damage_taken":11,"max_hp_gain":0,"max_hp_loss":0,"event_name":"World of Goop","floor":3,"gold_loss":0},{"cards_removed":["TheCursedMod:Strike_TheCursed"],"damage_healed":0,"gold_gain":0,"player_choice":"Forget","damage_taken":0,"max_hp_gain":0,"max_hp_loss":0,"event_name":"Living Wall","floor":5,"gold_loss":0}],"is_beta":false,"boss_relics":[],"items_purged_floors":[11],"is_endless":false,"potions_floor_spawned":[4,10,14],"killed_by":"Hexaghost","ascension_level":2}}