{"host":"23qk1co0p3p8qz56","time":1612930061,"event":{"mods":["100% Spire Juice","AchievementEnabler","Act Like it!","Arknights","BaseMod","Better Note","Better Third Choice","BetterRewards","CapriCore","Chen","Colored Map","Downfall","Duelist Mod","Friendly Minions","Gensokyo","Gold Saver","KinomotoSakuraMod(ñÿîVñ{?)","Koishi","LagranYue(ùfäiòNÅEåé)","Lobotomy","LobotomyExtend","Mari Mod (Legacy)","Mari\u0027s V1 Patch","MarisaÅiñ∂âJÅ@ñÇóùçπÅj","Minty Spire (QoL Compilation)","Prisma Mod","ReimuÅiîé??öÎÅj","RemiliaÅiÂQïƒ‰ª?Åj","StSLib","The Administrix","The Alterego","The Animator","The Gatherer","The Immortal","The Marked","The Senshi","Waifu the Spire","WarShipGirlsR/??è≠èóR mod","Yakumo Yukari mod","Yohane!","Yuyuko"],"gold_per_floor":[784,794,758,758,777,777,804,804,804,804,769,769,769,788,788,885,885,901,919,969,986,986,986,1000,1000,1024,1024,1037,1037,1037],"floor_reached":29,"language":"ENG","playtime":4210,"items_purged":[],"score":213,"play_id":"4e9db142-b430-4a7e-8b7c-9ac9e6dae5ad","local_time":"20210209210741","is_ascension_mode":false,"campfire_choices":[{"data":"theMarked:Generate","floor":6,"key":"SMITH"},{"data":"theMarked:OneWithTheBlade","floor":10,"key":"SMITH"},{"data":"theMarked:SoldierOfQuellstein","floor":12,"key":"SMITH"},{"data":"theMarked:Determination","floor":15,"key":"SMITH"},{"data":"theMarked:DispelDoubt","floor":23,"key":"SMITH"},{"data":"theMarked:WardOff","floor":25,"key":"SMITH"},{"data":"theMarked:Pokerface","floor":27,"key":"SMITH"}],"circlet_count":0,"master_deck":["theMarked:Strike+1","theMarked:Strike","theMarked:Strike","theMarked:Strike+1","theMarked:Defend","theMarked:Defend","theMarked:Defend","theMarked:Defend","theMarked:SoldierOfQuellstein+1","theMarked:OneWithTheBlade+1","theMarked:Pokerface+1","theMarked:MuscleMemory","theMarked:Generate+1","theMarked:Determination+1","theMarked:Static","theMarked:DispelDoubt+1","theMarked:Maelstrom","theMarked:Memento+1","theMarked:WardOff+1","animator:Curse_Greed","theMarked:Levitate"],"relics":["theMarked:ArtifactOfAir","LagranYue:RandomDrawCardRelic","LetterFromLob","Lantern","Shuriken","Cursed Key","Whetstone"],"acts_visited":["Exordium","TheCity"],"potions_floor_usage":[21,24],"damage_taken":[{"damage":1,"enemies":"Jaw Worm","floor":1,"turns":4},{"damage":4,"enemies":"ats:Genji","floor":2,"turns":3},{"damage":7,"enemies":"2 Louse","floor":5,"turns":2},{"damage":2,"enemies":"2 Fungi Beasts","floor":14,"turns":3},{"damage":39,"enemies":"The Guardian","floor":16,"turns":11},{"damage":10,"enemies":"Chosen","floor":18,"turns":4},{"damage":12,"enemies":"Shell Parasite","floor":19,"turns":6},{"damage":35,"enemies":"Snake Plant","floor":21,"turns":4},{"damage":21,"enemies":"Snecko","floor":24,"turns":6},{"damage":18,"enemies":"Chosen and Byrds","floor":28,"turns":6},{"damage":12,"enemies":"theDuelist:KaibaA2","floor":29,"turns":5}],"seed_played":"-5553022304777469998","potions_obtained":[{"floor":2,"key":"FairyPotion"},{"floor":5,"key":"sneckomod:MuddlingPotion"},{"floor":19,"key":"theMarked:ChargePotion"},{"floor":28,"key":"SpeedPotion"}],"is_trial":false,"path_per_floor":["M","M","$","?","M","R","T","?","T","R","$","R","M","M","R","B",null,"M","M","?","M","?","R","M","R","T","R","M","E"],"character_chosen":"THE_DEFAULT","items_purchased":["theMarked:MuscleMemory","theMarked:Determination"],"campfire_rested":0,"item_purchase_floors":[3,11],"current_hp_per_floor":[76,72,72,72,65,65,65,65,65,65,65,65,65,63,63,24,77,67,55,55,20,20,20,23,23,23,23,5,0,0],"gold":1037,"neow_bonus":"TEN_PERCENT_HP_BONUS","is_daily":false,"chose_seed":false,"campfire_upgraded":7,"win_rate":0.0,"timestamp":1612930061,"path_taken":["M","M","$","?","M","R","?","?","T","R","$","R","M","M","R","BOSS","M","M","?","M","?","R","M","R","T","R","M","E"],"items_purchased_type":["Card","Card"],"build_version":"2020-12-22","purchased_purges":0,"victory":false,"max_hp_per_floor":[77,77,77,77,77,77,77,77,77,77,77,77,77,77,77,77,77,77,77,77,77,77,77,77,77,77,77,77,77,77],"card_choices":[{"not_picked":["theMarked:HeightenedSenses","theMarked:EmpowerWeapon"],"picked":"theMarked:OneWithTheBlade","floor":1},{"not_picked":["theMarked:Memento","theMarked:ElectricStrings"],"picked":"theMarked:Pokerface","floor":2},{"not_picked":["theMarked:TakeCover","theMarked:EmpowerWeapon"],"picked":"theMarked:Generate","floor":5},{"not_picked":["theMarked:TakeCover","theMarked:TheMission"],"picked":"theMarked:Static","floor":14},{"not_picked":["theMarked:Defy","theMarked:FavorableWinds"],"picked":"theMarked:DispelDoubt","floor":16},{"not_picked":["theMarked:RepellingDischarge","theMarked:Reabsorb"],"picked":"theMarked:Maelstrom","floor":18},{"not_picked":["theMarked:TheMission","theMarked:Frustration","theMarked:ChainLightning"],"picked":"SKIP","floor":19},{"not_picked":["theMarked:ElectricStrings","theMarked:Maelstrom+1"],"picked":"theMarked:Memento+1","floor":21},{"not_picked":["theMarked:ElectricStrings","theMarked:EmpowerWeapon"],"picked":"theMarked:WardOff","floor":24},{"not_picked":["theMarked:MysticalArsenal","theMarked:Memento"],"picked":"theMarked:Levitate","floor":28}],"player_experience":137081,"relics_obtained":[{"floor":1,"key":"LetterFromLob"},{"floor":7,"key":"Lantern"},{"floor":9,"key":"Shuriken"},{"floor":26,"key":"Whetstone"}],"event_choices":[{"damage_healed":0,"gold_gain":0,"player_choice":"Ignored","damage_taken":0,"max_hp_gain":0,"max_hp_loss":0,"event_name":"Golden Wing","floor":4,"gold_loss":0},{"damage_healed":0,"gold_gain":100,"player_choice":"Bet on Murderer","damage_taken":0,"max_hp_gain":0,"max_hp_loss":0,"event_name":"The Joust","floor":20,"gold_loss":50},{"cards_removed":["theMarked:Strike"],"damage_healed":0,"gold_gain":0,"player_choice":"Offered Basic","damage_taken":0,"max_hp_gain":0,"max_hp_loss":0,"event_name":"Bonfire Elementals","floor":22,"gold_loss":0}],"is_beta":false,"boss_relics":[{"not_picked":["RedLine:ReiMu","bronze:MakeshiftBattery"],"picked":"Cursed Key"}],"items_purged_floors":[],"is_endless":false,"potions_floor_spawned":[2,5,19,28],"killed_by":"theDuelist:KaibaA2","ascension_level":0}}