{"host":"s24sb66hw4a4sfft","time":1612947630,"event":{"mods":["AchievementEnabler","BaseMod","Colored Map","Colored Powertips","Googly Eyes","Hermit","Hubris","Minty Spire (QoL Compilation)","Quick Restart","Shop Mod","StSLib"],"gold_per_floor":[109,109,127,141,160,160,215,240,240,260,260,260],"floor_reached":11,"language":"ENG","playtime":404,"items_purged":[],"score":128,"play_id":"50e9981d-d7cf-404c-82b2-097da6a0a850","local_time":"20210210040030","is_ascension_mode":true,"campfire_choices":[{"floor":6,"key":"REST"}],"circlet_count":0,"master_deck":["AscendersBane","Strike_G","Strike_G","Strike_G","Strike_G","Defend_G","Defend_G","Defend_G","Defend_G","Defend_G","Survivor","Neutralize","Slice","Dagger Spray","Slice","Die Die Die"],"relics":["Ring of the Snake","NeowsBlessing","Toxic Egg 2","The Specimen"],"acts_visited":["Exordium"],"potions_floor_usage":[10],"damage_taken":[{"damage":0,"enemies":"Small Slimes","floor":1,"turns":1},{"damage":0,"enemies":"Cultist","floor":3,"turns":1},{"damage":0,"enemies":"2 Louse","floor":4,"turns":1},{"damage":23,"enemies":"Exordium Thugs","floor":5,"turns":4},{"damage":28,"enemies":"Gremlin Nob","floor":8,"turns":5},{"damage":8,"enemies":"Large Slime","floor":10,"turns":4},{"damage":20,"enemies":"Lagavulin","floor":11,"turns":3}],"seed_played":"884200560815978314","potions_obtained":[{"floor":3,"key":"GamblersBrew"},{"floor":5,"key":"DistilledChaos"},{"floor":10,"key":"Dexterity Potion"}],"is_trial":false,"path_per_floor":["M","?","M","M","M","R","T","E","T","M","E"],"character_chosen":"THE_SILENT","items_purchased":[],"campfire_rested":1,"item_purchase_floors":[],"current_hp_per_floor":[59,59,59,59,36,55,55,27,27,19,0,0],"gold":260,"neow_bonus":"THREE_ENEMY_KILL","is_daily":false,"chose_seed":false,"campfire_upgraded":0,"win_rate":0.0,"timestamp":1612947630,"path_taken":["M","?","M","?","M","R","?","E","T","M","E"],"items_purchased_type":[],"build_version":"2020-12-22","purchased_purges":0,"victory":false,"max_hp_per_floor":[66,66,66,66,66,66,66,66,66,66,66,66],"card_choices":[{"not_picked":["PiercingWail","Quick Slash"],"picked":"Slice","floor":1},{"not_picked":["Dash","Masterful Stab"],"picked":"Dagger Spray","floor":3},{"not_picked":["Dodge and Roll","Distraction"],"picked":"Slice","floor":4},{"not_picked":["Deflect","Prepared","PiercingWail"],"picked":"SKIP","floor":5},{"not_picked":["Bane","Outmaneuver+1"],"picked":"Die Die Die","floor":8},{"not_picked":["Blur+1","Outmaneuver+1","PiercingWail+1"],"picked":"SKIP","floor":10}],"player_experience":607447,"relics_obtained":[{"floor":8,"key":"Toxic Egg 2"},{"floor":9,"key":"The Specimen"}],"event_choices":[{"cards_removed":["Strike_G"],"damage_healed":0,"gold_gain":0,"player_choice":"Purged","damage_taken":0,"max_hp_gain":0,"max_hp_loss":0,"event_name":"Purifier","floor":2,"gold_loss":0}],"is_beta":false,"boss_relics":[],"items_purged_floors":[],"is_endless":false,"potions_floor_spawned":[3,5,10],"killed_by":"Lagavulin","ascension_level":14}}