{"host":"xp27heuvanyklt0b","time":1612929191,"event":{"mods":["100% Spire Juice","BaseMod","Lobotomy","Minty Spire (QoL Compilation)","StSLib"],"gold_per_floor":[113,113,78,98,52,63,78,100,123,157,218,231,231,250,250,349,349,366,385,57,37,37,37],"floor_reached":22,"language":"KOR","playtime":1005,"items_purged":["BlackSwan"],"score":186,"play_id":"94ab72a8-1ccd-4b1a-b466-65c0275b74f5","local_time":"20210210125311","is_ascension_mode":false,"campfire_choices":[{"data":"Berserk","floor":15,"key":"SMITH"}],"circlet_count":0,"master_deck":["Strike_R","Strike_R","Strike_R","Strike_R","Strike_R","Defend_R","Defend_R","Defend_R","Bash","Scarecrow","Flex+1","Carnage","GreedKing","Headbutt","OldLady","Power Through","BigBadWolf","Metallicize","FairyFestival","Whirlwind","Berserk+1","LongBird","Yin","Double Tap","MeltingLove","Pummel","FieryBird","Iron Wave","Demon Form"],"relics":["Black Blood","CogitoBucket","Odd Mushroom","Boot","ResearcherNote","Yang_Lob"],"acts_visited":["Exordium","TheCity"],"potions_floor_usage":[16,16,20,22],"damage_taken":[{"damage":3,"enemies":"Cultist","floor":1,"turns":6},{"damage":6,"enemies":"2 Louse","floor":4,"turns":2},{"damage":7,"enemies":"Small Slimes","floor":6,"turns":3},{"damage":16,"enemies":"Exordium Wildlife","floor":7,"turns":4},{"damage":29,"enemies":"The Mushroom Lair","floor":8,"turns":5},{"damage":18,"enemies":"Gremlin Nob","floor":10,"turns":4},{"damage":0,"enemies":"3 Louse","floor":12,"turns":1},{"damage":5,"enemies":"Red Slaver","floor":14,"turns":3},{"damage":50,"enemies":"The Guardian","floor":16,"turns":10},{"damage":42,"enemies":"3 Byrds","floor":18,"turns":6},{"damage":21,"enemies":"2 Thieves","floor":19,"turns":4},{"damage":59,"enemies":"Snake Plant","floor":22,"turns":7}],"seed_played":"-2448437122518574621","potions_obtained":[{"floor":1,"key":"Energy Potion"},{"floor":10,"key":"BlessingOfTheForge"},{"floor":12,"key":"BloodPotion"},{"floor":18,"key":"HeartOfIron"},{"floor":21,"key":"PowerPotion"}],"is_trial":false,"path_per_floor":["M","?","$","M","$","M","M","?","T","E","?","M","?","M","R","B",null,"M","M","$","?","M"],"character_chosen":"IRONCLAD","items_purchased":["Carnage","Headbutt","Demon Form","Fruit Juice"],"campfire_rested":0,"item_purchase_floors":[3,5,20,20],"current_hp_per_floor":[80,80,80,80,80,79,69,50,50,38,38,44,44,49,49,25,80,54,49,54,54,18,18],"gold":37,"neow_bonus":"","is_daily":false,"chose_seed":false,"campfire_upgraded":1,"win_rate":0.0,"timestamp":1612929191,"path_taken":["M","?","$","M","?","M","M","?","T","E","?","M","?","M","R","BOSS","M","M","$","?","M"],"items_purchased_type":["Card","Card","Card","Potion"],"build_version":"2020-12-22","purchased_purges":1,"victory":false,"max_hp_per_floor":[80,80,80,80,80,80,80,80,80,80,80,80,80,80,80,80,80,80,80,85,85,85,85],"card_choices":[{"not_picked":["Alriune","MeatLantern"],"picked":"Scarecrow","floor":1},{"not_picked":["Headbutt","Body Slam"],"picked":"Flex","floor":1},{"not_picked":["Porccubus","Murderer"],"picked":"GreedKing","floor":4},{"not_picked":["Clothesline","Iron Wave"],"picked":"Seeing Red","floor":4},{"not_picked":["WallGazer","SpiderBud"],"picked":"OldLady","floor":6},{"not_picked":["Iron Wave","Havoc"],"picked":"Power Through","floor":6},{"not_picked":["OSAHOGD","CherryBlossoms"],"picked":"BigBadWolf","floor":7},{"not_picked":["Shockwave","Havoc"],"picked":"Metallicize","floor":7},{"not_picked":["RedShoes","CrumblingArmor"],"picked":"BlackSwan","floor":8},{"not_picked":["Body Slam","Hemokinesis"],"picked":"Perfected Strike","floor":8},{"not_picked":["CrumblingArmor","SingingMachine"],"picked":"FairyFestival","floor":10},{"not_picked":["Searing Blow","Heavy Blade"],"picked":"Whirlwind","floor":10},{"not_picked":["Searing Blow","Fire Breathing"],"picked":"Berserk","floor":12},{"not_picked":["Murderer","LittlePrince","MHz"],"picked":"Singing Bowl","floor":12},{"not_picked":["CrumblingArmor","HappyTeddy"],"picked":"LongBird","floor":12},{"not_picked":["LaLuna","LittleHelper"],"picked":"Yin","floor":14},{"not_picked":["Clothesline","Pommel Strike","Clash"],"picked":"SKIP","floor":14},{"not_picked":["Juggernaut","Brutality"],"picked":"Double Tap","floor":16},{"not_picked":["UniverseFragment","PunishingBird"],"picked":"MeltingLove","floor":18},{"not_picked":["Perfected Strike","Armaments"],"picked":"Pummel","floor":18},{"not_picked":["BeautyBeast","HeroicMonk"],"picked":"FieryBird","floor":19},{"not_picked":["Headbutt","Body Slam+1"],"picked":"Iron Wave","floor":19}],"player_experience":194338,"relics_obtained":[{"floor":8,"key":"Odd Mushroom"},{"floor":10,"key":"Boot"}],"event_choices":[{"damage_healed":0,"gold_gain":0,"player_choice":"Ignored","damage_taken":0,"max_hp_gain":0,"max_hp_loss":0,"event_name":"Purifier","floor":2,"gold_loss":0},{"damage_healed":0,"gold_gain":0,"player_choice":"Fought Mushrooms","damage_taken":0,"max_hp_gain":0,"max_hp_loss":0,"event_name":"Mushrooms","floor":8,"gold_loss":0},{"damage_healed":0,"gold_gain":61,"player_choice":"Gained Gold","damage_taken":0,"max_hp_gain":0,"max_hp_loss":0,"event_name":"Golden Wing","floor":11,"gold_loss":0},{"damage_healed":0,"gold_gain":0,"player_choice":"Forge","damage_taken":0,"max_hp_gain":0,"max_hp_loss":0,"event_name":"Accursed Blacksmith","floor":13,"gold_loss":0,"cards_upgraded":["Flex"]},{"damage_healed":0,"gold_gain":0,"player_choice":"Bought 1 Potion","damage_taken":0,"max_hp_gain":0,"max_hp_loss":0,"event_name":"The Woman in Blue","floor":21,"gold_loss":0}],"is_beta":false,"boss_relics":[{"not_picked":["Sozu","Fusion Hammer"],"picked":"Black Blood"}],"items_purged_floors":[20],"is_endless":false,"potions_floor_spawned":[1,10,12,18],"killed_by":"Snake Plant","ascension_level":0}}