{"host":"uhhucka17mqeuzwb","time":1612985552,"event":{"mods":["2.2 Compatiblity","AchievementEnabler","Act Like it!","Astrologer","BaseMod","Better Altar","Better Skull","Colored Powertips","Defuse TimeMaze Blight","Downfall","Energized Spire","Faster Ascension Climbing","Friendly Minions","Gensokyo","GifTheSpireLib","Gremlin Mod","Gremlin Skip","Hallownest","Hermit","HololiveMod","KinomotoSakuraMod(????)","Lobotomy","Marisa????????","Minty Spire (QoL Compilation)","Quick Restart","Red Circlet Mod","Replay The Spire","Reworked Bosses","Shade Mod","Shop Mod","StSLib","The Administrix","The Animator","The Blue Laboratory","The Bug Knight","The Cursed","The Forsaken","Waifu the Spire"],"gold_per_floor":[117,233,246,263,13,13,47,47,47,0,0,0,0,34,34,139,139,356,356,18,18,33,33,43,293,342,359,359,399,399,411,420,529,529,550,550,559,630,197,197,226,226,226,226,226,226,262,262,91,312,312,312],"floor_reached":53,"language":"ENG","playtime":25663,"items_purged":["theForsaken:TheForsaken_Strike+1","Writhe"],"score":782,"play_id":"48382222-63ff-4d7c-9aa2-537d86a09807","local_time":"20210210143231","is_ascension_mode":false,"campfire_choices":[{"data":"theForsaken:BountifulSunlight","floor":6,"key":"SMITH"},{"data":"theForsaken:NobleSacrifice","floor":11,"key":"SMITH"},{"data":"theForsaken:StoreUp","floor":13,"key":"SMITH"},{"data":"theForsaken:TheForsaken_Strike","floor":15,"key":"PURGE"},{"data":"theForsaken:WrathOfGod+2","floor":23,"key":"SMITH"},{"data":"theForsaken:WrathOfGod+3","floor":28,"key":"SMITH"},{"data":"theForsaken:WrathOfGod+4","floor":30,"key":"SMITH"},{"data":"theForsaken:Preservation","floor":40,"key":"SMITH"},{"data":"theForsaken:Horror","floor":42,"key":"SMITH"},{"data":"theForsaken:TheForsaken_Strike+1","floor":51,"key":"PURGE"}],"circlet_count":0,"master_deck":["theForsaken:TheForsaken_Defend+1","theForsaken:TheForsaken_Defend+1","theForsaken:TheForsaken_Defend+1","theForsaken:Penitence","theForsaken:NobleSacrifice+1","theForsaken:BountifulSunlight+1","theForsaken:WrathOfGod+5","theForsaken:WrathOfGod+1","theForsaken:AncientWords","theForsaken:HymnOfRest+1","theForsaken:Devotion","theForsaken:StoreUp+1","theForsaken:ShieldCharge","theForsaken:SacredOath+1","theForsaken:RainingSunlight","theForsaken:Devotion","theForsaken:StoreUp","theForsaken:FatRoll+1","theForsaken:NobleSacrifice+1","theForsaken:Horror+1","theForsaken:Preservation+1","Gensokyo:RisingWorld+1","Gensokyo:TurboGranny","theForsaken:SpreadingPlague","theForsaken:BountifulSunlight+1","theForsaken:WordsOfMight","theForsaken:DivineGuidance","theForsaken:FountainOfLife"],"relics":["theForsaken:JudgementScales","Juzu Bracelet","PreservedInsect","Medical Kit","HollowMod:LifeEnderRelic","Oddly Smooth Stone","Runic Pyramid","Tiny Chest","MerchantsRug","theForsaken:Gavel","CeramicFish","Sozu","Bird Faced Urn","Singing Bowl","HollowMod:JonisBlessing","theForsaken:ScaryMask","Replay:Ringing Soul","Nunchaku","Pantograph"],"acts_visited":["Gensokyo:Gensokyo","Gensokyo:Gensokyoer","Gensokyo:Gensokyoest"],"potions_floor_usage":[7,53,53],"damage_taken":[{"damage":3,"enemies":"Gensokyo:3_Fairies","floor":1,"turns":5},{"damage":0,"enemies":"Gensokyo:2_Kodama","floor":3,"turns":5},{"damage":0,"enemies":"Gensokyo:Python","floor":4,"turns":5},{"damage":57,"enemies":"Gensokyo:Cirno","floor":7,"turns":21},{"damage":9,"enemies":"Gensokyo:Mamizou","floor":14,"turns":24},{"damage":64,"enemies":"Gensokyo:Reimu","floor":16,"turns":21},{"damage":57,"enemies":"Gensokyo:3_Dogs","floor":18,"turns":16},{"damage":30,"enemies":"Gensokyo:AngelMirror","floor":22,"turns":11},{"damage":13,"enemies":"Gensokyo:Slime_Group","floor":24,"turns":7},{"damage":56,"enemies":"Gensokyo:Chomper_and_Gloop","floor":27,"turns":15},{"damage":24,"enemies":"Gensokyo:Koishi","floor":29,"turns":8},{"damage":16,"enemies":"Gensokyo:Wraith","floor":31,"turns":7},{"damage":6,"enemies":"Gensokyo:Eternal_Rivals","floor":33,"turns":12},{"damage":22,"enemies":"Gensokyo:3_Bats","floor":35,"turns":8},{"damage":5,"enemies":"Gensokyo:3_Bats","floor":37,"turns":6},{"damage":0,"enemies":"Gensokyo:Marisa","floor":41,"turns":7},{"damage":12,"enemies":"Gensokyo:3_Boulders","floor":47,"turns":7},{"damage":0,"enemies":"Gensokyo:Sharpion","floor":50,"turns":6},{"damage":6,"enemies":"Gensokyo:Yuyuko","floor":52,"turns":14},{"damage":0,"enemies":"Malkuth","floor":53,"turns":18},{"damage":9,"enemies":"Netzach","floor":53,"turns":38},{"damage":0,"enemies":"Geburah","floor":53,"turns":197},{"damage":132,"enemies":"Hokma","floor":53,"turns":15},{"damage":146,"enemies":"Angela","floor":53,"turns":12}],"seed_played":"-6945562643870909373","potions_obtained":[{"floor":4,"key":"SkillPotion"},{"floor":7,"key":"blueLaboratory:PhilterOfMotion"},{"floor":18,"key":"blueLaboratory:PhilterOfMotion"},{"floor":27,"key":"blueLaboratory:HorrorPotion"},{"floor":29,"key":"SpeedPotion"},{"floor":31,"key":"Guardian:BlockOnCardUsePotion"}],"is_trial":false,"path_per_floor":["M","?","M","M","COS","R","E","?","T","?","R","?","R","?","R","B",null,"M","?","$","?","M","R","M","?","T","M","R","E","R","M","R","B",null,"M","T","?","T","COS","R","E","R","PTL","PTL","T","?","M","T","$","M","R","B",null],"character_chosen":"THE_FORSAKEN","items_purchased":["MerchantsRug","Guide Book","theForsaken:WordsOfMight","theForsaken:DivineGuidance"],"campfire_rested":0,"item_purchase_floors":[20,20,49,49],"current_hp_per_floor":[65,11,13,23,23,23,12,12,12,35,35,35,35,64,64,6,65,65,65,65,12,65,65,65,62,62,62,62,62,62,62,62,62,62,62,62,62,62,62,62,64,64,64,64,64,64,55,55,58,61,61,61],"gold":312,"neow_bonus":"REMOVE_CARD","is_daily":false,"chose_seed":false,"campfire_upgraded":8,"win_rate":0.0,"timestamp":1612985551,"path_taken":["M","?","M","M","COS","R","E","?","T","?","R","?","R","?","R","BOSS","M","?","$","?","M","R","M","?","T","M","R","E","R","M","R","BOSS","M","?","?","?","COS","R","E","R","PTL","PTL","T","?","M","?","$","M","R","BOSS"],"items_purchased_type":["Relic","Relic","Card","Card"],"build_version":"2020-12-22","purchased_purges":2,"victory":true,"max_hp_per_floor":[65,65,65,65,65,65,65,65,65,65,65,65,65,65,65,65,65,65,65,65,65,65,65,65,62,62,62,62,62,62,62,62,62,62,62,62,62,62,62,62,64,64,64,64,64,64,67,67,70,73,73,73],"card_choices":[{"not_picked":["theForsaken:FuryStrikes","theForsaken:ScorchingSunlight"],"picked":"theForsaken:NobleSacrifice","floor":1},{"not_picked":["theForsaken:Thunderbolt","theForsaken:SpinAttack"],"picked":"theForsaken:BountifulSunlight","floor":3},{"not_picked":["theForsaken:FuryStrikes","theForsaken:DarkBargain"],"picked":"theForsaken:WrathOfGod","floor":4},{"not_picked":["theForsaken:ScorchingSunlight+1","theForsaken:Parry+1"],"picked":"theForsaken:WrathOfGod+1","floor":7},{"not_picked":["theForsaken:BlightOfFamine","theForsaken:Eulogy"],"picked":"theForsaken:AncientWords","floor":7},{"not_picked":["theForsaken:Backlash","theForsaken:NobleSacrifice"],"picked":"theForsaken:Devotion","floor":12},{"not_picked":["theForsaken:ChargeAttack","theForsaken:Preservation"],"picked":"theForsaken:StoreUp","floor":12},{"not_picked":["theForsaken:HymnOfRest","theForsaken:PanicDive"],"picked":"theForsaken:ShieldCharge","floor":14},{"not_picked":["theForsaken:Prudence","theForsaken:CorruptDeck"],"picked":"theForsaken:SacredOath","floor":16},{"not_picked":["theForsaken:CowardsBrand","theForsaken:CreepingInfection+1"],"picked":"theForsaken:RainingSunlight","floor":18},{"not_picked":["theForsaken:ScorchingSunlight","theForsaken:PreciseStrike"],"picked":"theForsaken:StoreUp","floor":22},{"not_picked":["theForsaken:Parry","theForsaken:ShieldBash"],"picked":"theForsaken:FatRoll+1","floor":24},{"not_picked":["theForsaken:DarkBargain+1","theForsaken:PowerUp+1","theForsaken:FuryStrikes+1"],"picked":"SKIP","floor":27},{"not_picked":["theForsaken:QuickAttack","theForsaken:Backlash"],"picked":"theForsaken:NobleSacrifice+1","floor":29},{"not_picked":["theForsaken:BattleHymn+1","theForsaken:CorruptDeck","theForsaken:RainingSunlight"],"picked":"SKIP","floor":31},{"not_picked":["theForsaken:DesperatePlea","theForsaken:Retribution"],"picked":"theForsaken:Horror","floor":33},{"not_picked":["theForsaken:FuryStrikes+1","theForsaken:ShieldBash"],"picked":"theForsaken:Preservation","floor":35},{"not_picked":["Gensokyo:UnlikelyAid+1","Gensokyo:RainbowDanmaku+1"],"picked":"Gensokyo:RisingWorld+1","floor":37},{"not_picked":["theForsaken:WordsOfPestilence","theForsaken:SiphonStrike+1","theForsaken:ShieldCharge+1"],"picked":"Singing Bowl","floor":41},{"not_picked":["theForsaken:Temperance","theForsaken:CorruptDeck"],"picked":"theForsaken:SpreadingPlague","floor":47},{"not_picked":["theForsaken:CreepingInfection+1","theForsaken:PreciseStrike"],"picked":"theForsaken:BountifulSunlight+1","floor":47},{"not_picked":["theForsaken:LightRoll","theForsaken:FuryStrikes+1"],"picked":"theForsaken:FountainOfLife","floor":50}],"player_experience":1109639,"relics_obtained":[{"floor":7,"key":"Chameleon Ring"},{"floor":9,"key":"HollowMod:LifeEnderRelic"},{"floor":14,"key":"Oddly Smooth Stone"},{"floor":26,"key":"CeramicFish"},{"floor":29,"key":"Regal Pillow"},{"floor":36,"key":"Bird Faced Urn"},{"floor":38,"key":"Singing Bowl"},{"floor":41,"key":"theForsaken:ScaryMask"},{"floor":45,"key":"Replay:Ringing Soul"},{"floor":48,"key":"Pantograph"}],"event_choices":[{"damage_healed":0,"gold_gain":116,"player_choice":"GO UP UP UP RE ","damage_taken":63,"relics_obtained":["PreservedInsect"],"max_hp_gain":0,"max_hp_loss":0,"event_name":"betterSkull:BetterSkull","floor":2,"gold_loss":0,"cards_upgraded":["theForsaken:TheForsaken_Strike","theForsaken:TheForsaken_Defend","theForsaken:TheForsaken_Strike"]},{"damage_healed":0,"gold_gain":0,"player_choice":"UP UP RE UP ","damage_taken":61,"relics_obtained":["theForsaken:Gavel"],"max_hp_gain":0,"max_hp_loss":0,"event_name":"betterSkull:BetterSkull","floor":21,"gold_loss":0,"cards_upgraded":["theForsaken:TheForsaken_Defend","theForsaken:TheForsaken_Defend","theForsaken:WrathOfGod"]}],"is_beta":false,"boss_relics":[{"not_picked":["Replay:Grab Bag","Abe\u0027s Treasure"],"picked":"Runic Pyramid"},{"not_picked":["energizedSpire:StickyHand","bronze:MakeshiftBattery"],"picked":"Sozu"}],"items_purged_floors":[20,49],"is_endless":false,"potions_floor_spawned":[4,7,18,27,29,31,41],"ascension_level":0}}