{"host":"aqym1xxr3lb31d9m","time":1612951718,"event":{"mods":["BaseMod","Block Reminder","Colored Map","Colored Powertips","DeckTracker","Highlight Path","Minty Spire (QoL Compilation)","Quick Restart","Random Character Button","StSLib","SuperFastMode","UnlockEverythingMod"],"gold_per_floor":[112,112,130,45,45,81,81,117,141,215,215,253,253,274,274,360,360,384,408,47,65,85,85,0,34,34,34,34,143,143,157,157,244,244,272,299,299,15,37,37,62,101,101,101,71,109,109,149,149,149,149],"floor_reached":50,"language":"JPN","playtime":2443,"items_purged":[],"score":1345,"play_id":"3c4a9abf-824e-4b05-881b-0b9ad026c91c","local_time":"20210210190838","is_ascension_mode":true,"campfire_choices":[{"data":"Fiend Fire","floor":7,"key":"SMITH"},{"floor":11,"key":"REST"},{"data":"Armaments","floor":15,"key":"SMITH"},{"data":"Flame Barrier","floor":23,"key":"SMITH"},{"data":"Clothesline","floor":27,"key":"SMITH"},{"data":"Shrug It Off","floor":30,"key":"SMITH"},{"data":"Power Through","floor":32,"key":"SMITH"},{"floor":40,"key":"RECALL"},{"data":"PanicButton","floor":44,"key":"SMITH"},{"data":"True Grit","floor":49,"key":"SMITH"}],"circlet_count":0,"master_deck":["AscendersBane","Strike_R","Strike_R","Defend_R","Defend_R","Defend_R","Defend_R","Bash+1","Power Through+1","Anger+1","Fiend Fire+1","Offering","Armaments+1","Burning Pact","Clothesline+1","Shrug It Off+1","Brutality","Second Wind","Thunderclap","Fire Breathing","Rage","Flame Barrier+1","Shockwave","Offering","Disarm","Dramatic Entrance","PanicButton+1","Discovery","Shrug It Off","Bloodletting","True Grit+1","Headbutt","Body Slam+1"],"relics":["Burning Blood","NeowsBlessing","CeramicFish","Pear","Bag of Preparation","Whetstone","Potion Belt","Juzu Bracelet","Coffee Dripper","Toy Ornithopter","OrangePellets","Regal Pillow","Thread and Needle","Dead Branch","Question Card","SacredBark","Paper Frog","Charon\u0027s Ashes","Blue Candle","Darkstone Periapt","The Courier"],"acts_visited":["Exordium","TheCity","TheBeyond"],"potions_floor_usage":[12,16,16,25,33,42,46,48],"damage_taken":[{"damage":0,"enemies":"2 Louse","floor":1,"turns":1},{"damage":0,"enemies":"Cultist","floor":3,"turns":1},{"damage":0,"enemies":"Lagavulin","floor":6,"turns":1},{"damage":71,"enemies":"3 Sentries","floor":8,"turns":13},{"damage":6,"enemies":"Lagavulin Event","floor":10,"turns":1},{"damage":6,"enemies":"Gremlin Nob","floor":12,"turns":3},{"damage":0,"enemies":"Small Slimes","floor":14,"turns":1},{"damage":9,"enemies":"Slime Boss","floor":16,"turns":10},{"damage":6,"enemies":"3 Byrds","floor":18,"turns":6},{"damage":7,"enemies":"Shell Parasite","floor":19,"turns":2},{"damage":6,"enemies":"Snake Plant","floor":22,"turns":1},{"damage":13,"enemies":"Book of Stabbing","floor":25,"turns":4},{"damage":1,"enemies":"Colosseum Slavers","floor":29,"turns":4},{"damage":14,"enemies":"Colosseum Nobs","floor":29,"turns":5},{"damage":6,"enemies":"Chosen and Byrds","floor":31,"turns":4},{"damage":68,"enemies":"Automaton","floor":33,"turns":9},{"damage":0,"enemies":"Orb Walker","floor":35,"turns":3},{"damage":12,"enemies":"3 Darklings","floor":39,"turns":5},{"damage":6,"enemies":"Sphere and 2 Shapes","floor":41,"turns":5},{"damage":32,"enemies":"Nemesis","floor":42,"turns":9},{"damage":9,"enemies":"Reptomancer","floor":46,"turns":2},{"damage":21,"enemies":"Giant Head","floor":48,"turns":5},{"damage":44,"enemies":"Donu and Deca","floor":50,"turns":4}],"seed_played":"743563316542033312","potions_obtained":[{"floor":3,"key":"Energy Potion"},{"floor":6,"key":"Ancient Potion"},{"floor":12,"key":"FearPotion"},{"floor":14,"key":"AttackPotion"},{"floor":18,"key":"Swift Potion"},{"floor":19,"key":"CultistPotion"},{"floor":25,"key":"FearPotion"},{"floor":29,"key":"EssenceOfSteel"},{"floor":42,"key":"Fruit Juice"},{"floor":45,"key":"SpeedPotion"},{"floor":46,"key":"PowerPotion"}],"is_trial":false,"path_per_floor":["M","?","M","$","T","E","R","E","T","?","R","E","?","M","R","B",null,"M","M","$","?","M","R","?","E","T","R","$","?","R","M","R","B",null,"M","?","?","$","M","R","M","E","T","R","?","E","$","E","R","B"],"character_chosen":"IRONCLAD","items_purchased":["Fiend Fire","Toy Ornithopter","OrangePellets","Fire Breathing","Paper Frog"],"campfire_rested":1,"item_purchase_floors":[4,20,20,20,38],"current_hp_per_floor":[74,75,75,75,75,85,85,20,20,20,45,45,38,44,44,41,74,74,73,73,73,73,73,73,71,71,71,71,68,68,68,68,11,67,73,63,63,63,57,57,57,46,46,46,46,48,48,38,38,0,0],"gold":149,"neow_bonus":"THREE_ENEMY_KILL","is_daily":false,"chose_seed":false,"campfire_upgraded":8,"win_rate":0.0,"timestamp":1612951718,"path_taken":["M","?","?","$","?","E","R","E","T","?","R","E","?","M","R","BOSS","M","M","$","?","M","R","?","E","T","R","?","?","R","M","R","BOSS","M","?","?","?","M","R","M","E","T","R","?","E","$","E","R","BOSS"],"items_purchased_type":["Card","Relic","Relic","Card","Relic"],"build_version":"2020-12-22","purchased_purges":0,"victory":false,"max_hp_per_floor":[75,75,75,75,75,85,85,85,85,85,85,85,85,85,85,85,85,85,85,85,85,85,85,85,85,85,85,85,85,85,85,85,85,85,85,85,85,85,85,85,85,95,95,95,95,95,95,95,95,95,95],"card_choices":[{"not_picked":["Headbutt","Clothesline"],"picked":"Power Through","floor":1},{"not_picked":["Entrench","Armaments"],"picked":"Anger","floor":3},{"not_picked":["Armaments","Sever Soul"],"picked":"Offering","floor":6},{"not_picked":["Clash","Clothesline"],"picked":"Armaments","floor":8},{"not_picked":["Infernal Blade","Clash"],"picked":"Burning Pact","floor":10},{"not_picked":["Sever Soul","Clash","Clothesline"],"picked":"SKIP","floor":12},{"not_picked":["Sever Soul","Clash"],"picked":"Clothesline","floor":12},{"not_picked":["Flex","Clash"],"picked":"Shrug It Off","floor":14},{"not_picked":["Feed","Limit Break"],"picked":"Brutality","floor":16},{"not_picked":["Sever Soul","Flex+1"],"picked":"Second Wind","floor":18},{"not_picked":["Perfected Strike","Wild Strike"],"picked":"Thunderclap","floor":19},{"not_picked":["Anger","Warcry"],"picked":"Flame Barrier","floor":22},{"not_picked":["Pummel","Carnage","Perfected Strike"],"picked":"SKIP","floor":25},{"not_picked":["Bloodletting+1","Second Wind"],"picked":"Shockwave","floor":29},{"not_picked":["Double Tap","Heavy Blade+1","Clothesline","Combust"],"picked":"SKIP","floor":31},{"not_picked":["Brutality","Juggernaut","Immolate"],"picked":"Offering","floor":33},{"not_picked":["Whirlwind+1","Anger","Reckless Charge"],"picked":"Disarm","floor":35},{"not_picked":["Chrysalis","Trip","The Bomb"],"picked":"Dramatic Entrance","floor":36},{"not_picked":["Mind Blast","Chrysalis","Impatience"],"picked":"PanicButton","floor":36},{"not_picked":["Thinking Ahead","Good Instincts","Panache"],"picked":"Discovery","floor":36},{"not_picked":["Body Slam","Clash","Heavy Blade"],"picked":"Shrug It Off","floor":39},{"not_picked":["Feed","Clothesline+1","Armaments"],"picked":"Bloodletting","floor":41},{"not_picked":["Heavy Blade","Clothesline+1","Juggernaut"],"picked":"True Grit","floor":42},{"not_picked":["Carnage","Sword Boomerang","Rage"],"picked":"Headbutt","floor":46},{"not_picked":["Twin Strike","Rampage","Thunderclap"],"picked":"Body Slam+1","floor":48}],"player_experience":4197495,"relics_obtained":[{"floor":5,"key":"CeramicFish"},{"floor":6,"key":"Pear"},{"floor":8,"key":"Bag of Preparation"},{"floor":9,"key":"Whetstone"},{"floor":10,"key":"Potion Belt"},{"floor":12,"key":"Juzu Bracelet"},{"floor":25,"key":"Thread and Needle"},{"floor":29,"key":"Dead Branch"},{"floor":29,"key":"Question Card"},{"floor":42,"key":"Charon\u0027s Ashes"},{"floor":43,"key":"Blue Candle"},{"floor":46,"key":"Darkstone Periapt"},{"floor":48,"key":"The Courier"}],"event_choices":[{"damage_healed":1,"gold_gain":0,"player_choice":"Full Heal","damage_taken":0,"max_hp_gain":0,"max_hp_loss":0,"event_name":"Wheel of Change","floor":2,"gold_loss":0},{"damage_healed":0,"gold_gain":0,"player_choice":"Searched \u00271\u0027 times","damage_taken":0,"max_hp_gain":0,"max_hp_loss":0,"event_name":"Dead Adventurer","floor":10,"gold_loss":0},{"cards_removed":["Strike_R"],"damage_healed":0,"gold_gain":0,"player_choice":"Card Removal","damage_taken":7,"max_hp_gain":0,"max_hp_loss":0,"event_name":"Golden Wing","floor":13,"gold_loss":0},{"damage_healed":0,"gold_gain":0,"cards_transformed":["Strike_R","Strike_R"],"player_choice":"Became Test Subject","damage_taken":0,"max_hp_gain":0,"max_hp_loss":0,"event_name":"Drug Dealer","floor":21,"gold_loss":0,"cards_obtained":["Brutality","Rage"]},{"damage_healed":0,"gold_gain":0,"player_choice":"Obtained Relic","damage_taken":0,"relics_obtained":["Regal Pillow"],"max_hp_gain":0,"max_hp_loss":0,"event_name":"Addict","floor":24,"gold_loss":85},{"damage_healed":0,"gold_gain":0,"player_choice":"Fight","damage_taken":0,"max_hp_gain":0,"max_hp_loss":0,"event_name":"Colosseum","floor":29,"gold_loss":0},{"damage_healed":0,"gold_gain":0,"player_choice":"Fought Nobs","damage_taken":0,"max_hp_gain":0,"max_hp_loss":0,"event_name":"Colosseum","floor":29,"gold_loss":0},{"damage_healed":0,"gold_gain":0,"player_choice":"Memory 3","damage_taken":10,"max_hp_gain":0,"max_hp_loss":0,"event_name":"SensoryStone","floor":36,"gold_loss":0},{"cards_removed":["Brutality"],"damage_healed":0,"gold_gain":0,"player_choice":"Removed Power","damage_taken":0,"max_hp_gain":0,"max_hp_loss":0,"event_name":"Falling","floor":37,"gold_loss":0},{"damage_healed":0,"gold_gain":0,"player_choice":"Bought 2 Potions","damage_taken":0,"max_hp_gain":0,"max_hp_loss":0,"event_name":"The Woman in Blue","floor":45,"gold_loss":0}],"is_beta":false,"boss_relics":[{"not_picked":["Pandora\u0027s Box","Runic Cube"],"picked":"Coffee Dripper"},{"not_picked":["Cursed Key","Mark of Pain"],"picked":"SacredBark"}],"items_purged_floors":[],"is_endless":false,"potions_floor_spawned":[3,6,12,14,18,19,25,29,42,46],"killed_by":"Donu and Deca","ascension_level":20}}