{"host":"8ps3pfk2b2drr3ex","time":1612970860,"event":{"mods":["2.2 Compatiblity","AchievementEnabler","Act Like it!","BaseMod","Bestiary","Better Match","BetterRewards","Colored Map","Colored Powertips","Conspire","Downfall","Evolution","GifTheSpireLib","Gold Saver","Hallownest","Hubris","Minty Spire (QoL Compilation)","Permanent Neow","Relic Filter","Replay The Spire","Shop Mod","StSLib","Stuff the Spire","The Cursed","The Senshi"],"gold_per_floor":[1278,1289,1204,1222,1222,1257,1271,939,963,963,979,979,542,116,116,211,211,231,241,256,181,181,207,207,157,157,175,208,208,208,221,221,321,321,336,356,356,372,390,390,390,390,390,402,421,173,191,218,218,218,218,218,4,29,29],"floor_reached":56,"language":"ENG","playtime":43529,"items_purged":["theSenshi:SailorKick","theSenshi:SailorBlock"],"score":1169,"play_id":"4f88a093-640b-4292-8135-ce7ef03a7ed4","local_time":"20210210102740","is_ascension_mode":false,"campfire_choices":[{"data":"theSenshi:MoonCrisisMakeUp","floor":10,"key":"SMITH"},{"data":"theSenshi:CrisisMakeUp","floor":12,"key":"SMITH"},{"floor":15,"key":"REST"},{"data":"theSenshi:UranusStrength","floor":24,"key":"SMITH"},{"data":"theSenshi:SailorMarsAssists","floor":29,"key":"SMITH"},{"data":"theSenshi:MoonTwilightFlash","floor":32,"key":"SMITH"},{"floor":40,"key":"RECALL"},{"data":"theSenshi:MoonHealingEscalation","floor":42,"key":"SMITH"},{"data":"theSenshi:MoonPrincessHalation","floor":49,"key":"SMITH"},{"data":"theSenshi:MoonPrismPowerMakeUp","floor":52,"key":"SMITH"}],"circlet_count":0,"master_deck":["theSenshi:SailorKick","theSenshi:SailorKick","theSenshi:SailorKick","theSenshi:SailorBlock","theSenshi:SailorBlock","theSenshi:SailorBlock","theSenshi:RoseThrow","theSenshi:MoonPrismPowerMakeUp+1","Dramatic Entrance","theSenshi:SailorMarsAssists+1","theSenshi:SailorChibiMoonAssists","theSenshi:CrisisMakeUp+1","theSenshi:MoonCrisisMakeUp+1","theSenshi:MoonTwilightFlash+1","theSenshi:MoonHealingEscalation+1","theSenshi:MoonTwilightFlash","theSenshi:MoonPrincessHalation+1","theSenshi:UranusStrength+1","theSenshi:LunaSensingAllies","AbeCurse","theSenshi:StudyParty","theSenshi:MoonPrincessHalation+1","theSenshi:MoonKick+1","theSenshi:IWillPunishYou+1","theSenshi:MoonHealingEscalation+1","theSenshi:MoonGorgeousMeditation","theSenshi:MoonCosmicPowerMakeUp"],"relics":["theSenshi:TransformationBroochRelic","EVO:Axolotl","Quantum Egg","Blood Vial","theSenshi:HolyGrailRelic","Pen Nib","ClockworkSouvenir","Bag of Marbles","theSenshi:CutieMoonRodRelic","hubris:EmptyBottle","ChewingGum","Toxic Egg 2","Bottled Lightning","StuffTheSpire:Experiment12","Abe\u0027s Treasure","StuffTheSpire:GreaterSneckoEye","Blue Candle","StuffTheSpire:ForceGauntlet","StuffTheSpire:Mouthbags"],"acts_visited":["Exordium","TheCity","TheBeyond","TheEnding"],"potions_floor_usage":[19,20,20,33,36,55,55,55,55,55,55],"damage_taken":[{"damage":8,"enemies":"Jaw Worm","floor":1,"turns":2},{"damage":0,"enemies":"Cultist","floor":2,"turns":3},{"damage":4,"enemies":"2 Louse","floor":4,"turns":2},{"damage":16,"enemies":"Gremlin Nob","floor":6,"turns":4},{"damage":11,"enemies":"conspire:2 RoseBushes","floor":7,"turns":5},{"damage":17,"enemies":"Exordium Thugs","floor":11,"turns":5},{"damage":1,"enemies":"The Guardian","floor":16,"turns":9},{"damage":0,"enemies":"Shell Parasite","floor":18,"turns":4},{"damage":0,"enemies":"conspire:FuzzyDice","floor":19,"turns":2},{"damage":9,"enemies":"Snake Plant","floor":20,"turns":3},{"damage":13,"enemies":"Book of Stabbing","floor":23,"turns":4},{"damage":1,"enemies":"Centurion and Healer","floor":27,"turns":5},{"damage":16,"enemies":"conspire:SneckoGhost","floor":28,"turns":12},{"damage":12,"enemies":"Shelled Parasite and Fungi","floor":31,"turns":3},{"damage":42,"enemies":"Champ","floor":33,"turns":11},{"damage":8,"enemies":"Orb Walker","floor":35,"turns":3},{"damage":2,"enemies":"3 Shapes","floor":36,"turns":4},{"damage":12,"enemies":"3 Darklings","floor":38,"turns":5},{"damage":0,"enemies":"Transient","floor":39,"turns":5},{"damage":8,"enemies":"Sphere and 2 Shapes","floor":44,"turns":3},{"damage":7,"enemies":"Maw","floor":45,"turns":7},{"damage":23,"enemies":"3 Darklings","floor":47,"turns":10},{"damage":0,"enemies":"Giant Head","floor":48,"turns":5},{"damage":62,"enemies":"Awakened One","floor":50,"turns":8},{"damage":24,"enemies":"Shield and Spear","floor":54,"turns":4},{"damage":3,"enemies":"The Heart","floor":55,"turns":9}],"seed_played":"-4317890495094423479","potions_obtained":[{"floor":4,"key":"FearPotion"},{"floor":6,"key":"AttackPotion"},{"floor":11,"key":"Languid Potion"},{"floor":18,"key":"Fire Potion"},{"floor":20,"key":"Cursed Concoction"},{"floor":23,"key":"BlessingOfTheForge"},{"floor":28,"key":"Energy Potion"},{"floor":31,"key":"ColorlessPotion"},{"floor":36,"key":"Ancient Potion"},{"floor":39,"key":"CultistPotion"}],"is_trial":false,"path_per_floor":["M","M","?","M","?","E","M","$","T","R","M","R","$","$","R","B",null,"M","M","M","$","?","E","R","?","T","M","E","R","?","M","R","B",null,"M","M","?","M","M","R","?","R","T","M","M","$","M","E","R","B",null,"R","$","E","B",null],"character_chosen":"THE_SENSHI","items_purchased":["theSenshi:HolyGrailRelic","theSenshi:MoonCrisisMakeUp","ClockworkSouvenir","Bag of Marbles","theSenshi:MoonHealingEscalation","theSenshi:MoonTwilightFlash","theSenshi:CutieMoonRodRelic","hubris:EmptyBottle","theSenshi:MoonPrincessHalation+1","theSenshi:UranusStrength","Blue Candle","theSenshi:MoonHealingEscalation+1","Reflective Coating"],"campfire_rested":1,"item_purchase_floors":[8,8,13,13,13,13,14,14,14,14,46,53,53],"current_hp_per_floor":[67,67,67,63,75,59,50,50,50,50,35,35,35,35,57,68,75,75,75,66,66,66,55,55,55,55,66,57,57,57,52,52,22,75,67,67,67,62,69,69,49,49,49,43,58,58,57,69,69,29,75,75,75,51,75],"gold":29,"neow_bonus":"RANDOM_COLORLESS","is_daily":false,"chose_seed":false,"campfire_upgraded":8,"win_rate":0.0,"timestamp":1612970860,"path_taken":["M","M","?","?","?","E","M","$","T","R","M","R","?","$","R","BOSS","M","M","M","$","?","E","R","?","T","?","E","R","?","M","R","BOSS","M","?","?","M","M","R","?","R","T","M","M","$","M","E","R","BOSS","R","$","E","BOSS"],"items_purchased_type":["Relic","Card","Relic","Relic","Card","Card","Relic","Relic","Card","Card","Relic","Card","Potion"],"build_version":"2020-12-22","purchased_purges":2,"victory":true,"max_hp_per_floor":[75,75,75,75,75,75,75,75,75,75,75,75,75,75,75,75,75,75,75,75,75,75,75,75,75,75,75,75,75,75,75,75,75,75,75,75,75,75,75,75,75,75,75,75,75,75,75,75,75,75,75,75,75,75,75],"card_choices":[{"not_picked":["Discovery","Dark Shackles"],"picked":"Dramatic Entrance","floor":0},{"not_picked":["theSenshi:SailorMercuryAssists","theSenshi:SailorChibiMoonAssists"],"picked":"theSenshi:SailorMarsAssists","floor":1},{"not_picked":["theSenshi:SchoolBag","theSenshi:PlutosSolemnity"],"picked":"theSenshi:SailorUranusAssists","floor":2},{"not_picked":["theSenshi:OdangoHead","theSenshi:TallSilhouette","theSenshi:LunasBite"],"picked":"SKIP","floor":4},{"not_picked":["theSenshi:SailorMercuryAssists","theSenshi:Overload"],"picked":"theSenshi:SailorChibiMoonAssists","floor":6},{"not_picked":["theSenshi:MoonPower","theSenshi:LunaWiseMentor"],"picked":"theSenshi:CrisisMakeUp","floor":7},{"not_picked":["theSenshi:YouCanTalk","theSenshi:LunasBite"],"picked":"theSenshi:MoonTwilightFlash","floor":11},{"not_picked":["theSenshi:SailorPlutoAssists","theSenshi:SailorCosmosAssists"],"picked":"theSenshi:LunaSensingAllies","floor":16},{"not_picked":["theSenshi:MoonlightKnight","theSenshi:SupersonicWaves","theSenshi:SailorPlanetPower"],"picked":"SKIP","floor":18},{"not_picked":["theSenshi:SailorMercuryAssists","theSenshi:SailorVenusAssists","theSenshi:TallSilhouette"],"picked":"SKIP","floor":19},{"not_picked":["theSenshi:EncouragingSpeech","theSenshi:GatheringStrength","theSenshi:SailorPlanetAttack"],"picked":"SKIP","floor":20},{"not_picked":["theSenshi:PlutosSolemnity+1","theSenshi:MoonsReflection+1","theSenshi:YouCanTalk+1"],"picked":"SKIP","floor":23},{"not_picked":["theSenshi:TuxedoSmokingBomber","theSenshi:LunasBite+1","theSenshi:InTheNickOfTime+1"],"picked":"SKIP","floor":27},{"not_picked":["theSenshi:SailorChibiMoonAssists","theSenshi:GlimpseOfThePast","theSenshi:SailorVenusAssists"],"picked":"SKIP","floor":28},{"not_picked":["theSenshi:SailorChibiMoonAssists","theSenshi:MoonTiaraMagic","theSenshi:TuxedoSmokingBomber+1"],"picked":"SKIP","floor":31},{"not_picked":["theSenshi:SilverMoonCrystalPowerKiss","theSenshi:JupitersPower"],"picked":"theSenshi:MoonGorgeousMeditation","floor":33},{"not_picked":["theSenshi:MoonPunch+1","theSenshi:MoonKick+1","theSenshi:LunasBite"],"picked":"SKIP","floor":35},{"not_picked":["theSenshi:LateForSchool+1","theSenshi:SailorMercuryAssists+1","theSenshi:SailorPlanetPower"],"picked":"SKIP","floor":36},{"not_picked":["theSenshi:SailorVenusAssists+1","theSenshi:SailorMarsAssists"],"picked":"theSenshi:StudyParty","floor":38},{"not_picked":["theSenshi:SailorNeptuneAssists+1","theSenshi:MoonTiaraMagic+1"],"picked":"theSenshi:MoonPrincessHalation","floor":39},{"not_picked":["theSenshi:RainbowMoonHeartAche+1","theSenshi:MoonPunch"],"picked":"theSenshi:MoonKick+1","floor":44},{"not_picked":["theSenshi:MoonPrincessHalation+1","theSenshi:SailorMarsAssists"],"picked":"theSenshi:IWillPunishYou+1","floor":45},{"not_picked":["theSenshi:MoonPower+1","theSenshi:Overload+1","theSenshi:MoonTiaraMagic"],"picked":"SKIP","floor":47},{"not_picked":["theSenshi:TuxedoSmokingBomber+1","theSenshi:SailorV+1","theSenshi:MercurysCunning+1"],"picked":"SKIP","floor":48},{"not_picked":["theSenshi:KlutzyLuck","theSenshi:SchoolBag+1"],"picked":"theSenshi:MoonCosmicPowerMakeUp","floor":54}],"player_experience":985336,"relics_obtained":[{"floor":6,"key":"Blood Vial"},{"floor":9,"key":"Pen Nib"},{"floor":23,"key":"Toxic Egg 2"},{"floor":26,"key":"Bottled Lightning"},{"floor":28,"key":"StuffTheSpire:Experiment12"},{"floor":41,"key":"StuffTheSpire:GreaterSneckoEye"},{"floor":48,"key":"StuffTheSpire:ForceGauntlet"},{"floor":54,"key":"StuffTheSpire:Mouthbags"}],"event_choices":[{"damage_healed":0,"gold_gain":0,"player_choice":"Paid Gold","damage_taken":0,"relics_obtained":["Quantum Egg"],"max_hp_gain":0,"max_hp_loss":0,"event_name":"WeMeetAgain","floor":3,"gold_loss":85},{"cards_removed":["theSenshi:SailorUranusAssists"],"damage_healed":12,"gold_gain":0,"player_choice":"Offered Uncommon","damage_taken":0,"max_hp_gain":0,"max_hp_loss":0,"event_name":"Bonfire Elementals","floor":5,"gold_loss":0},{"damage_healed":0,"gold_gain":0,"player_choice":"Ignored","damage_taken":0,"max_hp_gain":0,"max_hp_loss":0,"event_name":"Vampires","floor":22,"gold_loss":0},{"damage_healed":0,"gold_gain":0,"player_choice":"Bet on Owner","damage_taken":0,"max_hp_gain":0,"max_hp_loss":0,"event_name":"The Joust","floor":25,"gold_loss":50},{"damage_healed":0,"gold_gain":0,"player_choice":"Ignored","damage_taken":0,"max_hp_gain":0,"max_hp_loss":0,"event_name":"NoteForYourself","floor":30,"gold_loss":0}],"is_beta":false,"boss_relics":[{"not_picked":["bronze:MakeshiftBattery","StuffTheSpire:ModemDavis"],"picked":"ChewingGum"},{"not_picked":["hubris:GrandSneckoEye","Replay:Ancient Bell"],"picked":"Abe\u0027s Treasure"}],"items_purged_floors":[21,53],"is_endless":false,"potions_floor_spawned":[4,6,11,18,20,23,28,31,35,36,39,44,54],"ascension_level":0}}