{"host":"c97twqu0op5dg8i4","time":1612981668,"event":{"mods":["AchievementEnabler","BaseMod","Colored Map","Minty Spire (QoL Compilation)","Permanent Neow"],"gold_per_floor":[119,131,141,70,70,70,114,114,114,139,139,154,154,154,154,274,274,297,312,69,69,82,118,118,132,132,51,106,127,27,70,70,193,193,218,234,234,60,83,83,98,161,161,202,202,238,238,262,262,262],"floor_reached":51,"language":"ENG","playtime":1941,"items_purged":["Phantasmal Killer","Decay","Blade Dance"],"score":1166,"play_id":"9c86972e-4910-4892-b961-0cb51f8f4ccb","local_time":"20210210132748","is_ascension_mode":true,"campfire_choices":[{"data":"Noxious Fumes","floor":6.0,"key":"SMITH"},{"data":"Catalyst","floor":8.0,"key":"SMITH"},{"floor":11.0,"key":"REST"},{"data":"Blur","floor":13.0,"key":"SMITH"},{"floor":15.0,"key":"REST"},{"data":"Crippling Poison","floor":24.0,"key":"SMITH"},{"data":"Catalyst","floor":32.0,"key":"SMITH"},{"data":"Bullet Time","floor":40.0,"key":"SMITH"},{"floor":49,"key":"REST"}],"circlet_count":0,"master_deck":["AscendersBane","Survivor","Neutralize+1","Backflip+1","Blur+1","Noxious Fumes+1","Catalyst+1","Malaise+1","Catalyst+1","Glass Knife","Bullet Time+1","Venomology","Night Terror+1","Dash","Crippling Poison+1","After Image","Backflip+1","Footwork","Deadly Poison+1","Leg Sweep","Dodge and Roll+1","Footwork","Catalyst","Corpse Explosion","PiercingWail+1","Deflect","Crippling Poison+1","Deadly Poison+1","Deadly Poison","Calculated Gamble+1"],"relics":["Ring of the Snake","Golden Idol","Meat on the Bone","MealTicket","Pandora\u0027s Box","Matryoshka","Bottled Lightning","Bottled Tornado","Sundial","War Paint","Unceasing Top","Velvet Choker","Ginger","Gremlin Horn","Molten Egg 2","Blood Vial"],"acts_visited":["Exordium","TheCity","TheBeyond"],"potions_floor_usage":[],"damage_taken":[{"damage":4.0,"enemies":"Small Slimes","floor":1.0,"turns":4.0},{"damage":0.0,"enemies":"Jaw Worm","floor":2.0,"turns":5.0},{"damage":0.0,"enemies":"Cultist","floor":3.0,"turns":5.0},{"damage":35.0,"enemies":"Lagavulin","floor":7.0,"turns":8.0},{"damage":16.0,"enemies":"Exordium Wildlife","floor":10.0,"turns":5.0},{"damage":0.0,"enemies":"Red Slaver","floor":12.0,"turns":5.0},{"damage":19.0,"enemies":"The Guardian","floor":16.0,"turns":11.0},{"damage":4.0,"enemies":"Shell Parasite","floor":18.0,"turns":6.0},{"damage":22.0,"enemies":"2 Thieves","floor":19.0,"turns":4.0},{"damage":2.0,"enemies":"Centurion and Healer","floor":22.0,"turns":7.0},{"damage":17.0,"enemies":"Book of Stabbing","floor":23.0,"turns":6.0},{"damage":37.0,"enemies":"Cultist and Chosen","floor":25.0,"turns":8.0},{"damage":15.0,"enemies":"Shelled Parasite and Fungi","floor":29.0,"turns":3.0},{"damage":23.0,"enemies":"Slavers","floor":31.0,"turns":4.0},{"damage":52.0,"enemies":"Collector","floor":33.0,"turns":7.0},{"damage":34.0,"enemies":"3 Darklings","floor":35.0,"turns":4.0},{"damage":2.0,"enemies":"Orb Walker","floor":36.0,"turns":2.0},{"damage":14.0,"enemies":"Writhing Mass","floor":39.0,"turns":3.0},{"damage":0.0,"enemies":"Jaw Worm Horde","floor":41.0,"turns":3.0},{"damage":14.0,"enemies":"2 Orb Walkers","floor":42.0,"turns":6.0},{"damage":35.0,"enemies":"Nemesis","floor":44.0,"turns":5.0},{"damage":3.0,"enemies":"Giant Head","floor":46.0,"turns":4.0},{"damage":5,"enemies":"3 Darklings","floor":48,"turns":2},{"damage":48,"enemies":"Donu and Deca","floor":50,"turns":6}],"seed_played":"-8779389824146708953","potions_obtained":[{"floor":1.0,"key":"Regen Potion"},{"floor":7.0,"key":"Ancient Potion"},{"floor":18.0,"key":"Regen Potion"},{"floor":33.0,"key":"Dexterity Potion"},{"floor":42.0,"key":"Energy Potion"},{"floor":48,"key":"FairyPotion"}],"is_trial":false,"path_per_floor":["M","M","M","$","?","R","E","R","T","M","R","M","R","?","R","B",null,"M","M","$","?","M","E","R","M","T","$","T","M","$","E","R","B",null,"M","M","?","$","M","R","M","?","T","E","?","E","?","M","R","B",null],"character_chosen":"THE_SILENT","items_purchased":["Noxious Fumes","Footwork","GhostInAJar","Footwork","Deflect"],"campfire_rested":3,"item_purchase_floors":[4,20,20,27,38],"current_hp_per_floor":[59,59,59,59,59,59,24,24,24,20,39,39,39,26,45,38,58,65,55,65,65,63,46,46,21,21,36,36,33,48,37,37,34,57,35,33,33,48,34,34,34,32,32,29,29,38,38,35,54,20],"gold":262,"neow_bonus":"UPGRADE_CARD","is_daily":false,"chose_seed":false,"campfire_upgraded":6,"win_rate":0.0,"timestamp":1612981668,"path_taken":["M","M","M","$","?","R","E","R","T","M","R","M","R","?","R","BOSS","M","M","$","?","M","E","R","M","T","$","?","M","$","E","R","BOSS","M","M","?","$","M","R","?","?","T","E","?","E","?","M","R","BOSS"],"items_purchased_type":["Card","Card","Potion","Card","Card"],"build_version":"2020-12-22","purchased_purges":3,"victory":true,"max_hp_per_floor":[70,70,70,70,65,65,65,65,65,65,65,65,65,65,65,65,65,65,65,65,65,65,65,65,65,65,65,65,65,65,65,65,65,65,65,65,65,65,65,65,65,65,65,65,65,65,65,65,65,65],"card_choices":[{"not_picked":["Catalyst","Slice"],"picked":"Backflip","floor":1.0},{"not_picked":["Dodge and Roll","Calculated Gamble"],"picked":"Blur","floor":2.0},{"not_picked":["All Out Attack","Concentrate","Bouncing Flask"],"picked":"SKIP","floor":3.0},{"not_picked":["Cloak And Dagger","Accuracy"],"picked":"Catalyst","floor":7.0},{"not_picked":["All Out Attack","Slice","Cloak And Dagger"],"picked":"SKIP","floor":10.0},{"not_picked":["Dagger Throw","Slice","Dagger Spray"],"picked":"SKIP","floor":12.0},{"not_picked":["Night Terror","Bullet Time"],"picked":"Malaise","floor":16.0},{"not_picked":["Slice","Prepared"],"picked":"Backflip+1","floor":18.0},{"not_picked":["Setup","Cloak And Dagger+1","Slice+1"],"picked":"SKIP","floor":19.0},{"not_picked":["Distraction","Flying Knee"],"picked":"Deadly Poison+1","floor":22.0},{"not_picked":["Reflex","Bane"],"picked":"Leg Sweep","floor":23.0},{"not_picked":["Reflex","Prepared"],"picked":"Dodge and Roll+1","floor":25.0},{"not_picked":["Expertise","Flying Knee+1"],"picked":"Catalyst","floor":29.0},{"not_picked":["Choke+1","Flechettes","Die Die Die"],"picked":"SKIP","floor":31.0},{"not_picked":["Night Terror","Envenom"],"picked":"Corpse Explosion","floor":33.0},{"not_picked":["Caltrops","Sucker Punch+1"],"picked":"PiercingWail+1","floor":35.0},{"not_picked":["Acrobatics","Eviscerate","Slice+1"],"picked":"SKIP","floor":36.0},{"not_picked":["Finisher","Backflip","Slice"],"picked":"SKIP","floor":39.0},{"not_picked":["Poisoned Stab+1","PiercingWail","Predator+1"],"picked":"SKIP","floor":41.0},{"not_picked":["Backstab+1","Distraction"],"picked":"Crippling Poison+1","floor":42.0},{"not_picked":["Slice+1","Dagger Spray+1"],"picked":"Deadly Poison+1","floor":44.0},{"not_picked":["Impatience","Magnetism"],"picked":"Finesse","floor":45.0},{"not_picked":["Outmaneuver","Acrobatics+1"],"picked":"Deadly Poison","floor":46.0},{"not_picked":["Dodge and Roll","Outmaneuver+1"],"picked":"Calculated Gamble+1","floor":48}],"player_experience":361454,"relics_obtained":[{"floor":7.0,"key":"Meat on the Bone"},{"floor":9.0,"key":"MealTicket"},{"floor":23.0,"key":"Matryoshka"},{"floor":26.0,"key":"Bottled Lightning"},{"floor":26.0,"key":"Bottled Tornado"},{"floor":28.0,"key":"Sundial"},{"floor":28.0,"key":"War Paint"},{"floor":31.0,"key":"Unceasing Top"},{"floor":42.0,"key":"Ginger"},{"floor":43.0,"key":"Gremlin Horn"},{"floor":44.0,"key":"Molten Egg 2"},{"floor":46.0,"key":"Blood Vial"}],"event_choices":[{"damage_healed":0.0,"max_hp_gain":0.0,"max_hp_loss":5.0,"gold_gain":0.0,"event_name":"Golden Idol","player_choice":"Lose Max HP","floor":5.0,"gold_loss":0.0,"damage_taken":0.0,"relics_obtained":["Golden Idol"]},{"damage_healed":0.0,"max_hp_gain":0.0,"max_hp_loss":0.0,"gold_gain":0.0,"event_name":"Shining Light","player_choice":"Entered Light","floor":14.0,"gold_loss":0.0,"damage_taken":13.0,"cards_upgraded":["Defend_G","Backflip"]},{"damage_healed":0.0,"max_hp_gain":0.0,"max_hp_loss":0.0,"gold_gain":0.0,"event_name":"Wheel of Change","player_choice":"Cursed","floor":21.0,"gold_loss":0.0,"damage_taken":0.0,"cards_obtained":["Decay"]},{"damage_healed":0.0,"max_hp_gain":0.0,"max_hp_loss":0.0,"gold_gain":0.0,"event_name":"Match and Keep!","player_choice":"0 cards matched","floor":37.0,"gold_loss":0.0,"damage_taken":0.0,"cards_obtained":[]},{"damage_healed":0.0,"max_hp_gain":0.0,"max_hp_loss":0.0,"gold_gain":0.0,"event_name":"Mysterious Sphere","player_choice":"Fight","floor":42.0,"gold_loss":0.0,"damage_taken":0.0},{"damage_healed":0.0,"max_hp_gain":0.0,"max_hp_loss":0.0,"gold_gain":0.0,"event_name":"SensoryStone","player_choice":"Memory 1","floor":45.0,"gold_loss":0.0,"damage_taken":0.0},{"cards_removed":["Finesse"],"damage_healed":0.0,"max_hp_gain":0.0,"max_hp_loss":0.0,"gold_gain":0.0,"event_name":"Falling","player_choice":"Removed Skill","floor":47.0,"gold_loss":0.0,"damage_taken":0.0}],"is_beta":false,"boss_relics":[{"not_picked":["Fusion Hammer","Calling Bell"],"picked":"Pandora\u0027s Box"},{"not_picked":["Sozu","Coffee Dripper"],"picked":"Velvet Choker"}],"items_purged_floors":[20,30,38],"is_endless":false,"potions_floor_spawned":[1,7,10,12,18,19,33,36,39,42,48],"ascension_level":11}}