{"host":"mr1ctipv0dcr6y8g","time":1612997318,"event":{"mods":["BaseMod","Beaked The Cultist","DeckTracker","Downfall","Energized Spire","Minty Spire (QoL Compilation)","READ ME - Guardian Mod","Shop Mod","StSLib","The Construct"],"gold_per_floor":[111,186,186,30,50,50,78,78,152,152,152,186,186,204,204,301,301,316,316,316,327,227,259,284,284,284,299,299,299,147,158,158,257,257,270,49,49,49,49,49,49,79,102,102,102,122,122,174,174,174,174,174],"floor_reached":50,"language":"ENG","playtime":3424,"items_purged":["downfall:Bewildered","sneckomod:TailWhip"],"score":608,"play_id":"772b7507-d2ea-4199-8413-659ed2edfb47","local_time":"20210210154838","daily_mods":["Heirloom","Time Dilation","Flight"],"is_ascension_mode":false,"campfire_choices":[{"data":"sneckomod:DiceBoulder","floor":6.0,"key":"SMITH"},{"data":"sneckomod:DiceBoulder+1","floor":10.0,"key":"SMITH"},{"floor":15,"key":"REST"},{"data":"sneckomod:DiceBoulder+2","floor":25,"key":"SMITH"},{"data":"sneckomod:UnknownX","floor":29,"key":"SMITH"},{"data":"sneckomod:DiceBoulder+3","floor":40,"key":"SMITH"},{"data":"sneckomod:DiceBoulder+4","floor":41,"key":"SMITH"},{"data":"sneckomod:DiceBoulder+5","floor":44,"key":"SMITH"},{"data":"sneckomod:DiceBoulder+6","floor":45,"key":"SMITH"},{"data":"sneckomod:DiceBoulder+7","floor":47,"key":"SMITH"},{"floor":49,"key":"RECALL"}],"circlet_count":0,"master_deck":["sneckomod:Defend","sneckomod:Defend","sneckomod:Defend+1","sneckomod:SnekBite","sneckomod:Unknown","sneckomod:Unknown+1","sneckomod:WideSting+1","sneckomod:UnknownUncommonPower","sneckomod:DiceBoulder+8","sneckomod:UnknownRareAttack+1","sneckomod:SnakeSap","sneckomod:SerpentMind","Slimebound:Tackle+1","Slimebound:Tackle+1","Slimebound:Tackle+1","sneckomod:UnknownExhaust","sneckomod:UnknownX+1","sneckomod:UnknownBlock","sneckomod:Unknown3Cost","sneckomod:SerpentIdol+1","sneckomod:UnknownClassGREEN+1","Noxious Fumes+1","sneckomod:MorePower","sneckomod:UnknownRareAttack+1","sneckomod:MorePower","sneckomod:UnknownUncommonPower","sneckomod:DiceBlock+1","sneckomod:Unknown0Cost+1"],"relics":["sneckomod:SneckoSoul","champ:DeflectingBracers","Turnip","Bronze Scales","StoneCalendar","Matryoshka","hexamod:BolsterEngine","sneckomod:BlankCard","expansioncontent:StudyCardRelic","Question Card","Bottled Flame","White Beast Statue","Singing Bowl","Orrery","SlaversCollar","champ:Barbells","Blue Candle","Smiling Mask","Akabeko","Blood Vial","Vajra","CaptainsWheel"],"acts_visited":["Exordium","TheCity","TheBeyond"],"potions_floor_usage":[16,33,35,50],"damage_taken":[{"damage":6.0,"enemies":"Cultist","floor":1.0,"turns":3.0},{"damage":0.0,"enemies":"2 Louse","floor":5.0,"turns":2.0},{"damage":33.0,"enemies":"3 Sentries","floor":7.0,"turns":6.0},{"damage":13.0,"enemies":"Gremlin Nob","floor":12.0,"turns":3.0},{"damage":0.0,"enemies":"Jaw Worm","floor":14.0,"turns":2.0},{"damage":28,"enemies":"Slime Boss","floor":16,"turns":7},{"damage":5,"enemies":"Spheric Guardian","floor":18,"turns":3},{"damage":14,"enemies":"2 Thieves","floor":21,"turns":3},{"damage":20,"enemies":"Slavers","floor":23,"turns":4},{"damage":10,"enemies":"Gremlin Leader","floor":24,"turns":5},{"damage":17,"enemies":"Shelled Parasite and Fungi","floor":27,"turns":4},{"damage":4,"enemies":"3 Cultists","floor":31,"turns":2},{"damage":35,"enemies":"Collector","floor":33,"turns":5},{"damage":10,"enemies":"Orb Walker","floor":35,"turns":3},{"damage":50,"enemies":"Giant Head","floor":42,"turns":8},{"damage":15,"enemies":"3 Shapes","floor":46,"turns":7},{"damage":13,"enemies":"2 Orb Walkers","floor":48,"turns":4},{"damage":62,"enemies":"Time Eater","floor":50,"turns":5}],"seed_played":"3801223422578979532","potions_obtained":[{"floor":1.0,"key":"Fruit Juice"},{"floor":7.0,"key":"sneckomod:MuddlingPotion"},{"floor":14.0,"key":"Explosive Potion"},{"floor":18,"key":"champ:CounterPotion"},{"floor":20,"key":"SneckoOil"},{"floor":27,"key":"Strength Potion"},{"floor":33,"key":"champ:CounterPotion"},{"floor":35,"key":"Energy Potion"},{"floor":42,"key":"LiquidBronze"}],"is_trial":true,"path_per_floor":["M","?","?","$","M","R","E","T","T","R","?","E","?","M","R","B",null,"M","?","?","M","$","E","E","R","T","M","?","R","$","M","R","B",null,"M","$","?","T","?","R","R","E","T","R","R","M","R","?","R","B"],"character_chosen":"THE_SNECKO","items_purchased":["sneckomod:UnknownUncommonPower","Orrery","champ:Barbells","sneckomod:UnknownUncommonPower"],"campfire_rested":1,"item_purchase_floors":[4,30,36,36],"current_hp_per_floor":[84,73,73,78,78,78,45,45,45,45,50,37,30,30,60,32,100,95,95,95,81,81,78,68,68,68,51,51,51,55,53,53,18,106,96,96,91,91,91,91,91,47,47,47,47,54,54,47,47,0,0,0],"gold":174,"neow_bonus":"","is_daily":false,"chose_seed":false,"campfire_upgraded":9,"win_rate":0.0,"timestamp":1612997318,"path_taken":["M","?","?","$","M","R","E","?","T","R","?","E","?","?","R","BOSS","M","?","?","?","$","E","E","R","T","M","?","R","?","M","R","BOSS","M","$","?","?","?","R","R","E","T","R","R","?","R","?","R","BOSS"],"items_purchased_type":["Card","Relic","Relic","Card"],"build_version":"2020-12-22","purchased_purges":2,"victory":false,"max_hp_per_floor":[90,90,90,95,95,95,95,95,95,95,100,100,100,100,100,100,100,100,100,100,100,100,100,100,100,100,100,100,100,104,106,106,106,106,106,106,106,106,106,106,106,112,112,112,112,118,118,122,122,122,122,122],"card_choices":[{"not_picked":["sneckomod:SerpentIdol","sneckomod:DiceBlock"],"picked":"sneckomod:WideSting","floor":1.0},{"not_picked":["sneckomod:Unknown1Cost","sneckomod:UnknownBlock"],"picked":"sneckomod:DiceBoulder","floor":5.0},{"not_picked":["sneckomod:Unknown0Cost","sneckomod:SnekBeam"],"picked":"sneckomod:UnknownRareAttack","floor":7.0},{"not_picked":["sneckomod:UnknownCommonAttack","sneckomod:ImprovisedAttack"],"picked":"sneckomod:SnakeSap","floor":12.0},{"not_picked":["sneckomod:UnknownCommonAttack","sneckomod:UnknownClassRED","sneckomod:Nope"],"picked":"SKIP","floor":14.0},{"not_picked":["sneckomod:Mudshield","sneckomod:UnknownRareSkill"],"picked":"sneckomod:SerpentMind","floor":16},{"not_picked":["sneckomod:UnknownCommonSkill","sneckomod:UnknownClassRED+1"],"picked":"sneckomod:Unknown1Cost+1","floor":18},{"not_picked":["sneckomod:SoulRoll+1","sneckomod:UnknownCommonAttack+1"],"picked":"sneckomod:UnknownExhaust","floor":21},{"not_picked":["sneckomod:UnknownClassRED+1","sneckomod:CheapStock"],"picked":"sneckomod:UnknownX","floor":23},{"not_picked":["sneckomod:WideSting","sneckomod:UnknownClassTHE_BRONZE_AUTOMATON","sneckomod:UnknownBlock","sneckomod:DiceBlock"],"picked":"SKIP","floor":24},{"not_picked":["sneckomod:SerpentIdol","sneckomod:DiceCrush","sneckomod:WideSting+1"],"picked":"sneckomod:UnknownBlock","floor":27},{"not_picked":["sneckomod:UnknownClassRED","sneckomod:QuickMove","sneckomod:UnknownUncommonPower"],"picked":"sneckomod:Unknown3Cost","floor":30},{"not_picked":["sneckomod:QuickBite","sneckomod:CheapStock","sneckomod:Nope"],"picked":"sneckomod:SerpentIdol+1","floor":30},{"not_picked":["sneckomod:UnknownStrike","sneckomod:DiceCrush","sneckomod:SoulRoll"],"picked":"sneckomod:UnknownClassGREEN+1","floor":30},{"not_picked":["sneckomod:RainOfDice","sneckomod:Nope","sneckomod:MasterEye","sneckomod:QuickBite"],"picked":"Singing Bowl","floor":30},{"not_picked":["sneckomod:SerpentIdol","sneckomod:DiceBoulder","sneckomod:UnknownUncommonAttack","sneckomod:DefensiveFlair"],"picked":"Singing Bowl","floor":30},{"not_picked":["sneckomod:SoulDraw","sneckomod:TrashToTreasure","sneckomod:UnknownClassRED","sneckomod:UnknownClassGREEN"],"picked":"Singing Bowl","floor":31},{"not_picked":["sneckomod:Unknown3Cost","sneckomod:Restock","sneckomod:Mudshield"],"picked":"sneckomod:MorePower","floor":33},{"not_picked":["sneckomod:Unknown1Cost+1","sneckomod:UnknownBlock+1"],"picked":"sneckomod:UnknownRareAttack+1","floor":35},{"not_picked":["sneckomod:UnknownStrike+1","sneckomod:UnknownUncommonPower+1","sneckomod:RainOfDice+1"],"picked":"sneckomod:MorePower","floor":35},{"not_picked":["sneckomod:SoulCleanse+1","sneckomod:UnknownClassTHE_BRONZE_AUTOMATON","sneckomod:UnknownRareSkill","sneckomod:QuickBite+1"],"picked":"Singing Bowl","floor":42},{"not_picked":["sneckomod:UnknownX+1","sneckomod:Unknown0Cost+1","sneckomod:UnknownClassTHE_BRONZE_AUTOMATON+1"],"picked":"Singing Bowl","floor":42},{"not_picked":["sneckomod:UnknownExhaust+1","sneckomod:UnknownRareSkill+1","sneckomod:UnknownClassRED+1"],"picked":"Singing Bowl","floor":42},{"not_picked":["sneckomod:QuickBite","sneckomod:SlitherStrike+1","sneckomod:UnknownRareSkill"],"picked":"sneckomod:DiceBlock+1","floor":46},{"not_picked":["sneckomod:UnknownStrike+1","sneckomod:UnknownUncommonAttack+1","sneckomod:UnknownClassTHE_BRONZE_AUTOMATON+1"],"picked":"Singing Bowl","floor":46},{"not_picked":["sneckomod:UnknownBoss+1","sneckomod:UnknownRareAttack+1","sneckomod:UnknownX+1"],"picked":"Singing Bowl","floor":46},{"not_picked":["sneckomod:UnknownRareAttack+1","sneckomod:UnknownRareSkill+1","sneckomod:UnknownUncommonAttack+1"],"picked":"Singing Bowl","floor":46},{"not_picked":["sneckomod:MasterEye","sneckomod:UnknownDraw+1","sneckomod:UnknownClassRED+1","sneckomod:DangerNoodle"],"picked":"Singing Bowl","floor":48},{"not_picked":["sneckomod:UnknownExhaust+1","sneckomod:Unknown3Cost+1","sneckomod:UnknownClassGREEN+1"],"picked":"Singing Bowl","floor":48},{"not_picked":["sneckomod:UnknownBoss+1","sneckomod:UnknownDraw+1"],"picked":"sneckomod:Unknown0Cost+1","floor":48}],"player_experience":1684685,"relics_obtained":[{"floor":7.0,"key":"Bronze Scales"},{"floor":8.0,"key":"StoneCalendar"},{"floor":9.0,"key":"Matryoshka"},{"floor":12.0,"key":"hexamod:BolsterEngine"},{"floor":23,"key":"Question Card"},{"floor":24,"key":"Bottled Flame"},{"floor":26,"key":"White Beast Statue"},{"floor":26,"key":"Singing Bowl"},{"floor":38,"key":"Smiling Mask"},{"floor":42,"key":"Blood Vial"},{"floor":43,"key":"Vajra"},{"floor":48,"key":"CaptainsWheel"}],"event_choices":[{"damage_healed":0.0,"max_hp_gain":0.0,"max_hp_loss":0.0,"gold_gain":75.0,"event_name":"World of Goop","player_choice":"Gather Gold","floor":2.0,"gold_loss":0.0,"damage_taken":11.0},{"damage_healed":0.0,"max_hp_gain":5.0,"max_hp_loss":0.0,"gold_gain":0.0,"event_name":"Big Fish","player_choice":"Donut","floor":11.0,"gold_loss":0.0,"damage_taken":0.0},{"damage_healed":0.0,"max_hp_gain":0.0,"max_hp_loss":0.0,"gold_gain":0.0,"event_name":"Scrap Ooze","player_choice":"Success","floor":13.0,"gold_loss":0.0,"damage_taken":7.0,"relics_obtained":["sneckomod:BlankCard"]},{"damage_healed":0,"gold_gain":0,"player_choice":"Got Potions","damage_taken":0,"max_hp_gain":0,"max_hp_loss":0,"event_name":"Lab","floor":20,"gold_loss":0},{"damage_healed":0,"gold_gain":0,"player_choice":"Ignored","damage_taken":0,"max_hp_gain":0,"max_hp_loss":0,"event_name":"Ghosts","floor":28,"gold_loss":0},{"damage_healed":0,"gold_gain":0,"player_choice":"Gave Potion","damage_taken":0,"relics_obtained":["Akabeko"],"max_hp_gain":0,"max_hp_loss":0,"event_name":"WeMeetAgain","floor":39,"gold_loss":0},{"damage_healed":0,"gold_gain":0,"player_choice":"Fight","damage_taken":0,"max_hp_gain":0,"max_hp_loss":0,"event_name":"Mysterious Sphere","floor":48,"gold_loss":0}],"is_beta":false,"boss_relics":[{"not_picked":["sneckomod:SneckoTalon","Philosopher\u0027s Stone"],"picked":"expansioncontent:StudyCardRelic"},{"not_picked":["Sozu","energizedSpire:EnergizedDie"],"picked":"SlaversCollar"}],"items_purged_floors":[4,22],"is_endless":false,"potions_floor_spawned":[1,7,14,18,23,27,31,33,35,42,46,48],"killed_by":"Time Eater","ascension_level":0}}