{"host":"0ma1l65sntb3rtgl","time":1612981603,"event":{"mods":["AchievementEnabler","BaseMod","Better Note","Better Third Choice","Colored Map","Colored Powertips","Curses Come First","Highlight Path","Minty Spire (QoL Compilation)","Rare Cards Sparkle","Relic Stats","StSLib"],"gold_per_floor":[119,143,93,93,93,123,123,140,166,184,204,233,245,257,257,359,359,375,375,386,16,32,32,32,44,44,44,62,62,62,80,80,178,178,190,190,73,73,73],"floor_reached":38,"language":"ENG","playtime":1625,"items_purged":["Strike_B"],"score":411,"play_id":"76a08442-0c99-4ac1-9e33-be696a9024ef","local_time":"20210210122643","is_ascension_mode":false,"campfire_choices":[{"floor":7,"key":"REST"},{"data":"Loop","floor":15,"key":"SMITH"},{"data":"Apotheosis","floor":23,"key":"SMITH"},{"data":"Creative AI","floor":30,"key":"SMITH"},{"data":"Echo Form","floor":32,"key":"SMITH"}],"circlet_count":0,"master_deck":["Strike_B","Defend_B","Defend_B+1","Defend_B","Defend_B","Zap","Dualcast","Genetic Algorithm+1","Self Repair","Ball Lightning","Gash","Steam","Lockon","Loop+1","Ball Lightning","Creative AI+1","Barrage+1","Apotheosis+1","Storm","Echo Form+1","Consume","Amplify"],"relics":["Cracked Core","Tiny Chest","War Paint","The Courier","Orichalcum","Du-Vu Doll","Runic Pyramid","Shuriken","HornCleat","Mango","SlaversCollar","DataDisk"],"acts_visited":["Exordium","TheCity","TheBeyond"],"potions_floor_usage":[20,25,31,33,33],"damage_taken":[{"damage":1,"enemies":"Cultist","floor":1,"turns":3},{"damage":60,"enemies":"3 Sentries","floor":6,"turns":11},{"damage":2,"enemies":"Small Slimes","floor":8,"turns":5},{"damage":4,"enemies":"2 Louse","floor":10,"turns":3},{"damage":6,"enemies":"Exordium Wildlife","floor":11,"turns":4},{"damage":16,"enemies":"Lagavulin","floor":12,"turns":9},{"damage":1,"enemies":"Exordium Thugs","floor":13,"turns":4},{"damage":4,"enemies":"Large Slime","floor":14,"turns":5},{"damage":22,"enemies":"The Guardian","floor":16,"turns":9},{"damage":24,"enemies":"2 Thieves","floor":18,"turns":5},{"damage":25,"enemies":"3 Byrds","floor":20,"turns":5},{"damage":8,"enemies":"Centurion and Healer","floor":22,"turns":6},{"damage":19,"enemies":"Shelled Parasite and Fungi","floor":25,"turns":6},{"damage":4,"enemies":"Sentry and Sphere","floor":28,"turns":5},{"damage":7,"enemies":"Chosen and Byrds","floor":31,"turns":7},{"damage":48,"enemies":"Collector","floor":33,"turns":9},{"damage":79,"enemies":"3 Darklings","floor":35,"turns":7},{"damage":37,"enemies":"3 Shapes","floor":38,"turns":3}],"seed_played":"-2901154064417832595","potions_obtained":[{"floor":6,"key":"Energy Potion"},{"floor":10,"key":"Strength Potion"},{"floor":13,"key":"SpeedPotion"},{"floor":16,"key":"Fire Potion"},{"floor":22,"key":"SkillPotion"},{"floor":28,"key":"EssenceOfSteel"},{"floor":31,"key":"PotionOfCapacity"}],"is_trial":false,"path_per_floor":["M","T","?","?","T","E","R","M","T","M","M","E","M","M","R","B",null,"M","?","M","$","M","R","T","M","T","?","M","?","R","M","R","B",null,"M","?","$","M"],"character_chosen":"DEFECT","items_purchased":["Echo Form","Shuriken","DataDisk"],"campfire_rested":1,"item_purchase_floors":[21,21,37],"current_hp_per_floor":[74,74,74,67,67,7,29,34,34,37,38,29,35,38,38,23,75,51,51,36,36,38,38,38,39,53,36,46,46,46,53,53,15,94,22,22,22,0,0],"gold":73,"neow_bonus":"RANDOM_COMMON_RELIC","is_daily":false,"chose_seed":false,"campfire_upgraded":4,"win_rate":0.0,"timestamp":1612981603,"path_taken":["M","?","?","?","?","E","R","M","T","M","M","E","M","?","R","BOSS","M","?","M","$","?","R","?","M","T","?","M","?","R","M","R","BOSS","M","?","$","M"],"items_purchased_type":["Card","Relic","Relic"],"build_version":"2020-12-22","purchased_purges":1,"victory":false,"max_hp_per_floor":[75,75,75,75,75,75,75,75,75,75,75,75,75,75,75,75,75,75,75,75,75,75,75,75,75,89,94,94,94,94,94,94,94,94,94,94,94,94,94],"relic_stats":{"counters":[18,104],"Shuriken":[6],"Tiny Chest":2,"War Paint":["Genetic Algorithm","Defend_B"],"Orichalcum":[144],"obtain_stats":[{"Du-Vu Doll":12,"SlaversCollar":34,"DataDisk":37,"HornCleat":24,"Shuriken":21,"Tiny Chest":0,"Mango":26,"The Courier":6,"War Paint":2,"Orichalcum":9,"Cracked Core":0,"Runic Pyramid":17},{"Du-Vu Doll":6,"SlaversCollar":16,"DataDisk":17,"HornCleat":12,"Shuriken":11,"Tiny Chest":0,"Mango":13,"The Courier":2,"War Paint":1,"Orichalcum":3,"Cracked Core":0,"Runic Pyramid":9},{"Du-Vu Doll":35,"SlaversCollar":94,"DataDisk":101,"HornCleat":67,"Shuriken":61,"Tiny Chest":0,"Mango":73,"The Courier":14,"War Paint":3,"Orichalcum":19,"Cracked Core":0,"Runic Pyramid":52}]},"card_choices":[{"not_picked":["Turbo","Scrape"],"picked":"Genetic Algorithm","floor":1},{"not_picked":["Coolheaded","Turbo"],"picked":"Self Repair","floor":6},{"not_picked":["Stack","Beam Cell"],"picked":"Ball Lightning","floor":8},{"not_picked":["Static Discharge","Coolheaded"],"picked":"Gash","floor":10},{"not_picked":["Steam Power","Rip and Tear"],"picked":"Steam","floor":11},{"not_picked":["Multi-Cast","Conserve Battery"],"picked":"Lockon","floor":12},{"not_picked":["Lockon","Rebound"],"picked":"Loop","floor":13},{"not_picked":["FTL","Aggregate"],"picked":"Ball Lightning","floor":14},{"not_picked":["Meteor Strike","Core Surge"],"picked":"Creative AI","floor":16},{"not_picked":["Sweeping Beam","Aggregate"],"picked":"Barrage+1","floor":18},{"not_picked":["Hologram","Redo"],"picked":"Storm","floor":20},{"not_picked":["Beam Cell","Steam Power","Steam"],"picked":"SKIP","floor":22},{"not_picked":["Melter","Leap","Hyperbeam"],"picked":"SKIP","floor":25},{"not_picked":["Streamline","Stack","Compile Driver"],"picked":"SKIP","floor":28},{"not_picked":["Beam Cell","Streamline+1"],"picked":"Consume","floor":31},{"not_picked":["Buffer","Rainbow"],"picked":"Amplify","floor":33},{"not_picked":["Ball Lightning+1","Coolheaded+1","Scrape+1"],"picked":"SKIP","floor":35}],"player_experience":384977,"relics_obtained":[{"floor":2,"key":"War Paint"},{"floor":6,"key":"The Courier"},{"floor":9,"key":"Orichalcum"},{"floor":12,"key":"Du-Vu Doll"},{"floor":24,"key":"HornCleat"},{"floor":26,"key":"Mango"}],"event_choices":[{"cards_removed":["Strike_B"],"damage_healed":0,"gold_gain":0,"player_choice":"Card Removal","damage_taken":0,"max_hp_gain":0,"max_hp_loss":0,"event_name":"The Cleric","floor":3,"gold_loss":50},{"cards_removed":["Strike_B"],"damage_healed":0,"gold_gain":0,"player_choice":"Card Removal","damage_taken":7,"max_hp_gain":0,"max_hp_loss":0,"event_name":"Golden Wing","floor":4,"gold_loss":0},{"cards_removed":["Self Repair"],"damage_healed":0,"gold_gain":0,"player_choice":"Take \u0026 Give","damage_taken":0,"max_hp_gain":0,"max_hp_loss":0,"event_name":"betterNote:BetterNote","floor":19,"gold_loss":0,"cards_obtained":["Apotheosis"]},{"damage_healed":0,"gold_gain":0,"player_choice":"Shed Blood","damage_taken":22,"max_hp_gain":5,"max_hp_loss":0,"event_name":"Forgotten Altar","floor":27,"gold_loss":0},{"damage_healed":0,"gold_gain":0,"player_choice":"Ignored","damage_taken":0,"max_hp_gain":0,"max_hp_loss":0,"event_name":"Vampires","floor":29,"gold_loss":0},{"damage_healed":0,"gold_gain":0,"player_choice":"Ignored","damage_taken":0,"max_hp_gain":0,"max_hp_loss":0,"event_name":"Mysterious Sphere","floor":36,"gold_loss":0}],"is_beta":false,"boss_relics":[{"not_picked":["Philosopher\u0027s Stone","Velvet Choker"],"picked":"Runic Pyramid"},{"not_picked":["Snecko Eye","Pandora\u0027s Box"],"picked":"SlaversCollar"}],"items_purged_floors":[21],"is_endless":false,"potions_floor_spawned":[6,10,13,16,22,28,31],"killed_by":"3 Shapes","ascension_level":0}}