{"host":"gnfs9pc52tj5b2xa","time":1612944419,"event":{"mods":["BaseMod","Minty Spire (QoL Compilation)","Relic Sorter","Relic Stats","Slay the Relics Exporter","ojb\u0027s Better Paths Mod","ojb\u0027s Info Mod"],"gold_per_floor":[112,128,128,143,160,160,174,212,238,273,3,3,75,109,109,195,195,216,235,235,235],"floor_reached":20,"language":"ENG","playtime":2660,"items_purged":["Strike_R"],"score":388,"play_id":"1319c71d-7850-41f8-94d8-0cde8211a0ae","local_time":"20210210000659","is_ascension_mode":true,"campfire_choices":[{"data":"Armaments","floor":6.0,"key":"SMITH"},{"floor":12.0,"key":"REST"},{"data":"Disarm","floor":15,"key":"SMITH"}],"circlet_count":0,"master_deck":["AscendersBane","Strike_R","Strike_R","Strike_R","Strike_R","Defend_R","Defend_R","Defend_R","Defend_R","Bash","Hemokinesis","Headbutt","Twin Strike","Armaments+1","Berserk","Disarm+1","Sword Boomerang","Immolate","Uppercut"],"relics":["Burning Blood","CeramicFish","Ancient Tea Set","PreservedInsect","Bag of Preparation","Boot","Gambling Chip","SlaversCollar"],"acts_visited":["Exordium","TheCity"],"potions_floor_usage":[19,20],"damage_taken":[{"damage":4.0,"enemies":"Cultist","floor":1.0,"turns":3.0},{"damage":6.0,"enemies":"Jaw Worm","floor":2.0,"turns":3.0},{"damage":2.0,"enemies":"2 Louse","floor":4.0,"turns":3.0},{"damage":8.0,"enemies":"Exordium Wildlife","floor":5.0,"turns":3.0},{"damage":12.0,"enemies":"Gremlin Gang","floor":7.0,"turns":5.0},{"damage":33.0,"enemies":"Lagavulin","floor":8.0,"turns":8.0},{"damage":17.0,"enemies":"Gremlin Nob","floor":10.0,"turns":3.0},{"damage":6.0,"enemies":"3 Sentries","floor":13.0,"turns":4.0},{"damage":19.0,"enemies":"3 Sentries","floor":14.0,"turns":8.0},{"damage":14,"enemies":"The Guardian","floor":16,"turns":10},{"damage":14,"enemies":"3 Byrds","floor":18,"turns":6},{"damage":24,"enemies":"Shell Parasite","floor":19,"turns":7},{"damage":44,"enemies":"Sentry and Sphere","floor":20,"turns":5}],"seed_played":"-7877718469752384316","potions_obtained":[{"floor":1.0,"key":"LiquidMemories"},{"floor":2.0,"key":"PowerPotion"},{"floor":7.0,"key":"Swift Potion"}],"is_trial":false,"path_per_floor":["M","M","?","M","M","R","M","E","T","E","$","R","?","E","R","B",null,"M","M","M"],"character_chosen":"IRONCLAD","items_purchased":["Bag of Preparation","Disarm"],"campfire_rested":1,"item_purchase_floors":[11,11],"current_hp_per_floor":[70,70,66,70,68,68,62,35,35,24,24,46,46,33,33,25,63,55,37,0,0],"gold":235,"neow_bonus":"THREE_CARDS","is_daily":false,"chose_seed":false,"campfire_upgraded":2,"win_rate":0.0,"timestamp":1612944419,"path_taken":["M","?","?","?","M","R","M","E","T","E","$","R","?","E","R","BOSS","M","M","M"],"items_purchased_type":["Relic","Card"],"build_version":"2020-12-22","purchased_purges":1,"victory":false,"max_hp_per_floor":[75,75,75,75,75,75,75,75,75,75,75,75,75,75,75,75,75,75,75,75,75],"relic_stats":{"counters":[13,68],"CeramicFish":45,"Gambling Chip":[21],"PreservedInsect":67,"Bag of Preparation":[12],"Boot":[95],"obtain_stats":[{"SlaversCollar":17,"CeramicFish":8,"Gambling Chip":14,"PreservedInsect":10,"Bag of Preparation":11,"Ancient Tea Set":9,"Boot":13,"Burning Blood":0},{"SlaversCollar":10,"CeramicFish":6,"Gambling Chip":9,"PreservedInsect":7,"Bag of Preparation":7,"Ancient Tea Set":6,"Boot":8,"Burning Blood":0},{"SlaversCollar":50,"CeramicFish":25,"Gambling Chip":40,"PreservedInsect":28,"Bag of Preparation":28,"Ancient Tea Set":25,"Boot":32,"Burning Blood":0}],"Burning Blood":72},"card_choices":[{"not_picked":["Headbutt","Twin Strike"],"picked":"Hemokinesis","floor":0.0},{"not_picked":["Combust","Sever Soul"],"picked":"Headbutt","floor":1.0},{"not_picked":["Blood for Blood","Inflame"],"picked":"Twin Strike","floor":2.0},{"not_picked":["Burning Pact","Flex","Thunderclap"],"picked":"SKIP","floor":4.0},{"not_picked":["Dark Embrace","Sentinel"],"picked":"Armaments","floor":5.0},{"not_picked":["Thunderclap","Body Slam","Pommel Strike"],"picked":"SKIP","floor":7.0},{"not_picked":["Shockwave","Dropkick"],"picked":"Berserk","floor":8.0},{"not_picked":["Bloodletting","Searing Blow","Body Slam"],"picked":"SKIP","floor":10.0},{"not_picked":["Rage","Havoc"],"picked":"Sword Boomerang","floor":13.0},{"not_picked":["Havoc","Berserk","Thunderclap"],"picked":"SKIP","floor":14},{"not_picked":["Limit Break","Impervious"],"picked":"Immolate","floor":16},{"not_picked":["Armaments","True Grit"],"picked":"Uppercut","floor":18},{"not_picked":["Anger","Armaments","Uppercut"],"picked":"SKIP","floor":19}],"player_experience":1305952,"relics_obtained":[{"floor":8.0,"key":"CeramicFish"},{"floor":9.0,"key":"Ancient Tea Set"},{"floor":10.0,"key":"PreservedInsect"},{"floor":13.0,"key":"Boot"},{"floor":14,"key":"Gambling Chip"}],"event_choices":[{"damage_healed":0.0,"max_hp_gain":0.0,"max_hp_loss":0.0,"gold_gain":0.0,"event_name":"The Woman in Blue","player_choice":"Bought 0 Potions","floor":3.0,"gold_loss":0.0,"damage_taken":0.0},{"damage_healed":0.0,"max_hp_gain":0.0,"max_hp_loss":0.0,"gold_gain":0.0,"event_name":"Dead Adventurer","player_choice":"Searched \u00271\u0027 times","floor":13.0,"gold_loss":0.0,"damage_taken":0.0}],"is_beta":false,"boss_relics":[{"not_picked":["Fusion Hammer","Snecko Eye"],"picked":"SlaversCollar"}],"items_purged_floors":[11],"is_endless":false,"potions_floor_spawned":[1,2,7,13,14,16],"killed_by":"Sentry and Sphere","ascension_level":20}}