{"host":"nt7qlb3u3keu79fg","time":1612979102,"event":{"mods":["2.2 Compatiblity","AchievementEnabler","BaseMod","Downfall","Minty Spire (QoL Compilation)","StSLib"],"gold_per_floor":[99,116,126,126,33,48,48,48,33,60,60,80,97,117,135,135,135,135],"floor_reached":16,"language":"ENG","playtime":1162,"items_purged":[],"score":94,"play_id":"df87be6f-2a25-48c5-822f-269bac30e187","local_time":"20210210124502","is_ascension_mode":false,"campfire_choices":[{"data":"Guardian:MultiBeam","floor":1,"key":"SMITH"},{"data":"Guardian:DecasProtection","floor":8,"key":"SMITH"}],"circlet_count":0,"master_deck":["Guardian:Strike_Guardian","Guardian:Strike_Guardian","Guardian:Strike_Guardian","Guardian:Defend_Guardian","Guardian:Defend_Guardian","Guardian:Defend_Guardian","Guardian:Defend_Guardian","Guardian:CurlUp","Guardian:TwinSlam","Guardian:MultiBeam+1","Guardian:ArmoredProtocol","Guardian:RollAttack","Guardian:DecasProtection+1","Guardian:GuardianWhirl","Guardian:SpikerProtocol","Guardian:Gem_Green","Guardian:Gem_Cyan","Guardian:PrismaticBeam","Guardian:ShieldSpikes"],"relics":["Guardian:ModeShifter","Singing Bowl","Guardian:PickAxe"],"acts_visited":["Exordium"],"potions_floor_usage":[15,16],"damage_taken":[{"damage":2,"enemies":"Jaw Worm","floor":2,"turns":5},{"damage":6,"enemies":"Cultist","floor":3,"turns":3},{"damage":0,"enemies":"downfall:FleeingMerchant","floor":5,"turns":4},{"damage":0,"enemies":"Small Slimes","floor":6,"turns":5},{"damage":5,"enemies":"downfall:FleeingMerchant","floor":9,"turns":4},{"damage":6,"enemies":"2 Fungi Beasts","floor":12,"turns":3},{"damage":0,"enemies":"Lots of Slimes","floor":13,"turns":1},{"damage":2,"enemies":"3 Louse","floor":14,"turns":3},{"damage":0,"enemies":"Exordium Thugs","floor":15,"turns":4},{"damage":66,"enemies":"IC_STATUS_ARCHETYPE","floor":16,"turns":15}],"seed_played":"1282581130672655122","potions_obtained":[{"floor":2,"key":"DistilledChaos"},{"floor":13,"key":"DistilledChaos"}],"is_trial":false,"path_per_floor":["R","M","M","?","$","M","T","R","$","T","R","M","M","M","M","B"],"character_chosen":"GUARDIAN","items_purchased":["Guardian:GuardianWhirl"],"campfire_rested":0,"item_purchase_floors":[5],"current_hp_per_floor":[80,78,72,72,72,72,72,72,69,69,69,63,63,63,65,0,0,0],"gold":135,"neow_bonus":"TRANSFORM_CARD","is_daily":false,"chose_seed":false,"campfire_upgraded":2,"win_rate":0.0,"timestamp":1612979102,"path_taken":["R","M","M","?","$","M","T","R","$","?","R","?","?","M","M","BOSS"],"items_purchased_type":["Card"],"build_version":"2020-12-22","purchased_purges":0,"victory":false,"max_hp_per_floor":[80,80,80,80,80,80,80,80,82,82,82,82,82,84,86,86,86,86],"card_choices":[{"not_picked":["Guardian:Emergency","Guardian:Suspension"],"picked":"Guardian:ArmoredProtocol","floor":2},{"not_picked":["Guardian:Recover","Guardian:BronzeArmor"],"picked":"Guardian:RollAttack","floor":3},{"not_picked":["Guardian:TemporalStrike","Guardian:WalkerClaw"],"picked":"Guardian:DecasProtection","floor":5},{"not_picked":["Guardian:Repulse","Guardian:Gem_Cyan"],"picked":"Guardian:SpikerProtocol","floor":6},{"not_picked":["Guardian:Gem_Lightblue","Guardian:ConstructionForm","Guardian:Incinerate"],"picked":"Singing Bowl","floor":9},{"not_picked":["Guardian:TimeBomb","Guardian:RollAttack"],"picked":"Guardian:PrismaticBeam","floor":12},{"not_picked":["Guardian:Gem_Fragmented","Guardian:Recover"],"picked":"Guardian:ShieldSpikes","floor":13},{"not_picked":["Guardian:Incinerate","Guardian:PrimingBeam","Guardian:Gem_Lightblue"],"picked":"Singing Bowl","floor":14},{"not_picked":["Guardian:BronzeOrb","Guardian:CrystalBeam","Guardian:WalkerClaw"],"picked":"Singing Bowl","floor":15}],"player_experience":252779,"relics_obtained":[{"floor":7,"key":"Singing Bowl"},{"floor":10,"key":"Guardian:PickAxe"}],"event_choices":[{"damage_healed":0,"gold_gain":0,"player_choice":"Ignored","damage_taken":0,"max_hp_gain":0,"max_hp_loss":0,"event_name":"NoteForYourself","floor":4,"gold_loss":0}],"is_beta":false,"boss_relics":[],"items_purged_floors":[],"is_endless":false,"potions_floor_spawned":[2,13],"killed_by":"IC_STATUS_ARCHETYPE","ascension_level":0}}