{"host":"uv5ws9rdk87e8i5k","time":1612960941,"event":{"mods":["AchievementEnabler","BaseMod","Colored Map","Minty Spire (QoL Compilation)","Permanent Neow","Quick Restart","StSLib","SuperFastMode","The Necromancer"],"gold_per_floor":[110,125,141,161,181,181,216,13,13,48,48,82,82,114,114,219,219,230,240,240,240,240,240,270,282,309,309,384,400,400,400],"floor_reached":30,"language":"ENG","playtime":635,"items_purged":[],"score":434,"play_id":"bfa03bc4-002f-47fe-a8c8-492939c08395","local_time":"20210210064221","is_ascension_mode":true,"campfire_choices":[{"data":"Demon Form","floor":6.0,"key":"SMITH"},{"floor":11.0,"key":"REST"},{"data":"Sever Soul","floor":15,"key":"SMITH"},{"data":"Corruption","floor":23,"key":"SMITH"},{"floor":27,"key":"REST"}],"circlet_count":0,"master_deck":["AscendersBane","Strike_R","Strike_R","Strike_R","Strike_R","Defend_R","Defend_R","Defend_R","Defend_R","Bash","Demon Form+1","Wild Strike","Dual Wield","Pommel Strike","Cleave","Heavy Blade","Sever Soul+1","Headbutt","Clothesline","Uppercut","Corruption+1","Exhume","Shrug It Off"],"relics":["Burning Blood","Self Forming Clay","Anchor","Happy Flower","Omamori","Gremlin Horn","Juzu Bracelet","Runic Dome","Bag of Marbles","MealTicket"],"acts_visited":["Exordium","TheCity"],"potions_floor_usage":[12,14,21,29,29,30],"damage_taken":[{"damage":8.0,"enemies":"Jaw Worm","floor":1.0,"turns":5.0},{"damage":2.0,"enemies":"2 Louse","floor":2.0,"turns":3.0},{"damage":1.0,"enemies":"Cultist","floor":3.0,"turns":3.0},{"damage":11.0,"enemies":"3 Louse","floor":4.0,"turns":4.0},{"damage":10.0,"enemies":"2 Fungi Beasts","floor":5.0,"turns":4.0},{"damage":45.0,"enemies":"3 Sentries","floor":7.0,"turns":6.0},{"damage":12.0,"enemies":"Lagavulin","floor":10.0,"turns":6.0},{"damage":21,"enemies":"Gremlin Nob","floor":12,"turns":4},{"damage":8,"enemies":"Lagavulin","floor":14,"turns":5},{"damage":18,"enemies":"Slime Boss","floor":16,"turns":8},{"damage":18,"enemies":"Shell Parasite","floor":18,"turns":5},{"damage":21,"enemies":"2 Thieves","floor":19,"turns":3},{"damage":0,"enemies":"Cultist and Chosen","floor":21,"turns":1},{"damage":12,"enemies":"Gremlin Leader","floor":24,"turns":4},{"damage":29,"enemies":"Centurion and Healer","floor":25,"turns":5},{"damage":11,"enemies":"Chosen and Byrds","floor":29,"turns":4},{"damage":39,"enemies":"Book of Stabbing","floor":30,"turns":4}],"seed_played":"-7921647763147327740","potions_obtained":[{"floor":7.0,"key":"Weak Potion"},{"floor":10.0,"key":"BlessingOfTheForge"},{"floor":12,"key":"Block Potion"},{"floor":14,"key":"SmokeBomb"},{"floor":24,"key":"EntropicBrew"},{"floor":29,"key":"LiquidBronze"}],"is_trial":false,"path_per_floor":["M","M","M","M","M","R","E","$","T","E","R","E","?","E","R","B",null,"M","M","?","M","?","R","E","M","T","R","T","M","E"],"character_chosen":"IRONCLAD","items_purchased":["Anchor","FearPotion"],"campfire_rested":2,"item_purchase_floors":[8,8],"current_hp_per_floor":[70,74,79,74,70,70,31,31,31,25,49,34,34,32,32,20,65,53,38,38,44,44,44,38,15,15,39,39,34,0,0],"gold":400,"neow_bonus":"ONE_RANDOM_RARE_CARD","is_daily":false,"chose_seed":false,"campfire_upgraded":3,"win_rate":0.0,"timestamp":1612960941,"path_taken":["M","M","M","M","M","R","E","$","T","E","R","E","?","E","R","BOSS","M","M","?","M","?","R","E","M","T","R","?","M","E"],"items_purchased_type":["Relic","Potion"],"build_version":"2020-12-22","purchased_purges":0,"victory":false,"max_hp_per_floor":[80,80,80,80,80,80,80,80,80,80,80,80,80,80,80,80,80,80,80,80,80,80,80,80,80,80,80,80,80,80,80],"card_choices":[{"not_picked":["Clash","Iron Wave"],"picked":"Wild Strike","floor":1.0},{"not_picked":["Entrench","Perfected Strike"],"picked":"Dual Wield","floor":2.0},{"not_picked":["Armaments","Dual Wield"],"picked":"Pommel Strike","floor":3.0},{"not_picked":["Thunderclap","Hemokinesis"],"picked":"Cleave","floor":4.0},{"not_picked":["Ghostly Armor","Warcry"],"picked":"Heavy Blade","floor":5.0},{"not_picked":["Reckless Charge","Clothesline"],"picked":"Sever Soul","floor":7.0},{"not_picked":["Entrench","Anger"],"picked":"Headbutt","floor":10.0},{"not_picked":["Clash","Iron Wave"],"picked":"Clothesline","floor":12},{"not_picked":["Exhume","Armaments"],"picked":"Uppercut","floor":14},{"not_picked":["Berserk","Barricade"],"picked":"Corruption","floor":16},{"not_picked":["Headbutt","Flex","True Grit"],"picked":"SKIP","floor":18},{"not_picked":["Searing Blow","Warcry","Cleave"],"picked":"SKIP","floor":19},{"not_picked":["Warcry","Armaments"],"picked":"Exhume","floor":24},{"not_picked":["Clash","Sentinel+1","Twin Strike"],"picked":"SKIP","floor":25},{"not_picked":["Clash","Havoc+1"],"picked":"Shrug It Off","floor":29}],"player_experience":155399,"relics_obtained":[{"floor":7.0,"key":"Self Forming Clay"},{"floor":9.0,"key":"Happy Flower"},{"floor":10.0,"key":"Omamori"},{"floor":12,"key":"Gremlin Horn"},{"floor":14,"key":"Juzu Bracelet"},{"floor":24,"key":"Bag of Marbles"},{"floor":26,"key":"MealTicket"}],"event_choices":[{"damage_healed":0,"gold_gain":0,"player_choice":"Ignored","damage_taken":0,"max_hp_gain":0,"max_hp_loss":0,"event_name":"Liars Game","floor":13,"gold_loss":0},{"cards_removed":["Strike_R"],"damage_healed":0,"gold_gain":0,"player_choice":"Elegance","damage_taken":0,"max_hp_gain":0,"max_hp_loss":0,"event_name":"Back to Basics","floor":20,"gold_loss":0},{"damage_healed":0,"gold_gain":0,"player_choice":"Ignored","damage_taken":0,"max_hp_gain":0,"max_hp_loss":0,"event_name":"Vampires","floor":22,"gold_loss":0}],"is_beta":false,"boss_relics":[{"not_picked":["Runic Cube","Ectoplasm"],"picked":"Runic Dome"}],"items_purged_floors":[],"is_endless":false,"potions_floor_spawned":[7,10,12,14,21,24,29],"killed_by":"Book of Stabbing","ascension_level":11}}