{"host":"rxqgn04mcfja67mv","time":1612969382,"event":{"mods":["2.2 Compatiblity","AchievementEnabler","BaseMod","Better Match","Better Note","Better Third Choice","Better Vampires","BetterRewards","Duelist Mod","Grow up Mod","Hermit","Hubris","Marisa????????","Minty Spire (QoL Compilation)","Quick Restart","Rare Cards Sparkle","Replay The Spire","Robot Space Explorer","Shop Mod","Spicy Shops","StSLib","Synergy Search","The Bug Knight"],"gold_per_floor":[116,116,20,40,52,52,52],"floor_reached":6,"language":"ENG","playtime":300,"items_purged":[],"score":93,"play_id":"115eaad3-e114-471a-9063-a4d4cf8c4733","local_time":"20210210150302","is_ascension_mode":true,"campfire_choices":[],"circlet_count":0,"master_deck":["Strike_G","Strike_G","Strike_G","Strike_G","Strike_G","Defend_G","Defend_G","Defend_G","Defend_G","Defend_G","Survivor","Neutralize","hubris:DuctTapeCard","Apotheosis","theDuelist:BusterBlader","theDuelist:SwordDeepSeated"],"relics":["Ring of the Snake","PrismaticShard","MerchantsRug","Counterbalance","hubris:Icosahedron","Sundial"],"acts_visited":["Exordium"],"potions_floor_usage":[5,6,6],"damage_taken":[{"damage":4,"enemies":"Small Slimes","floor":1,"turns":4},{"damage":11,"enemies":"2 Louse","floor":4,"turns":2},{"damage":0,"enemies":"Cultist","floor":5,"turns":3},{"damage":138,"enemies":"Gremlin Nob","floor":6,"turns":6}],"seed_played":"4703059165410169417","potions_obtained":[{"floor":4,"key":"EntropicBrew"}],"is_trial":false,"path_per_floor":["M","?","?","M","M","E"],"character_chosen":"THE_SILENT","items_purchased":["hubris:EnhanceAbility","Fluid Movement","hubris:DuctTape","PrismaticShard","MerchantsRug","Apotheosis"],"campfire_rested":0,"item_purchase_floors":[0,0,0,0,0,0],"current_hp_per_floor":[86,96,106,105,130,0,0],"gold":52,"neow_bonus":"","is_daily":false,"chose_seed":false,"campfire_upgraded":0,"win_rate":0.0,"timestamp":1612969382,"path_taken":["M","?","?","?","M","E"],"items_purchased_type":["Card","Card","Relic","Relic","Relic","Card"],"build_version":"2020-12-22","purchased_purges":0,"victory":false,"max_hp_per_floor":[90,100,110,120,130,130,130],"card_choices":[{"not_picked":["Flying Knee","theDuelist:Wingedtortoise"],"picked":"theDuelist:BusterBlader","floor":1},{"not_picked":["Metallicize","RobotSpaceExplorer:Electropulse"],"picked":"theDuelist:SwordDeepSeated","floor":4},{"not_picked":["theDuelist:BattleWarrior","theDuelist:SummoningSwarm","theDuelist:GiantTurtle"],"picked":"SKIP","floor":5}],"player_experience":434895,"relics_obtained":[],"event_choices":[{"damage_healed":0,"gold_gain":0,"player_choice":"Paid Gold","damage_taken":0,"relics_obtained":["Sundial"],"max_hp_gain":0,"max_hp_loss":0,"event_name":"WeMeetAgain","floor":3,"gold_loss":96}],"is_beta":false,"boss_relics":[],"items_purged_floors":[],"is_endless":false,"potions_floor_spawned":[4,5],"killed_by":"Gremlin Nob","ascension_level":4}}