{"host":"tq99ucv8ezzqzioe","time":1612922422,"event":{"mods":["BaseMod","Colored Map","Downfall","Highlight Path","Minty Spire (QoL Compilation)","StSLib"],"gold_per_floor":[116,131,149,29,29,29,45,65,140,150,150,150,192,212,212,317,317,337,337,337,337,25,25,68,68,68,88,115,115,115,115],"floor_reached":30,"language":"ENG","playtime":2962,"items_purged":["Strike_B"],"score":350,"play_id":"9f53aa8e-f404-45a9-a77d-102901929d21","local_time":"20210209210022","is_ascension_mode":true,"campfire_choices":[{"data":"Zap","floor":6,"key":"SMITH"},{"floor":12,"key":"REST"},{"data":"Genetic Algorithm","floor":15,"key":"SMITH"},{"floor":23,"key":"RECALL"},{"data":"Fission","floor":25,"key":"SMITH"}],"circlet_count":0,"master_deck":["Strike_B+1","Strike_B+1","Strike_B+1","Defend_B+1","Defend_B+1","Defend_B+1","Defend_B+1","Zap+1","Dualcast","Sunder+1","Ball Lightning","Streamline","Sweeping Beam","Glacier","Genetic Algorithm+1","Sweeping Beam","Conserve Battery","Fission+1","Sweeping Beam+1","Cold Snap","Go for the Eyes+1","Capacitor","FTL"],"relics":["Cracked Core","NeowsBlessing","Matryoshka","Lantern","Cables","CeramicFish","Inserter","Orichalcum","Pantograph","Omamori","HandDrill","Ancient Tea Set","MutagenicStrength"],"acts_visited":["Exordium","TheCity"],"potions_floor_usage":[16,24,27],"damage_taken":[{"damage":0,"enemies":"Cultist","floor":1,"turns":1},{"damage":0,"enemies":"2 Louse","floor":2,"turns":1},{"damage":0,"enemies":"Jaw Worm","floor":3,"turns":1},{"damage":16,"enemies":"Exordium Thugs","floor":7,"turns":3},{"damage":12,"enemies":"Looter","floor":8,"turns":3},{"damage":21,"enemies":"Large Slime","floor":10,"turns":4},{"damage":1,"enemies":"3 Sentries","floor":13,"turns":6},{"damage":2,"enemies":"Blue Slaver","floor":14,"turns":3},{"damage":11,"enemies":"The Guardian","floor":16,"turns":10},{"damage":0,"enemies":"Chosen","floor":18,"turns":4},{"damage":37,"enemies":"Gremlin Leader","floor":24,"turns":7},{"damage":5,"enemies":"Shell Parasite","floor":27,"turns":5},{"damage":9,"enemies":"3 Cultists","floor":28,"turns":5},{"damage":15,"enemies":"Centurion and Healer","floor":30,"turns":4}],"seed_played":"-1196260655727689573","potions_obtained":[{"floor":1,"key":"GamblersBrew"},{"floor":2,"key":"hexamod:SoulburnPotion"},{"floor":10,"key":"SpeedPotion"},{"floor":18,"key":"LiquidBronze"},{"floor":24,"key":"LiquidBronze"},{"floor":28,"key":"Ancient Potion"}],"is_trial":false,"path_per_floor":["M","M","M","$","?","R","M","M","T","M","T","R","E","M","R","B",null,"M","?","T","?","$","R","E","R","T","M","M","?","M"],"character_chosen":"DEFECT","items_purchased":["Sweeping Beam","Cold Snap","Omamori","HandDrill"],"campfire_rested":1,"item_purchase_floors":[4,22,22,22],"current_hp_per_floor":[68,68,68,68,68,68,52,40,40,19,19,41,40,38,38,27,63,63,63,63,63,63,63,26,26,26,21,12,12,0,0],"gold":115,"neow_bonus":"THREE_ENEMY_KILL","is_daily":false,"chose_seed":false,"campfire_upgraded":3,"win_rate":0.0,"timestamp":1612922422,"path_taken":["M","M","?","$","?","R","M","?","T","?","?","R","E","M","R","BOSS","M","?","?","?","?","R","E","R","T","M","M","?","M"],"items_purchased_type":["Card","Card","Relic","Relic"],"build_version":"2020-12-22","purchased_purges":1,"victory":false,"max_hp_per_floor":[75,75,75,75,75,75,75,75,75,75,75,75,75,75,75,75,75,75,75,75,75,75,75,75,75,75,75,75,75,75,75],"card_choices":[{"not_picked":["Conserve Battery","Steam"],"picked":"Sunder","floor":1},{"not_picked":["Go for the Eyes","Conserve Battery"],"picked":"Ball Lightning","floor":2},{"not_picked":["All For One","Barrage"],"picked":"Streamline","floor":3},{"not_picked":["Self Repair","Sunder"],"picked":"Glacier","floor":7},{"not_picked":["Leap","Beam Cell"],"picked":"Genetic Algorithm","floor":8},{"not_picked":["Barrage","Redo"],"picked":"Sweeping Beam","floor":10},{"not_picked":["Scrape","Steam"],"picked":"Conserve Battery","floor":13},{"not_picked":["Streamline","Stack","Steam Power"],"picked":"SKIP","floor":14},{"not_picked":["Amplify","Reboot"],"picked":"Fission","floor":16},{"not_picked":["Streamline","Barrage"],"picked":"Sweeping Beam+1","floor":18},{"not_picked":["All For One","Redo"],"picked":"Go for the Eyes+1","floor":24},{"not_picked":["Blizzard+1","Stack"],"picked":"Capacitor","floor":27},{"not_picked":["Go for the Eyes","Blizzard"],"picked":"FTL","floor":28}],"player_experience":947805,"relics_obtained":[{"floor":9,"key":"Matryoshka"},{"floor":11,"key":"Lantern"},{"floor":11,"key":"Cables"},{"floor":13,"key":"CeramicFish"},{"floor":20,"key":"Orichalcum"},{"floor":20,"key":"Pantograph"},{"floor":24,"key":"Ancient Tea Set"}],"event_choices":[{"damage_healed":0,"gold_gain":0,"player_choice":"Forge","damage_taken":0,"max_hp_gain":0,"max_hp_loss":0,"event_name":"Accursed Blacksmith","floor":5,"gold_loss":0,"cards_upgraded":["Sunder"]},{"damage_healed":0,"gold_gain":0,"player_choice":"Simplicity","damage_taken":0,"max_hp_gain":0,"max_hp_loss":0,"event_name":"Back to Basics","floor":19,"gold_loss":0,"cards_upgraded":["Strike_B","Strike_B","Strike_B","Defend_B","Defend_B","Defend_B","Defend_B"]},{"damage_healed":0,"gold_gain":0,"player_choice":"Ignored","damage_taken":0,"max_hp_gain":0,"max_hp_loss":0,"event_name":"Vampires","floor":21,"gold_loss":0},{"damage_healed":0,"gold_gain":0,"player_choice":"Inject Mutagens","damage_taken":0,"relics_obtained":["MutagenicStrength"],"max_hp_gain":0,"max_hp_loss":0,"event_name":"Drug Dealer","floor":29,"gold_loss":0}],"is_beta":false,"boss_relics":[{"not_picked":["Cursed Key","Snecko Eye"],"picked":"Inserter"}],"items_purged_floors":[4],"is_endless":false,"potions_floor_spawned":[1,2,10,14,18,24,28],"killed_by":"Centurion and Healer","ascension_level":8}}