{"host":"knoo6yq0od847mqf","time":1612983975,"event":{"mods":["100% Spire Juice","BaseMod","BetterRewards","Bossed Relics","Downfall","Fiend Mod","Hubris","Koishi","Marisa????????","Minty Spire (QoL Compilation)","Replay The Spire","Spire Arcade","StSLib","The Alterego","The Juggle","TheVacant","Wandering Minibosses","Yuri Mod"],"gold_per_floor":[119,135,147,162,220,220,240,240,240,275,275,275,290,37,37,132,132,147,178,178,33,48,75,87,87,114,114,143,163,163,163,163,163,163],"floor_reached":33,"language":"ENG","playtime":1082,"items_purged":[],"score":385,"play_id":"2b969d2d-3003-43e3-bf06-7ea8552fb391","local_time":"20210210200615","is_ascension_mode":false,"campfire_choices":[{"data":"theVacant:LichStrike","floor":6,"key":"SMITH"},{"data":"theVacant:Barrage","floor":8,"key":"SMITH"},{"floor":12,"key":"REST"},{"floor":15,"key":"REST"},{"floor":25,"key":"REST"},{"floor":27,"key":"REST"},{"floor":30,"key":"REST"},{"floor":32,"key":"REST"}],"circlet_count":0,"master_deck":["theVacant:VacantStarterStrike","theVacant:VacantStarterStrike","theVacant:VacantStarterStrike","theVacant:VacantStarterStrike","theVacant:VacantStarterDefend","theVacant:VacantStarterDefend","theVacant:VacantStarterDefend","theVacant:VacantStarterDefend","theVacant:Release","theVacant:Crunch","theVacant:BattleScars","theVacant:Immaterialize","theVacant:EyePoke","theVacant:LichStrike+1","theVacant:Barrage+1","theVacant:Immaterialize","theVacant:DeathSpiral","theVacant:LashOut","theVacant:DarkStrike+1","theVacant:BellToll+1","Inflame","Life Link","Twin Strike","Blood for Blood","theVacant:Recover","theVacant:Cower+1"],"relics":["theVacant:BrassGoblet","Bronze Scales","Replay:Baseball","InkBottle","hubris:DisguiseKit","Pen Nib","Blue Candle","Golden Egg","Black Star","Red Mask","Vajra","Replay:Wax Seal","Pet Ghost","Simple Rune","Toxic Egg 2","Replay:Rubber Ducky","wanderingMiniBosses:AbyssPearl","alterego_mod:FleetingLove"],"acts_visited":["Exordium","TheCity"],"potions_floor_usage":[10,16,18,23,23,29,29],"damage_taken":[{"damage":0,"enemies":"Jaw Worm","floor":1,"turns":3},{"damage":4,"enemies":"Small Slimes","floor":2,"turns":2},{"damage":1,"enemies":"2 Louse","floor":3,"turns":2},{"damage":5,"enemies":"2 Fungi Beasts","floor":4,"turns":4},{"damage":0,"enemies":"Exordium Wildlife","floor":7,"turns":6},{"damage":29,"enemies":"Lagavulin","floor":10,"turns":6},{"damage":12,"enemies":"Gremlin Gang","floor":13,"turns":3},{"damage":48,"enemies":"The Guardian","floor":16,"turns":7},{"damage":24,"enemies":"2 Thieves","floor":18,"turns":2},{"damage":0,"enemies":"Masked Bandits","floor":19,"turns":2},{"damage":65,"enemies":"3 Byrds","floor":22,"turns":6},{"damage":24,"enemies":"Book of Stabbing","floor":23,"turns":3},{"damage":14,"enemies":"Snake Plant","floor":24,"turns":2},{"damage":38,"enemies":"Slavers","floor":28,"turns":4},{"damage":32,"enemies":"Centurion and Healer","floor":29,"turns":5},{"damage":59,"enemies":"Collector","floor":33,"turns":3}],"seed_played":"-8858479655483400652","potions_obtained":[{"floor":1,"key":"sneckomod:MuddlingPotion"},{"floor":4,"key":"Ancient Potion"},{"floor":5,"key":"bronze:BurnAndBuffPotion"},{"floor":10,"key":"DistilledChaos"},{"floor":13,"key":"Explosive Potion"},{"floor":18,"key":"Strength Potion"},{"floor":22,"key":"PowerPotion"},{"floor":23,"key":"Milkshake"},{"floor":28,"key":"SpeedPotion"}],"is_trial":false,"path_per_floor":["M","M","M","M","?","R","M","R","T","E","?","R","M","$","R","B",null,"M","?","?","$","M","E","M","R","T","R","E","M","R","?","R","B"],"character_chosen":"THE_VACANT","items_purchased":["Bronze Scales","Replay:Baseball","Golden Egg","Vajra"],"campfire_rested":6,"item_purchase_floors":[0,0,14,21],"current_hp_per_floor":[80,76,75,70,50,50,50,50,50,30,25,49,37,37,61,24,80,71,71,71,71,28,26,26,50,50,74,36,4,28,28,52,0,0],"gold":163,"neow_bonus":"","is_daily":false,"chose_seed":false,"campfire_upgraded":2,"win_rate":0.0,"timestamp":1612983975,"path_taken":["M","M","M","M","?","R","M","R","T","E","?","R","M","$","R","BOSS","M","?","?","$","M","E","M","R","T","R","E","M","R","?","R","BOSS"],"items_purchased_type":["Relic","Relic","Relic","Relic"],"build_version":"2020-12-22","purchased_purges":0,"victory":false,"max_hp_per_floor":[80,80,80,80,80,80,80,80,80,80,80,80,80,80,80,80,80,80,80,80,80,80,80,80,80,80,80,80,80,80,80,80,80,80],"card_choices":[{"not_picked":["theVacant:FranticBlow","theVacant:Spinshield"],"picked":"theVacant:BattleScars","floor":1},{"not_picked":["theVacant:Spinshield","theVacant:Fling"],"picked":"theVacant:Immaterialize","floor":2},{"not_picked":["theVacant:Cower","theVacant:Soothe"],"picked":"theVacant:EyePoke","floor":3},{"not_picked":["theVacant:Gloom","theVacant:Fortify"],"picked":"theVacant:LichStrike","floor":4},{"not_picked":["theVacant:Dig","theVacant:TwistFate"],"picked":"theVacant:Barrage","floor":5},{"not_picked":["theVacant:Jab","theVacant:Barrage"],"picked":"theVacant:Immaterialize","floor":7},{"not_picked":["theVacant:LichStrike","theVacant:Return","Body Slam"],"picked":"theVacant:DeathSpiral","floor":10},{"not_picked":["theVacant:ShutAway","theVacant:ReaperStrike","Iron Wave"],"picked":"theVacant:LashOut","floor":13},{"not_picked":["theVacant:MindBreak","theVacant:FiendFrost","Barricade"],"picked":"theVacant:DarkStrike","floor":16},{"not_picked":["theVacant:Fling","theVacant:FranticBlow","Iron Wave"],"picked":"theVacant:BellToll+1","floor":18},{"not_picked":["theVacant:Enrage+1","theVacant:ReaperStrike","theVacant:BurdenBreak"],"picked":"Inflame","floor":19},{"not_picked":["theVacant:OnSecondThought","theVacant:ShutAway","theVacant:Enrage"],"picked":"Life Link","floor":22},{"not_picked":["theVacant:BurdenBreak","theVacant:TheAnvil","theVacant:GraveWave"],"picked":"Twin Strike","floor":23},{"not_picked":["theVacant:Thoughtseize+1","theVacant:GraveWave","theVacant:ShriekingBlast"],"picked":"Blood for Blood","floor":24},{"not_picked":["theVacant:Fling+1","theVacant:EmbraceDarkness+1","Run Through"],"picked":"theVacant:Recover","floor":28},{"not_picked":["theVacant:Expand+1","theVacant:Unearth+1","hubris:CleavingFinish"],"picked":"theVacant:Cower+1","floor":29}],"player_experience":222703,"relics_obtained":[{"floor":5,"key":"InkBottle"},{"floor":9,"key":"hubris:DisguiseKit"},{"floor":10,"key":"Pen Nib"},{"floor":19,"key":"Red Mask"},{"floor":23,"key":"Replay:Wax Seal"},{"floor":23,"key":"Pet Ghost"},{"floor":26,"key":"Simple Rune"},{"floor":28,"key":"Toxic Egg 2"},{"floor":28,"key":"Replay:Rubber Ducky"},{"floor":29,"key":"wanderingMiniBosses:AbyssPearl"}],"event_choices":[{"damage_healed":0,"gold_gain":0,"player_choice":"Fought Bandits","damage_taken":0,"max_hp_gain":0,"max_hp_loss":0,"event_name":"Masked Bandits","floor":19,"gold_loss":0},{"damage_healed":0,"gold_gain":0,"player_choice":"Simplicity","damage_taken":0,"max_hp_gain":0,"max_hp_loss":0,"event_name":"Back to Basics","floor":20,"gold_loss":0,"cards_upgraded":["theVacant:VacantStarterStrike","theVacant:VacantStarterStrike","theVacant:VacantStarterStrike","theVacant:VacantStarterStrike","theVacant:VacantStarterDefend","theVacant:VacantStarterDefend","theVacant:VacantStarterDefend","theVacant:VacantStarterDefend"]},{"damage_healed":0,"gold_gain":0,"player_choice":"Choice 1","damage_taken":0,"relics_obtained":["alterego_mod:FleetingLove"],"max_hp_gain":0,"max_hp_loss":0,"event_name":"Secret Garden","floor":31,"gold_loss":0}],"is_beta":false,"boss_relics":[{"not_picked":["Replay:Ancient Bell","Runic Dome"],"picked":"Black Star"}],"items_purged_floors":[],"is_endless":false,"potions_floor_spawned":[1,4,10,13,18,22,23,28],"killed_by":"Collector","ascension_level":0}}