{"host":"8rqsnaeml9gxb0kp","time":1612992995,"event":{"mods":["AchievementEnabler","BaseMod","Dark Map","Minty Spire (QoL Compilation)","Relic Stats","StSLib","slay the spire mod where everything is the same but ironclad has a cowboy hat"],"gold_per_floor":[109,109,124,136,147,147,175,175,175,186,220,220,220,247,247,320,320,334,345,216,216,227,227,256,63,116,116,135,135,75,101,101,175,175,192,211,211,76,90,90,121,121,121],"floor_reached":42,"language":"ENG","playtime":2362,"items_purged":["Strike_R"],"score":944,"play_id":"15bc4a68-5f25-4e99-a9a1-e770e649edd4","local_time":"20210210133635","is_ascension_mode":true,"campfire_choices":[{"data":"Uppercut","floor":6.0,"key":"SMITH"},{"floor":8.0,"key":"REST"},{"floor":12.0,"key":"REST"},{"data":"Disarm","floor":15.0,"key":"SMITH"},{"data":"Exhume","floor":23.0,"key":"SMITH"},{"data":"Feel No Pain","floor":27.0,"key":"SMITH"},{"data":"True Grit","floor":29.0,"key":"SMITH"},{"data":"Intimidate","floor":32.0,"key":"SMITH"},{"data":"Metallicize","floor":40.0,"key":"SMITH"}],"circlet_count":0,"master_deck":["AscendersBane","Strike_R","Defend_R","Defend_R","Defend_R","Defend_R","Bash","Twin Strike","Cleave","Uppercut+1","Spot Weakness","Clothesline","Infernal Blade","Double Tap","Disarm+1","Exhume+1","Shrug It Off","Metallicize+1","Intimidate+1","Dark Embrace","Intimidate+1","Reaper","Feel No Pain+1","True Grit+1","Flame Barrier","Ghostly Armor","Sentinel","Juggernaut","Feel No Pain+1","Metallicize","Clothesline+1","Shrug It Off"],"relics":["Burning Blood","NeowsBlessing","Eternal Feather","The Courier","Charon\u0027s Ashes","Sundial","Prayer Wheel","Coffee Dripper","Letter Opener","Oddly Smooth Stone","Bronze Scales","Centennial Puzzle","Empty Cage","Toy Ornithopter","Strawberry"],"acts_visited":["Exordium","TheCity","TheBeyond"],"potions_floor_usage":[],"damage_taken":[{"damage":0.0,"enemies":"Small Slimes","floor":1.0,"turns":1.0},{"damage":0.0,"enemies":"Cultist","floor":3.0,"turns":1.0},{"damage":0.0,"enemies":"2 Louse","floor":4.0,"turns":1.0},{"damage":29.0,"enemies":"Exordium Thugs","floor":5.0,"turns":4.0},{"damage":30.0,"enemies":"Gremlin Nob","floor":7.0,"turns":4.0},{"damage":17.0,"enemies":"Gremlin Gang","floor":10.0,"turns":3.0},{"damage":40.0,"enemies":"Lagavulin","floor":11.0,"turns":8.0},{"damage":6.0,"enemies":"Gremlin Nob","floor":14.0,"turns":3.0},{"damage":25.0,"enemies":"The Guardian","floor":16.0,"turns":12.0},{"damage":15.0,"enemies":"Chosen","floor":18.0,"turns":4.0},{"damage":11.0,"enemies":"Spheric Guardian","floor":19.0,"turns":3.0},{"damage":19.0,"enemies":"Snecko","floor":22.0,"turns":5.0},{"damage":31.0,"enemies":"Slavers","floor":24.0,"turns":6.0},{"damage":27.0,"enemies":"Snake Plant","floor":28.0,"turns":3.0},{"damage":6.0,"enemies":"Gremlin Leader","floor":31.0,"turns":6.0},{"damage":69.0,"enemies":"Automaton","floor":33.0,"turns":13.0},{"damage":24.0,"enemies":"3 Darklings","floor":35.0,"turns":5.0},{"damage":4.0,"enemies":"3 Shapes","floor":36.0,"turns":3.0},{"damage":46.0,"enemies":"Transient","floor":39.0,"turns":6.0},{"damage":104.0,"enemies":"Giant Head","floor":41.0,"turns":11.0},{"damage":22,"enemies":"Sphere and 2 Shapes","floor":42,"turns":5}],"seed_played":"9001916429490221081","potions_obtained":[{"floor":2.0,"key":"DuplicationPotion"},{"floor":2.0,"key":"SteroidPotion"},{"floor":5.0,"key":"LiquidBronze"},{"floor":11.0,"key":"Fire Potion"},{"floor":16.0,"key":"PowerPotion"},{"floor":18.0,"key":"EntropicBrew"},{"floor":24.0,"key":"FairyPotion"},{"floor":36.0,"key":"BloodPotion"}],"is_trial":false,"path_per_floor":["M","?","M","M","M","R","E","R","T","M","E","R","?","E","R","B",null,"M","M","$","?","M","R","E","$","T","R","M","R","$","E","R","B",null,"M","M","?","$","M","R","E","M"],"character_chosen":"IRONCLAD","items_purchased":["Dark Embrace","Feel No Pain","Oddly Smooth Stone","Ghostly Armor","Toy Ornithopter"],"campfire_rested":2,"item_purchase_floors":[20,25,25,30,38],"current_hp_per_floor":[74,74,75,75,52,52,28,59,59,48,14,45,40,40,49,30,64,55,50,50,50,37,49,24,24,24,39,18,33,33,68,75,23,62,44,46,46,46,26,44,19,0,0],"gold":121,"neow_bonus":"THREE_ENEMY_KILL","is_daily":false,"chose_seed":false,"campfire_upgraded":7,"win_rate":0.0,"timestamp":1612992995,"path_taken":["M","?","?","?","M","R","E","R","T","M","E","R","?","E","R","BOSS","M","M","$","?","M","R","E","?","T","R","M","R","$","E","R","BOSS","M","?","?","$","M","R","E","M"],"items_purchased_type":["Card","Card","Relic","Card","Relic"],"build_version":"2020-12-22","purchased_purges":1,"victory":false,"max_hp_per_floor":[75,75,75,75,75,75,75,75,75,75,75,75,75,75,75,75,75,75,75,75,75,75,75,75,75,75,75,75,75,75,75,75,75,75,75,75,75,75,75,75,82,82,82],"relic_stats":{"Centennial Puzzle":[18],"counters":[21,107],"Sundial":[8],"Bronze Scales":[153],"Eternal Feather":94,"Prayer Wheel":7,"Charon\u0027s Ashes":[411],"Letter Opener":[148],"obtain_stats":[{"NeowsBlessing":0,"Oddly Smooth Stone":25,"Eternal Feather":7,"The Courier":9,"Charon\u0027s Ashes":11,"Letter Opener":24,"Empty Cage":34,"Burning Blood":0,"Centennial Puzzle":31,"Sundial":13,"Bronze Scales":26,"Strawberry":41,"Prayer Wheel":14,"Coffee Dripper":17,"Toy Ornithopter":38},{"NeowsBlessing":0,"Oddly Smooth Stone":13,"Eternal Feather":5,"The Courier":5,"Charon\u0027s Ashes":7,"Letter Opener":13,"Empty Cage":16,"Burning Blood":0,"Centennial Puzzle":15,"Sundial":7,"Bronze Scales":13,"Strawberry":20,"Prayer Wheel":8,"Coffee Dripper":9,"Toy Ornithopter":18},{"NeowsBlessing":0,"Oddly Smooth Stone":55,"Eternal Feather":11,"The Courier":11,"Charon\u0027s Ashes":22,"Letter Opener":55,"Empty Cage":77,"Burning Blood":0,"Centennial Puzzle":64,"Sundial":22,"Bronze Scales":55,"Strawberry":102,"Prayer Wheel":25,"Coffee Dripper":37,"Toy Ornithopter":85}],"Burning Blood":109,"Toy Ornithopter":5},"card_choices":[{"not_picked":["Heavy Blade","Body Slam"],"picked":"Twin Strike","floor":1.0},{"not_picked":["Inflame","Dark Embrace"],"picked":"Cleave","floor":3.0},{"not_picked":["Bloodletting","Flex"],"picked":"Uppercut","floor":4.0},{"not_picked":["Second Wind","Havoc"],"picked":"Spot Weakness","floor":5.0},{"not_picked":["Inflame","Flame Barrier"],"picked":"Clothesline","floor":7.0},{"not_picked":["Wild Strike","Searing Blow"],"picked":"Infernal Blade","floor":10.0},{"not_picked":["Burning Pact","Juggernaut"],"picked":"Double Tap","floor":11.0},{"not_picked":["Flex","Fire Breathing"],"picked":"Disarm","floor":14.0},{"not_picked":["Brutality","Berserk"],"picked":"Exhume","floor":16.0},{"not_picked":["Rampage","Clash"],"picked":"Shrug It Off","floor":18.0},{"not_picked":["Sentinel","Body Slam"],"picked":"Metallicize","floor":18.0},{"not_picked":["Body Slam","Dropkick"],"picked":"Intimidate+1","floor":19.0},{"not_picked":["Searing Blow","Havoc","Armaments"],"picked":"SKIP","floor":19.0},{"not_picked":["Ghostly Armor","Wild Strike"],"picked":"Intimidate","floor":22.0},{"not_picked":["Pommel Strike","Perfected Strike","Iron Wave"],"picked":"SKIP","floor":22.0},{"not_picked":["Pommel Strike","Clash+1"],"picked":"Reaper","floor":24.0},{"not_picked":["Thunderclap+1","Body Slam"],"picked":"True Grit","floor":28.0},{"not_picked":["Twin Strike","Searing Blow"],"picked":"Flame Barrier","floor":28.0},{"not_picked":["Demon Form","Wild Strike"],"picked":"Sentinel","floor":31.0},{"not_picked":["Impervious","Immolate"],"picked":"Juggernaut","floor":33.0},{"not_picked":["Carnage","Pommel Strike"],"picked":"Feel No Pain+1","floor":35.0},{"not_picked":["Cleave","Perfected Strike","Blood for Blood"],"picked":"SKIP","floor":35.0},{"not_picked":["Body Slam","Cleave+1"],"picked":"Metallicize","floor":36.0},{"not_picked":["Wild Strike","Battle Trance","Entrench"],"picked":"SKIP","floor":36.0},{"not_picked":["Carnage","Sword Boomerang"],"picked":"Clothesline+1","floor":39.0},{"not_picked":["Searing Blow+1","Wild Strike","Thunderclap+1"],"picked":"SKIP","floor":39.0},{"not_picked":["Wild Strike","Thunderclap"],"picked":"Shrug It Off","floor":41.0}],"player_experience":190857,"relics_obtained":[{"floor":7.0,"key":"Eternal Feather"},{"floor":9.0,"key":"The Courier"},{"floor":11.0,"key":"Charon\u0027s Ashes"},{"floor":14.0,"key":"Prayer Wheel"},{"floor":24.0,"key":"Letter Opener"},{"floor":26.0,"key":"Bronze Scales"},{"floor":31.0,"key":"Centennial Puzzle"},{"floor":41.0,"key":"Strawberry"}],"event_choices":[{"damage_healed":0.0,"max_hp_gain":0.0,"max_hp_loss":0.0,"gold_gain":0.0,"event_name":"Lab","player_choice":"Got Potions","floor":2.0,"gold_loss":0.0,"damage_taken":0.0},{"damage_healed":0.0,"max_hp_gain":0.0,"max_hp_loss":0.0,"gold_gain":0.0,"event_name":"Scrap Ooze","player_choice":"Success","floor":13.0,"gold_loss":0.0,"damage_taken":5.0,"relics_obtained":["Sundial"]},{"cards_removed":["Strike_R"],"damage_healed":0.0,"max_hp_gain":0.0,"max_hp_loss":0.0,"gold_gain":0.0,"event_name":"Bonfire Elementals","player_choice":"Offered Basic","floor":21.0,"gold_loss":0.0,"damage_taken":0.0},{"damage_healed":0.0,"max_hp_gain":0.0,"max_hp_loss":0.0,"gold_gain":0.0,"event_name":"SensoryStone","player_choice":"Memory 1","floor":37.0,"gold_loss":0.0,"damage_taken":0.0}],"is_beta":false,"boss_relics":[{"not_picked":["Ectoplasm","Pandora\u0027s Box"],"picked":"Coffee Dripper"},{"not_picked":["Velvet Choker","Fusion Hammer"],"picked":"Empty Cage"}],"items_purged_floors":[20],"is_endless":false,"potions_floor_spawned":[3,5,11,16,18,24,28,33,36],"killed_by":"Sphere and 2 Shapes","ascension_level":19}}