{"host":"ugys05tpep779cl6","time":1612957089,"event":{"mods":["AchievementEnabler","Aspiration","BaseMod","Beaked The Cultist","CatGirl Mod","Colored Powertips","HololiveMod","Lobotomy","Minty Spire (QoL Compilation)","Quick Restart","Replay The Spire","Spicy Shops","StSLib","The Druid"],"gold_per_floor":[87,87,110,124,124,126,126],"floor_reached":6,"language":"ENG","playtime":661,"items_purged":[],"score":47,"play_id":"b8b64caa-1e24-4ae4-bc49-6a2863e77353","local_time":"20210210123809","is_ascension_mode":true,"campfire_choices":[],"circlet_count":0,"master_deck":["Hololive_Strike","Hololive_Defend","Hololive_Defend","Hololive_CocoNews","Hololive_CallYogiri","Hololive_CallInugamiKorone","Hololive_CallAkiRosenthal+1","Hololive_CallSpadeEcho","Hololive_CallNakiriAyame","Hololive_FlyingPonyTail","Hololive_CallAmaneKanata","Hololive_CallNekomataOkayu","Hololive_Trident"],"relics":["Hololive_TheStar"],"acts_visited":["Exordium"],"potions_floor_usage":[],"damage_taken":[{"damage":4,"enemies":"Small Slimes","floor":1,"turns":4},{"damage":0,"enemies":"Cultist","floor":3,"turns":3},{"damage":0,"enemies":"2 Louse","floor":4,"turns":4},{"damage":8,"enemies":"3 Sentries","floor":6,"turns":4}],"seed_played":"5921822747264846853","potions_obtained":[{"floor":3,"key":"CultistPotion"}],"is_trial":false,"path_per_floor":["M","?","M","M","?","E"],"character_chosen":"Hololive_HololiveCharacter","items_purchased":[],"campfire_rested":0,"item_purchase_floors":[],"current_hp_per_floor":[28,28,28,28,28,20,20],"gold":126,"neow_bonus":"UPGRADE_CARD","is_daily":false,"chose_seed":false,"campfire_upgraded":0,"win_rate":0.0,"timestamp":1612957089,"path_taken":["M","?","M","?","?","E"],"items_purchased_type":[],"build_version":"2020-12-22","purchased_purges":0,"victory":false,"max_hp_per_floor":[35,35,35,35,35,35,35],"card_choices":[{"not_picked":["Hololive_Breathe","Hololive_Psychosis","Hololive_Drill"],"picked":"Hololive_FlyingPonyTail","floor":1},{"not_picked":["Hololive_Teleport","Hololive_StrengthChampion","Hololive_Trident"],"picked":"Hololive_CallAmaneKanata","floor":3},{"not_picked":["Hololive_StrengthChampion","Hololive_HuntDinosaur","Hololive_CallRosalyn"],"picked":"Hololive_CallNekomataOkayu","floor":4}],"player_experience":740109,"relics_obtained":[],"event_choices":[{"cards_removed":["Hololive_Strike"],"damage_healed":0,"gold_gain":0,"player_choice":"Card Removal","damage_taken":0,"max_hp_gain":0,"max_hp_loss":0,"event_name":"Wheel of Change","floor":2,"gold_loss":0},{"damage_healed":0,"gold_gain":0,"player_choice":"1 cards matched","damage_taken":0,"max_hp_gain":0,"max_hp_loss":0,"event_name":"Match and Keep!","floor":5,"gold_loss":0,"cards_obtained":["Hololive_Trident"]}],"is_beta":false,"boss_relics":[],"items_purged_floors":[],"is_endless":false,"potions_floor_spawned":[3],"killed_by":"3 Sentries","ascension_level":6}}