{"host":"uv5ws9rdk87e8i5k","time":1612961866,"event":{"mods":["AchievementEnabler","BaseMod","Colored Map","Minty Spire (QoL Compilation)","Permanent Neow","Quick Restart","StSLib","SuperFastMode","The Necromancer"],"gold_per_floor":[36,36,69,121,121,146,146,194,219,235,328,328,359,419,419,419,419],"floor_reached":16,"language":"ENG","playtime":387,"items_purged":[],"score":189,"play_id":"986adf30-76c2-43a3-afc8-c1e621a319e2","local_time":"20210210065746","is_ascension_mode":true,"campfire_choices":[{"floor":12.0,"key":"REST"},{"data":"Havoc","floor":15,"key":"SMITH"}],"circlet_count":0,"master_deck":["AscendersBane","Strike_R","Strike_R","Strike_R","Strike_R","Defend_R","Defend_R","Defend_R","Defend_R","Bash","HandOfGreed","Rampage","Battle Trance","Headbutt","Warcry","Shrug It Off","Pommel Strike","Havoc+1"],"relics":["Burning Blood","Prayer Wheel","Unceasing Top","White Beast Statue","Ancient Tea Set","Dream Catcher"],"acts_visited":["Exordium"],"potions_floor_usage":[16],"damage_taken":[{"damage":12.0,"enemies":"Small Slimes","floor":1.0,"turns":4.0},{"damage":7.0,"enemies":"Jaw Worm","floor":3.0,"turns":3.0},{"damage":2.0,"enemies":"2 Louse","floor":4.0,"turns":4.0},{"damage":21.0,"enemies":"Gremlin Nob","floor":6.0,"turns":4.0},{"damage":45.0,"enemies":"3 Sentries","floor":8.0,"turns":7.0},{"damage":16.0,"enemies":"Blue Slaver","floor":10.0,"turns":3.0},{"damage":16.0,"enemies":"Lots of Slimes","floor":11.0,"turns":5.0},{"damage":22.0,"enemies":"Lagavulin","floor":13.0,"turns":3.0},{"damage":0.0,"enemies":"Exordium Wildlife","floor":14.0,"turns":4.0},{"damage":32,"enemies":"The Guardian","floor":16,"turns":7}],"seed_played":"-8449829838553483121","potions_obtained":[{"floor":1.0,"key":"BloodPotion"},{"floor":8.0,"key":"Fire Potion"},{"floor":10.0,"key":"ColorlessPotion"},{"floor":11.0,"key":"SneckoOil"},{"floor":13.0,"key":"Regen Potion"}],"is_trial":false,"path_per_floor":["M","?","M","M","?","E","T","E","T","M","M","R","E","M","R","B"],"character_chosen":"IRONCLAD","items_purchased":[],"campfire_rested":1,"item_purchase_floors":[],"current_hp_per_floor":[66,71,70,74,67,52,52,13,13,20,10,35,19,25,25,5,5],"gold":419,"neow_bonus":"RANDOM_COLORLESS_2","is_daily":false,"chose_seed":false,"campfire_upgraded":1,"win_rate":0.0,"timestamp":1612961866,"path_taken":["M","?","M","M","?","E","?","E","T","M","M","R","E","M","R","BOSS"],"items_purchased_type":[],"build_version":"2020-12-22","purchased_purges":0,"victory":false,"max_hp_per_floor":[80,85,85,85,85,85,85,85,85,85,85,85,85,85,85,85,85],"card_choices":[{"not_picked":["Secret Weapon","Apotheosis"],"picked":"HandOfGreed","floor":0.0},{"not_picked":["Feel No Pain","Iron Wave"],"picked":"Rampage","floor":1.0},{"not_picked":["Havoc","Perfected Strike"],"picked":"Battle Trance","floor":3.0},{"not_picked":["Sword Boomerang","Heavy Blade"],"picked":"Headbutt","floor":4.0},{"not_picked":["Sword Boomerang","Anger","Wild Strike"],"picked":"SKIP","floor":6.0},{"not_picked":["Clothesline","Berserk","Anger"],"picked":"SKIP","floor":8.0},{"not_picked":["Clash","Havoc"],"picked":"Warcry","floor":10.0},{"not_picked":["Twin Strike","Sword Boomerang"],"picked":"Shrug It Off","floor":10.0},{"not_picked":["Iron Wave","Clothesline","Spot Weakness"],"picked":"SKIP","floor":11.0},{"not_picked":["Wild Strike","Dark Embrace","Spot Weakness"],"picked":"SKIP","floor":11.0},{"not_picked":["Clothesline","Anger"],"picked":"Pommel Strike","floor":13.0},{"not_picked":["Twin Strike","Metallicize"],"picked":"Havoc","floor":14.0},{"not_picked":["Intimidate","Bloodletting","Rupture"],"picked":"SKIP","floor":14.0}],"player_experience":156543,"relics_obtained":[{"floor":6.0,"key":"Prayer Wheel"},{"floor":7.0,"key":"Unceasing Top"},{"floor":8.0,"key":"White Beast Statue"},{"floor":9.0,"key":"Ancient Tea Set"},{"floor":13.0,"key":"Dream Catcher"}],"event_choices":[{"damage_healed":0.0,"max_hp_gain":5.0,"max_hp_loss":0.0,"gold_gain":0.0,"event_name":"Big Fish","player_choice":"Donut","floor":2.0,"gold_loss":0.0,"damage_taken":0.0},{"cards_removed":["Strike_R"],"damage_healed":0.0,"max_hp_gain":0.0,"max_hp_loss":0.0,"gold_gain":0.0,"event_name":"Golden Wing","player_choice":"Card Removal","floor":5.0,"gold_loss":0.0,"damage_taken":7.0}],"is_beta":false,"boss_relics":[],"items_purged_floors":[],"is_endless":false,"potions_floor_spawned":[1,8,10,11,13,14],"killed_by":"The Guardian","ascension_level":11}}