{"host":"f6w7z8zvb0mi4wy9","time":1612971779,"event":{"mods":["BaseMod","Colored Map","Minty Spire (QoL Compilation)","READ ME - Guardian Mod","StSLib","SuperFastMode","The Jungle"],"gold_per_floor":[109,109,59,77,39,69,69,19,93,106,106,135,135,154,154,250,250,263,263,263,281,298,331,331,70,70,89,100,100,100,120,120,218,218,230,247,247,247,267,267,294,294,339,356,370,370,405,419,419,419,419,419,37,63,63],"floor_reached":56,"language":"KOR","playtime":3395,"items_purged":[],"score":1389,"play_id":"f29fe0ea-127f-4223-9c4b-b9a8e20fcdca","local_time":"20210211004259","is_ascension_mode":true,"campfire_choices":[{"data":"Zap","floor":7.0,"key":"SMITH"},{"data":"Dualcast","floor":13.0,"key":"SMITH"},{"data":"Creative AI","floor":15.0,"key":"SMITH"},{"floor":24.0,"key":"REST"},{"data":"White Noise","floor":30.0,"key":"SMITH"},{"data":"Hologram","floor":32.0,"key":"SMITH"},{"floor":40.0,"key":"RECALL"},{"data":"Seek","floor":42.0,"key":"SMITH"},{"data":"FTL","floor":46.0,"key":"SMITH"},{"data":"Force Field","floor":49.0,"key":"SMITH"},{"data":"Chill","floor":52,"key":"SMITH"}],"circlet_count":0,"master_deck":["Strike_B+1","Defend_B","Defend_B+1","Defend_B","Zap+1","Dualcast+1","Cold Snap","Hologram+1","FTL+1","Gash","Chill+1","Creative AI+1","Seek+1","Force Field+1","Scrape+1","Gash+1","White Noise+1","Hello World","Steam+1","Hello World+1","Go for the Eyes+1","Force Field+1","White Noise+1","Glacier+1","Hologram+1","Self Repair","Panacea","Coolheaded"],"relics":["Cracked Core","NeowsBlessing","DataDisk","Eternal Feather","Toy Ornithopter","Sozu","Ornamental Fan","Nunchaku","Mummified Hand","Empty Cage","Pen Nib","Vajra","Bottled Lightning","Bird Faced Urn","Gremlin Horn"],"acts_visited":["Exordium","Exordium","TheBeyond","TheEnding"],"potions_floor_usage":[],"damage_taken":[{"damage":0.0,"enemies":"2 Louse","floor":1.0,"turns":1.0},{"damage":0.0,"enemies":"Jaw Worm","floor":4.0,"turns":1.0},{"damage":0.0,"enemies":"Lagavulin","floor":6.0,"turns":1.0},{"damage":0.0,"enemies":"Cultist","floor":10.0,"turns":2.0},{"damage":0.0,"enemies":"Gremlin Nob","floor":12.0,"turns":3.0},{"damage":0.0,"enemies":"Blue Slaver","floor":14.0,"turns":2.0},{"damage":36.0,"enemies":"Hexaghost","floor":16.0,"turns":9.0},{"damage":0.0,"enemies":"theJungle:MUSHROOMGANG","floor":18.0,"turns":5.0},{"damage":54.0,"enemies":"JungleHuntersEvent","floor":20.0,"turns":8.0},{"damage":0.0,"enemies":"Shell Parasite","floor":21.0,"turns":4.0},{"damage":0.0,"enemies":"theJungle:SlimyTreeVines","floor":22.0,"turns":6.0},{"damage":5.0,"enemies":"theJungle:MamaSnecko","floor":23.0,"turns":7.0},{"damage":8.0,"enemies":"theJungle:2_Flameangoes","floor":27.0,"turns":5.0},{"damage":0.0,"enemies":"theJungle:JungleHuntersEncounter","floor":28.0,"turns":5.0},{"damage":7.0,"enemies":"theJungle:2_Snecko_Cultists","floor":31.0,"turns":6.0},{"damage":0.0,"enemies":"theJungle:FunGuy","floor":33.0,"turns":7.0},{"damage":0.0,"enemies":"3 Shapes","floor":35.0,"turns":4.0},{"damage":0.0,"enemies":"Orb Walker","floor":36.0,"turns":2.0},{"damage":2.0,"enemies":"Writhing Mass","floor":39.0,"turns":7.0},{"damage":20.0,"enemies":"Giant Head","floor":41.0,"turns":9.0},{"damage":2.0,"enemies":"Transient","floor":44.0,"turns":5.0},{"damage":0.0,"enemies":"Spire Growth","floor":45.0,"turns":4.0},{"damage":21.0,"enemies":"Nemesis","floor":47.0,"turns":5.0},{"damage":0.0,"enemies":"Maw","floor":48.0,"turns":5.0},{"damage":30,"enemies":"Awakened One","floor":50,"turns":11},{"damage":17,"enemies":"Shield and Spear","floor":54,"turns":5},{"damage":68,"enemies":"The Heart","floor":55,"turns":7}],"seed_played":"6763724861681181808","potions_obtained":[{"floor":4.0,"key":"PotionOfCapacity"},{"floor":10.0,"key":"FearPotion"},{"floor":16.0,"key":"Strength Potion"}],"is_trial":false,"path_per_floor":["M","?","?","M","$","E","R","$","T","M","?","E","R","M","R","B",null,"M","?","?","M","M","E","R","$","T","M","M","?","R","M","R","B",null,"M","M","?","?","M","R","E","R","T","M","M","R","E","M","R","B",null,"R","$","E","B",null],"character_chosen":"DEFECT","items_purchased":["FTL","Explosive Potion","Mummified Hand","Bird Faced Urn","Panacea"],"campfire_rested":1,"item_purchase_floors":[5,8,25,53,53],"current_hp_per_floor":[75,60,60,60,60,60,60,60,60,60,60,60,66,66,72,39,75,75,75,21,21,27,27,58,58,58,50,50,45,57,50,62,62,80,80,80,80,90,88,90,70,82,82,80,80,90,69,69,84,61,90,90,90,90,69],"gold":63,"neow_bonus":"THREE_ENEMY_KILL","is_daily":false,"chose_seed":false,"campfire_upgraded":9,"win_rate":0.0,"timestamp":1612971779,"path_taken":["M","?","?","M","$","E","R","?","T","M","?","E","R","M","R","BOSS","M","?","?","M","M","E","R","$","T","M","M","?","R","?","R","BOSS","M","M","?","?","?","R","E","R","T","M","M","R","E","M","R","BOSS","R","$","E","BOSS"],"items_purchased_type":["Card","Potion","Relic","Relic","Card"],"build_version":"2020-12-22","purchased_purges":0,"victory":true,"max_hp_per_floor":[75,75,75,75,75,75,75,75,75,75,75,75,75,75,75,75,75,75,75,75,75,75,75,75,75,75,75,75,80,80,80,80,80,80,80,80,80,90,90,90,90,90,90,90,90,90,90,90,90,90,90,90,90,90,90],"card_choices":[{"not_picked":["Barrage","Sunder"],"picked":"Cold Snap","floor":1.0},{"not_picked":["Compile Driver","Fusion"],"picked":"Hologram","floor":4.0},{"not_picked":["Compile Driver","Hologram"],"picked":"Gash","floor":6.0},{"not_picked":["Sunder","Hello World","Compile Driver"],"picked":"SKIP","floor":10.0},{"not_picked":["Rebound","Steam"],"picked":"Chill","floor":12.0},{"not_picked":["Compile Driver","Glacier"],"picked":"Creative AI","floor":14.0},{"not_picked":["Multi-Cast","Fission"],"picked":"Seek","floor":16.0},{"not_picked":["Ball Lightning","Fusion"],"picked":"Force Field+1","floor":18.0},{"not_picked":["Conserve Battery","Turbo"],"picked":"Scrape+1","floor":20.0},{"not_picked":["Rip and Tear","Compile Driver"],"picked":"Gash+1","floor":21.0},{"not_picked":["Streamline+1","Steam Power","Leap"],"picked":"SKIP","floor":22.0},{"not_picked":["Compile Driver","Doom and Gloom"],"picked":"White Noise","floor":23.0},{"not_picked":["Reinforced Body","Hologram"],"picked":"Hello World","floor":27.0},{"not_picked":["Redo+1","Cold Snap+1","Steam"],"picked":"SKIP","floor":28.0},{"not_picked":["Rebound+1","Conserve Battery"],"picked":"Steam+1","floor":31.0},{"not_picked":["Thunder Strike","Seek"],"picked":"Buffer","floor":33.0},{"not_picked":["Turbo+1","Redo+1"],"picked":"Hello World+1","floor":35.0},{"not_picked":["Reinforced Body+1","Steam Power"],"picked":"Go for the Eyes+1","floor":36.0},{"not_picked":["Leap","Gash+1"],"picked":"Force Field","floor":39.0},{"not_picked":["Beam Cell+1","All For One"],"picked":"White Noise+1","floor":41.0},{"not_picked":["Sweeping Beam","Streamline"],"picked":"Glacier+1","floor":44.0},{"not_picked":["Compile Driver+1","Hello World+1"],"picked":"Hologram+1","floor":45.0},{"not_picked":["Steam Power","Reprogram+1","Turbo+1"],"picked":"SKIP","floor":47.0},{"not_picked":["Recycle","Conserve Battery"],"picked":"Self Repair","floor":48.0},{"not_picked":["Gash+1","Turbo+1"],"picked":"Coolheaded","floor":54}],"player_experience":925645,"relics_obtained":[{"floor":6.0,"key":"DataDisk"},{"floor":9.0,"key":"Eternal Feather"},{"floor":12.0,"key":"Toy Ornithopter"},{"floor":20.0,"key":"Ornamental Fan"},{"floor":23.0,"key":"Nunchaku"},{"floor":41.0,"key":"Pen Nib"},{"floor":43.0,"key":"Vajra"},{"floor":47.0,"key":"Bottled Lightning"},{"floor":54,"key":"Gremlin Horn"}],"event_choices":[{"damage_healed":0.0,"max_hp_gain":0.0,"max_hp_loss":0.0,"gold_gain":0.0,"event_name":"Shining Light","player_choice":"Entered Light","floor":2.0,"gold_loss":0.0,"damage_taken":15.0,"cards_upgraded":["Defend_B","Strike_B"]},{"cards_removed":["Strike_B"],"damage_healed":0.0,"max_hp_gain":0.0,"max_hp_loss":0.0,"gold_gain":0.0,"event_name":"The Cleric","player_choice":"Card Removal","floor":3.0,"gold_loss":50.0,"damage_taken":0.0},{"cards_removed":["Strike_B"],"damage_healed":0.0,"max_hp_gain":0.0,"max_hp_loss":0.0,"gold_gain":0.0,"event_name":"Purifier","player_choice":"Purged","floor":11.0,"gold_loss":0.0,"damage_taken":0.0},{"damage_healed":0.0,"max_hp_gain":0.0,"max_hp_loss":0.0,"gold_gain":0.0,"event_name":"Tomb of Lord Red Mask","player_choice":"Ignored","floor":37.0,"gold_loss":0.0,"damage_taken":0.0},{"cards_removed":["Buffer"],"damage_healed":0.0,"max_hp_gain":10.0,"max_hp_loss":0.0,"gold_gain":0.0,"event_name":"Bonfire Elementals","player_choice":"Offered Rare","floor":38.0,"gold_loss":0.0,"damage_taken":0.0}],"is_beta":false,"boss_relics":[{"not_picked":["Calling Bell","Snecko Eye"],"picked":"Sozu"},{"not_picked":["Velvet Choker","Fusion Hammer"],"picked":"Empty Cage"}],"items_purged_floors":[],"is_endless":false,"potions_floor_spawned":[4,10,16,23,28,33,41,47,54],"ascension_level":1}}