{"host":"y0i0tbisecj7yjyn","time":1612934337,"event":{"mods":["AchievementEnabler","AlwaysNeverKeys","BaseMod","BetterRewards","Colored Map","Colored Powertips","Curses Come First","Disable Question Mark Monsters","Displayed Cursed Tome","Highlight Path","Keyboard Shortcuts","Minty Spire (QoL Compilation)","Quick Restart","Random Character Button","Rare Cards Sparkle","StSLib","SuperFastMode","Transform Curses","Weighted Paths"],"gold_per_floor":[109,109,284,284,12,12,12,47,47,47,61,95,110,75,75,195,195,219,219,219,219,240,240,265,265,289,289,304,329,345,96,96,226,226,250,265,328,328,328,328,369,369,369,402,427,448,5,5,5,5,5,5,5,48,48,48],"floor_reached":55,"language":"ENG","playtime":3508,"items_purged":["Tools of the Trade"],"score":957,"play_id":"e40adc76-915b-4a68-a376-00d9ccc2483e","local_time":"20210209231857","is_ascension_mode":true,"campfire_choices":[{"data":"Discovery","floor":6.0,"key":"SMITH"},{"floor":10.0,"key":"REST"},{"data":"Catalyst","floor":15.0,"key":"SMITH"},{"floor":23.0,"key":"REST"},{"floor":27.0,"key":"REST"},{"floor":32.0,"key":"REST"},{"floor":40.0,"key":"REST"},{"floor":42.0,"key":"REST"},{"data":"After Image","floor":49.0,"key":"SMITH"},{"data":"Catalyst","floor":52.0,"key":"SMITH"}],"circlet_count":0,"master_deck":["Survivor","Neutralize+1","Dagger Spray","Catalyst","Discovery+1","Deflect","Corpse Explosion","Dodge and Roll","Escape Plan","Deadly Poison","Catalyst+1","Envenom","Acrobatics","Infinite Blades+1","Catalyst+1","Concentrate+1","Deflect+1","Envenom","Catalyst+1","Tactician","After Image+1","Quick Slash","Heel Hook","Flying Knee","Crippling Poison","Catalyst","PiercingWail","Malaise","After Image","Dagger Throw","Terror+1","Terror+1","Tactician+1","Leg Sweep+1","Writhe","Crippling Poison","Deflect+1","Catalyst"],"relics":["Ring of the Snake","NeowsBlessing","Strange Spoon","Golden Idol","Smiling Mask","Prayer Wheel","White Beast Statue","Philosopher\u0027s Stone","Enchiridion","Du-Vu Doll","Whetstone","Kunai","Pandora\u0027s Box","StoneCalendar","Pear","Bottled Flame","Singing Bowl","Lee\u0027s Waffle","Ninja Scroll","Anchor"],"acts_visited":["Exordium","TheCity","TheBeyond","TheEnding"],"potions_floor_usage":[],"damage_taken":[{"damage":0.0,"enemies":"Cultist","floor":1.0,"turns":1.0},{"damage":0.0,"enemies":"Lagavulin","floor":8.0,"turns":1.0},{"damage":0.0,"enemies":"Small Slimes","floor":11.0,"turns":1.0},{"damage":23.0,"enemies":"Gremlin Nob","floor":12.0,"turns":5.0},{"damage":0.0,"enemies":"Jaw Worm","floor":13.0,"turns":4.0},{"damage":9.0,"enemies":"Hexaghost","floor":16.0,"turns":6.0},{"damage":16.0,"enemies":"2 Thieves","floor":18.0,"turns":3.0},{"damage":9.0,"enemies":"Shell Parasite","floor":22.0,"turns":4.0},{"damage":24.0,"enemies":"Shelled Parasite and Fungi","floor":24.0,"turns":4.0},{"damage":18.0,"enemies":"Centurion and Healer","floor":28.0,"turns":3.0},{"damage":14.0,"enemies":"Snake Plant","floor":29.0,"turns":3.0},{"damage":5.0,"enemies":"Snecko","floor":30.0,"turns":5.0},{"damage":7.0,"enemies":"Champ","floor":33.0,"turns":7.0},{"damage":19.0,"enemies":"3 Shapes","floor":35.0,"turns":4.0},{"damage":38.0,"enemies":"3 Darklings","floor":36.0,"turns":3.0},{"damage":0.0,"enemies":"Mind Bloom Boss Battle","floor":37.0,"turns":3.0},{"damage":4.0,"enemies":"Giant Head","floor":41.0,"turns":5.0},{"damage":0.0,"enemies":"Reptomancer","floor":44.0,"turns":2.0},{"damage":29.0,"enemies":"Sphere and 2 Shapes","floor":45.0,"turns":6.0},{"damage":0.0,"enemies":"Maw","floor":46.0,"turns":4.0},{"damage":38.0,"enemies":"Donu and Deca","floor":50.0,"turns":7.0},{"damage":43,"enemies":"Shield and Spear","floor":54,"turns":6},{"damage":49,"enemies":"The Heart","floor":55,"turns":3}],"seed_played":"2104237064966315134","potions_obtained":[{"floor":12.0,"key":"AttackPotion"},{"floor":13.0,"key":"DistilledChaos"},{"floor":16.0,"key":"Weak Potion"},{"floor":18.0,"key":"DistilledChaos"},{"floor":22.0,"key":"Strength Potion"},{"floor":24.0,"key":"LiquidBronze"},{"floor":28.0,"key":"Explosive Potion"},{"floor":29.0,"key":"SpeedPotion"},{"floor":30.0,"key":"Swift Potion"},{"floor":33.0,"key":"GamblersBrew"},{"floor":35.0,"key":"DistilledChaos"},{"floor":36.0,"key":"SmokeBomb"},{"floor":41.0,"key":"Fire Potion"},{"floor":44.0,"key":"Dexterity Potion"},{"floor":45.0,"key":"PowerPotion"},{"floor":46.0,"key":"Swift Potion"},{"floor":54,"key":"Swift Potion"}],"is_trial":false,"path_per_floor":["M","?","?","?","$","R","?","E","T","R","M","E","M","?","R","B",null,"M","?","?","?","M","R","M","?","T","R","M","M","M","$","R","B",null,"M","M","?","?","?","R","E","R","T","E","M","M","$","?","R","B",null,"R","$","E","B"],"character_chosen":"THE_SILENT","items_purchased":["Strange Spoon","Catalyst","Discovery","Kunai","Lee\u0027s Waffle","Ninja Scroll"],"campfire_rested":6,"item_purchase_floors":[5,5,5,31,47,47],"current_hp_per_floor":[70,56,56,56,56,56,56,56,56,65,65,42,42,58,58,49,65,49,33,33,33,24,43,19,19,19,38,20,6,1,1,20,13,65,46,8,8,24,24,43,49,71,71,73,46,48,88,88,88,50,88,88,88,47,0,0],"gold":48,"neow_bonus":"THREE_ENEMY_KILL","is_daily":false,"chose_seed":false,"campfire_upgraded":4,"win_rate":0.0,"timestamp":1612934337,"path_taken":["M","?","?","?","?","R","?","E","T","R","M","E","M","?","R","BOSS","M","?","?","?","?","R","M","?","T","R","M","?","M","?","R","BOSS","M","M","?","?","?","R","E","R","T","E","?","M","$","?","R","BOSS","R","$","E","BOSS"],"items_purchased_type":["Relic","Card","Card","Relic","Relic","Relic"],"build_version":"2020-12-22","purchased_purges":1,"victory":false,"max_hp_per_floor":[70,70,70,70,70,70,65,65,65,65,65,65,65,65,65,65,65,65,65,65,65,65,65,65,65,65,65,65,65,65,65,65,65,65,65,65,65,65,65,65,75,75,75,77,79,81,88,88,88,88,88,88,88,90,90,90],"card_choices":[{"not_picked":["Deadly Poison","Backflip"],"picked":"Dagger Spray","floor":1.0},{"not_picked":["Dodge and Roll","Endless Agony"],"picked":"Deflect","floor":8.0},{"not_picked":["Outmaneuver","Heel Hook"],"picked":"Corpse Explosion","floor":11.0},{"not_picked":["Prepared","PiercingWail"],"picked":"Dodge and Roll","floor":11.0},{"not_picked":["Slice","Acrobatics"],"picked":"Escape Plan","floor":12.0},{"not_picked":["Bane","Backflip"],"picked":"Deadly Poison","floor":13.0},{"not_picked":["Backflip","Cloak And Dagger"],"picked":"Catalyst","floor":13.0},{"not_picked":["Wraith Form v2","Storm of Steel"],"picked":"Envenom","floor":16.0},{"not_picked":["Well Laid Plans","Bane"],"picked":"Acrobatics","floor":18.0},{"not_picked":["Deflect","Sucker Punch","Accuracy"],"picked":"SKIP","floor":18.0},{"not_picked":["Bane","Distraction"],"picked":"Infinite Blades+1","floor":22.0},{"not_picked":["Dagger Throw","Backflip","Acrobatics"],"picked":"SKIP","floor":22.0},{"not_picked":["Accuracy","Deadly Poison"],"picked":"Catalyst+1","floor":24.0},{"not_picked":["Predator","Leg Sweep"],"picked":"Concentrate+1","floor":24.0},{"not_picked":["Acrobatics","Poisoned Stab"],"picked":"Deflect+1","floor":28.0},{"not_picked":["Leg Sweep","Blade Dance","Accuracy+1"],"picked":"SKIP","floor":28.0},{"not_picked":["Prepared","Poisoned Stab"],"picked":"Infinite Blades","floor":29.0},{"not_picked":["Bane+1","Prepared+1"],"picked":"Envenom","floor":29.0},{"not_picked":["Backstab","Underhanded Strike"],"picked":"Catalyst","floor":30.0},{"not_picked":["All Out Attack","Dagger Spray"],"picked":"Tactician","floor":30.0},{"not_picked":["Unload","Tools of the Trade"],"picked":"After Image","floor":33.0},{"not_picked":["Dodge and Roll+1","Dagger Spray+1"],"picked":"Terror+1","floor":35.0},{"not_picked":["Escape Plan+1","Quick Slash+1"],"picked":"Terror+1","floor":35.0},{"not_picked":["Flying Knee+1","Calculated Gamble"],"picked":"Tactician+1","floor":36.0},{"not_picked":["Eviscerate","Bane","Sucker Punch"],"picked":"SKIP","floor":36.0},{"not_picked":["Masterful Stab","Skewer+1"],"picked":"Leg Sweep+1","floor":37.0},{"not_picked":["Cloak And Dagger+1","Heel Hook"],"picked":"Crippling Poison","floor":41.0},{"not_picked":["Concentrate","Doppelganger","Acrobatics+1"],"picked":"Singing Bowl","floor":44.0},{"not_picked":["Dagger Throw","Prepared","Backflip+1"],"picked":"Singing Bowl","floor":45.0},{"not_picked":["Flying Knee","Blur+1"],"picked":"Deflect+1","floor":45.0},{"not_picked":["Infinite Blades+1","Blur","Skewer"],"picked":"Singing Bowl","floor":46.0},{"not_picked":["Bouncing Flask","Deflect+1"],"picked":"Catalyst","floor":46.0},{"not_picked":["Terror+1","Infinite Blades","Poisoned Stab"],"picked":"Singing Bowl","floor":54}],"player_experience":418791,"relics_obtained":[{"floor":8.0,"key":"Smiling Mask"},{"floor":9.0,"key":"Prayer Wheel"},{"floor":12.0,"key":"White Beast Statue"},{"floor":26.0,"key":"Whetstone"},{"floor":37.0,"key":"StoneCalendar"},{"floor":41.0,"key":"Pear"},{"floor":43.0,"key":"Bottled Flame"},{"floor":44.0,"key":"Singing Bowl"},{"floor":54,"key":"Anchor"}],"event_choices":[{"damage_healed":0.0,"max_hp_gain":0.0,"max_hp_loss":0.0,"gold_gain":0.0,"event_name":"Shining Light","player_choice":"Entered Light","floor":2.0,"gold_loss":0.0,"damage_taken":14.0,"cards_upgraded":["Neutralize","Strike_G"]},{"damage_healed":0.0,"max_hp_gain":0.0,"max_hp_loss":0.0,"gold_gain":175.0,"event_name":"Liars Game","player_choice":"AGREE","floor":3.0,"gold_loss":0.0,"damage_taken":0.0,"cards_obtained":["Doubt"]},{"cards_removed":["Doubt"],"damage_healed":0.0,"max_hp_gain":0.0,"max_hp_loss":0.0,"gold_gain":0.0,"event_name":"Fountain of Cleansing","player_choice":"Removed Curses","floor":4.0,"gold_loss":0.0,"damage_taken":0.0},{"damage_healed":0.0,"max_hp_gain":0.0,"max_hp_loss":5.0,"gold_gain":0.0,"event_name":"Golden Idol","player_choice":"Lose Max HP","floor":7.0,"gold_loss":0.0,"damage_taken":0.0,"relics_obtained":["Golden Idol"]},{"damage_healed":16.0,"max_hp_gain":0.0,"max_hp_loss":0.0,"gold_gain":0.0,"event_name":"The Cleric","player_choice":"Healed","floor":14.0,"gold_loss":35.0,"damage_taken":0.0},{"damage_healed":0.0,"max_hp_gain":0.0,"max_hp_loss":0.0,"gold_gain":0.0,"event_name":"Cursed Tome","player_choice":"Obtained Book","floor":19.0,"gold_loss":0.0,"damage_taken":16.0},{"damage_healed":0.0,"max_hp_gain":0.0,"max_hp_loss":0.0,"gold_gain":0.0,"event_name":"Vampires","player_choice":"Ignored","floor":20.0,"gold_loss":0.0,"damage_taken":0.0},{"damage_healed":0.0,"max_hp_gain":0.0,"max_hp_loss":0.0,"gold_gain":0.0,"event_name":"The Mausoleum","player_choice":"Opened","floor":21.0,"gold_loss":0.0,"damage_taken":0.0,"relics_obtained":["Du-Vu Doll"]},{"damage_healed":0.0,"max_hp_gain":0.0,"max_hp_loss":0.0,"gold_gain":0.0,"event_name":"Purifier","player_choice":"Ignored","floor":25.0,"gold_loss":0.0,"damage_taken":0.0},{"damage_healed":0.0,"max_hp_gain":0.0,"max_hp_loss":0.0,"gold_gain":0.0,"event_name":"MindBloom","player_choice":"Fight","floor":37.0,"gold_loss":0.0,"damage_taken":0.0},{"damage_healed":16.0,"max_hp_gain":0.0,"max_hp_loss":0.0,"gold_gain":0.0,"event_name":"Winding Halls","player_choice":"Writhe","floor":38.0,"gold_loss":0.0,"damage_taken":0.0,"cards_obtained":["Writhe"]},{"damage_healed":0.0,"max_hp_gain":0.0,"max_hp_loss":0.0,"gold_gain":0.0,"event_name":"Tomb of Lord Red Mask","player_choice":"Ignored","floor":39.0,"gold_loss":0.0,"damage_taken":0.0},{"cards_removed":["Infinite Blades"],"damage_healed":0.0,"max_hp_gain":0.0,"max_hp_loss":0.0,"gold_gain":0.0,"event_name":"Purifier","player_choice":"Purged","floor":48.0,"gold_loss":0.0,"damage_taken":0.0}],"is_beta":false,"boss_relics":[{"not_picked":["Ring of the Serpent","Coffee Dripper"],"picked":"Philosopher\u0027s Stone"},{"not_picked":["Astrolabe","Runic Dome"],"picked":"Pandora\u0027s Box"}],"items_purged_floors":[47],"is_endless":false,"potions_floor_spawned":[12,13,16,18,22,24,28,29,30,33,35,36,37,41,44,45,46,54],"killed_by":"The Heart","ascension_level":2}}