{"host":"adi","time":1612994583,"event":{"mods":["AchievementEnabler","BaseMod","Bestiary","Colored Powertips","Minty Spire (QoL Compilation)","StSLib"],"gold_per_floor":[112,127,145,145,70,102,102,132,132,132,147,47,60,79,79,96,96,174,174,187,203,124,139,155,181,181,181,93,120,120,120,120,153,176,194,194,273,273,285,339,356,356,356,382,216,216,241,241,271,271,87,87,97,97,97],"floor_reached":56,"language":"ENG","playtime":2717,"items_purged":["Regret","Strike_B","Strike_B"],"score":1384,"play_id":"25f70268-6307-446c-81e3-95d025f9992a","local_time":"20210210230303","is_ascension_mode":true,"campfire_choices":[{"floor":7.0,"key":"REST"},{"data":"Glacier","floor":17.0,"key":"SMITH"},{"data":"Defragment","floor":26.0,"key":"SMITH"},{"data":"Capacitor","floor":31.0,"key":"SMITH"},{"floor":36.0,"key":"REST"},{"floor":46.0,"key":"REST"},{"data":"Fission","floor":50.0,"key":"SMITH"},{"floor":54.0,"key":"REST"}],"circlet_count":0,"master_deck":["AscendersBane","Strike_B+1","Strike_B+1","Defend_B","Defend_B+1","Defend_B","Defend_B","Zap","Dualcast","Ball Lightning","Coolheaded","Biased Cognition+1","Sunder+1","Barrage+1","Streamline+1","Glacier+1","Fusion+1","Electrodynamics","Skim+1","Defragment+1","Hello World+1","Coolheaded","Capacitor+1","Creative AI","Machine Learning","Fission+1","Tempest","Ball Lightning+1","Defragment+1","Core Surge+1","Hologram","Lockon+1"],"relics":["Velvet Choker","Art of War","Molten Egg 2","Strawberry","Orichalcum","Calling Bell","Omamori","Mummified Hand","Thread and Needle","Akabeko","Pen Nib","War Paint","Bottled Tornado","Gremlin Horn","Tiny Chest","Snecko Eye","Emotion Chip","Whetstone","DollysMirror","Dream Catcher","Oddly Smooth Stone","Anchor","Kunai"],"acts_visited":["Exordium","TheCity","TheBeyond"],"potions_floor_usage":[55],"damage_taken":[{"damage":2.0,"enemies":"Jaw Worm","floor":1.0,"turns":4.0},{"damage":9.0,"enemies":"2 Louse","floor":2.0,"turns":2.0},{"damage":0.0,"enemies":"Small Slimes","floor":3.0,"turns":2.0},{"damage":14.0,"enemies":"Gremlin Nob","floor":6.0,"turns":4.0},{"damage":15.0,"enemies":"3 Sentries","floor":8.0,"turns":6.0},{"damage":6.0,"enemies":"Red Slaver","floor":11.0,"turns":2.0},{"damage":0.0,"enemies":"2 Fungi Beasts","floor":13.0,"turns":2.0},{"damage":0.0,"enemies":"Looter","floor":14.0,"turns":3.0},{"damage":7.0,"enemies":"Blue Slaver","floor":16.0,"turns":4.0},{"damage":34.0,"enemies":"Hexaghost","floor":18.0,"turns":10.0},{"damage":0.0,"enemies":"3 Byrds","floor":20.0,"turns":3.0},{"damage":11.0,"enemies":"2 Thieves","floor":21.0,"turns":3.0},{"damage":0.0,"enemies":"3 Cultists","floor":23.0,"turns":4.0},{"damage":0.0,"enemies":"Centurion and Healer","floor":24.0,"turns":4.0},{"damage":0.0,"enemies":"Slavers","floor":25.0,"turns":4.0},{"damage":30.0,"enemies":"Book of Stabbing","floor":33.0,"turns":6.0},{"damage":0.0,"enemies":"Cultist and Chosen","floor":35.0,"turns":4.0},{"damage":11.0,"enemies":"Automaton","floor":37.0,"turns":9.0},{"damage":14.0,"enemies":"3 Darklings","floor":39.0,"turns":6.0},{"damage":12.0,"enemies":"2 Orb Walkers","floor":40.0,"turns":5.0},{"damage":6.0,"enemies":"Orb Walker","floor":41.0,"turns":2.0},{"damage":6.0,"enemies":"Giant Head","floor":44.0,"turns":6.0},{"damage":21.0,"enemies":"Reptomancer","floor":49.0,"turns":3.0},{"damage":3.0,"enemies":"3 Darklings","floor":53.0,"turns":3.0},{"damage":8,"enemies":"Donu and Deca","floor":55,"turns":7}],"seed_played":"7853063591483649384","potions_obtained":[{"floor":1.0,"key":"BlessingOfTheForge"},{"floor":6.0,"key":"LiquidBronze"},{"floor":14.0,"key":"PowerPotion"},{"floor":16.0,"key":"DuplicationPotion"},{"floor":35.0,"key":"FairyPotion"},{"floor":49.0,"key":"GamblersBrew"}],"is_trial":false,"path_per_floor":["M","M","M","?","$","E","R","E","?","T","M","$","M","M","?","M","R","B",null,"M","M","$","M","M","E","R","?","$","T","T","R","?","E","T","M","R","B",null,"M","?","M","?","$","E","$","R","T","T","E","R","$","?","M","R","B",null],"character_chosen":"DEFECT","items_purchased":["Defragment","Capacitor","DollysMirror","Hologram"],"campfire_rested":4,"item_purchase_floors":[22,28,45,51],"current_hp_per_floor":[62,53,53,53,53,39,60,52,52,52,46,46,46,46,46,39,39,5,60,60,49,49,49,49,49,49,49,49,49,49,49,49,19,19,19,42,31,66,52,40,34,34,34,28,28,50,50,50,29,29,29,29,26,48,40],"gold":97,"neow_bonus":"BOSS_RELIC","is_daily":false,"chose_seed":false,"campfire_upgraded":4,"win_rate":0.0,"timestamp":1612994583,"path_taken":["M","M","M","?","$","E","R","E","?","T","M","?","M","M","?","M","R","BOSS","M","M","?","M","M","E","R","?","$","T","T","R","?","E","?","M","R","BOSS","M","?","M","?","?","E","$","R","?","T","E","R","$","?","M","R","BOSS"],"items_purchased_type":["Card","Card","Relic","Card"],"build_version":"2020-12-18","purchased_purges":3,"victory":true,"max_hp_per_floor":[71,71,71,71,71,71,71,78,78,78,78,78,78,78,78,78,78,78,78,78,78,78,78,78,78,78,78,78,78,78,78,78,78,78,78,78,78,78,78,78,78,74,74,74,74,74,74,74,74,74,74,74,74,74,74],"card_choices":[{"not_picked":["Conserve Battery","Go for the Eyes"],"picked":"Ball Lightning","floor":1.0},{"not_picked":["Darkness","Steam"],"picked":"Coolheaded","floor":2.0},{"not_picked":["Coolheaded","Rebound"],"picked":"Biased Cognition","floor":3.0},{"not_picked":["Chaos","Blizzard+1"],"picked":"Sunder+1","floor":6.0},{"not_picked":["Chaos","Stack"],"picked":"Barrage+1","floor":8.0},{"not_picked":["Rebound+1","Barrage+1"],"picked":"Streamline+1","floor":11.0},{"not_picked":["Tempest","Sweeping Beam+1"],"picked":"Glacier","floor":13.0},{"not_picked":["Darkness","Rip and Tear+1"],"picked":"Fusion","floor":14.0},{"not_picked":["Stack","Turbo","Cold Snap+1"],"picked":"SKIP","floor":16.0},{"not_picked":["Machine Learning","Seek"],"picked":"Electrodynamics","floor":18.0},{"not_picked":["Conserve Battery","Consume","Redo"],"picked":"SKIP","floor":20.0},{"not_picked":["Steam","Streamline+1"],"picked":"Skim","floor":21.0},{"not_picked":["Ball Lightning+1","Lockon+1"],"picked":"Hello World+1","floor":23.0},{"not_picked":["Ball Lightning+1","Rebound+1"],"picked":"Coolheaded","floor":24.0},{"not_picked":["Compile Driver+1","Chaos","Steam"],"picked":"SKIP","floor":25.0},{"not_picked":["Redo","FTL+1"],"picked":"Machine Learning","floor":33.0},{"not_picked":["Blizzard+1","Static Discharge","Gash+1"],"picked":"SKIP","floor":35.0},{"not_picked":["Thunder Strike+1","Multi-Cast"],"picked":"Fission","floor":37.0},{"not_picked":["Scrape+1","Conserve Battery","Streamline+1"],"picked":"SKIP","floor":39.0},{"not_picked":["Leap+1","Hologram"],"picked":"Tempest","floor":40.0},{"not_picked":["Coolheaded","Conserve Battery"],"picked":"Ball Lightning+1","floor":41.0},{"not_picked":["Redo","Rebound+1","Skim"],"picked":"SKIP","floor":44.0},{"not_picked":["Coolheaded+1","Compile Driver+1"],"picked":"Core Surge+1","floor":49.0},{"not_picked":["Steam Power","Sweeping Beam+1"],"picked":"Lockon+1","floor":53.0}],"player_experience":398630,"relics_obtained":[{"floor":6.0,"key":"Molten Egg 2"},{"floor":8.0,"key":"Strawberry"},{"floor":10.0,"key":"Orichalcum"},{"floor":19.0,"key":"Omamori"},{"floor":19.0,"key":"Mummified Hand"},{"floor":19.0,"key":"Thread and Needle"},{"floor":25.0,"key":"Akabeko"},{"floor":29.0,"key":"War Paint"},{"floor":30.0,"key":"Bottled Tornado"},{"floor":33.0,"key":"Gremlin Horn"},{"floor":34.0,"key":"Tiny Chest"},{"floor":40.0,"key":"Emotion Chip"},{"floor":44.0,"key":"Whetstone"},{"floor":47.0,"key":"Dream Catcher"},{"floor":48.0,"key":"Oddly Smooth Stone"},{"floor":49.0,"key":"Anchor"},{"floor":52.0,"key":"Kunai"}],"event_choices":[{"damage_healed":0.0,"max_hp_gain":0.0,"max_hp_loss":0.0,"gold_gain":0.0,"event_name":"Big Fish","player_choice":"Box","floor":4.0,"gold_loss":0.0,"damage_taken":0.0,"relics_obtained":["Art of War"],"cards_obtained":["Regret"]},{"damage_healed":0.0,"max_hp_gain":0.0,"max_hp_loss":0.0,"gold_gain":0.0,"event_name":"Living Wall","player_choice":"Grow","floor":9.0,"gold_loss":0.0,"damage_taken":0.0,"cards_upgraded":["Biased Cognition"]},{"damage_healed":0.0,"max_hp_gain":0.0,"max_hp_loss":0.0,"gold_gain":0.0,"event_name":"Accursed Blacksmith","player_choice":"Forge","floor":15.0,"gold_loss":0.0,"damage_taken":0.0,"cards_upgraded":["Fusion"]},{"damage_healed":0.0,"max_hp_gain":0.0,"max_hp_loss":0.0,"gold_gain":0.0,"event_name":"Addict","player_choice":"Stole Relic","floor":27.0,"gold_loss":0.0,"damage_taken":0.0,"relics_obtained":["Pen Nib"],"cards_obtained":["Shame"]},{"damage_healed":0.0,"max_hp_gain":0.0,"max_hp_loss":0.0,"gold_gain":0.0,"event_name":"The Library","player_choice":"Read","floor":32.0,"gold_loss":0.0,"damage_taken":0.0,"cards_obtained":["Creative AI"]},{"damage_healed":0.0,"max_hp_gain":0.0,"max_hp_loss":0.0,"gold_gain":0.0,"event_name":"Mysterious Sphere","player_choice":"Fight","floor":40.0,"gold_loss":0.0,"damage_taken":0.0},{"damage_healed":0.0,"max_hp_gain":0.0,"max_hp_loss":4.0,"gold_gain":0.0,"event_name":"Winding Halls","player_choice":"Max HP","floor":42.0,"gold_loss":0.0,"damage_taken":0.0},{"damage_healed":0.0,"max_hp_gain":0.0,"max_hp_loss":0.0,"gold_gain":0.0,"event_name":"Wheel of Change","player_choice":"Relic","floor":52.0,"gold_loss":0.0,"damage_taken":0.0}],"is_beta":true,"boss_relics":[{"not_picked":["Astrolabe","Black Star"],"picked":"Calling Bell"},{"not_picked":["Philosopher\u0027s Stone","Coffee Dripper"],"picked":"Snecko Eye"}],"items_purged_floors":[5,12,51],"is_endless":false,"potions_floor_spawned":[1,6,14,16,18,21,33,35,37,39,40,49],"ascension_level":16}}