{"host":"kaame4qwxxqnygv7","time":1612932855,"event":{"mods":["AchievementEnabler","BaseMod","Better Match","Better Skull","Better Third Choice","Block Reminder","DeckTracker","Energized Spire","GungeonMod","Minty Spire (QoL Compilation)","Quick Restart","Red Circlet Mod","StSLib","SuperFastMode","The Blue Laboratory"],"gold_per_floor":[111,111,111,186,200,235,252,67,149,149,183,183,193,207,207,307,307,320,334,334,433,99,131,131,146,146,146,157,171,188,203,223,223,223,323,323,343,343,362,90,136,136,136,136,136,136,149,199,211,225,225,225,225,225,11,42,42],"floor_reached":58,"language":"KOR","playtime":2501,"items_purged":["Strike_G","Strike_G","Strike_G"],"score":1342,"play_id":"27c6d4bd-0f8a-492a-af72-c73621bf1e27","local_time":"20210210135415","is_ascension_mode":true,"campfire_choices":[{"floor":10.0,"key":"REST"},{"data":"Noxious Fumes","floor":12.0,"key":"SMITH"},{"floor":15.0,"key":"REST"},{"floor":24.0,"key":"REST"},{"data":"Neutralize","floor":27.0,"key":"SMITH"},{"floor":33.0,"key":"REST"},{"data":"Apotheosis","floor":42.0,"key":"SMITH"},{"floor":44.0,"key":"REST"},{"floor":51.0,"key":"RECALL"},{"floor":54.0,"key":"REST"}],"circlet_count":0,"master_deck":["Defend_G","Defend_G","Defend_G","Defend_G","Defend_G","Survivor","Neutralize+1","Poisoned Stab","Noxious Fumes+1","Bane","Storm of Steel","Noxious Fumes","Acrobatics+1","PiercingWail+1","Noxious Fumes+1","Apotheosis+1","Poisoned Stab+1"],"relics":["Ring of the Snake","NeowsBlessing","Snake Skull","Kunai","DemoMod:LamentConfigurum","StoneCalendar","DemoMod:RiddleOfLead","MutagenicStrength","Membership Card","Singing Bowl","Shovel","Darkstone Periapt","DemoMod:RatBoots","DemoMod:ResourcefulSack","DemoMod:PartiallyEatenCheese","Empty Cage","DemoMod:OrangeGuonStone","Du-Vu Doll","DemoMod:Relodestone","TwistedFunnel","Bag of Preparation"],"acts_visited":["Exordium","TheCity","DemoMod:Maze","TheBeyond","TheEnding"],"potions_floor_usage":[57,57,57],"damage_taken":[{"damage":0.0,"enemies":"Jaw Worm","floor":1.0,"turns":1.0},{"damage":0.0,"enemies":"Small Slimes","floor":5.0,"turns":1.0},{"damage":0.0,"enemies":"Lagavulin","floor":6.0,"turns":1.0},{"damage":0.0,"enemies":"2 Louse","floor":7.0,"turns":3.0},{"damage":10.0,"enemies":"Gremlin Nob","floor":11.0,"turns":4.0},{"damage":25.0,"enemies":"Exordium Wildlife","floor":13.0,"turns":7.0},{"damage":10.0,"enemies":"Exordium Thugs","floor":14.0,"turns":4.0},{"damage":39.0,"enemies":"The Guardian","floor":16.0,"turns":12.0},{"damage":4.0,"enemies":"Shell Parasite","floor":18.0,"turns":6.0},{"damage":21.0,"enemies":"2 Thieves","floor":19.0,"turns":5.0},{"damage":51.0,"enemies":"Gremlin Leader","floor":23.0,"turns":7.0},{"damage":20.0,"enemies":"Snake Plant","floor":25.0,"turns":6.0},{"damage":2.0,"enemies":"DemoMod:Veteran_shot_gun_kin_and_bullet_kin","floor":28.0,"turns":2.0},{"damage":10.0,"enemies":"DemoMod:4_Bullet_Kins","floor":29.0,"turns":3.0},{"damage":15.0,"enemies":"DemoMod:Veteran_shot_gun_kin_and_blue_shotgun_kin_with_gunsinger","floor":30.0,"turns":4.0},{"damage":25.0,"enemies":"DemoMod:Veteran_shot_gun_kin_and_red_shotgun_kin_with_gunsinger","floor":31.0,"turns":5.0},{"damage":0.0,"enemies":"DemoMod:Red_and_blue_shotgun_kin_with_gunsinger","floor":32.0,"turns":7.0},{"damage":23.0,"enemies":"DemoMod:ResourcefulRat","floor":35.0,"turns":10.0},{"damage":2.0,"enemies":"3 Darklings","floor":37.0,"turns":6.0},{"damage":0.0,"enemies":"3 Shapes","floor":39.0,"turns":7.0},{"damage":7.0,"enemies":"2 Orb Walkers","floor":41.0,"turns":4.0},{"damage":16.0,"enemies":"Writhing Mass","floor":47.0,"turns":5.0},{"damage":0.0,"enemies":"Mind Bloom Boss Battle","floor":48.0,"turns":3.0},{"damage":20.0,"enemies":"Jaw Worm Horde","floor":49.0,"turns":4.0},{"damage":12.0,"enemies":"3 Darklings","floor":50.0,"turns":5.0},{"damage":51.0,"enemies":"Time Eater","floor":52.0,"turns":12.0},{"damage":27.0,"enemies":"Shield and Spear","floor":56.0,"turns":6.0},{"damage":68,"enemies":"The Heart","floor":57,"turns":8}],"seed_played":"2946985645171700682","potions_obtained":[{"floor":7.0,"key":"blueLaboratory:AbyssPotion"},{"floor":13.0,"key":"Strength Potion"},{"floor":16.0,"key":"blueLaboratory:BottleOfVodka"},{"floor":18.0,"key":"Strength Potion"},{"floor":25.0,"key":"CunningPotion"},{"floor":29.0,"key":"blueLaboratory:HummingbirdPotion"},{"floor":32.0,"key":"blueLaboratory:FrostheartPotion"},{"floor":37.0,"key":"Strength Potion"},{"floor":48.0,"key":"Strength Potion"},{"floor":49.0,"key":"Dexterity Potion"},{"floor":50.0,"key":"blueLaboratory:FrostheartPotion"}],"is_trial":false,"path_per_floor":["M","?","?","?","M","E","M","$","T","R","E","R","M","M","R","B",null,"M","M","?","?","$","E","R","M","T","R","M","M","M","M","M","R","B","B",null,"M","?","M","$","?","R","?","R","T","?","M","?","M","M","R","B",null,"R","$","E","B",null],"character_chosen":"THE_SILENT","items_purchased":["DemoMod:GnawedKey","Noxious Fumes","Membership Card","Singing Bowl","blueLaboratory:FruitPunch","DemoMod:OrangeGuonStone","Apotheosis","TwistedFunnel","Fruit Juice","blueLaboratory:EnvenomedCoating"],"campfire_rested":6,"item_purchase_floors":[8,8,22,22,22,40,40,55,55,55],"current_hp_per_floor":[63,63,56,45,45,45,45,45,45,66,56,56,31,21,42,3,80,76,55,55,55,55,8,33,15,68,68,66,58,45,22,24,52,36,17,80,80,80,82,82,77,77,77,106,106,108,94,94,76,66,66,15,89,114,119,94,26],"gold":42,"neow_bonus":"THREE_ENEMY_KILL","is_daily":false,"chose_seed":false,"campfire_upgraded":3,"win_rate":0.0,"timestamp":1612932855,"path_taken":["M","?","?","?","M","E","?","$","T","R","E","R","M","M","R","BOSS","M","M","?","?","$","E","R","M","T","R","M","M","M","M","M","R","BOSS","BOSS","M","?","?","$","?","R","?","R","T","?","M","?","M","M","R","BOSS","R","$","E","BOSS"],"items_purchased_type":["Relic","Card","Relic","Relic","Potion","Relic","Card","Relic","Potion","Potion"],"build_version":"2020-12-22","purchased_purges":3,"victory":true,"max_hp_per_floor":[70,70,70,70,70,70,70,70,70,70,70,70,70,70,70,70,80,80,80,80,80,80,84,84,86,86,86,86,88,90,92,94,94,94,98,100,102,102,104,104,106,106,106,106,106,108,110,110,112,114,114,114,114,114,119,121,121],"card_choices":[{"not_picked":["Outmaneuver","Slice","PiercingWail"],"picked":"SKIP","floor":1.0},{"not_picked":["Bane","Flechettes"],"picked":"Poisoned Stab","floor":5.0},{"not_picked":["Dodge and Roll","Dagger Spray","Outmaneuver"],"picked":"SKIP","floor":6.0},{"not_picked":["Dodge and Roll","Deflect","Outmaneuver"],"picked":"SKIP","floor":7.0},{"not_picked":["Flying Knee","Slice"],"picked":"Bane","floor":11.0},{"not_picked":["Deadly Poison","Flechettes"],"picked":"Storm of Steel","floor":13.0},{"not_picked":["Outmaneuver","Dagger Spray"],"picked":"Noxious Fumes","floor":14.0},{"not_picked":["Skewer+1","Quick Slash","Heel Hook"],"picked":"SKIP","floor":18.0},{"not_picked":["Skewer+1","Quick Slash","Heel Hook"],"picked":"SKIP","floor":18.0},{"not_picked":["Bane","Prepared"],"picked":"Acrobatics+1","floor":19.0},{"not_picked":["Slice","Finisher","Blade Dance"],"picked":"Singing Bowl","floor":23.0},{"not_picked":["Slice+1","Prepared+1","Flying Knee"],"picked":"Singing Bowl","floor":25.0},{"not_picked":["Prepared+1","Skewer"],"picked":"PiercingWail+1","floor":28.0},{"not_picked":["Cloak And Dagger+1","Quick Slash","Grand Finale"],"picked":"Singing Bowl","floor":29.0},{"not_picked":["Acrobatics+1","Outmaneuver+1","Predator+1"],"picked":"Singing Bowl","floor":30.0},{"not_picked":["Prepared","Poisoned Stab","Sucker Punch+1"],"picked":"Singing Bowl","floor":31.0},{"not_picked":["Dagger Throw+1","Noxious Fumes","Crippling Poison"],"picked":"Singing Bowl","floor":32.0},{"not_picked":["DemoMod:Elimentaler"],"picked":"Singing Bowl","floor":35.0},{"not_picked":["A Thousand Cuts","Tools of the Trade","Die Die Die"],"picked":"Singing Bowl","floor":35.0},{"not_picked":["PiercingWail","Dodge and Roll+1","Flying Knee"],"picked":"Singing Bowl","floor":36.0},{"not_picked":["Envenom","Concentrate+1","Escape Plan"],"picked":"Singing Bowl","floor":37.0},{"not_picked":["Quick Slash+1","Noxious Fumes+1","Prepared"],"picked":"Singing Bowl","floor":39.0},{"not_picked":["Cloak And Dagger","Caltrops","Tactician+1"],"picked":"Singing Bowl","floor":41.0},{"not_picked":["Trip","DemoMod:Invincible","Blind"],"picked":"Singing Bowl","floor":46.0},{"not_picked":["Blur","Blade Dance","Sucker Punch+1"],"picked":"Singing Bowl","floor":47.0},{"not_picked":["Sucker Punch","Underhanded Strike+1"],"picked":"Poisoned Stab+1","floor":48.0},{"not_picked":["Bouncing Flask+1","Riddle With Holes","Poisoned Stab"],"picked":"Singing Bowl","floor":49.0},{"not_picked":["Prepared","Bouncing Flask","Outmaneuver+1"],"picked":"Singing Bowl","floor":50.0},{"not_picked":["Deadly Poison","Dash","Dodge and Roll+1"],"picked":"Singing Bowl","floor":56.0}],"player_experience":268365,"relics_obtained":[{"floor":6.0,"key":"Snake Skull"},{"floor":9.0,"key":"Kunai"},{"floor":11.0,"key":"DemoMod:LamentConfigurum"},{"floor":23.0,"key":"Shovel"},{"floor":36.0,"key":"DemoMod:RatBoots"},{"floor":36.0,"key":"DemoMod:ResourcefulSack"},{"floor":36.0,"key":"DemoMod:PartiallyEatenCheese"},{"floor":36.0,"key":"Empty Cage"},{"floor":41.0,"key":"Du-Vu Doll"},{"floor":48.0,"key":"DemoMod:Relodestone"},{"floor":56.0,"key":"Bag of Preparation"}],"event_choices":[{"damage_healed":63.0,"max_hp_gain":0.0,"max_hp_loss":70.0,"gold_gain":0.0,"event_name":"betterThird:BetterShining","player_choice":"Embrace Burn","floor":2.0,"gold_loss":0.0,"damage_taken":0.0},{"cards_removed":["Burn"],"damage_healed":0.0,"max_hp_gain":0.0,"max_hp_loss":0.0,"gold_gain":0.0,"event_name":"Golden Wing","player_choice":"Card Removal","floor":3.0,"gold_loss":0.0,"damage_taken":7.0},{"damage_healed":0.0,"max_hp_gain":0.0,"max_hp_loss":0.0,"gold_gain":75.0,"event_name":"betterThird:BetterGoop","player_choice":"Gold","floor":4.0,"gold_loss":0.0,"damage_taken":11.0},{"damage_healed":0.0,"max_hp_gain":0.0,"max_hp_loss":0.0,"gold_gain":0.0,"event_name":"Drug Dealer","player_choice":"Inject Mutagens","floor":20.0,"gold_loss":0.0,"damage_taken":0.0,"relics_obtained":["MutagenicStrength"]},{"damage_healed":0.0,"max_hp_gain":0.0,"max_hp_loss":0.0,"gold_gain":99.0,"event_name":"betterThird:BetterNest","player_choice":"Steal","floor":21.0,"gold_loss":0.0,"damage_taken":0.0},{"damage_healed":0.0,"max_hp_gain":0.0,"max_hp_loss":0.0,"gold_gain":0.0,"event_name":"Duplicator","player_choice":"Copied","floor":38.0,"gold_loss":0.0,"damage_taken":0.0,"cards_obtained":["Noxious Fumes"]},{"damage_healed":0.0,"max_hp_gain":0.0,"max_hp_loss":0.0,"gold_gain":0.0,"event_name":"Mysterious Sphere","player_choice":"Fight","floor":41.0,"gold_loss":0.0,"damage_taken":0.0},{"damage_healed":0.0,"max_hp_gain":0.0,"max_hp_loss":0.0,"gold_gain":0.0,"event_name":"Tomb of Lord Red Mask","player_choice":"Ignored","floor":43.0,"gold_loss":0.0,"damage_taken":0.0},{"damage_healed":0.0,"max_hp_gain":0.0,"max_hp_loss":0.0,"gold_gain":0.0,"event_name":"SensoryStone","player_choice":"Memory 1","floor":46.0,"gold_loss":0.0,"damage_taken":0.0},{"damage_healed":0.0,"max_hp_gain":0.0,"max_hp_loss":0.0,"gold_gain":0.0,"event_name":"MindBloom","player_choice":"Fight","floor":48.0,"gold_loss":0.0,"damage_taken":0.0}],"is_beta":false,"boss_relics":[{"not_picked":["Fusion Hammer","energizedSpire:SpiderWeb"],"picked":"DemoMod:RiddleOfLead"},{"not_picked":[]}],"items_purged_floors":[22,40,55],"is_endless":false,"potions_floor_spawned":[7,13,16,18,25,28,29,32,37,48,49,50,56],"ascension_level":8}}