{"host":"y3h3n3f7seyagppx","time":1612930446,"event":{"mods":["AlwaysNeverKeys","BaseMod","Better Vampires","Colored Powertips","DeckTracker","Emptier Cage","Minty Spire (QoL Compilation)","Permanent Neow","Quick Restart","Rare Cards Sparkle","Relic Sorter","Relic Stats","StSLib","Transform Curses"],"gold_per_floor":[213,232,302,27,41,41,75,75,75,75,106,181,192,223,223,300,300,313,185,185,212,226,256,90,108,190,190,217,227,237,262,262,336,336,350,350,350,368,386,386,417,639,639,668,680,697,729,425,425,425,425,425,425,40,74,74,74],"floor_reached":56,"language":"ENG","playtime":66219,"items_purged":["Strike_G","Decay"],"score":2451,"play_id":"bd869799-2ec9-46f0-b0bf-b4b911fc23c6","local_time":"20210209231406","is_ascension_mode":true,"campfire_choices":[{"data":"Apotheosis","floor":6.0,"key":"SMITH"},{"data":"Glass Knife","floor":10.0,"key":"SMITH"},{"data":"Neutralize","floor":15.0,"key":"SMITH"},{"floor":27.0,"key":"REST"},{"data":"Strike_G+1","floor":32.0,"key":"PURGE"},{"floor":40.0,"key":"REST"},{"floor":49.0,"key":"REST"},{"floor":53.0,"key":"REST"}],"circlet_count":0,"master_deck":["AscendersBane","Strike_G+1","Strike_G+1","Defend_G+1","Defend_G+1","Defend_G+1","Defend_G+1","Defend_G+1","Survivor","Neutralize+1","Masterful Stab","Apotheosis+1","Glass Knife","Glass Knife+1","Blade Dance+1","Blur","Phantasmal Killer","Blade Dance","After Image+1","Backflip","Well Laid Plans+1","Blade Dance","Acrobatics+1","PiercingWail","Corpse Explosion","Tools of the Trade+1","Escape Plan","Die Die Die","Tactician+1","Wraith Form v2+1","PiercingWail+1","Footwork+1","Caltrops+1","Dark Shackles","Accuracy+1","Infinite Blades+1","Blade Dance","Dodge and Roll","Leg Sweep"],"relics":["Ring of the Snake","Gremlin Horn","Boot","Dream Catcher","Frozen Egg 2","Runic Dome","Red Mask","Blood Vial","ClockworkSouvenir","HornCleat","Peace Pipe","Bag of Preparation","Cursed Key","Ancient Tea Set","CaptainsWheel","Pear","Tough Bandages","Frozen Eye","Centennial Puzzle","War Paint"],"acts_visited":["Exordium","TheCity","TheBeyond","TheEnding"],"potions_floor_usage":[56,56],"damage_taken":[{"damage":3.0,"enemies":"2 Louse","floor":1.0,"turns":4.0},{"damage":5.0,"enemies":"Jaw Worm","floor":2.0,"turns":5.0},{"damage":0.0,"enemies":"Small Slimes","floor":5.0,"turns":3.0},{"damage":0.0,"enemies":"Gremlin Nob","floor":7.0,"turns":3.0},{"damage":0.0,"enemies":"Lagavulin","floor":11.0,"turns":7.0},{"damage":0.0,"enemies":"Blue Slaver","floor":13.0,"turns":2.0},{"damage":3.0,"enemies":"Gremlin Nob","floor":14.0,"turns":3.0},{"damage":12.0,"enemies":"The Guardian","floor":16.0,"turns":11.0},{"damage":2.0,"enemies":"Spheric Guardian","floor":18.0,"turns":4.0},{"damage":4.0,"enemies":"Masked Bandits","floor":21.0,"turns":4.0},{"damage":0.0,"enemies":"Chosen","floor":22.0,"turns":2.0},{"damage":0.0,"enemies":"Book of Stabbing","floor":23.0,"turns":4.0},{"damage":0.0,"enemies":"Shelled Parasite and Fungi","floor":25.0,"turns":4.0},{"damage":0.0,"enemies":"Gremlin Leader","floor":28.0,"turns":3.0},{"damage":0.0,"enemies":"3 Cultists","floor":29.0,"turns":4.0},{"damage":0.0,"enemies":"Sentry and Sphere","floor":30.0,"turns":3.0},{"damage":8.0,"enemies":"Book of Stabbing","floor":31.0,"turns":6.0},{"damage":0.0,"enemies":"Automaton","floor":33.0,"turns":6.0},{"damage":0.0,"enemies":"Orb Walker","floor":35.0,"turns":4.0},{"damage":0.0,"enemies":"3 Shapes","floor":38.0,"turns":5.0},{"damage":0.0,"enemies":"Sphere and 2 Shapes","floor":39.0,"turns":4.0},{"damage":5.0,"enemies":"Reptomancer","floor":41.0,"turns":5.0},{"damage":0.0,"enemies":"Nemesis","floor":44.0,"turns":5.0},{"damage":0.0,"enemies":"Transient","floor":45.0,"turns":6.0},{"damage":0.0,"enemies":"Maw","floor":46.0,"turns":6.0},{"damage":8.0,"enemies":"Reptomancer","floor":47.0,"turns":5.0},{"damage":14.0,"enemies":"Donu and Deca","floor":50.0,"turns":7.0},{"damage":7.0,"enemies":"Time Eater","floor":51.0,"turns":12.0},{"damage":39,"enemies":"Shield and Spear","floor":55,"turns":4},{"damage":73,"enemies":"The Heart","floor":56,"turns":6}],"seed_played":"6499341622425468234","potions_obtained":[{"floor":2.0,"key":"Ancient Potion"},{"floor":5.0,"key":"GamblersBrew"},{"floor":11.0,"key":"LiquidMemories"},{"floor":21.0,"key":"Energy Potion"},{"floor":28.0,"key":"CunningPotion"},{"floor":35.0,"key":"SteroidPotion"},{"floor":38.0,"key":"GhostInAJar"},{"floor":55,"key":"Regen Potion"}],"is_trial":false,"path_per_floor":["M","M","?","$","M","R","E","?","T","R","E","?","M","E","R","B",null,"M","$","?","?","M","E","$","M","T","R","E","M","M","E","R","B",null,"M","?","$","M","M","R","E","?","T","E","M","M","E","$","R","B","B",null,"R","$","E","B"],"character_chosen":"THE_SILENT","items_purchased":["Apotheosis","Glass Knife","Backflip","ClockworkSouvenir","Frozen Eye","Caltrops+1","Dark Shackles","Centennial Puzzle","Blade Dance","Dodge and Roll"],"campfire_rested":4,"item_purchase_floors":[4,4,19,24,48,48,48,54,54,54],"current_hp_per_floor":[56,51,51,51,51,51,51,51,51,51,51,40,40,37,37,25,56,54,54,54,50,50,50,50,52,52,66,66,66,66,58,58,60,65,66,66,66,66,66,66,61,61,61,73,75,76,68,68,76,62,57,71,76,76,37,0,0],"gold":74,"neow_bonus":"HUNDRED_GOLD","is_daily":false,"chose_seed":false,"campfire_upgraded":3,"win_rate":0.0,"timestamp":1612930446,"path_taken":["M","M","?","$","M","R","E","?","T","R","E","?","M","E","R","BOSS","M","$","?","?","?","E","$","M","T","R","E","M","M","E","R","BOSS","M","?","$","M","?","R","E","?","T","E","M","M","E","$","R","BOSS","BOSS","R","$","E","BOSS"],"items_purchased_type":["Card","Card","Card","Relic","Relic","Card","Card","Relic","Card","Card"],"build_version":"2020-12-22","purchased_purges":2,"victory":false,"max_hp_per_floor":[66,66,66,66,66,66,66,66,66,66,66,66,66,66,66,66,66,66,66,66,66,66,66,66,66,66,66,66,66,66,66,66,66,66,66,66,66,66,66,66,66,66,66,76,76,76,76,76,76,76,76,76,76,76,76,76,76],"relic_stats":{"Gremlin Horn":[23,23],"counters":[30,147],"Bag of Preparation":[26],"War Paint":["Acrobatics","Blade Dance"],"Boot":[231],"Cursed Key":1,"Blood Vial":14,"Peace Pipe":1,"Dream Catcher":4,"Tough Bandages":[69],"Centennial Puzzle":[6],"obtain_stats":[{"Pear":44,"Gremlin Horn":7,"Bag of Preparation":31,"Frozen Egg 2":14,"War Paint":55,"Boot":9,"Cursed Key":34,"Ancient Tea Set":41,"ClockworkSouvenir":24,"Blood Vial":23,"Peace Pipe":28,"Runic Dome":17,"Frozen Eye":48,"Dream Catcher":11,"CaptainsWheel":43,"Tough Bandages":47,"Centennial Puzzle":54,"HornCleat":26,"Red Mask":21,"Ring of the Snake":0},{"Pear":23,"Gremlin Horn":4,"Bag of Preparation":17,"Frozen Egg 2":7,"War Paint":29,"Boot":4,"Cursed Key":18,"Ancient Tea Set":22,"ClockworkSouvenir":12,"Blood Vial":12,"Peace Pipe":14,"Runic Dome":8,"Frozen Eye":26,"Dream Catcher":5,"CaptainsWheel":22,"Tough Bandages":26,"Centennial Puzzle":28,"HornCleat":13,"Red Mask":10,"Ring of the Snake":0},{"Pear":101,"Gremlin Horn":15,"Bag of Preparation":72,"Frozen Egg 2":27,"War Paint":141,"Boot":15,"Cursed Key":78,"Ancient Tea Set":96,"ClockworkSouvenir":52,"Blood Vial":52,"Peace Pipe":59,"Runic Dome":38,"Frozen Eye":118,"Dream Catcher":22,"CaptainsWheel":96,"Tough Bandages":118,"Centennial Puzzle":137,"HornCleat":56,"Red Mask":46,"Ring of the Snake":0}],"Ring of the Snake":[60]},"card_choices":[{"not_picked":["Outmaneuver","Cloak And Dagger","Acrobatics"],"picked":"SKIP","floor":1.0},{"not_picked":["Dodge and Roll","Eviscerate"],"picked":"Masterful Stab","floor":2.0},{"not_picked":["Dagger Spray","Poisoned Stab"],"picked":"Glass Knife","floor":5.0},{"not_picked":["Reflex","Slice"],"picked":"Blade Dance","floor":7.0},{"not_picked":["Deflect","Cloak And Dagger"],"picked":"Phantasmal Killer","floor":11.0},{"not_picked":["Bane","Poisoned Stab"],"picked":"Blade Dance","floor":13.0},{"not_picked":["Prepared","Eviscerate","Unload"],"picked":"SKIP","floor":14.0},{"not_picked":["Grand Finale","Venomology"],"picked":"After Image+1","floor":16.0},{"not_picked":["Bane","All Out Attack","Infinite Blades+1"],"picked":"SKIP","floor":18.0},{"not_picked":["Escape Plan","Dodge and Roll+1"],"picked":"Well Laid Plans+1","floor":22.0},{"not_picked":["Outmaneuver","Acrobatics"],"picked":"Blade Dance","floor":23.0},{"not_picked":["Dagger Spray","Sucker Punch","Dagger Throw"],"picked":"SKIP","floor":25.0},{"not_picked":["Cloak And Dagger","Slice"],"picked":"Acrobatics","floor":27.0},{"not_picked":["Dagger Spray","Slice","Dagger Throw"],"picked":"SKIP","floor":28.0},{"not_picked":["Flechettes","Endless Agony","Poisoned Stab"],"picked":"SKIP","floor":29.0},{"not_picked":["Sucker Punch","Masterful Stab"],"picked":"PiercingWail","floor":30.0},{"not_picked":["Slice+1","Flying Knee"],"picked":"Corpse Explosion","floor":31.0},{"not_picked":["Unload","Venomology"],"picked":"Tools of the Trade+1","floor":33.0},{"not_picked":["Eviscerate","Deflect"],"picked":"Escape Plan","floor":35.0},{"not_picked":["Underhanded Strike","All Out Attack","Poisoned Stab"],"picked":"SKIP","floor":38.0},{"not_picked":["Deadly Poison+1","Bane","Dodge and Roll"],"picked":"SKIP","floor":39.0},{"not_picked":["Blade Dance","Flechettes"],"picked":"Tactician+1","floor":41.0},{"not_picked":["Cloak And Dagger","Blade Dance"],"picked":"Wraith Form v2+1","floor":44.0},{"not_picked":["Slice","Crippling Poison","Blade Dance"],"picked":"SKIP","floor":45.0},{"not_picked":["Blur","Dagger Throw+1"],"picked":"PiercingWail+1","floor":46.0},{"not_picked":["PiercingWail","Dodge and Roll"],"picked":"Footwork+1","floor":47.0},{"not_picked":["Masterful Stab","Setup"],"picked":"Accuracy+1","floor":49.0},{"not_picked":["Sucker Punch","Dagger Spray"],"picked":"Infinite Blades+1","floor":53.0},{"not_picked":["Terror","Predator"],"picked":"Leg Sweep","floor":55}],"player_experience":22045766,"relics_obtained":[{"floor":7.0,"key":"Gremlin Horn"},{"floor":9.0,"key":"Boot"},{"floor":11.0,"key":"Dream Catcher"},{"floor":14.0,"key":"Frozen Egg 2"},{"floor":21.0,"key":"Red Mask"},{"floor":23.0,"key":"Blood Vial"},{"floor":26.0,"key":"HornCleat"},{"floor":28.0,"key":"Peace Pipe"},{"floor":31.0,"key":"Bag of Preparation"},{"floor":41.0,"key":"Ancient Tea Set"},{"floor":43.0,"key":"CaptainsWheel"},{"floor":44.0,"key":"Pear"},{"floor":47.0,"key":"Tough Bandages"},{"floor":55,"key":"War Paint"}],"event_choices":[{"damage_healed":0.0,"max_hp_gain":0.0,"max_hp_loss":0.0,"gold_gain":70.0,"event_name":"Golden Wing","player_choice":"Gained Gold","floor":3.0,"gold_loss":0.0,"damage_taken":0.0},{"damage_healed":0.0,"max_hp_gain":0.0,"max_hp_loss":0.0,"gold_gain":0.0,"cards_transformed":["Strike_G"],"event_name":"Living Wall","player_choice":"Change","floor":8.0,"gold_loss":0.0,"damage_taken":0.0,"cards_obtained":["Blur"]},{"damage_healed":0.0,"max_hp_gain":0.0,"max_hp_loss":0.0,"gold_gain":75.0,"event_name":"World of Goop","player_choice":"Gather Gold","floor":12.0,"gold_loss":0.0,"damage_taken":11.0},{"damage_healed":0.0,"max_hp_gain":0.0,"max_hp_loss":0.0,"gold_gain":0.0,"event_name":"Back to Basics","player_choice":"Simplicity","floor":20.0,"gold_loss":0.0,"damage_taken":0.0,"cards_upgraded":["Strike_G","Strike_G","Strike_G","Defend_G","Defend_G","Defend_G","Defend_G","Defend_G"]},{"damage_healed":0.0,"max_hp_gain":0.0,"max_hp_loss":0.0,"gold_gain":0.0,"event_name":"Masked Bandits","player_choice":"Fought Bandits","floor":21.0,"gold_loss":0.0,"damage_taken":0.0},{"damage_healed":0.0,"max_hp_gain":0.0,"max_hp_loss":0.0,"gold_gain":0.0,"event_name":"Match and Keep!","player_choice":"1 cards matched","floor":36.0,"gold_loss":0.0,"damage_taken":0.0,"cards_obtained":["Die Die Die"]},{"damage_healed":0.0,"max_hp_gain":0.0,"max_hp_loss":0.0,"gold_gain":222.0,"event_name":"Tomb of Lord Red Mask","player_choice":"Wore Mask","floor":42.0,"gold_loss":0.0,"damage_taken":0.0}],"is_beta":false,"boss_relics":[{"not_picked":["Busted Crown","Empty Cage"],"picked":"Runic Dome"},{"not_picked":["Tiny House","Astrolabe"],"picked":"Cursed Key"}],"items_purged_floors":[19,54],"is_endless":false,"potions_floor_spawned":[2,5,11,13,21,28,30,31,35,38,44,46,55],"killed_by":"The Heart","ascension_level":20}}