{"host":"zmnaju399zpax9sm","time":1612966916,"event":{"mods":["BaseMod","Hermit","Minty Spire (QoL Compilation)","StSLib","The Cursed","The Poker Player","The Runesmith"],"gold_per_floor":[114,125,125,136,155,155,172,172,172,185,205,237,257,284,284,379,379,389,389,403,502,516,549,549,549,549],"floor_reached":25,"language":"KOR","playtime":1382,"items_purged":[],"score":308,"play_id":"dcf9e11d-7a23-43b7-acc7-2aee81e5b342","local_time":"20210210232156","is_ascension_mode":true,"campfire_choices":[{"data":"Entrench","floor":6.0,"key":"SMITH"},{"data":"Barricade","floor":15.0,"key":"SMITH"},{"floor":24.0,"key":"REST"}],"circlet_count":0,"master_deck":["Strike_R+1","Strike_R","Strike_R","Strike_R","Strike_R","Defend_R","Defend_R","Defend_R","Defend_R","Bash","Apotheosis+1","Power Through","Entrench+1","Cleave","Intimidate","Barricade+1","Metallicize","Intimidate","Berserk","Fire Breathing","Power Through"],"relics":["Burning Blood","Ice Cream","Unceasing Top","Busted Crown","Runesmith:AutoHammer"],"acts_visited":["Exordium","TheCity"],"potions_floor_usage":[],"damage_taken":[{"damage":2.0,"enemies":"Cultist","floor":1.0,"turns":4.0},{"damage":7.0,"enemies":"Jaw Worm","floor":2.0,"turns":3.0},{"damage":0.0,"enemies":"Small Slimes","floor":4.0,"turns":3.0},{"damage":0.0,"enemies":"3 Louse","floor":5.0,"turns":5.0},{"damage":15.0,"enemies":"Exordium Wildlife","floor":7.0,"turns":6.0},{"damage":18.0,"enemies":"Large Slime","floor":10.0,"turns":11.0},{"damage":12.0,"enemies":"Exordium Thugs","floor":11.0,"turns":4.0},{"damage":12.0,"enemies":"Lagavulin","floor":12.0,"turns":8.0},{"damage":0.0,"enemies":"3 Louse","floor":13.0,"turns":4.0},{"damage":9.0,"enemies":"3 Sentries","floor":14.0,"turns":10.0},{"damage":8.0,"enemies":"Slime Boss","floor":16.0,"turns":11.0},{"damage":14.0,"enemies":"Shell Parasite","floor":18.0,"turns":6.0},{"damage":21.0,"enemies":"3 Byrds","floor":20.0,"turns":8.0},{"damage":15.0,"enemies":"Snecko","floor":22.0,"turns":6.0},{"damage":11.0,"enemies":"Book of Stabbing","floor":23.0,"turns":8.0},{"damage":54,"enemies":"Slavers","floor":25,"turns":4}],"seed_played":"-1268286970984358947","potions_obtained":[{"floor":1.0,"key":"Swift Potion"},{"floor":7.0,"key":"LiquidBronze"},{"floor":10.0,"key":"DuplicationPotion"},{"floor":11.0,"key":"BlessingOfTheForge"},{"floor":12.0,"key":"Ancient Potion"},{"floor":14.0,"key":"AttackPotion"},{"floor":20.0,"key":"PowerPotion"}],"is_trial":false,"path_per_floor":["M","M","?","M","M","R","M","?","T","M","M","E","M","E","R","B",null,"M","?","M","?","M","E","R","E"],"character_chosen":"IRONCLAD","items_purchased":[],"campfire_rested":1,"item_purchase_floors":[],"current_hp_per_floor":[72,71,57,63,69,69,60,65,65,53,47,41,47,44,44,42,68,60,60,45,45,36,31,54,0,0],"gold":549,"neow_bonus":"RANDOM_COLORLESS_2","is_daily":false,"chose_seed":false,"campfire_upgraded":2,"win_rate":0.0,"timestamp":1612966916,"path_taken":["M","M","?","M","M","R","M","?","T","M","M","E","M","E","R","BOSS","M","?","M","?","M","E","R","E"],"items_purchased_type":[],"build_version":"2020-12-22","purchased_purges":0,"victory":false,"max_hp_per_floor":[72,72,72,72,72,72,72,77,77,77,77,77,77,77,77,77,77,77,77,77,77,77,77,77,77,77],"card_choices":[{"not_picked":["Mayhem","Sadistic Nature"],"picked":"Apotheosis","floor":0.0},{"not_picked":["True Grit","Havoc"],"picked":"Power Through","floor":1.0},{"not_picked":["Clothesline","Shrug It Off","Armaments"],"picked":"SKIP","floor":2.0},{"not_picked":["True Grit","Heavy Blade","Anger"],"picked":"SKIP","floor":4.0},{"not_picked":["Twin Strike","Pommel Strike"],"picked":"Entrench","floor":5.0},{"not_picked":["Sword Boomerang","Havoc","Ghostly Armor"],"picked":"SKIP","floor":7.0},{"not_picked":["Heavy Blade","Clash"],"picked":"Cleave","floor":10.0},{"not_picked":["Iron Wave","Havoc"],"picked":"Intimidate","floor":11.0},{"not_picked":["Anger","Infernal Blade"],"picked":"Barricade","floor":12.0},{"not_picked":["Twin Strike","Clothesline"],"picked":"Metallicize","floor":13.0},{"not_picked":["Headbutt","Heavy Blade"],"picked":"Intimidate","floor":14.0},{"not_picked":["Exhume","Barricade"],"picked":"Berserk","floor":16.0},{"not_picked":["Dual Wield"],"picked":"SKIP","floor":18.0},{"not_picked":["Feel No Pain"],"picked":"SKIP","floor":20.0},{"not_picked":[],"picked":"Power Through","floor":22.0},{"not_picked":["Headbutt+1"],"picked":"SKIP","floor":23.0}],"player_experience":500852,"relics_obtained":[{"floor":12.0,"key":"Ice Cream"},{"floor":14.0,"key":"Unceasing Top"},{"floor":23.0,"key":"Runesmith:AutoHammer"}],"event_choices":[{"damage_healed":0.0,"max_hp_gain":0.0,"max_hp_loss":0.0,"gold_gain":0.0,"event_name":"Shining Light","player_choice":"Entered Light","floor":3.0,"gold_loss":0.0,"damage_taken":14.0,"cards_upgraded":["Apotheosis","Strike_R"]},{"damage_healed":0.0,"max_hp_gain":5.0,"max_hp_loss":0.0,"gold_gain":0.0,"event_name":"Big Fish","player_choice":"Donut","floor":8.0,"gold_loss":0.0,"damage_taken":0.0},{"damage_healed":0.0,"max_hp_gain":0.0,"max_hp_loss":0.0,"gold_gain":0.0,"event_name":"The Library","player_choice":"Read","floor":19.0,"gold_loss":0.0,"damage_taken":0.0,"cards_obtained":["Fire Breathing"]},{"damage_healed":0.0,"max_hp_gain":0.0,"max_hp_loss":0.0,"gold_gain":99.0,"event_name":"Nest","player_choice":"Stole From Cult","floor":21.0,"gold_loss":0.0,"damage_taken":0.0}],"is_beta":false,"boss_relics":[{"not_picked":["Snecko Eye","Runic Cube"],"picked":"Busted Crown"}],"items_purged_floors":[],"is_endless":false,"potions_floor_spawned":[1,7,10,11,12,14,20],"killed_by":"Slavers","ascension_level":6}}