{"host":"l15sdf2mmi0nobpi","time":1612947481,"event":{"mods":["ATMod(°¢èªMod)","BaseMod","Highlight Path","Minty Spire (QoL Compilation)","Quick Restart","StSLib","The Runesmith"],"gold_per_floor":[118,293,304,33,33,60,72,98,121,146,146,46,46,46,46,141,141,154,170,7,17,31,31,58,58,83,83,83,116,134,153,153,250,250,261,261,276,48,66,96,96,96,96,129,143,172,172,189,189,189,189,189,55,87,87,87],"floor_reached":55,"language":"ZHS","playtime":2225,"items_purged":["Doubt","Runesmith:Strike_RS","Runesmith:Strike_RS","Runesmith:Strike_RS"],"score":1367,"play_id":"70aa32a3-bd2a-4569-b62b-b56f289ee56d","local_time":"20210210165801","is_ascension_mode":true,"campfire_choices":[{"data":"AT_EmpoweredMortalDraw","floor":11.0,"key":"SMITH"},{"data":"Runesmith:BackupBattery","floor":13.0,"key":"SMITH"},{"data":"Runesmith:BackupBattery+1","floor":15.0,"key":"SMITH"},{"data":"Runesmith:UnlimitedPower","floor":23.0,"key":"SMITH"},{"data":"Runesmith:Permafrost","floor":25.0,"key":"SMITH"},{"data":"AT_EmpoweredMortalDraw","floor":28.0,"key":"SMITH"},{"data":"Runesmith:LithiumIon","floor":32.0,"key":"SMITH"},{"floor":47.0,"key":"RECALL"},{"floor":49.0,"key":"REST"},{"data":"Runesmith:Fortify","floor":52.0,"key":"SMITH"}],"circlet_count":0,"master_deck":["Runesmith:Defend_RS","Runesmith:Defend_RS","Runesmith:Defend_RS","Runesmith:Defend_RS","Runesmith:CraftFirestone","Runesmith:Fortify+1","Runesmith:RuneHurl","AT_EmpoweredMortalDraw+1","Runesmith:GoWithTheFlow","Runesmith:EnergizedChisel","Runesmith:BackupBattery+2","Runesmith:Terraform","Runesmith:FrozenChisel","Runesmith:UnlimitedPower+1","AT_EmpoweredMortalDraw+1","Runesmith:EarthShield","Runesmith:Repurpose","Runesmith:Permafrost+1","Runesmith:CraftProtectio","Runesmith:CraftMagma","Runesmith:LithiumIon+1","Runesmith:OneForEveryone","Runesmith:Firestorm","Runesmith:Repurpose+1","Runesmith:LightningRod","Runesmith:Retool","Parasite","Runesmith:Retool+1","Runesmith:LithiumIon","Runesmith:Firewall"],"relics":["Runesmith:CoreCrystal","AT_ATBox","NeowsBlessing","Runesmith:EmergencyProvisions","Lantern","Akabeko","AT_MortalBlade","Oddly Smooth Stone","Bag of Preparation","FaceOfCleric","AT_BellDemon","Turnip","AT_Manta","Prayer Wheel","Blood Vial"],"acts_visited":["Exordium","TheCity","TheBeyond","TheEnding"],"potions_floor_usage":[55,55],"damage_taken":[{"damage":0.0,"enemies":"Jaw Worm","floor":1.0,"turns":1.0},{"damage":0.0,"enemies":"Small Slimes","floor":3.0,"turns":2.0},{"damage":0.0,"enemies":"Gremlin Nob","floor":6.0,"turns":1.0},{"damage":0.0,"enemies":"Cultist","floor":7.0,"turns":3.0},{"damage":9.0,"enemies":"Lagavulin","floor":8.0,"turns":8.0},{"damage":24.0,"enemies":"Gremlin Nob","floor":10.0,"turns":4.0},{"damage":65.0,"enemies":"Slime Boss","floor":16.0,"turns":17.0},{"damage":0.0,"enemies":"3 Byrds","floor":18.0,"turns":2.0},{"damage":0.0,"enemies":"Shell Parasite","floor":19.0,"turns":1.0},{"damage":0.0,"enemies":"Snake Plant","floor":21.0,"turns":2.0},{"damage":0.0,"enemies":"Snecko","floor":22.0,"turns":2.0},{"damage":0.0,"enemies":"Gremlin Leader","floor":24.0,"turns":3.0},{"damage":18.0,"enemies":"Book of Stabbing","floor":29.0,"turns":3.0},{"damage":0.0,"enemies":"Cultist and Chosen","floor":30.0,"turns":1.0},{"damage":0.0,"enemies":"3 Cultists","floor":31.0,"turns":1.0},{"damage":10.0,"enemies":"Automaton","floor":33.0,"turns":8.0},{"damage":5.0,"enemies":"Orb Walker","floor":35.0,"turns":4.0},{"damage":0.0,"enemies":"3 Shapes","floor":37.0,"turns":1.0},{"damage":0.0,"enemies":"3 Darklings","floor":39.0,"turns":1.0},{"damage":64.0,"enemies":"Giant Head","floor":40.0,"turns":15.0},{"damage":26.0,"enemies":"Nemesis","floor":44.0,"turns":9.0},{"damage":0.0,"enemies":"Jaw Worm Horde","floor":45.0,"turns":1.0},{"damage":3.0,"enemies":"Reptomancer","floor":46.0,"turns":4.0},{"damage":22.0,"enemies":"Writhing Mass","floor":48.0,"turns":5.0},{"damage":3.0,"enemies":"Time Eater","floor":50.0,"turns":22.0},{"damage":8.0,"enemies":"Shield and Spear","floor":54.0,"turns":2.0},{"damage":104,"enemies":"The Heart","floor":55,"turns":14}],"seed_played":"6387034420520245714","potions_obtained":[{"floor":8.0,"key":"Dexterity Potion"},{"floor":10.0,"key":"Swift Potion"},{"floor":19.0,"key":"GamblersBrew"},{"floor":22.0,"key":"Dexterity Potion"},{"floor":30.0,"key":"AttackPotion"},{"floor":35.0,"key":"GamblersBrew"},{"floor":44.0,"key":"Swift Potion"},{"floor":46.0,"key":"Energy Potion"},{"floor":48.0,"key":"FairyPotion"},{"floor":54.0,"key":"Block Potion"}],"is_trial":false,"path_per_floor":["M","?","M","$","?","E","M","E","T","E","R","$","R","?","R","B",null,"M","M","$","M","M","R","E","R","T","?","R","E","M","M","R","B",null,"M","?","M","$","M","E","?","?","T","E","M","E","R","M","R","B",null,"R","$","E","B"],"character_chosen":"RUNESMITH_CLASS","items_purchased":["AT_EmpoweredMortalDraw","Runesmith:Permafrost","Runesmith:Firestorm","Runesmith:LithiumIon","Fruit Juice"],"campfire_rested":1,"item_purchase_floors":[4,20,38,53,53],"current_hp_per_floor":[63,63,63,63,63,63,63,54,54,30,30,30,30,80,80,15,64,64,64,64,64,64,64,64,64,64,64,64,47,48,49,49,40,73,69,69,70,70,71,8,77,77,77,52,53,51,51,30,54,52,75,75,75,73,0,0],"gold":87,"neow_bonus":"THREE_ENEMY_KILL","is_daily":false,"chose_seed":false,"campfire_upgraded":8,"win_rate":0.0,"timestamp":1612947481,"path_taken":["M","?","M","$","?","E","?","E","T","E","R","$","R","?","R","BOSS","M","M","$","?","?","R","E","R","T","?","R","E","?","?","R","BOSS","M","?","M","?","?","E","?","?","T","E","?","E","R","M","R","BOSS","R","$","E","BOSS"],"items_purchased_type":["Card","Card","Card","Card","Potion"],"build_version":"2020-12-22","purchased_purges":4,"victory":false,"max_hp_per_floor":[70,70,70,70,70,70,70,70,70,70,70,70,70,80,80,80,80,80,80,80,80,80,80,80,80,80,80,80,81,82,83,83,84,84,85,85,86,86,87,88,77,77,77,78,79,80,80,81,81,82,82,82,82,88,88,88],"card_choices":[{"not_picked":["Runesmith:HeatedChisel","Runesmith:UnstableHammer"],"picked":"Runesmith:RuneHurl","floor":1.0},{"not_picked":["Runesmith:Overpower","Runesmith:HeatExchange","Runesmith:WhiteBalance"],"picked":"SKIP","floor":3.0},{"not_picked":["Runesmith:HammerAndChisel","Runesmith:ChaoticBlast"],"picked":"Runesmith:EnergizedChisel","floor":6.0},{"not_picked":["Runesmith:MakeshiftArmor","Runesmith:Grindstone"],"picked":"Runesmith:BackupBattery","floor":7.0},{"not_picked":["Runesmith:Augment","Runesmith:EarthShield"],"picked":"Runesmith:Terraform","floor":8.0},{"not_picked":["Runesmith:MakeshiftArmor","Runesmith:HammerThrow"],"picked":"Runesmith:FrozenChisel","floor":10.0},{"not_picked":["Runesmith:ArcReactor","Runesmith:Duplicate"],"picked":"Runesmith:UnlimitedPower","floor":16.0},{"not_picked":["Runesmith:RunicBlueprint","Runesmith:StaticCage"],"picked":"Runesmith:EarthShield","floor":18.0},{"not_picked":["Runesmith:HeatExchange+1","Runesmith:PoweredAnvil"],"picked":"Runesmith:Repurpose","floor":19.0},{"not_picked":["Runesmith:FrozenChisel","Runesmith:Repurpose"],"picked":"Runesmith:CraftProtectio","floor":21.0},{"not_picked":["Runesmith:HammerThrow","Runesmith:Attraction","Runesmith:EarthShield"],"picked":"SKIP","floor":22.0},{"not_picked":["Runesmith:CraftPrismatica","Runesmith:Overpower","Runesmith:ChargedHammer"],"picked":"SKIP","floor":24.0},{"not_picked":["Runesmith:ElementalConversion","Runesmith:BackupBattery"],"picked":"Runesmith:CraftMagma","floor":29.0},{"not_picked":["Runesmith:CraftMagma","Runesmith:Attraction"],"picked":"Runesmith:LithiumIon","floor":30.0},{"not_picked":["Runesmith:FissionHammer","Runesmith:HammerThrow"],"picked":"Runesmith:OneForEveryone","floor":31.0},{"not_picked":["Runesmith:HeatExchange","Runesmith:Repurpose","Runesmith:NegativeSpace"],"picked":"SKIP","floor":35.0},{"not_picked":["Runesmith:MakeshiftArmor+1","Runesmith:Discharge+1","Runesmith:PoweredAnvil"],"picked":"SKIP","floor":37.0},{"not_picked":["Runesmith:ShiftingStrike","Runesmith:BackupBattery+1","Runesmith:Electrocute+1"],"picked":"SKIP","floor":39.0},{"not_picked":["Runesmith:BackupBattery","Runesmith:PoweredAnvil"],"picked":"Runesmith:Repurpose+1","floor":40.0},{"not_picked":["Runesmith:OneForEveryone","Runesmith:HammerThrow+1","Runesmith:CraftMedicinae"],"picked":"SKIP","floor":44.0},{"not_picked":["Runesmith:Repurpose","Runesmith:ShiftingStrike","Runesmith:CraftProtectio"],"picked":"SKIP","floor":45.0},{"not_picked":["Runesmith:Permafrost+1","Runesmith:Attraction+1"],"picked":"Runesmith:Retool","floor":46.0},{"not_picked":["Runesmith:Accelerate","Runesmith:StaticCage+1"],"picked":"Runesmith:Retool+1","floor":48.0},{"not_picked":["Runesmith:BackupBattery+1","Runesmith:RuneHurl","Runesmith:StaticCage+1"],"picked":"SKIP","floor":48.0},{"not_picked":["Runesmith:LithiumIon+1","Runesmith:HeatExchange"],"picked":"Runesmith:Firewall","floor":54.0}],"player_experience":587877,"relics_obtained":[{"floor":6.0,"key":"Runesmith:EmergencyProvisions"},{"floor":8.0,"key":"Lantern"},{"floor":10.0,"key":"Akabeko"},{"floor":24.0,"key":"Oddly Smooth Stone"},{"floor":26.0,"key":"Bag of Preparation"},{"floor":40.0,"key":"AT_BellDemon"},{"floor":43.0,"key":"Turnip"},{"floor":44.0,"key":"AT_Manta"},{"floor":46.0,"key":"Prayer Wheel"},{"floor":54.0,"key":"Blood Vial"}],"event_choices":[{"damage_healed":0.0,"max_hp_gain":0.0,"max_hp_loss":0.0,"gold_gain":175.0,"event_name":"Liars Game","player_choice":"AGREE","floor":2.0,"gold_loss":0.0,"damage_taken":0.0,"cards_obtained":["Doubt"]},{"damage_healed":0.0,"max_hp_gain":0.0,"max_hp_loss":0.0,"gold_gain":0.0,"cards_transformed":["Runesmith:Strike_RS"],"event_name":"Transmorgrifier","player_choice":"Transformed","floor":5.0,"gold_loss":0.0,"damage_taken":0.0,"cards_obtained":["Runesmith:GoWithTheFlow"]},{"cards_removed":["AT_EssenceShift"],"damage_healed":40.0,"max_hp_gain":10.0,"max_hp_loss":0.0,"gold_gain":0.0,"event_name":"Bonfire Elementals","player_choice":"Offered Rare","floor":14.0,"gold_loss":0.0,"damage_taken":0.0},{"damage_healed":0.0,"max_hp_gain":0.0,"max_hp_loss":0.0,"gold_gain":0.0,"event_name":"FaceTrader","player_choice":"Trade","floor":27.0,"gold_loss":0.0,"damage_taken":0.0,"relics_obtained":["FaceOfCleric"]},{"damage_healed":0.0,"max_hp_gain":0.0,"max_hp_loss":0.0,"gold_gain":0.0,"event_name":"The Woman in Blue","player_choice":"Bought 0 Potions","floor":36.0,"gold_loss":0.0,"damage_taken":0.0},{"damage_healed":77.0,"max_hp_gain":0.0,"max_hp_loss":11.0,"gold_gain":0.0,"event_name":"The Moai Head","player_choice":"Heal","floor":41.0,"gold_loss":0.0,"damage_taken":0.0},{"damage_healed":0.0,"max_hp_gain":0.0,"max_hp_loss":0.0,"gold_gain":0.0,"event_name":"Match and Keep!","player_choice":"1 cards matched","floor":42.0,"gold_loss":0.0,"damage_taken":0.0,"cards_obtained":["Runesmith:LightningRod"]}],"is_beta":false,"boss_relics":[{"not_picked":["Black Star","Fusion Hammer"],"picked":"AT_MortalBlade"},{"not_picked":["Sozu","Runesmith:PocketReactor"],"picked":"Runesmith:CoreCrystal"}],"items_purged_floors":[4,12,20,38],"is_endless":false,"potions_floor_spawned":[8,10,19,22,30,33,35,44,46,48,54],"killed_by":"The Heart","ascension_level":6}}