{"host":"4nqeo0vu1vuav7gg","time":1612935939,"event":{"mods":["AchievementEnabler","BaseMod","Block Reminder","Colored Map","Colored Powertips","Highlight Path","Minty Spire (QoL Compilation)","Quick Restart","Rare Cards Sparkle","Relic Relevance Reorder","StSLib"],"gold_per_floor":[118,118,38,38,38,38,71,85,133,145,110,144,154,3,3,82,82,96,96,21,21,35,35,35],"floor_reached":23,"language":"ENG","playtime":583,"items_purged":["Clumsy"],"score":444,"play_id":"b8a5df7a-ed47-469e-aa85-b7c90c768442","local_time":"20210210064539","is_ascension_mode":true,"campfire_choices":[{"floor":6,"key":"REST"},{"floor":15,"key":"REST"}],"circlet_count":0,"master_deck":["AscendersBane","Strike_B","Strike_B","Strike_B","Defend_B","Defend_B","Defend_B","Defend_B","Zap+1","Dualcast","Tempest+1","Loop","Glacier","Zap","Gash","Gash","Static Discharge","Genetic Algorithm","Core Surge","Creative AI","Buffer","BootSequence","Decay"],"relics":["Cracked Core","Dead Branch","Sozu","NeowsBlessing","Bronze Scales","Vajra","Blood Vial"],"acts_visited":["Exordium","TheCity"],"potions_floor_usage":[12,12,12,16],"damage_taken":[{"damage":0,"enemies":"Jaw Worm","floor":1,"turns":1},{"damage":0,"enemies":"Lagavulin","floor":7,"turns":1},{"damage":0,"enemies":"Small Slimes","floor":8,"turns":1},{"damage":9,"enemies":"2 Louse","floor":10,"turns":3},{"damage":8,"enemies":"Gremlin Nob","floor":12,"turns":2},{"damage":18,"enemies":"Exordium Thugs","floor":13,"turns":4},{"damage":43,"enemies":"Hexaghost","floor":16,"turns":8},{"damage":0,"enemies":"Chosen","floor":18,"turns":4},{"damage":48,"enemies":"2 Thieves","floor":22,"turns":4},{"damage":21,"enemies":"Slavers","floor":23,"turns":1}],"seed_played":"3465268665841699485","potions_obtained":[{"floor":1,"key":"DistilledChaos"},{"floor":7,"key":"EntropicBrew"}],"is_trial":false,"path_per_floor":["M","?","$","?","?","R","E","M","T","M","?","E","M","$","R","B",null,"M","$","?","?","M","E"],"character_chosen":"DEFECT","items_purchased":["Loop","Creative AI"],"campfire_rested":2,"item_purchase_floors":[3,14],"current_hp_per_floor":[64,46,46,25,25,46,46,46,46,37,54,46,30,30,51,10,56,58,58,58,58,12,0,0],"gold":35,"neow_bonus":"THREE_ENEMY_KILL","is_daily":false,"chose_seed":false,"campfire_upgraded":0,"win_rate":0.0,"timestamp":1612935939,"path_taken":["M","?","$","?","?","R","E","?","T","M","?","E","M","?","R","BOSS","M","$","?","?","?","E"],"items_purchased_type":["Card","Card"],"build_version":"2020-12-22","purchased_purges":1,"victory":false,"max_hp_per_floor":[71,71,71,71,71,71,71,71,71,71,71,71,71,71,71,71,71,71,71,71,71,71,71,71],"card_choices":[{"not_picked":["Auto Shields","Hologram"],"picked":"Tempest","floor":1},{"not_picked":["Beam Cell","Leap"],"picked":"Gash","floor":7},{"not_picked":["Turbo","Rebound"],"picked":"Gash","floor":8},{"not_picked":["Sweeping Beam","Streamline"],"picked":"Static Discharge","floor":10},{"not_picked":["Redo","Leap"],"picked":"Genetic Algorithm","floor":12},{"not_picked":["Scrape","Barrage"],"picked":"Core Surge","floor":13},{"not_picked":["Rainbow","Reboot"],"picked":"Buffer","floor":16},{"not_picked":["Leap","Rebound"],"picked":"BootSequence","floor":18},{"not_picked":["Beam Cell+1","Compile Driver","Chaos"],"picked":"SKIP","floor":22}],"player_experience":1097893,"relics_obtained":[{"floor":7,"key":"Dead Branch"},{"floor":9,"key":"Vajra"},{"floor":12,"key":"Blood Vial"}],"event_choices":[{"damage_healed":0,"gold_gain":0,"player_choice":"Success","damage_taken":18,"relics_obtained":["Bronze Scales"],"max_hp_gain":0,"max_hp_loss":0,"event_name":"Scrap Ooze","floor":2,"gold_loss":0},{"damage_healed":0,"gold_gain":0,"player_choice":"Entered Light","damage_taken":21,"max_hp_gain":0,"max_hp_loss":0,"event_name":"Shining Light","floor":4,"gold_loss":0,"cards_upgraded":["Tempest","Zap"]},{"damage_healed":0,"gold_gain":0,"player_choice":"3 cards matched","damage_taken":0,"max_hp_gain":0,"max_hp_loss":0,"event_name":"Match and Keep!","floor":5,"gold_loss":0,"cards_obtained":["Glacier","Clumsy","Zap"]},{"damage_healed":17,"gold_gain":0,"player_choice":"Healed","damage_taken":0,"max_hp_gain":0,"max_hp_loss":0,"event_name":"The Cleric","floor":11,"gold_loss":35},{"cards_removed":["Strike_B"],"damage_healed":0,"gold_gain":0,"player_choice":"Gave Gold","damage_taken":0,"max_hp_gain":0,"max_hp_loss":0,"event_name":"Beggar","floor":20,"gold_loss":75},{"damage_healed":0,"gold_gain":0,"player_choice":"Smashed Altar","damage_taken":0,"max_hp_gain":0,"max_hp_loss":0,"event_name":"Forgotten Altar","floor":21,"gold_loss":0,"cards_obtained":["Decay"]}],"is_beta":false,"boss_relics":[{"not_picked":["Calling Bell","SacredBark"],"picked":"Sozu"}],"items_purged_floors":[14],"is_endless":false,"potions_floor_spawned":[1,7,10,18,22],"killed_by":"Slavers","ascension_level":20}}