{"host":"4nqeo0vu1vuav7gg","time":1612934944,"event":{"mods":["AchievementEnabler","BaseMod","Block Reminder","Colored Map","Colored Powertips","Highlight Path","Minty Spire (QoL Compilation)","Quick Restart","Rare Cards Sparkle","Relic Relevance Reorder","StSLib"],"gold_per_floor":[119,394,74,74,74,102,102,116,143,218,218,233,268,284,284,358,358,376,132,150,150,150,150,150,150],"floor_reached":24,"language":"ENG","playtime":619,"items_purged":[],"score":504,"play_id":"cbe77355-5b01-4230-b220-09e493dee03d","local_time":"20210210062904","is_ascension_mode":true,"campfire_choices":[{"data":"Rainbow","floor":7.0,"key":"SMITH"},{"data":"Loop","floor":11.0,"key":"SMITH"},{"floor":15.0,"key":"REST"},{"floor":23.0,"key":"REST"}],"circlet_count":0,"master_deck":["AscendersBane","Strike_B","Strike_B","Strike_B","Strike_B","Defend_B","Defend_B","Defend_B","Defend_B","Zap","Dualcast","Fusion","Rainbow+1","Loop+1","Sunder","Darkness","Genetic Algorithm","Biased Cognition","Conserve Battery","White Noise"],"relics":["Cracked Core","Emotion Chip","Runic Capacitor","NeowsBlessing","PreservedInsect","Bag of Marbles","Black Star","Juzu Bracelet","Potion Belt"],"acts_visited":["Exordium","TheCity"],"potions_floor_usage":[24],"damage_taken":[{"damage":0.0,"enemies":"Jaw Worm","floor":1.0,"turns":1.0},{"damage":0.0,"enemies":"Lagavulin","floor":6.0,"turns":1.0},{"damage":0.0,"enemies":"Cultist","floor":8.0,"turns":1.0},{"damage":0.0,"enemies":"2 Louse","floor":12.0,"turns":2.0},{"damage":9.0,"enemies":"3 Sentries","floor":13.0,"turns":4.0},{"damage":28.0,"enemies":"Lots of Slimes","floor":14.0,"turns":3.0},{"damage":34.0,"enemies":"Hexaghost","floor":16.0,"turns":8.0},{"damage":24.0,"enemies":"Spheric Guardian","floor":18.0,"turns":6.0},{"damage":41.0,"enemies":"Shell Parasite","floor":20.0,"turns":6.0},{"damage":37,"enemies":"Slavers","floor":24,"turns":2}],"seed_played":"4100464897997628042","potions_obtained":[{"floor":6.0,"key":"ColorlessPotion"},{"floor":14.0,"key":"ColorlessPotion"},{"floor":16.0,"key":"SkillPotion"},{"floor":18.0,"key":"SkillPotion"},{"floor":20.0,"key":"EssenceOfDarkness"}],"is_trial":false,"path_per_floor":["M","?","$","?","$","E","R","M","T","?","R","M","E","M","R","B",null,"M","$","M","?","?","R","E"],"character_chosen":"DEFECT","items_purchased":["Emotion Chip","Runic Capacitor","Regen Potion"],"campfire_rested":2,"item_purchase_floors":[3,19,19],"current_hp_per_floor":[64,64,64,64,64,64,64,64,64,53,53,53,44,16,37,3,54,30,30,4,4,4,25,0,0],"gold":150,"neow_bonus":"THREE_ENEMY_KILL","is_daily":false,"chose_seed":false,"campfire_upgraded":2,"win_rate":0.0,"timestamp":1612934944,"path_taken":["M","?","?","?","$","E","R","?","T","?","R","M","E","M","R","BOSS","M","$","M","?","?","R","E"],"items_purchased_type":["Relic","Relic","Potion"],"build_version":"2020-12-22","purchased_purges":0,"victory":false,"max_hp_per_floor":[71,71,71,71,71,71,71,71,71,71,71,71,71,71,71,71,71,71,71,71,71,71,71,71,71],"card_choices":[{"not_picked":["Go for the Eyes","Compile Driver"],"picked":"Fusion","floor":1.0},{"not_picked":["Leap","Core Surge"],"picked":"Rainbow","floor":6.0},{"not_picked":["Steam","Compile Driver"],"picked":"Loop","floor":8.0},{"not_picked":["Go for the Eyes","Cold Snap"],"picked":"Sunder","floor":12.0},{"not_picked":["Cold Snap","Auto Shields"],"picked":"Darkness","floor":13.0},{"not_picked":["Barrage","Hologram"],"picked":"Genetic Algorithm","floor":14.0},{"not_picked":["Thunder Strike","Reboot"],"picked":"Biased Cognition","floor":16.0},{"not_picked":["Stack","Steam"],"picked":"Conserve Battery","floor":18.0},{"not_picked":["Ball Lightning","Multi-Cast"],"picked":"White Noise","floor":20.0}],"player_experience":1096944,"relics_obtained":[{"floor":6.0,"key":"PreservedInsect"},{"floor":9.0,"key":"Bag of Marbles"},{"floor":13.0,"key":"Potion Belt"}],"event_choices":[{"damage_healed":0.0,"max_hp_gain":0.0,"max_hp_loss":0.0,"gold_gain":275.0,"event_name":"Golden Shrine","player_choice":"Desecrate","floor":2.0,"gold_loss":0.0,"damage_taken":0.0,"cards_obtained":["Regret"]},{"cards_removed":["Regret"],"damage_healed":0.0,"max_hp_gain":0.0,"max_hp_loss":0.0,"gold_gain":0.0,"event_name":"Fountain of Cleansing","player_choice":"Removed Curses","floor":4.0,"gold_loss":0.0,"damage_taken":0.0},{"damage_healed":0.0,"max_hp_gain":0.0,"max_hp_loss":0.0,"gold_gain":75.0,"event_name":"World of Goop","player_choice":"Gather Gold","floor":10.0,"gold_loss":0.0,"damage_taken":11.0},{"damage_healed":0.0,"max_hp_gain":0.0,"max_hp_loss":0.0,"gold_gain":0.0,"event_name":"WeMeetAgain","player_choice":"Gave Potion","floor":21.0,"gold_loss":0.0,"damage_taken":0.0,"relics_obtained":["Juzu Bracelet"]},{"damage_healed":0.0,"max_hp_gain":0.0,"max_hp_loss":0.0,"gold_gain":0.0,"event_name":"Cursed Tome","player_choice":"Ignored","floor":22.0,"gold_loss":0.0,"damage_taken":0.0}],"is_beta":false,"boss_relics":[{"not_picked":["Tiny House","SlaversCollar"],"picked":"Black Star"}],"items_purged_floors":[],"is_endless":false,"potions_floor_spawned":[6,14,16,18,20],"killed_by":"Slavers","ascension_level":20}}