{"host":"28p8ce41sjwa6lzf","time":1612971286,"event":{"mods":["BaseMod","Bestiary","Colored Map","Colored Powertips","Dark Map","Highlight Path","Minty Spire (QoL Compilation)","Permanent Neow","Quick Restart","Random Character Button","Rare Cards Sparkle","Relic Stats","StSLib","Unceasing Turn Reminder"],"gold_per_floor":[114,126,144,144,160,193,193,193,193],"floor_reached":8,"language":"ENG","playtime":398,"items_purged":[],"score":116,"play_id":"2d7b302d-2313-4451-956e-6c86f8d31531","local_time":"20210210093446","is_ascension_mode":true,"campfire_choices":[{"data":"Searing Blow","floor":7.0,"key":"SMITH"}],"circlet_count":0,"master_deck":["AscendersBane","Strike_R","Strike_R","Strike_R","Strike_R","Defend_R","Defend_R","Defend_R","Bash","Searing Blow+1","Intimidate","Armaments","Dual Wield","Headbutt","Headbutt"],"relics":["Burning Blood","Bottled Flame"],"acts_visited":["Exordium"],"potions_floor_usage":[8],"damage_taken":[{"damage":1.0,"enemies":"Cultist","floor":1.0,"turns":4.0},{"damage":2.0,"enemies":"2 Louse","floor":2.0,"turns":3.0},{"damage":4.0,"enemies":"Jaw Worm","floor":3.0,"turns":5.0},{"damage":9.0,"enemies":"Looter","floor":5.0,"turns":4.0},{"damage":36.0,"enemies":"Gremlin Nob","floor":6.0,"turns":4.0},{"damage":40,"enemies":"3 Sentries","floor":8,"turns":6}],"seed_played":"-2475734484263887164","potions_obtained":[{"floor":1.0,"key":"Regen Potion"},{"floor":5.0,"key":"Swift Potion"}],"is_trial":false,"path_per_floor":["M","M","M","?","M","E","R","E"],"character_chosen":"IRONCLAD","items_purchased":[],"campfire_rested":0,"item_purchase_floors":[],"current_hp_per_floor":[55,59,61,61,58,40,40,0,0],"gold":193,"neow_bonus":"TRANSFORM_TWO_CARDS","is_daily":false,"chose_seed":false,"campfire_upgraded":1,"win_rate":0.0,"timestamp":1612971286,"path_taken":["M","M","?","?","M","E","R","E"],"items_purchased_type":[],"build_version":"2020-12-22","purchased_purges":0,"victory":false,"max_hp_per_floor":[75,75,75,75,75,75,75,75,75],"relic_stats":{"counters":[6,26],"obtain_stats":[{"Bottled Flame":6,"Burning Blood":0},{"Bottled Flame":5,"Burning Blood":0},{"Bottled Flame":20,"Burning Blood":0}],"Burning Blood":30},"card_choices":[{"not_picked":["Combust","Clash"],"picked":"Armaments","floor":1.0},{"not_picked":["Metallicize","Iron Wave"],"picked":"Dual Wield","floor":2.0},{"not_picked":["Armaments","Clash"],"picked":"Headbutt","floor":3.0},{"not_picked":["Wild Strike","Ghostly Armor"],"picked":"Headbutt","floor":5.0},{"not_picked":["Clash","Dark Embrace","Berserk"],"picked":"SKIP","floor":6.0}],"player_experience":1018440,"relics_obtained":[{"floor":6.0,"key":"Bottled Flame"}],"event_choices":[{"damage_healed":0.0,"max_hp_gain":0.0,"max_hp_loss":0.0,"gold_gain":0.0,"event_name":"Shining Light","player_choice":"Ignored","floor":4.0,"gold_loss":0.0,"damage_taken":0.0}],"is_beta":false,"boss_relics":[],"items_purged_floors":[],"is_endless":false,"potions_floor_spawned":[1,5],"killed_by":"3 Sentries","ascension_level":20}}