{"host":"x6yxbqobmk3v70g1","time":1612930509,"event":{"mods":["AchievementEnabler","Act Like it!","Aspiration","BaseMod","Downfall","Friendly Minions","Gensokyo","HololiveMod","KinomotoSakuraMod(????)","Kiyohime????","Koishi","Lobotomy","LobotomyExtend","Mari Mod (Legacy)","Mari\u0027s V1 Patch","Marisa????????","Minty Spire (QoL Compilation)","Prisma Mod","Rare Cards Sparkle","Reimu??????","Remilia??????","StSLib","The Animator","The Disciple","The Jungle","The Mystic","The Runesmith","The Senshi","The Servant 0.9.4","The Wild Card","WarShipGirlsR/????R mod"],"gold_per_floor":[118,118,132,132,150,183,183,218,241,256,256,272,283,192,192,192,192],"floor_reached":16,"language":"ENG","playtime":1456,"items_purged":[],"score":118,"play_id":"d1d52316-f813-4a34-ac00-dcc46b00119b","local_time":"20210209221509","is_ascension_mode":true,"campfire_choices":[{"data":"theSenshi:TuxedoMaskAssists","floor":7.0,"key":"SMITH"},{"data":"theSenshi:MoonCrystalPowerMakeUp","floor":15.0,"key":"SMITH"}],"circlet_count":0,"master_deck":["theSenshi:SailorKick","theSenshi:SailorKick","theSenshi:SailorKick","theSenshi:SailorKick","theSenshi:SailorBlock","theSenshi:SailorBlock","theSenshi:SailorBlock","theSenshi:RoseThrow","theSenshi:MoonPrismPowerMakeUp+1","theSenshi:SailorChibiMoonAssists","theSenshi:SailorJupiterAssists","theSenshi:TuxedoMaskAssists+1","theSenshi:TallSilhouette","theSenshi:SailorVenusAssists","theSenshi:MoonCrystalPowerMakeUp+1","theSenshi:SailorMercuryAssists","theSenshi:SailorMarsAssists"],"relics":["theSenshi:TransformationBroochRelic","CogitoBucket","LetterFromLob","Bronze Scales","Ornamental Fan","theSenshi:CrisisMoonCompactRelic","theSenshi:SailorFukuRelic"],"acts_visited":["Exordium"],"potions_floor_usage":[],"damage_taken":[{"damage":0.0,"enemies":"Cultist","floor":1.0,"turns":5.0},{"damage":5.0,"enemies":"Small Slimes","floor":3.0,"turns":3.0},{"damage":5.0,"enemies":"Jaw Worm","floor":5.0,"turns":3.0},{"damage":9.0,"enemies":"Lagavulin","floor":6.0,"turns":6.0},{"damage":1.0,"enemies":"3 Sentries","floor":8.0,"turns":8.0},{"damage":10.0,"enemies":"Gremlin Gang","floor":10.0,"turns":4.0},{"damage":6.0,"enemies":"Exordium Wildlife","floor":12.0,"turns":4.0},{"damage":0.0,"enemies":"Blue Slaver","floor":13.0,"turns":3.0},{"damage":53,"enemies":"Slime Boss","floor":16,"turns":9}],"seed_played":"-1130654438509677987","potions_obtained":[{"floor":1.0,"key":"CultistPotion"},{"floor":10.0,"key":"ColorlessPotion"},{"floor":12.0,"key":"Ancient Potion"},{"floor":13.0,"key":"FairyPotion"}],"is_trial":false,"path_per_floor":["M","?","M","?","M","E","R","E","T","M","?","M","M","$","R","B"],"character_chosen":"THE_SENSHI","items_purchased":["theSenshi:SailorMercuryAssists","theSenshi:SailorMarsAssists"],"campfire_rested":0,"item_purchase_floors":[14,14],"current_hp_per_floor":[75,57,52,52,47,38,38,37,37,27,27,21,21,21,21,0,0],"gold":192,"neow_bonus":"","is_daily":false,"chose_seed":false,"campfire_upgraded":2,"win_rate":0.0,"timestamp":1612930509,"path_taken":["M","?","M","?","?","E","R","E","T","M","?","M","?","$","R","BOSS"],"items_purchased_type":["Card","Card"],"build_version":"2020-12-22","purchased_purges":0,"victory":false,"max_hp_per_floor":[75,75,75,75,75,75,75,75,75,75,75,75,75,75,75,75,75],"card_choices":[{"not_picked":["theSenshi:SupersonicWaves","theSenshi:Sidestep"],"picked":"theSenshi:SailorChibiMoonAssists","floor":1.0},{"not_picked":["theSenshi:Overload","theSenshi:MoonsReflection","theSenshi:LateForSchool"],"picked":"SKIP","floor":3.0},{"not_picked":["theSenshi:SailorChibiMoonAssists","theSenshi:SchoolBag"],"picked":"theSenshi:SailorJupiterAssists","floor":5.0},{"not_picked":["theSenshi:GatheringStrength","theSenshi:MoonTwilightFlash"],"picked":"theSenshi:TuxedoMaskAssists","floor":6.0},{"not_picked":["theSenshi:LateForSchool","theSenshi:MoonPower"],"picked":"theSenshi:TallSilhouette","floor":8.0},{"not_picked":["theSenshi:SailorJupiterAssists","theSenshi:SailorPlanetAttack"],"picked":"theSenshi:SailorVenusAssists","floor":10.0},{"not_picked":["theSenshi:MoonlightKnight","theSenshi:TuxedoSmokingBomber","theSenshi:LateForSchool"],"picked":"SKIP","floor":12.0},{"not_picked":["theSenshi:TuxedoSmokingBomber","theSenshi:MoonPrincessHalation"],"picked":"theSenshi:MoonCrystalPowerMakeUp","floor":13.0}],"player_experience":205305,"relics_obtained":[{"floor":1.0,"key":"LetterFromLob"},{"floor":6.0,"key":"Ornamental Fan"},{"floor":8.0,"key":"theSenshi:CrisisMoonCompactRelic"},{"floor":9.0,"key":"theSenshi:SailorFukuRelic"}],"event_choices":[{"damage_healed":0.0,"max_hp_gain":0.0,"max_hp_loss":0.0,"gold_gain":0.0,"event_name":"Scrap Ooze","player_choice":"Success","floor":2.0,"gold_loss":0.0,"damage_taken":18.0,"relics_obtained":["Bronze Scales"]},{"damage_healed":0.0,"max_hp_gain":0.0,"max_hp_loss":0.0,"gold_gain":0.0,"event_name":"Upgrade Shrine","player_choice":"Upgraded","floor":4.0,"gold_loss":0.0,"damage_taken":0.0,"cards_upgraded":["theSenshi:MoonPrismPowerMakeUp"]},{"cards_removed":["theSenshi:SailorBlock"],"damage_healed":0.0,"max_hp_gain":0.0,"max_hp_loss":0.0,"gold_gain":0.0,"event_name":"Bonfire Elementals","player_choice":"Offered Basic","floor":11.0,"gold_loss":0.0,"damage_taken":0.0}],"is_beta":false,"boss_relics":[],"items_purged_floors":[],"is_endless":false,"potions_floor_spawned":[1,10,12,13],"killed_by":"Slime Boss","ascension_level":1}}