{"host":"r458oihlpg8cxtvp","time":1612979817,"event":{"mods":["Act Like it!","Arknights","Aspiration","BaseMod","Challenge The Spire","Colored Powertips","Conspire","Dota2Spire","Hallownest","Minty Spire (QoL Compilation)","Relic Stats","Replay The Spire","Spicy Shops","StSLib","Wide Potions","[GremlinLeader]The Maniac","¡¾ÒÅÎï¿¨ÅÆ¡¿REMEMod"],"gold_per_floor":[110,0,17,105,63,63,82,82,108,142,142,170,185,153,153,248,248,264,12,23,23,34,62,81,121,121,139,156,167,167,177,177,282,282,297,237,254,274,274,308,44,44,68,94,94,109,109,123,123,123],"floor_reached":51,"language":"ZHS","playtime":3104,"items_purged":[],"score":839,"play_id":"9ef0fd30-2cc5-486e-a5f5-c626fddcc83e","local_time":"20210211015657","is_ascension_mode":false,"campfire_choices":[{"floor":6,"key":"REST"},{"data":"Inflame","floor":8,"key":"SMITH"},{"data":"Shrug It Off","floor":11,"key":"SMITH"},{"data":"Twin Strike","floor":15,"key":"SMITH"},{"data":"Sword Boomerang","floor":30,"key":"SMITH"},{"floor":42,"key":"REST"},{"data":"Limit Break","floor":45,"key":"SMITH"},{"data":"Feed","floor":47,"key":"SMITH"},{"floor":49,"key":"REST"}],"circlet_count":0,"master_deck":["Strike_R","Strike_R","Strike_R","Strike_R","Strike_R","Defend_R","Defend_R","Defend_R","Defend_R","Bash","Inflame+1","Metallicize","Iron Wave+1","Shrug It Off+1","Twin Strike+1","Flex+1","Flex","Sword Boomerang+1","REME_TheLastStrike","CurseOfTheBell","Pot Of Greed","Pot Of Greed","Feed+1","Limit Break+1","Heavy Blade+1"],"relics":["Burning Blood","REME_ComplimentaryCards","Hallownest:BankAccountRelic","Dota2Spire:EchoSabre","Replay:Wax Seal","aspiration:Lifesprig","Dota2Spire:DrumOfEndurance","Bag of Marbles","Incense Burner","Darkstone Periapt","Dota2Spire:AghanimScepter","Calling Bell","Letter Opener","Ginger","Grinning Jar","aspiration:FetidBarrel","Dota2Spire:Satanic","Potion Belt","Dream Catcher"],"acts_visited":["Exordium","Hallownest:Greenpath","Hallownest:CityofTears"],"potions_floor_usage":[10,10,23,31,33,33,40,44,50],"damage_taken":[{"damage":17,"enemies":"Hallownest:monsterHuskGuard","floor":1,"turns":5},{"damage":2,"enemies":"Hallownest:2_MossCreeps","floor":3,"turns":5},{"damage":2,"enemies":"Hallownest:2_Baldur","floor":7,"turns":5},{"damage":0,"enemies":"Hallownest:eliteCrystalGuardian","floor":10,"turns":3},{"damage":7,"enemies":"Hallownest:eliteMossKnight","floor":12,"turns":8},{"damage":5,"enemies":"Hallownest:Wandering_and_Horned","floor":13,"turns":4},{"damage":40,"enemies":"Hallownest:BossHornet","floor":16,"turns":7},{"damage":11,"enemies":"Hallownest:Guard_and_Sentry","floor":18,"turns":4},{"damage":15,"enemies":"Hallownest:3_Youths","floor":20,"turns":6},{"damage":6,"enemies":"Hallownest:Warrior_and_Youth","floor":22,"turns":5},{"damage":5,"enemies":"Hallownest:Nosk","floor":23,"turns":6},{"damage":8,"enemies":"Hallownest:2_Flukemon","floor":24,"turns":7},{"damage":7,"enemies":"Hallownest:monsterShrumalOgre","floor":27,"turns":4},{"damage":0,"enemies":"Hallownest:2_Husk_Sentries","floor":28,"turns":4},{"damage":10,"enemies":"Hallownest:Warrior_and_Youth","floor":29,"turns":4},{"damage":0,"enemies":"Hallownest:monsterMisterMushroom","floor":31,"turns":4},{"damage":0,"enemies":"Hallownest:BossSoulMaster","floor":33,"turns":5},{"damage":18,"enemies":"Hallownest:Shield_Heavy","floor":35,"turns":3},{"damage":15,"enemies":"Hallownest:3_Siblings","floor":37,"turns":3},{"damage":36,"enemies":"Hallownest:monsterPrimalAspid","floor":38,"turns":3},{"damage":10,"enemies":"Hallownest:eliteCollector","floor":40,"turns":9},{"damage":22,"enemies":"Hallownest:StalkingDevout","floor":44,"turns":6},{"damage":0,"enemies":"Hallownest:2_Great","floor":46,"turns":3},{"damage":50,"enemies":"Hallownest:Xero_Hu_Marmu","floor":48,"turns":5},{"damage":56,"enemies":"Hallownest:Radiance","floor":50,"turns":6}],"seed_played":"-2355652076346117826","potions_obtained":[{"floor":1,"key":"SteroidPotion"},{"floor":7,"key":"SteroidPotion"},{"floor":18,"key":"SteroidPotion"},{"floor":27,"key":"HeartOfIron"},{"floor":28,"key":"Toxic Potion"},{"floor":31,"key":"Dexterity Potion"},{"floor":35,"key":"SpeedPotion"},{"floor":38,"key":"Fire Potion"},{"floor":48,"key":"Block Potion"}],"is_trial":false,"path_per_floor":["M","?","M","?","$","R","M","R","T","E","R","E","M","$","R","B",null,"M","$","M","?","M","E","M","$","T","M","M","M","R","M","R","B",null,"M","?","M","M","?","E","$","R","T","E","R","M","R","M","R","B",null],"character_chosen":"IRONCLAD","items_purchased":["Replay:Wax Seal","Flex+1","Incense Burner","Dota2Spire:Satanic"],"campfire_rested":3,"item_purchase_floors":[5,14,19,41],"current_hp_per_floor":[77,77,81,81,81,88,88,88,88,88,88,87,88,88,88,54,88,83,83,74,83,83,84,82,82,82,81,87,83,83,88,88,88,94,82,89,80,50,50,46,46,76,76,60,60,89,89,49,80,59],"gold":123,"neow_bonus":"TEN_PERCENT_HP_BONUS","is_daily":false,"chose_seed":false,"campfire_upgraded":6,"win_rate":0.0,"timestamp":1612979817,"path_taken":["M","?","M","?","$","R","M","R","T","E","R","E","?","?","R","BOSS","M","$","M","?","?","E","M","$","T","M","M","?","R","M","R","BOSS","M","?","M","M","?","E","$","R","T","E","R","M","R","M","R","BOSS"],"items_purchased_type":["Relic","Card","Relic","Relic"],"build_version":"2020-12-22","purchased_purges":0,"victory":true,"max_hp_per_floor":[88,88,88,88,88,88,88,88,88,88,88,88,88,88,88,88,88,88,88,88,88,88,88,88,88,88,88,88,88,88,88,88,88,94,94,101,101,101,101,101,101,101,101,101,101,101,101,105,105,105],"relic_stats":{"Darkstone Periapt":6,"Dream Catcher":1,"counters":[25,124],"Letter Opener":[40],"Ginger":[3],"obtain_stats":[{"Darkstone Periapt":23,"Potion Belt":43,"Dota2Spire:EchoSabre":4,"aspiration:Lifesprig":9,"aspiration:FetidBarrel":40,"Dota2Spire:DrumOfEndurance":10,"Incense Burner":19,"Letter Opener":34,"Ginger":34,"Burning Blood":0,"Calling Bell":34,"Dota2Spire:Satanic":41,"Dota2Spire:AghanimScepter":26,"Dream Catcher":44,"Hallownest:BankAccountRelic":2,"Bag of Marbles":12,"Replay:Wax Seal":5,"Grinning Jar":34,"REME_ComplimentaryCards":0},{"Darkstone Periapt":11,"Potion Belt":21,"Dota2Spire:EchoSabre":2,"aspiration:Lifesprig":3,"aspiration:FetidBarrel":21,"Dota2Spire:DrumOfEndurance":4,"Incense Burner":8,"Letter Opener":17,"Ginger":17,"Burning Blood":0,"Calling Bell":17,"Dota2Spire:Satanic":21,"Dota2Spire:AghanimScepter":12,"Dream Catcher":22,"Hallownest:BankAccountRelic":1,"Bag of Marbles":5,"Replay:Wax Seal":2,"Grinning Jar":17,"REME_ComplimentaryCards":0},{"Darkstone Periapt":58,"Potion Belt":104,"Dota2Spire:EchoSabre":10,"aspiration:Lifesprig":15,"aspiration:FetidBarrel":104,"Dota2Spire:DrumOfEndurance":18,"Incense Burner":41,"Letter Opener":86,"Ginger":86,"Burning Blood":0,"Calling Bell":86,"Dota2Spire:Satanic":104,"Dota2Spire:AghanimScepter":65,"Dream Catcher":110,"Hallownest:BankAccountRelic":5,"Bag of Marbles":26,"Replay:Wax Seal":10,"Grinning Jar":86,"REME_ComplimentaryCards":0}],"Burning Blood":133},"card_choices":[{"not_picked":["ReplayTheSpireMod:Strike From Hell","Flame Barrier","Replay:Undeath\u0027s Touch"],"picked":"SKIP","floor":1},{"not_picked":["Warcry","Bloodletting"],"picked":"Metallicize","floor":3},{"not_picked":["Rage","Evolve"],"picked":"Iron Wave","floor":4},{"not_picked":["True Grit","conspire:Purge","Infernal Blade"],"picked":"SKIP","floor":7},{"not_picked":["Massacre","Replay:Undeath\u0027s Touch"],"picked":"Shrug It Off","floor":10},{"not_picked":["Clothesline","Perfected Strike","Havoc"],"picked":"SKIP","floor":12},{"not_picked":["Fire Breathing","Anger"],"picked":"Twin Strike","floor":13},{"not_picked":["True Grit","Wild Strike","Heavy Blade"],"picked":"SKIP","floor":18},{"not_picked":["ReplayTheSpireMod:Corrosion Curse","Warcry+1","Thunderclap"],"picked":"SKIP","floor":20},{"not_picked":["Rupture","Rampage+1"],"picked":"Flex","floor":22},{"not_picked":["Rampage+1","Burning Pact","Shrug It Off"],"picked":"SKIP","floor":23},{"not_picked":["ReplayTheSpireMod:Strike From Hell","Havoc","Anger+1"],"picked":"SKIP","floor":24},{"not_picked":["Replay:Many Hands","ReplayTheSpireMod:Corrosion Curse","Iron Wave"],"picked":"SKIP","floor":27},{"not_picked":["Reckless Charge","Feel No Pain"],"picked":"Sword Boomerang","floor":28},{"not_picked":["Pommel Strike","Flex","Hemokinesis"],"picked":"SKIP","floor":29},{"not_picked":["True Grit","ReplayTheSpireMod:Corrosion Curse","Battle Trance+1"],"picked":"SKIP","floor":31},{"not_picked":["Brutality","Reaper"],"picked":"REME_TheLastStrike","floor":33},{"not_picked":["Heavy Blade","True Grit+1","Dropkick+1"],"picked":"SKIP","floor":35},{"not_picked":["Bloodletting+1","Body Slam","REME_Scribble+1"],"picked":"SKIP","floor":37},{"not_picked":["Clash","Armaments+1","Wild Strike+1"],"picked":"SKIP","floor":38},{"not_picked":["Warcry","Perfected Strike"],"picked":"Feed","floor":40},{"not_picked":["True Grit+1","Wild Strike+1"],"picked":"Limit Break","floor":44},{"not_picked":["Shrug It Off+1","ReplayTheSpireMod:Strike From Hell","Flex+1"],"picked":"SKIP","floor":46},{"not_picked":["Defy Death+1","Rage+1","ReplayTheSpireMod:Strike From Hell"],"picked":"SKIP","floor":48},{"not_picked":["Wild Strike+1","Perfected Strike+1"],"picked":"Heavy Blade+1","floor":49}],"player_experience":83348,"relics_obtained":[{"floor":4,"key":"Dota2Spire:EchoSabre"},{"floor":9,"key":"aspiration:Lifesprig"},{"floor":10,"key":"Dota2Spire:DrumOfEndurance"},{"floor":12,"key":"Bag of Marbles"},{"floor":23,"key":"Darkstone Periapt"},{"floor":26,"key":"Dota2Spire:AghanimScepter"},{"floor":34,"key":"Letter Opener"},{"floor":34,"key":"Ginger"},{"floor":34,"key":"Grinning Jar"},{"floor":40,"key":"aspiration:FetidBarrel"},{"floor":43,"key":"Potion Belt"},{"floor":44,"key":"Dream Catcher"}],"event_choices":[],"is_beta":false,"boss_relics":[{"not_picked":["aspiration:SecretTechniqueScroll","aspiration:DefectSkillbook","Snecko Eye"]},{"not_picked":["REME_DemonsWealth","SlaversCollar"],"picked":"Calling Bell"}],"items_purged_floors":[],"is_endless":false,"potions_floor_spawned":[1,3,7,18,22,27,28,31,35,38,48],"ascension_level":0}}