{"host":"aqym1xxr3lb31d9m","time":1612975501,"event":{"mods":["BaseMod","Block Reminder","Colored Map","Colored Powertips","DeckTracker","Highlight Path","Minty Spire (QoL Compilation)","Quick Restart","Random Character Button","StSLib","SuperFastMode","UnlockEverythingMod"],"gold_per_floor":[111,121,121,136,152,152,115,148,148,159,188,164,164,176,176,176,176],"floor_reached":16,"language":"JPN","playtime":443,"items_purged":[],"score":274,"play_id":"f484b3ed-29b1-460d-b8a4-2acb4fb3ed29","local_time":"20210211014501","is_ascension_mode":true,"campfire_choices":[{"data":"Ball Lightning","floor":6,"key":"SMITH"},{"data":"Hologram","floor":13,"key":"SMITH"},{"data":"Zap","floor":15,"key":"SMITH"}],"circlet_count":0,"master_deck":["AscendersBane","Strike_B","Strike_B","Strike_B","Defend_B","Defend_B","Defend_B","Defend_B","Zap+1","Dualcast","Ball Lightning+1","Cold Snap","Ball Lightning","Genetic Algorithm","Doom and Gloom","Reboot","Go for the Eyes","Hologram+1","Conserve Battery","Gash"],"relics":["Cracked Core","NeowsBlessing","Kunai","Bottled Lightning","Matryoshka"],"acts_visited":["Exordium"],"potions_floor_usage":[8,11,16],"damage_taken":[{"damage":0,"enemies":"2 Louse","floor":1,"turns":1},{"damage":0,"enemies":"Cultist","floor":2,"turns":1},{"damage":0,"enemies":"Jaw Worm","floor":4,"turns":1},{"damage":8,"enemies":"Large Slime","floor":5,"turns":4},{"damage":15,"enemies":"3 Sentries","floor":8,"turns":3},{"damage":14,"enemies":"Gremlin Gang","floor":10,"turns":5},{"damage":0,"enemies":"Gremlin Nob","floor":11,"turns":2},{"damage":2,"enemies":"Lots of Slimes","floor":14,"turns":4},{"damage":31,"enemies":"The Guardian","floor":16,"turns":5}],"seed_played":"-2726996871776625943","potions_obtained":[{"floor":1,"key":"DuplicationPotion"},{"floor":2,"key":"SpeedPotion"},{"floor":5,"key":"ColorlessPotion"},{"floor":8,"key":"BlessingOfTheForge"},{"floor":11,"key":"PotionOfCapacity"}],"is_trial":false,"path_per_floor":["M","M","?","M","M","R","$","E","T","M","E","$","R","M","R","B"],"character_chosen":"DEFECT","items_purchased":["Doom and Gloom","Conserve Battery"],"campfire_rested":0,"item_purchase_floors":[7,12],"current_hp_per_floor":[64,64,64,64,56,56,56,41,41,27,27,27,27,25,25,0,0],"gold":176,"neow_bonus":"THREE_ENEMY_KILL","is_daily":false,"chose_seed":false,"campfire_upgraded":3,"win_rate":0.0,"timestamp":1612975501,"path_taken":["M","M","?","M","M","R","$","E","T","?","E","?","R","?","R","BOSS"],"items_purchased_type":["Card","Card"],"build_version":"2020-12-22","purchased_purges":0,"victory":false,"max_hp_per_floor":[71,71,71,71,71,71,71,71,71,71,71,71,71,71,71,71,71],"card_choices":[{"not_picked":["Scrape","Stack"],"picked":"Ball Lightning","floor":1},{"not_picked":["Streamline","Recycle"],"picked":"Cold Snap","floor":2},{"not_picked":["Lockon","Gash"],"picked":"Ball Lightning","floor":4},{"not_picked":["Coolheaded","Gash"],"picked":"Genetic Algorithm","floor":5},{"not_picked":["Fusion","Leap"],"picked":"Reboot","floor":8},{"not_picked":["Conserve Battery","Steam Power"],"picked":"Go for the Eyes","floor":10},{"not_picked":["Cold Snap","Barrage"],"picked":"Hologram","floor":11},{"not_picked":["Coolheaded","Rebound"],"picked":"Gash","floor":14}],"player_experience":4223008,"relics_obtained":[{"floor":8,"key":"Kunai"},{"floor":9,"key":"Bottled Lightning"},{"floor":11,"key":"Matryoshka"}],"event_choices":[{"cards_removed":["Strike_B"],"damage_healed":0,"gold_gain":0,"player_choice":"Purged","damage_taken":0,"max_hp_gain":0,"max_hp_loss":0,"event_name":"Purifier","floor":3,"gold_loss":0}],"is_beta":false,"boss_relics":[],"items_purged_floors":[],"is_endless":false,"potions_floor_spawned":[1,2,5,8,11],"killed_by":"The Guardian","ascension_level":20}}