{"host":"9slw7l0ws16384qq","time":1612980028,"event":{"mods":["A Penny For Your Troubles","BaseMod","Colored Map","Downfall","Evolution","Hubris","Minty Spire (QoL Compilation)","Replay The Spire","StS++","StSLib"],"gold_per_floor":[99,112,129,142,156,170,170,170,170,170],"floor_reached":8,"language":"FRA","playtime":365,"items_purged":[],"score":83,"play_id":"8ad2a858-b301-4d54-8d97-c4f03bfda6bb","local_time":"20210210190028","is_ascension_mode":true,"campfire_choices":[{"data":"Guardian:Defend_Guardian","floor":1,"key":"PURGE"}],"circlet_count":0,"master_deck":["AscendersBane","Guardian:TemporalStrike","Guardian:Strike_Guardian","Guardian:Strike_Guardian","Guardian:Strike_Guardian","Guardian:Defend_Guardian","Guardian:Defend_Guardian","Guardian:Defend_Guardian","Guardian:CurlUp","Guardian:TwinSlam","Guardian:StasisField"],"relics":["Guardian:ModeShifter","EVO:Axolotl","Onion Ring"],"acts_visited":["Exordium"],"potions_floor_usage":[8,8],"damage_taken":[{"damage":6,"enemies":"Cultist","floor":2,"turns":4},{"damage":0,"enemies":"Jaw Worm","floor":3,"turns":6},{"damage":5,"enemies":"2 Louse","floor":4,"turns":4},{"damage":9,"enemies":"2 Fungi Beasts","floor":5,"turns":4},{"damage":23,"enemies":"Large Slime","floor":6,"turns":10},{"damage":8,"enemies":"3 Sentries","floor":8,"turns":2}],"seed_played":"-4660137219958489479","potions_obtained":[{"floor":2,"key":"Milkshake"},{"floor":6,"key":"champ:CounterPotion"}],"is_trial":false,"path_per_floor":["R_BF","M","M","M","M","M","T","E"],"character_chosen":"GUARDIAN","items_purchased":[],"campfire_rested":0,"item_purchase_floors":[],"current_hp_per_floor":[51,45,45,40,31,8,8,0,0,0],"gold":170,"neow_bonus":"THREE_RARE_CARDS","is_daily":false,"chose_seed":false,"campfire_upgraded":0,"win_rate":0.0,"timestamp":1612980028,"path_taken":["R_BF","M","M","M","M","?","T","E"],"items_purchased_type":[],"build_version":"2020-12-22","purchased_purges":0,"victory":false,"max_hp_per_floor":[80,80,80,80,80,80,80,80,80,80],"card_choices":[{"not_picked":["Guardian:GatlingBeam","Guardian:Gem_Orange"],"picked":"Guardian:StasisField","floor":0},{"not_picked":["Guardian:ChargeUp","Guardian:DecasProtection","Guardian:Preprogram"],"picked":"SKIP","floor":2},{"not_picked":["Guardian:WalkerClaw","Guardian:Emergency","Guardian:Preprogram"],"picked":"SKIP","floor":3},{"not_picked":["Guardian:Gem_Green","Guardian:PrimingBeam","Guardian:RollAttack"],"picked":"SKIP","floor":4},{"not_picked":["Guardian:Gem_Green","Guardian:MultiBeam","Guardian:CrystalBeam"],"picked":"SKIP","floor":5},{"not_picked":["Guardian:ShieldSpikes","Guardian:Gem_Lightblue","Guardian:PrimingBeam"],"picked":"SKIP","floor":6}],"player_experience":1686923,"relics_obtained":[{"floor":7,"key":"Onion Ring"}],"event_choices":[],"is_beta":false,"boss_relics":[],"items_purged_floors":[],"is_endless":false,"potions_floor_spawned":[2,6],"killed_by":"3 Sentries","ascension_level":13}}