{"host":"tml1x4ylw9tadh99","time":1612975433,"event":{"mods":["100% Spire Juice","AchievementEnabler","Act Like it!","BaseMod","Bestiary","Colored Map","Colored Powertips","DeckTracker","Friendly Minions","GifTheSpireLib","Minty Spire (QoL Compilation)","Quick Restart","Random Character Button","Random Character Mod","Relic Stats","StSLib","Synergy Search"],"gold_per_floor":[119,394,22,36,47,81,81,94,119,119,148,148,165,177,57,152,152,165,45,59,59,73,99,118,118,118],"floor_reached":25,"language":"ENG","playtime":2575,"items_purged":["Regret"],"score":235,"play_id":"e5e6dd34-d3f4-4e77-bcbd-b227ca2de8df","local_time":"20210210174353","is_ascension_mode":false,"campfire_choices":[{"data":"Moonworks:UnluckyCharm","floor":7,"key":"SMITH"},{"data":"Moonworks:Flamethrower","floor":15,"key":"SMITH"}],"circlet_count":0,"master_deck":["Moonworks:Strike","Moonworks:Strike","Moonworks:Strike","Moonworks:Defend","Moonworks:Defend","Moonworks:Defend","Moonworks:Defend","Moonworks:Ambush","Moonworks:LongDistanceShot","Moonworks:WindyEnchantment","Moonworks:NicePresent","Moonworks:UnluckyCharm+1","Moonworks:Flamethrower+1","Moonworks:JonathanRush","Moonworks:WeAreWaruda","Moonworks:JonathanRush+1","Moonworks:SakisCookie","Moonworks:NicePresent+1","Moonworks:HolyNight","Moonworks:NicePresent"],"relics":["Moonworks:BrokenBomb","Moonworks:Homemark","NeowsBlessing","Matryoshka","Ancient Tea Set","Anchor","Oddly Smooth Stone","Letter Opener","Black Star","Frozen Egg 2","Darkstone Periapt"],"acts_visited":["Exordium","TheCity"],"potions_floor_usage":[6,23,23,23],"damage_taken":[{"damage":0,"enemies":"Jaw Worm","floor":1,"turns":1},{"damage":0,"enemies":"Cultist","floor":4,"turns":1},{"damage":0,"enemies":"Small Slimes","floor":5,"turns":1},{"damage":11,"enemies":"Lagavulin","floor":6,"turns":11},{"damage":0,"enemies":"2 Fungi Beasts","floor":8,"turns":2},{"damage":4,"enemies":"3 Sentries","floor":11,"turns":6},{"damage":5,"enemies":"Exordium Thugs","floor":13,"turns":3},{"damage":0,"enemies":"Lots of Slimes","floor":14,"turns":2},{"damage":34,"enemies":"The Guardian","floor":16,"turns":13},{"damage":17,"enemies":"3 Byrds","floor":18,"turns":3},{"damage":16,"enemies":"Spheric Guardian","floor":20,"turns":4},{"damage":16,"enemies":"Snecko","floor":22,"turns":7},{"damage":7,"enemies":"Slavers","floor":23,"turns":3},{"damage":8,"enemies":"Centurion and Healer","floor":24,"turns":3},{"damage":3,"enemies":"Shelled Parasite and Fungi","floor":25,"turns":2}],"seed_played":"-3809678814861969313","potions_obtained":[{"floor":1,"key":"SteroidPotion"},{"floor":4,"key":"PowerPotion"},{"floor":8,"key":"Regen Potion"},{"floor":11,"key":"LiquidBronze"},{"floor":24,"key":"Energy Potion"}],"is_trial":false,"path_per_floor":["M","?","$","M","M","E","R","M","T","$","E","$","M","M","R","B",null,"M","?","M","?","M","E","M","M"],"character_chosen":"THE_STARBREAKER","items_purchased":["Matryoshka","Moonworks:NicePresent"],"campfire_rested":0,"item_purchase_floors":[3,3],"current_hp_per_floor":[60,60,60,60,60,49,49,49,49,49,45,45,40,40,40,6,60,43,43,27,27,11,9,1,0,0],"gold":118,"neow_bonus":"THREE_ENEMY_KILL","is_daily":false,"chose_seed":false,"campfire_upgraded":2,"win_rate":0.0,"timestamp":1612975433,"path_taken":["M","?","$","?","M","E","R","M","T","$","E","?","M","M","R","BOSS","M","?","M","?","M","E","M","?"],"items_purchased_type":["Relic","Card"],"build_version":"2020-12-22","purchased_purges":1,"victory":false,"max_hp_per_floor":[60,60,60,60,60,60,60,60,60,60,60,60,60,60,60,60,60,60,60,60,60,60,60,60,60,60],"relic_stats":{"Darkstone Periapt":0,"counters":[15,62],"Black Star":1,"Letter Opener":[109],"obtain_stats":[{"Darkstone Periapt":23,"Anchor":9,"Matryoshka":3,"NeowsBlessing":0,"Moonworks:Homemark":0,"Oddly Smooth Stone":9,"Black Star":17,"Letter Opener":11,"Frozen Egg 2":23,"Ancient Tea Set":6,"Moonworks:BrokenBomb":0},{"Darkstone Periapt":13,"Anchor":5,"Matryoshka":1,"NeowsBlessing":0,"Moonworks:Homemark":0,"Oddly Smooth Stone":5,"Black Star":9,"Letter Opener":6,"Frozen Egg 2":13,"Ancient Tea Set":4,"Moonworks:BrokenBomb":0},{"Darkstone Periapt":57,"Anchor":16,"Matryoshka":1,"NeowsBlessing":0,"Moonworks:Homemark":0,"Oddly Smooth Stone":16,"Black Star":40,"Letter Opener":22,"Frozen Egg 2":57,"Ancient Tea Set":14,"Moonworks:BrokenBomb":0}]},"card_choices":[{"not_picked":["Moonworks:Dash","Moonworks:SakisCookie"],"picked":"Moonworks:WindyEnchantment","floor":1},{"not_picked":["Moonworks:ImmovableObject","Moonworks:ImOnFire"],"picked":"Moonworks:UnluckyCharm","floor":4},{"not_picked":["Moonworks:ExtendedPhotonRifle","Moonworks:CloudOfSeagulls","Moonworks:BeyondHell"],"picked":"SKIP","floor":5},{"not_picked":["Moonworks:ImOnFire","Moonworks:BigMagnum"],"picked":"Moonworks:Flamethrower","floor":6},{"not_picked":["Moonworks:Assault","Moonworks:Poppoformation"],"picked":"Moonworks:JonathanRush","floor":8},{"not_picked":["Moonworks:SakisCookie","Moonworks:SelfDestruct"],"picked":"Moonworks:RocketCannon","floor":11},{"not_picked":["Moonworks:Bloodlust","Moonworks:EvilSpyWorkPreparation","Moonworks:Assault"],"picked":"SKIP","floor":13},{"not_picked":["Moonworks:Assault","Moonworks:LulusLuckyEgg","Moonworks:ExtendedPhotonRifle"],"picked":"SKIP","floor":14},{"not_picked":["Moonworks:MeltingMemories","Moonworks:EvilMastermind"],"picked":"Moonworks:WeAreWaruda","floor":16},{"not_picked":["Moonworks:IndiscriminateFireSupport","Moonworks:NicePresent"],"picked":"Moonworks:JonathanRush+1","floor":18},{"not_picked":["Moonworks:ImOnFire","Moonworks:Bloodlust"],"picked":"Moonworks:NicePresent+1","floor":20},{"not_picked":["Moonworks:RocketCannon","Moonworks:IndiscriminateFireSupport"],"picked":"Moonworks:NicePresent","floor":22},{"not_picked":["Moonworks:EvilSpyWorkPreparation","Moonworks:DeployBits","Moonworks:SakisCookie+1"],"picked":"SKIP","floor":23},{"not_picked":["Moonworks:IndiscriminateFireSupport+1","Moonworks:CloudOfSeagulls","Moonworks:RocketCannon"],"picked":"SKIP","floor":24}],"player_experience":60991,"relics_obtained":[{"floor":6,"key":"Ancient Tea Set"},{"floor":9,"key":"Anchor"},{"floor":9,"key":"Oddly Smooth Stone"},{"floor":11,"key":"Letter Opener"},{"floor":23,"key":"Frozen Egg 2"},{"floor":23,"key":"Darkstone Periapt"}],"event_choices":[{"damage_healed":0,"gold_gain":275,"player_choice":"Desecrate","damage_taken":0,"max_hp_gain":0,"max_hp_loss":0,"event_name":"Golden Shrine","floor":2,"gold_loss":0,"cards_obtained":["Regret"]},{"damage_healed":0,"gold_gain":0,"cards_transformed":["Moonworks:RocketCannon","Moonworks:Strike"],"player_choice":"Became Test Subject","damage_taken":0,"max_hp_gain":0,"max_hp_loss":0,"event_name":"Drug Dealer","floor":19,"gold_loss":0,"cards_obtained":["Moonworks:LeapThroughSpace","Moonworks:SakisCookie"]},{"damage_healed":0,"gold_gain":0,"cards_transformed":["Moonworks:LeapThroughSpace"],"player_choice":"Transformed","damage_taken":0,"max_hp_gain":0,"max_hp_loss":0,"event_name":"Transmorgrifier","floor":21,"gold_loss":0,"cards_obtained":["Moonworks:HolyNight"]}],"is_beta":false,"boss_relics":[{"not_picked":["Philosopher\u0027s Stone","Runic Pyramid"],"picked":"Black Star"}],"items_purged_floors":[3],"is_endless":false,"potions_floor_spawned":[1,4,8,11,20,24],"killed_by":"Shelled Parasite and Fungi","ascension_level":0}}