{"host":"ew66i0vuc7r9fnl7","time":1612941499,"event":{"mods":["Act Like it!","Arknights","BaseMod","DeckTracker","Koishi","Minty Spire (QoL Compilation)","StSLib"],"gold_per_floor":[115,115,115,132,132,132,148,163,233,250,278,278,288,67,67,168,168,187,203,103,120,120,120,147,147,227,260,135,135,148,148,148,247,247,264,264,264,283,283,314,314,314],"floor_reached":41,"language":"KOR","playtime":2337,"items_purged":["ats:Strike V","ats:Armor Crushing Shot","ats:Defend"],"score":484,"play_id":"310a4872-32b5-442c-bc72-373670f2c144","local_time":"20210210161819","is_ascension_mode":false,"campfire_choices":[{"data":"ats:Emotion Absorption","floor":6,"key":"SMITH"},{"data":"ats:Sashimi Platter","floor":12,"key":"SMITH"},{"data":"ats:Thermite Blade","floor":15,"key":"SMITH"},{"data":"ats:Thorns","floor":23,"key":"SMITH"},{"data":"ats:Encircling Forest","floor":25,"key":"SMITH"},{"data":"ats:Shell Defense","floor":32,"key":"SMITH"}],"circlet_count":0,"master_deck":["ats:Strike G","ats:Defend","ats:Emotion Absorption+1","ats:Thermite Blade+1","ats:Shell Defense+1","ats:Sashimi Platter+1","ats:Wolf Pack","ats:Charging Defense","ats:Thorns+1","ats:Encircling Forest+1","ats:Curse Doll","ats:Hook Shot+1","ats:Fractured Body","Madness","Madness","Bash","ats:Directed Diagnosis","ats:Shell Defense+1","ats:Phantom"],"relics":["Sozu","Mercury Hourglass","ats:Originium","Vajra","ats:Spiritual Recovery","Coffee Dripper","Ancient Tea Set","Question Card","Ornamental Fan","Runic Pyramid","Boot"],"acts_visited":["Exordium","TheCity","TheBeyond"],"potions_floor_usage":[],"damage_taken":[{"damage":7,"enemies":"2 Louse","floor":1,"turns":3},{"damage":5,"enemies":"Small Slimes","floor":4,"turns":4},{"damage":1,"enemies":"Cultist","floor":7,"turns":3},{"damage":8,"enemies":"2 Fungi Beasts","floor":8,"turns":3},{"damage":0,"enemies":"Exordium Wildlife","floor":10,"turns":3},{"damage":3,"enemies":"Gremlin Nob","floor":11,"turns":3},{"damage":2,"enemies":"Blue Slaver","floor":13,"turns":2},{"damage":37,"enemies":"The Guardian","floor":16,"turns":11},{"damage":8,"enemies":"Shell Parasite","floor":18,"turns":5},{"damage":0,"enemies":"Spheric Guardian","floor":19,"turns":2},{"damage":7,"enemies":"Snake Plant","floor":21,"turns":5},{"damage":0,"enemies":"Book of Stabbing","floor":24,"turns":6},{"damage":9,"enemies":"Slavers","floor":27,"turns":8},{"damage":0,"enemies":"Chosen and Byrds","floor":30,"turns":8},{"damage":48,"enemies":"Automaton","floor":33,"turns":14},{"damage":11,"enemies":"3 Darklings","floor":35,"turns":6},{"damage":26,"enemies":"Orb Walker","floor":38,"turns":4},{"damage":98,"enemies":"Reptomancer","floor":40,"turns":9},{"damage":0,"enemies":"Writhing Mass","floor":41,"turns":4}],"seed_played":"-4188766210235980030","potions_obtained":[],"is_trial":false,"path_per_floor":["M","$","?","M","?","R","M","M","T","M","E","R","M","$","R","B",null,"M","M","$","M","?","R","E","R","T","E","$","?","M","?","R","B",null,"M","?","?","M","?","E","M"],"character_chosen":"DOCTOR_CLASS","items_purchased":["ats:Spiritual Recovery"],"campfire_rested":0,"item_purchase_floors":[14],"current_hp_per_floor":[65,65,70,65,65,65,64,56,56,59,59,59,67,67,67,67,77,71,71,71,77,77,77,77,77,77,77,77,77,77,77,77,77,77,77,67,67,53,53,39,51,51],"gold":314,"neow_bonus":"BOSS_RELIC","is_daily":false,"chose_seed":false,"campfire_upgraded":6,"win_rate":0.0,"timestamp":1612941499,"path_taken":["M","$","?","M","?","R","M","?","T","M","E","R","M","$","R","BOSS","M","M","$","M","?","R","E","R","T","E","$","?","M","?","R","BOSS","M","?","?","?","?","E","M"],"items_purchased_type":["Relic"],"build_version":"2020-12-22","purchased_purges":3,"victory":false,"max_hp_per_floor":[72,72,77,77,77,77,77,77,77,77,77,77,77,77,77,77,77,77,77,77,77,77,77,77,77,77,77,77,77,77,77,77,77,77,77,77,77,77,77,77,77,77],"card_choices":[{"not_picked":["ats:Literary Storm","ats:Automatic Cover","ats:Flexible Camouflage"],"picked":"SKIP","floor":1},{"not_picked":["ats:Healing Drone","ats:Spore Proliferation","ats:Explosion Area Strengthen"],"picked":"SKIP","floor":4},{"not_picked":["ats:LN2 Cannon","ats:Consecutive Shot Auto"],"picked":"ats:Thermite Blade","floor":7},{"not_picked":["ats:Absolute Focus","ats:Sunburst"],"picked":"ats:Shell Defense","floor":8},{"not_picked":["ats:Apocalypse","ats:Overload","ats:Volcano"],"picked":"SKIP","floor":10},{"not_picked":["ats:Closed Bolt Burst Fire","ats:Encircling Forest"],"picked":"ats:Sashimi Platter","floor":11},{"not_picked":["ats:Ignite","ats:Directed Diagnosis","ats:Apocalypse"],"picked":"SKIP","floor":13},{"not_picked":["ats:Fractured Body","ats:Rat Pack"],"picked":"ats:Wolf Pack","floor":16},{"not_picked":["ats:Spore Proliferation","ats:Assault Order"],"picked":"ats:Charging Defense","floor":18},{"not_picked":["ats:Flexible Camouflage","ats:Soul Absorption","ats:Hammer On"],"picked":"SKIP","floor":19},{"not_picked":["ats:Shell Defense","ats:Powerful Strike"],"picked":"ats:Thorns","floor":21},{"not_picked":["ats:Encircling Forest+1","ats:Closed Bolt Burst Fire","ats:Poison Spread"],"picked":"SKIP","floor":24},{"not_picked":["ats:Automatic Cover","ats:Mental Burst","ats:Curse Doll"],"picked":"ats:Hook Shot+1","floor":27},{"not_picked":["ats:Assault Order","ats:Closed Bolt Burst Fire","ats:Thermite Blade+1","ats:Beaten Up"],"picked":"SKIP","floor":30},{"not_picked":["ats:Rat Pack","ats:Dogmatic Field","ats:Ambush"],"picked":"ats:Fractured Body","floor":33},{"not_picked":["ats:Revitalization","ats:Hammer On+1","ats:Neurotoxin","ats:Healing Drone"],"picked":"SKIP","floor":35},{"not_picked":["ats:Poison Spread+1","ats:Overload+1","ats:Powerful Strike+1"],"picked":"ats:Shell Defense+1","floor":38},{"not_picked":["ats:Assault Order","ats:Curse Doll+1","ats:Hook Shot"],"picked":"ats:Phantom","floor":40}],"player_experience":642049,"relics_obtained":[{"floor":9,"key":"Mercury Hourglass"},{"floor":11,"key":"ats:Originium"},{"floor":11,"key":"Vajra"},{"floor":24,"key":"ats:Originium"},{"floor":24,"key":"Ancient Tea Set"},{"floor":26,"key":"Question Card"},{"floor":27,"key":"ats:Originium"},{"floor":27,"key":"Ornamental Fan"},{"floor":40,"key":"ats:Originium"},{"floor":40,"key":"Boot"}],"event_choices":[{"damage_healed":0,"gold_gain":0,"player_choice":"Donut","damage_taken":0,"max_hp_gain":5,"max_hp_loss":0,"event_name":"Big Fish","floor":3,"gold_loss":0},{"damage_healed":0,"gold_gain":0,"player_choice":"Bought 0 Potions","damage_taken":0,"max_hp_gain":0,"max_hp_loss":0,"event_name":"The Woman in Blue","floor":5,"gold_loss":0},{"damage_healed":0,"gold_gain":0,"cards_transformed":["ats:Strike C","ats:Strike S"],"player_choice":"Became Test Subject","damage_taken":0,"max_hp_gain":0,"max_hp_loss":0,"event_name":"Drug Dealer","floor":22,"gold_loss":0,"cards_obtained":["ats:Encircling Forest","ats:Curse Doll"]},{"cards_removed":["ats:Defend"],"damage_healed":0,"gold_gain":0,"player_choice":"Elegance","damage_taken":0,"max_hp_gain":0,"max_hp_loss":0,"event_name":"Back to Basics","floor":29,"gold_loss":0},{"cards_removed":["ats:Defend"],"damage_healed":0,"gold_gain":0,"player_choice":"Purged","damage_taken":0,"max_hp_gain":0,"max_hp_loss":0,"event_name":"Purifier","floor":31,"gold_loss":0},{"damage_healed":0,"gold_gain":0,"player_choice":"Embrace Madness","damage_taken":10,"max_hp_gain":0,"max_hp_loss":0,"event_name":"Winding Halls","floor":36,"gold_loss":0,"cards_obtained":["Madness","Madness"]},{"damage_healed":0,"gold_gain":0,"player_choice":"2 cards matched","damage_taken":0,"max_hp_gain":0,"max_hp_loss":0,"event_name":"Match and Keep!","floor":37,"gold_loss":0,"cards_obtained":["Bash","ats:Directed Diagnosis"]},{"damage_healed":0,"gold_gain":0,"player_choice":"Ignored","damage_taken":0,"max_hp_gain":0,"max_hp_loss":0,"event_name":"Tomb of Lord Red Mask","floor":39,"gold_loss":0}],"is_beta":false,"boss_relics":[{"not_picked":["ats:Tactical Delivery","Busted Crown"],"picked":"Coffee Dripper"},{"not_picked":["Pandora\u0027s Box","Runic Dome"],"picked":"Runic Pyramid"}],"items_purged_floors":[14,20,28],"is_endless":false,"potions_floor_spawned":[1,7,10,13,16,18,24,27,33,38,40],"killed_by":"Writhing Mass","ascension_level":0}}