{"host":"tetk82fuf8thwxol","time":1612923880,"event":{"mods":["AchievementEnabler","BaseMod","BetterRewards","GifTheSpireLib","Hermit","Minty Spire (QoL Compilation)","Permanent Neow","Quick Restart","Shop Mod","Spicy Shops","StSLib","The Bug Knight","The Cursed","The Runesmith"],"gold_per_floor":[112,112,112,125,50,50,67,67,143,169,187,87,137,172,172,247,247,167,167],"floor_reached":18,"language":"ENG","playtime":552,"items_purged":["Defend_G","Defend_G"],"score":311,"play_id":"a79abcbd-cb84-4733-973b-38962ebf7dc5","local_time":"20210209202440","is_ascension_mode":true,"campfire_choices":[{"data":"Strike_G","floor":6,"key":"SMITH"},{"data":"Strike_G","floor":8,"key":"SMITH"},{"data":"Strike_G","floor":15,"key":"SMITH"}],"circlet_count":0,"master_deck":["AscendersBane","Strike_G","Strike_G","Strike_G+1","Strike_G+1","Strike_G+1","Defend_G","Defend_G","Defend_G","Survivor","Neutralize"],"relics":["Ring of the Snake"],"acts_visited":["Exordium","TheCity"],"potions_floor_usage":[10,16],"damage_taken":[{"damage":17,"enemies":"Jaw Worm","floor":1,"turns":5},{"damage":16,"enemies":"2 Louse","floor":4,"turns":3},{"damage":6,"enemies":"Cultist","floor":7,"turns":4},{"damage":65,"enemies":"3 Sentries","floor":10,"turns":9},{"damage":19,"enemies":"Looter","floor":11,"turns":3},{"damage":27,"enemies":"Gremlin Nob","floor":14,"turns":5},{"damage":282,"enemies":"Hexaghost","floor":16,"turns":18},{"damage":38,"enemies":"2 Thieves","floor":18,"turns":3}],"seed_played":"-6011176294988258699","potions_obtained":[{"floor":0,"key":"PowerPotion"},{"floor":0,"key":"DistilledChaos"},{"floor":0,"key":"Fire Potion"}],"is_trial":false,"path_per_floor":["M","?","?","M","$","R","M","R","T","E","M","$","?","E","R","B",null,"M"],"character_chosen":"THE_SILENT","items_purchased":[],"campfire_rested":0,"item_purchase_floors":[],"current_hp_per_floor":[66,66,66,66,66,66,66,66,66,66,66,66,66,66,66,66,66,28,28],"gold":167,"neow_bonus":"THREE_SMALL_POTIONS","is_daily":false,"chose_seed":false,"campfire_upgraded":3,"win_rate":0.0,"timestamp":1612923880,"path_taken":["M","?","?","M","$","R","M","R","T","E","?","$","?","E","R","BOSS","M"],"items_purchased_type":[],"build_version":"2020-12-22","purchased_purges":2,"victory":false,"max_hp_per_floor":[66,66,66,66,66,66,66,66,66,66,66,66,66,66,66,66,66,66,66],"card_choices":[{"not_picked":["Flechettes","Deflect","Escape Plan"],"picked":"SKIP","floor":1},{"not_picked":["Dodge and Roll","Prepared","Accuracy"],"picked":"SKIP","floor":4},{"not_picked":["Accuracy","Acrobatics","Skewer"],"picked":"SKIP","floor":7},{"not_picked":["Bane","Quick Slash","Heel Hook"],"picked":"SKIP","floor":10},{"not_picked":["Accuracy","Dodge and Roll","Slice"],"picked":"SKIP","floor":11},{"not_picked":["Footwork","Escape Plan","Leg Sweep"],"picked":"SKIP","floor":14}],"player_experience":305362,"relics_obtained":[],"event_choices":[{"damage_healed":0,"gold_gain":0,"player_choice":"Fled","damage_taken":11,"max_hp_gain":0,"max_hp_loss":0,"event_name":"Scrap Ooze","floor":2,"gold_loss":0},{"damage_healed":0,"gold_gain":0,"player_choice":"Bought 0 Potions","damage_taken":0,"max_hp_gain":0,"max_hp_loss":0,"event_name":"The Woman in Blue","floor":3,"gold_loss":0},{"damage_healed":0,"gold_gain":50,"player_choice":"Pray","damage_taken":0,"max_hp_gain":0,"max_hp_loss":0,"event_name":"Golden Shrine","floor":13,"gold_loss":0}],"is_beta":false,"boss_relics":[{"not_picked":["Astrolabe","Calling Bell","Runesmith:UraniumAnvil"]}],"items_purged_floors":[5,12],"is_endless":false,"potions_floor_spawned":[4,7],"killed_by":"2 Thieves","ascension_level":17}}