{"host":"ow52dz0ufgwhhffk","time":1612962923,"event":{"mods":["Act Like it!","BaseMod","Conspire","Friendly Minions","Gensokyo","HololiveMod","Kiyohime£®«Âºß£©","Marisa£®ÏF”Í°°ƒß¿Ì…≥£©","Minty Spire (QoL Compilation)","MostiFishMod","Prisma Mod","Quick Restart","Reimu£®≤©¿ˆ¡È√Œ£©","Remilia£®¿Ÿ√◊¿Ú—«£©","StSLib","TestMod","The Servant 0.9.4","WarShipGirlsR/’ΩΩ¢…Ÿ≈ÆR mod","[IsaacMod]“‘»ˆº‚À˛","[JumpMod]ŒË∂Øº‚À˛"],"gold_per_floor":[113,3,35,119,130,130,145,145,169,169,183,197,250,22,22,119,119,130,130,150,150,170,203,219,252,252,280,280,280,307,317,317,317,317],"floor_reached":33,"language":"ZHS","playtime":2438,"items_purged":[],"score":830,"play_id":"8e4172eb-529d-4cb7-bdc3-240e7a0d046e","local_time":"20210210211523","is_ascension_mode":true,"campfire_choices":[{"data":"Flex","floor":6,"key":"SMITH"},{"data":"Bash","floor":8,"key":"SMITH"},{"data":"BettingIsNotGood","floor":10,"key":"SMITH"},{"data":"Limit Break","floor":15,"key":"SMITH"},{"data":"MostiFishMod:FlyOverUtopia","floor":29,"key":"SMITH"},{"floor":32,"key":"RECALL"}],"circlet_count":0,"master_deck":["AscendersBane","Strike_R","Strike_R","Strike_R","Strike_R","Strike_R","Defend_R","Defend_R","Defend_R","Defend_R","Bash+1","BettingIsNotGood+1","Secret Technique","Cleave","Battle Trance","Flex+1","Thunderclap","Bludgeon","Headbutt","Infernal Blade","Limit Break+1","MostiFishMod:KnuckleDown","Reaper","Flex","Limit Break","Heavy Blade","Flex+1","Warcry","MostiFishMod:FlyOverUtopia+1","Thunderclap","MostiFishMod:HellRitual","MostiFishMod:RainCloud"],"relics":["Burning Blood","DaveBox","testmod-TestBox","HushsDoor","HowToJump","testmod-EqualTreatment","TuHaoJin","JellyFishMachine","SynthV:TestCard","Lantern","testmod-LifeArmor","SentryEyes","Bag of Preparation","ChiLing","Chi","Ling","testmod-HarvestTotem","GuppysHairball","SatanicBible","Gensokyo:RedStar","Darkstone Periapt","testmod-Hope","testmod-InfectionSource","conspire:TopHat","AntiCross","Bag of Marbles"],"acts_visited":["Gensokyo:Gensokyo","Gensokyo:Gensokyoer"],"potions_floor_usage":[23,33,33],"damage_taken":[{"damage":0.0,"enemies":"Gensokyo:2_Kodama","floor":1.0,"turns":1.0},{"damage":15.0,"enemies":"Gensokyo:Gryphon","floor":3.0,"turns":5.0},{"damage":0,"enemies":"Gensokyo:Python","floor":5,"turns":2},{"damage":18,"enemies":"Gensokyo:Mamizou","floor":7,"turns":8},{"damage":6,"enemies":"Gensokyo:Cirno","floor":11,"turns":4},{"damage":0,"enemies":"Gensokyo:2_Rabbits","floor":12,"turns":1},{"damage":21,"enemies":"Gensokyo:Mamizou","floor":13,"turns":7},{"damage":2,"enemies":"Gensokyo:Reimu","floor":16,"turns":3},{"damage":0,"enemies":"Gensokyo:2_Gloops","floor":18,"turns":1},{"damage":0,"enemies":"Gensokyo:Chomper","floor":20,"turns":2},{"damage":0,"enemies":"Gensokyo:Monolith_and_Dog","floor":22,"turns":1},{"damage":24,"enemies":"Gensokyo:Tenshi","floor":23,"turns":2},{"damage":7,"enemies":"Gensokyo:Wraith","floor":24,"turns":3},{"damage":8,"enemies":"Gensokyo:Reisen","floor":25,"turns":3},{"damage":19,"enemies":"Gensokyo:Koishi","floor":27,"turns":3},{"damage":4,"enemies":"Gensokyo:Reisen","floor":30,"turns":2},{"damage":14,"enemies":"Gensokyo:Mirror_and_Dog","floor":31,"turns":2},{"damage":68,"enemies":"Gensokyo:Eternal_Rivals","floor":33,"turns":5}],"seed_played":"-8225555931906593205","potions_obtained":[{"floor":3,"key":"Energy Potion"},{"floor":5,"key":"PowerPotion"},{"floor":23,"key":"AttackPotion"}],"is_trial":false,"path_per_floor":["M","COS","M","?","M","R","E","R","T","R","E","M","E","$","R","B",null,"M","?","M","?","M","E","M","E","T","E","?","R","E","M","R","B"],"character_chosen":"IRONCLAD","items_purchased":["Limit Break","ChiLing","Reaper","GuppysHairball","SatanicBible"],"campfire_rested":0,"item_purchase_floors":[14,14,17,17,17],"current_hp_per_floor":[56,56,47,32,38,38,26,26,26,26,26,32,17,17,17,21,126,126,126,126,111,123,111,116,126,126,126,114,114,114,112,112,0,0],"gold":317,"neow_bonus":"RANDOM_COLORLESS_2","is_daily":false,"chose_seed":false,"campfire_upgraded":5,"win_rate":0.0,"timestamp":1612962923,"path_taken":["M","COS","M","?","M","R","E","R","T","R","E","M","E","?","R","BOSS","M","?","?","?","M","E","M","E","T","E","?","R","E","M","R","BOSS"],"items_purchased_type":["Card","Relic","Card","Relic","Relic"],"build_version":"2020-12-22","purchased_purges":0,"victory":false,"max_hp_per_floor":[75,75,75,75,75,75,75,75,75,75,75,75,75,75,75,75,126,126,126,126,126,126,126,126,126,126,126,114,114,114,114,114,57,57],"card_choices":[{"not_picked":[],"picked":"BettingIsNotGood","floor":0.0},{"not_picked":["testmod-FightingIntention","SuicideKing"],"picked":"Secret Technique","floor":0.0},{"not_picked":["MostiFishMod:BrandingRite","Metallicize"],"picked":"Cleave","floor":1.0},{"not_picked":["Warcry","Clash","Perfected Strike","Havoc"],"picked":"Battle Trance","floor":3},{"not_picked":["Carnage","Dropkick","Clash","Anger"],"picked":"Flex","floor":5},{"not_picked":["Feel No Pain","Ghostly Armor","Body Slam","Shrug It Off"],"picked":"Thunderclap","floor":7},{"not_picked":["Headbutt","Cleave","Demon Form","Anger"],"picked":"Bludgeon","floor":11},{"not_picked":["Twin Strike","Havoc","Sword Boomerang","Fire Breathing"],"picked":"Headbutt","floor":12},{"not_picked":["Body Slam","Uppercut","Anger","Hemokinesis"],"picked":"Infernal Blade","floor":13},{"not_picked":["MostiFishMod:HellRitual","MostiFishMod:RainCloud","Impervious","MostiFishMod:FlyOverUtopia"],"picked":"MostiFishMod:KnuckleDown","floor":16},{"not_picked":["Iron Wave","Wild Strike","Perfected Strike","Pommel Strike"],"picked":"Flex","floor":18},{"not_picked":["Armaments+1","Clash","Shockwave","Havoc"],"picked":"Limit Break","floor":20},{"not_picked":["Inflame","Anger+1","Sword Boomerang","Shrug It Off"],"picked":"Heavy Blade","floor":22},{"not_picked":["Dark Embrace","Body Slam","Thunderclap","Intimidate"],"picked":"Flex+1","floor":23},{"not_picked":["Sever Soul","Rampage","Body Slam","Headbutt"],"picked":"Warcry","floor":24},{"not_picked":["Hemokinesis","MostiFishMod:BrandingRite","Thunderclap","Combust"],"picked":"MostiFishMod:FlyOverUtopia","floor":25},{"not_picked":["Hemokinesis","Havoc","Clash","Flame Barrier"],"picked":"Thunderclap","floor":27},{"not_picked":["Impervious","Heavy Blade","Armaments","Thunderclap"],"picked":"MostiFishMod:HellRitual","floor":30},{"not_picked":["Havoc","Iron Wave","Dual Wield","Fire Breathing"],"picked":"MostiFishMod:RainCloud","floor":31}],"player_experience":542934,"relics_obtained":[{"floor":1.0,"key":"SynthV:TestCard"},{"floor":7,"key":"Lantern"},{"floor":11,"key":"testmod-LifeArmor"},{"floor":13,"key":"Bag of Preparation"},{"floor":23,"key":"Darkstone Periapt"},{"floor":25,"key":"testmod-Hope"},{"floor":26,"key":"testmod-InfectionSource"},{"floor":27,"key":"conspire:TopHat"},{"floor":30,"key":"Bag of Marbles"}],"event_choices":[],"is_beta":false,"boss_relics":[{"not_picked":["SacredBark","Fusion Hammer"],"picked":"testmod-HarvestTotem"},{"not_picked":[]}],"items_purged_floors":[],"is_endless":false,"potions_floor_spawned":[3,5,12,16,18,23,25,27,31],"killed_by":"Gensokyo:Eternal_Rivals","ascension_level":15}}