{"host":"imy0w7zcgpxryx7c","time":1612939380,"event":{"mods":["AchievementEnabler","BaseMod","Colored Map","Colored Powertips","Minty Spire (QoL Compilation)","Relic Sorter","StSLib"],"gold_per_floor":[116,41,41,41,61,61,73,104,104,104,4,35,35,53,53,154,154,154,154,154,29,0,0,0,0,0,0,0,0,0,0,0,0,0,0,0,0,0,0,0,0,0,0,0,0,0,0,0,0,0],"floor_reached":51,"language":"ENG","playtime":4382,"items_purged":["Shame","Strike_P","Strike_P"],"score":1222,"play_id":"a7c47f5f-5354-4809-a418-2f15b51e1785","local_time":"20210210014300","is_ascension_mode":true,"campfire_choices":[{"data":"Eruption","floor":6,"key":"SMITH"},{"data":"Evaluate","floor":10,"key":"SMITH"},{"data":"Evaluate","floor":13,"key":"SMITH"},{"data":"InnerPeace","floor":15,"key":"SMITH"},{"data":"Ghostly","floor":28,"key":"SMITH"},{"data":"Ghostly","floor":32,"key":"SMITH"},{"floor":44,"key":"REST"},{"data":"Enlightenment","floor":49,"key":"SMITH"}],"circlet_count":0,"master_deck":["Eruption+1","Vigilance","InnerPeace+1","SignatureMove+1","Evaluate+1","Evaluate+1","DeceiveReality","LikeWater+1","MasterReality+1","CrushJoints+1","Ghostly+1","Ghostly+1","Ghostly","Ghostly","Ghostly","Consecrate","LessonLearned+1","EmptyMind+1","Meditate+1","Meditate+1","WindmillStrike","ReachHeaven+1","Wallop+1","Halt+1","Crescendo+1","Enlightenment+1","Mind Blast+1","LikeWater+1"],"relics":["PureWater","Meat on the Bone","Frozen Egg 2","InkBottle","Ectoplasm","HornCleat","FaceOfCleric","Tiny Chest","White Beast Statue","Ancient Tea Set","Astrolabe","Red Mask","Molten Egg 2","Mercury Hourglass","Art of War","Prayer Wheel"],"acts_visited":["Exordium","TheCity","TheBeyond"],"potions_floor_usage":[33,42,42],"damage_taken":[{"damage":0,"enemies":"2 Louse","floor":1,"turns":3},{"damage":0,"enemies":"Small Slimes","floor":5,"turns":1},{"damage":0,"enemies":"Cultist","floor":7,"turns":2},{"damage":0,"enemies":"Lagavulin","floor":8,"turns":4},{"damage":0,"enemies":"Gremlin Nob","floor":12,"turns":2},{"damage":0,"enemies":"Exordium Wildlife","floor":14,"turns":3},{"damage":6,"enemies":"The Guardian","floor":16,"turns":5},{"damage":0,"enemies":"Chosen","floor":18,"turns":3},{"damage":0,"enemies":"2 Thieves","floor":22,"turns":4},{"damage":0,"enemies":"Slavers","floor":23,"turns":6},{"damage":2,"enemies":"Book of Stabbing","floor":27,"turns":4},{"damage":0,"enemies":"Centurion and Healer","floor":29,"turns":4},{"damage":0,"enemies":"Sentry and Sphere","floor":30,"turns":5},{"damage":0,"enemies":"Gremlin Leader","floor":31,"turns":6},{"damage":0,"enemies":"Collector","floor":33,"turns":5},{"damage":1,"enemies":"Orb Walker","floor":35,"turns":2},{"damage":1,"enemies":"3 Shapes","floor":39,"turns":5},{"damage":0,"enemies":"Reptomancer","floor":40,"turns":4},{"damage":0,"enemies":"Maw","floor":41,"turns":5},{"damage":40,"enemies":"Giant Head","floor":42,"turns":8},{"damage":0,"enemies":"Writhing Mass","floor":47,"turns":3},{"damage":1,"enemies":"3 Darklings","floor":48,"turns":5},{"damage":24,"enemies":"Time Eater","floor":50,"turns":10}],"seed_played":"6453080405394429199","potions_obtained":[{"floor":7,"key":"Block Potion"},{"floor":16,"key":"SpeedPotion"},{"floor":22,"key":"Swift Potion"},{"floor":33,"key":"Swift Potion"},{"floor":41,"key":"DuplicationPotion"},{"floor":42,"key":"GamblersBrew"},{"floor":47,"key":"SpeedPotion"}],"is_trial":false,"path_per_floor":["M","$","?","?","M","R","M","E","T","R","$","E","R","M","R","B",null,"M","?","?","$","M","E","?","$","T","E","R","M","M","E","R","B",null,"M","?","?","T","M","E","M","E","T","R","?","?","M","M","R","B",null],"character_chosen":"WATCHER","items_purchased":[],"campfire_rested":1,"item_purchase_floors":[],"current_hp_per_floor":[65,65,65,65,65,65,65,65,65,65,65,65,65,65,65,59,69,69,69,36,36,36,36,36,36,36,35,35,36,37,38,38,39,41,41,41,41,41,41,42,43,16,16,29,29,29,30,30,30,19],"gold":0,"neow_bonus":"TRANSFORM_TWO_CARDS","is_daily":false,"chose_seed":false,"campfire_upgraded":7,"win_rate":0.0,"timestamp":1612939380,"path_taken":["M","$","?","?","M","R","?","E","T","R","$","E","R","M","R","BOSS","M","?","?","?","M","E","?","$","T","E","R","?","M","E","R","BOSS","M","?","?","?","?","E","M","E","T","R","?","?","M","M","R","BOSS"],"items_purchased_type":[],"build_version":"2020-12-22","purchased_purges":3,"victory":true,"max_hp_per_floor":[72,72,72,72,72,72,72,72,72,72,72,72,72,72,72,72,72,72,72,36,36,36,36,36,36,36,37,37,38,39,40,40,41,41,42,42,42,42,43,44,45,46,46,46,46,46,47,48,48,49],"card_choices":[{"not_picked":["JustLucky","ClearTheMind"],"picked":"Evaluate","floor":1},{"not_picked":["Crescendo","FollowUp"],"picked":"Evaluate","floor":5},{"not_picked":["FlyingSleeves","CutThroughFate"],"picked":"DeceiveReality","floor":7},{"not_picked":["MentalFortress","Halt"],"picked":"LikeWater","floor":8},{"not_picked":["BowlingBash","Sanctity","Nirvana+1"],"picked":"SKIP","floor":12},{"not_picked":["CarveReality","Evaluate","Brilliance"],"picked":"SKIP","floor":14},{"not_picked":["Omniscience","Establishment+1"],"picked":"MasterReality+1","floor":16},{"not_picked":["Wireheading+1","Halt+1"],"picked":"CrushJoints+1","floor":18},{"not_picked":["FlurryOfBlows","Protect","FlyingSleeves"],"picked":"SKIP","floor":22},{"not_picked":["CutThroughFate","Ragnarok","EmptyMind"],"picked":"SKIP","floor":23},{"not_picked":["CarveReality","EmptyFist","Halt"],"picked":"SKIP","floor":27},{"not_picked":["ReachHeaven+1","Crescendo"],"picked":"Consecrate","floor":29},{"not_picked":["Sanctity","FollowUp+1","CrushJoints"],"picked":"SKIP","floor":30},{"not_picked":["SashWhip","FollowUp+1"],"picked":"Meditate","floor":31},{"not_picked":["DeusExMachina","Blasphemy"],"picked":"LessonLearned","floor":33},{"not_picked":["Meditate","BowlingBash"],"picked":"WindmillStrike","floor":35},{"not_picked":["Protect","Wireheading+1"],"picked":"ReachHeaven+1","floor":39},{"not_picked":["FlyingSleeves+1","EmptyMind+1"],"picked":"Wallop+1","floor":40},{"not_picked":["Collect+1","SandsOfTime+1"],"picked":"Halt+1","floor":41},{"not_picked":["CrushJoints+1","CarveReality+1"],"picked":"Crescendo+1","floor":42},{"not_picked":["Madness","Finesse"],"picked":"Enlightenment","floor":45},{"not_picked":["ClearTheMind+1","Collect","SignatureMove+1"],"picked":"SKIP","floor":47},{"not_picked":["CrushJoints+1","SashWhip+1","Crescendo"],"picked":"SKIP","floor":47},{"not_picked":["FollowUp+1","ClearTheMind","FlurryOfBlows+1"],"picked":"SKIP","floor":48},{"not_picked":["Consecrate+1","CarveReality+1","FollowUp+1"],"picked":"SKIP","floor":48}],"player_experience":397979,"relics_obtained":[{"floor":8,"key":"Meat on the Bone"},{"floor":9,"key":"Frozen Egg 2"},{"floor":12,"key":"InkBottle"},{"floor":23,"key":"HornCleat"},{"floor":26,"key":"Tiny Chest"},{"floor":27,"key":"White Beast Statue"},{"floor":31,"key":"Ancient Tea Set"},{"floor":38,"key":"Molten Egg 2"},{"floor":40,"key":"Mercury Hourglass"},{"floor":42,"key":"Art of War"},{"floor":43,"key":"Prayer Wheel"}],"event_choices":[{"cards_removed":["Strike_P"],"damage_healed":0,"gold_gain":0,"player_choice":"Forget","damage_taken":0,"max_hp_gain":0,"max_hp_loss":0,"event_name":"Living Wall","floor":3,"gold_loss":0},{"damage_healed":0,"gold_gain":0,"player_choice":"Forge","damage_taken":0,"max_hp_gain":0,"max_hp_loss":0,"event_name":"Accursed Blacksmith","floor":4,"gold_loss":0,"cards_upgraded":["SignatureMove"]},{"damage_healed":0,"gold_gain":0,"player_choice":"Ignored","damage_taken":0,"max_hp_gain":0,"max_hp_loss":0,"event_name":"Vampires","floor":19,"gold_loss":0},{"damage_healed":0,"gold_gain":0,"player_choice":"Became a Ghost","damage_taken":0,"max_hp_gain":0,"max_hp_loss":36,"event_name":"Ghosts","floor":20,"gold_loss":0,"cards_obtained":["Ghostly","Ghostly","Ghostly","Ghostly","Ghostly"]},{"damage_healed":0,"gold_gain":0,"player_choice":"Trade","damage_taken":0,"relics_obtained":["FaceOfCleric"],"max_hp_gain":0,"max_hp_loss":0,"event_name":"FaceTrader","floor":24,"gold_loss":0},{"damage_healed":0,"gold_gain":0,"player_choice":"Paid","damage_taken":0,"relics_obtained":["Red Mask"],"max_hp_gain":0,"max_hp_loss":0,"event_name":"Tomb of Lord Red Mask","floor":36,"gold_loss":0},{"cards_removed":["Meditate"],"damage_healed":0,"gold_gain":0,"player_choice":"Purged","damage_taken":0,"max_hp_gain":0,"max_hp_loss":0,"event_name":"Purifier","floor":37,"gold_loss":0},{"damage_healed":0,"gold_gain":0,"player_choice":"Memory 1","damage_taken":0,"max_hp_gain":0,"max_hp_loss":0,"event_name":"SensoryStone","floor":45,"gold_loss":0},{"damage_healed":0,"gold_gain":0,"player_choice":"2 cards matched","damage_taken":0,"max_hp_gain":0,"max_hp_loss":0,"event_name":"Match and Keep!","floor":46,"gold_loss":0,"cards_obtained":["Mind Blast","LikeWater"]}],"is_beta":false,"boss_relics":[{"not_picked":["Tiny House","Fusion Hammer"],"picked":"Ectoplasm"},{"not_picked":["Philosopher\u0027s Stone","Coffee Dripper"],"picked":"Astrolabe"}],"items_purged_floors":[2,11,21],"is_endless":false,"potions_floor_spawned":[7,16,22,29,30,31,33,35,39,40,41,42,47,48],"ascension_level":6}}