{"host":"19r1ww88x2tc73i0","time":1612949409,"event":{"mods":["BaseMod","BetterRewards","Colored Map","Minty Spire (QoL Compilation)","Relic Stats","StSLib","SuperFastMode","slay the spire mod where everything is the same but ironclad has a cowboy hat"],"gold_per_floor":[116,126,142,159,179,179,211,222,249,249,249,0,35,35,35,112,112,122,138,152,170,187,187,187],"floor_reached":23,"language":"ENG","playtime":966,"items_purged":["Strike_B"],"score":414,"play_id":"721555ea-bb62-486e-b929-a60e11d6c94e","local_time":"25640210163009","is_ascension_mode":true,"campfire_choices":[{"data":"Sunder","floor":6.0,"key":"SMITH"},{"data":"Beam Cell","floor":10.0,"key":"SMITH"},{"data":"Zap","floor":15.0,"key":"SMITH"}],"circlet_count":0,"master_deck":["AscendersBane","Strike_B","Strike_B","Strike_B","Defend_B+1","Defend_B","Defend_B+1","Defend_B","Zap+1","Dualcast","Streamline","Conserve Battery","BootSequence","Double Energy","Sunder+1","Beam Cell+1","Echo Form","Compile Driver","Barrage","Reboot","Ball Lightning+1","Compile Driver","Capacitor","Genetic Algorithm","Hologram"],"relics":["FrozenCore","Lee\u0027s Waffle","Mummified Hand","Runic Capacitor","Pantograph","Dead Branch","Smiling Mask","Sundial","ClockworkSouvenir","Juzu Bracelet"],"acts_visited":["Exordium","TheCity"],"potions_floor_usage":[23],"damage_taken":[{"damage":2.0,"enemies":"Cultist","floor":1.0,"turns":4.0},{"damage":7.0,"enemies":"Small Slimes","floor":2.0,"turns":3.0},{"damage":5.0,"enemies":"Jaw Worm","floor":3.0,"turns":3.0},{"damage":8.0,"enemies":"3 Louse","floor":4.0,"turns":3.0},{"damage":2.0,"enemies":"Red Slaver","floor":5.0,"turns":3.0},{"damage":4.0,"enemies":"Gremlin Nob","floor":7.0,"turns":3.0},{"damage":0.0,"enemies":"Large Slime","floor":8.0,"turns":2.0},{"damage":7.0,"enemies":"3 Sentries","floor":13.0,"turns":5.0},{"damage":26,"enemies":"Hexaghost","floor":16,"turns":7},{"damage":2,"enemies":"Spheric Guardian","floor":18,"turns":5},{"damage":8,"enemies":"Chosen","floor":19,"turns":4},{"damage":0,"enemies":"Centurion and Healer","floor":20,"turns":5},{"damage":6,"enemies":"3 Cultists","floor":21,"turns":4},{"damage":8,"enemies":"Shelled Parasite and Fungi","floor":22,"turns":5},{"damage":39,"enemies":"Gremlin Leader","floor":23,"turns":3}],"seed_played":"-4824880997693627002","potions_obtained":[{"floor":2.0,"key":"DistilledChaos"},{"floor":4.0,"key":"Swift Potion"},{"floor":7.0,"key":"AttackPotion"},{"floor":8.0,"key":"PotionOfCapacity"},{"floor":19,"key":"Strength Potion"}],"is_trial":false,"path_per_floor":["M","M","M","M","M","R","E","M","T","R","?","$","E","?","R","B",null,"M","M","M","M","M","E"],"character_chosen":"DEFECT","items_purchased":["Lee\u0027s Waffle","Mummified Hand","Runic Capacitor","Pantograph","ClockworkSouvenir","Compile Driver"],"campfire_rested":0,"item_purchase_floors":[0,0,0,0,12,12],"current_hp_per_floor":[76,69,64,56,54,54,50,50,50,50,50,50,43,20,20,19,63,61,53,53,47,39,0,0],"gold":187,"neow_bonus":"","is_daily":false,"chose_seed":false,"campfire_upgraded":3,"win_rate":0.0,"timestamp":1612949409,"path_taken":["M","M","M","M","M","R","E","M","T","R","?","?","E","?","R","BOSS","M","M","M","M","M","E"],"items_purchased_type":["Relic","Relic","Relic","Relic","Relic","Card"],"build_version":"2020-12-22","purchased_purges":1,"victory":false,"max_hp_per_floor":[78,78,78,78,78,78,78,78,78,78,78,78,78,78,78,78,78,78,78,78,78,78,78,78],"relic_stats":{"Lee\u0027s Waffle":46,"counters":[66,294],"Mummified Hand":[16],"Sundial":[6],"Pantograph":25,"Dead Branch":[31],"Juzu Bracelet":0,"Smiling Mask":25,"obtain_stats":[{"Regal Pillow":31,"Gremlin Horn":28,"CeramicFish":24,"SacredBark":34,"Vajra":14,"Incense Burner":0,"Runic Capacitor":0,"Juzu Bracelet":13,"Boot":30,"PrismaticShard":27,"Smiling Mask":9,"FrozenCore":17,"ClockworkSouvenir":12,"Centennial Puzzle":0,"Shovel":0,"Matryoshka":12,"HornCleat":0,"Sundial":12,"Mummified Hand":0,"Pantograph":0,"Tiny Chest":26,"MealTicket":40,"WingedGreaves":6,"Cracked Core":0,"Potion Belt":14,"Lee\u0027s Waffle":0,"Inserter":34,"Happy Flower":0,"Astrolabe":17,"Dead Branch":7,"Oddly Smooth Stone":0,"Thread and Needle":0,"Pen Nib":0,"Omamori":26,"Mercury Hourglass":8,"Strange Spoon":37,"DataDisk":9,"Anchor":0,"Shuriken":9,"Membership Card":31},{"Regal Pillow":21,"Gremlin Horn":20,"CeramicFish":19,"SacredBark":42,"Vajra":33,"Incense Burner":27,"Runic Capacitor":27,"Juzu Bracelet":59,"Boot":21,"PrismaticShard":38,"Smiling Mask":58,"FrozenCore":15,"ClockworkSouvenir":58,"Centennial Puzzle":6,"Shovel":6,"Matryoshka":13,"HornCleat":47,"Sundial":32,"Mummified Hand":51,"Pantograph":51,"Tiny Chest":19,"MealTicket":46,"WingedGreaves":11,"Cracked Core":0,"Potion Belt":14,"Lee\u0027s Waffle":6,"Inserter":22,"Happy Flower":27,"Astrolabe":34,"Dead Branch":57,"Oddly Smooth Stone":6,"Thread and Needle":27,"Pen Nib":47,"Omamori":19,"Mercury Hourglass":13,"Strange Spoon":44,"DataDisk":13,"Anchor":47,"Shuriken":30,"Membership Card":21},{"Regal Pillow":97,"Gremlin Horn":92,"CeramicFish":87,"SacredBark":194,"Vajra":156,"Incense Burner":137,"Runic Capacitor":137,"Juzu Bracelet":261,"Boot":97,"PrismaticShard":173,"Smiling Mask":256,"FrozenCore":65,"ClockworkSouvenir":256,"Centennial Puzzle":22,"Shovel":22,"Matryoshka":53,"HornCleat":222,"Sundial":152,"Mummified Hand":235,"Pantograph":235,"Tiny Chest":87,"MealTicket":220,"WingedGreaves":43,"Cracked Core":0,"Potion Belt":57,"Lee\u0027s Waffle":22,"Inserter":105,"Happy Flower":137,"Astrolabe":164,"Dead Branch":254,"Oddly Smooth Stone":22,"Thread and Needle":137,"Pen Nib":222,"Omamori":87,"Mercury Hourglass":53,"Strange Spoon":202,"DataDisk":53,"Anchor":222,"Shuriken":145,"Membership Card":97}],"FrozenCore":[19]},"card_choices":[{"not_picked":["Go for the Eyes","Undo"],"picked":"Streamline","floor":1.0},{"not_picked":["Beam Cell","Rebound"],"picked":"Conserve Battery","floor":2.0},{"not_picked":["Streamline","Go for the Eyes"],"picked":"BootSequence","floor":3.0},{"not_picked":["Redo","Steam"],"picked":"Double Energy","floor":4.0},{"not_picked":["Gash","Sweeping Beam"],"picked":"Sunder","floor":5.0},{"not_picked":["White Noise","Streamline"],"picked":"Beam Cell","floor":7.0},{"not_picked":["Reinforced Body","BootSequence"],"picked":"Echo Form","floor":8.0},{"not_picked":["BootSequence","Steam"],"picked":"Barrage","floor":13.0},{"not_picked":["Fission","Amplify"],"picked":"Reboot","floor":16},{"not_picked":["Go for the Eyes","Beam Cell+1"],"picked":"Ball Lightning+1","floor":18},{"not_picked":["Force Field","Compile Driver","Beam Cell+1"],"picked":"SKIP","floor":19},{"not_picked":["Force Field","Beam Cell+1"],"picked":"Compile Driver","floor":19},{"not_picked":["Compile Driver+1","Melter"],"picked":"Capacitor","floor":20},{"not_picked":["Barrage","Sweeping Beam"],"picked":"Genetic Algorithm","floor":21},{"not_picked":["Steam+1","Conserve Battery"],"picked":"Hologram","floor":22}],"player_experience":1043239,"relics_obtained":[{"floor":7.0,"key":"Dead Branch"},{"floor":9.0,"key":"Smiling Mask"},{"floor":11.0,"key":"Sundial"},{"floor":13.0,"key":"Juzu Bracelet"}],"event_choices":[{"damage_healed":0.0,"max_hp_gain":0.0,"max_hp_loss":0.0,"gold_gain":0.0,"event_name":"Wheel of Change","player_choice":"Relic","floor":11.0,"gold_loss":0.0,"damage_taken":0.0},{"damage_healed":0.0,"max_hp_gain":0.0,"max_hp_loss":0.0,"gold_gain":0.0,"event_name":"Shining Light","player_choice":"Entered Light","floor":14.0,"gold_loss":0.0,"damage_taken":23.0,"cards_upgraded":["Defend_B","Defend_B"]}],"is_beta":false,"boss_relics":[{"not_picked":["Velvet Choker","Cursed Key"],"picked":"FrozenCore"}],"items_purged_floors":[12],"is_endless":false,"potions_floor_spawned":[2,4,7,8,19,20],"killed_by":"Gremlin Leader","ascension_level":20}}