{"host":"4pckc3u5mqcilakq","time":1612979276,"event":{"mods":["AchievementEnabler","BaseMod","Bestiary","Colored Map","Colored Powertips","Highlight Path","Minty Spire (QoL Compilation)","Quick Restart","Relic Stats"],"gold_per_floor":[369,66,66,91,104,104,135,135,162,186,43,58,58,22,22,118,118,130,130,150,150,150,150,150,183,183,183,218,36,36,36,36,138,138,158,158,6,6,6,34,34,59,83,115,115,129,129,129,129,129,129],"floor_reached":50,"language":"ENG","playtime":1935,"items_purged":[],"score":745,"play_id":"b9861696-5b69-4fea-954e-a4e926f1f57f","local_time":"20210210204756","is_ascension_mode":true,"campfire_choices":[{"data":"Pommel Strike","floor":6,"key":"SMITH"},{"data":"Bash","floor":13,"key":"SMITH"},{"floor":15,"key":"REST"},{"data":"RitualDagger","floor":23,"key":"SMITH"},{"floor":27,"key":"REST"},{"data":"Rampage","floor":30,"key":"SMITH"},{"floor":32,"key":"REST"},{"floor":41,"key":"REST"},{"data":"Double Tap","floor":47,"key":"SMITH"},{"data":"Deep Breath","floor":49,"key":"SMITH"}],"circlet_count":0,"master_deck":["Strike_R","Strike_R","Strike_R","Strike_R+1","Strike_R","Defend_R","Defend_R+1","Defend_R+1","Defend_R","Bash+1","Pommel Strike+1","Inflame","Rampage+1","Seeing Red","Metallicize","Reaper","Twin Strike+1","Writhe","Spot Weakness+1","RitualDagger+1","Pommel Strike+1","Cleave+1","Metallicize","Double Tap+1","Sword Boomerang+1","Demon Form","Deep Breath+1","Pummel+1"],"relics":["Burning Blood","Medical Kit","Lantern","StrikeDummy","Orichalcum","Regal Pillow","Blood Vial","Runic Cube","Oddly Smooth Stone","Enchiridion","Juzu Bracelet","Mummified Hand","White Beast Statue","War Paint","SacredBark","Akabeko","PreservedInsect","Smiling Mask"],"acts_visited":["Exordium","TheCity","TheBeyond"],"potions_floor_usage":[16,33,40,40,42,50,50],"damage_taken":[{"damage":5,"enemies":"Small Slimes","floor":1,"turns":4},{"damage":2,"enemies":"Jaw Worm","floor":5,"turns":3},{"damage":20,"enemies":"3 Sentries","floor":7,"turns":4},{"damage":0,"enemies":"2 Louse","floor":12,"turns":2},{"damage":39,"enemies":"Hexaghost","floor":16,"turns":6},{"damage":34,"enemies":"2 Thieves","floor":18,"turns":4},{"damage":6,"enemies":"Chosen","floor":20,"turns":4},{"damage":40,"enemies":"Slavers","floor":25,"turns":6},{"damage":48,"enemies":"Book of Stabbing","floor":28,"turns":5},{"damage":74,"enemies":"Automaton","floor":33,"turns":10},{"damage":16,"enemies":"3 Shapes","floor":35,"turns":3},{"damage":106,"enemies":"Nemesis","floor":40,"turns":7},{"damage":5,"enemies":"Giant Head","floor":42,"turns":5},{"damage":60,"enemies":"Reptomancer","floor":44,"turns":4},{"damage":2,"enemies":"Orb Walker","floor":46,"turns":2},{"damage":54,"enemies":"Time Eater","floor":50,"turns":4}],"seed_played":"-8085584047403109472","potions_obtained":[{"floor":1,"key":"PowerPotion"},{"floor":28,"key":"ColorlessPotion"},{"floor":33,"key":"BloodPotion"},{"floor":35,"key":"LiquidMemories"},{"floor":40,"key":"DistilledChaos"},{"floor":42,"key":"Weak Potion"},{"floor":44,"key":"Swift Potion"},{"floor":46,"key":"PowerPotion"}],"is_trial":false,"path_per_floor":["M","$","?","T","M","R","E","?","T","T","$","M","R","$","R","B",null,"M","?","M","?","?","R","?","E","T","R","E","$","R","?","R","B",null,"M","?","$","$","?","E","R","E","T","E","?","M","R","?","R","B"],"character_chosen":"IRONCLAD","items_purchased":["Medical Kit","Inflame","Rampage","Blood Vial","Metallicize","Metallicize","War Paint","Demon Form"],"campfire_rested":4,"item_purchase_floors":[2,2,2,11,14,29,29,37],"current_hp_per_floor":[52,52,36,36,40,40,26,31,31,31,31,39,39,39,79,48,76,57,57,59,53,53,53,37,23,23,63,32,32,32,32,72,16,68,79,79,79,79,79,19,59,69,69,53,43,49,49,49,49,0,0],"gold":129,"neow_bonus":"TWO_FIFTY_GOLD","is_daily":false,"chose_seed":false,"campfire_upgraded":6,"win_rate":0.0,"timestamp":1612979276,"path_taken":["M","$","?","?","M","R","E","?","T","?","$","M","R","?","R","BOSS","M","?","M","?","?","R","?","E","T","R","E","$","R","?","R","BOSS","M","?","?","$","?","E","R","E","T","E","?","M","R","?","R","BOSS"],"items_purchased_type":["Relic","Card","Card","Relic","Card","Card","Relic","Card"],"build_version":"2020-12-22","purchased_purges":0,"victory":false,"max_hp_per_floor":[80,80,80,80,80,80,80,85,85,85,85,85,85,85,85,85,85,85,85,85,85,85,85,85,85,85,85,85,85,85,85,85,85,85,85,85,85,85,85,85,85,85,85,85,85,85,85,81,81,81,81],"relic_stats":{"Regal Pillow":60,"counters":[16,73],"PreservedInsect":59,"Juzu Bracelet":1,"Orichalcum":[222],"War Paint":["Spot Weakness","Defend_R"],"Medical Kit":[4],"Smiling Mask":0,"Burning Blood":90,"Blood Vial":26,"Mummified Hand":[38],"obtain_stats":[{"Lantern":4,"Regal Pillow":10,"SacredBark":34,"Oddly Smooth Stone":19,"Enchiridion":24,"PreservedInsect":42,"Juzu Bracelet":25,"Orichalcum":9,"War Paint":29,"Medical Kit":2,"Smiling Mask":44,"Burning Blood":0,"White Beast Statue":28,"Akabeko":40,"Blood Vial":11,"Mummified Hand":26,"StrikeDummy":7,"Runic Cube":17},{"Lantern":1,"Regal Pillow":3,"SacredBark":10,"Oddly Smooth Stone":6,"Enchiridion":7,"PreservedInsect":13,"Juzu Bracelet":8,"Orichalcum":3,"War Paint":9,"Medical Kit":1,"Smiling Mask":14,"Burning Blood":0,"White Beast Statue":9,"Akabeko":12,"Blood Vial":3,"Mummified Hand":8,"StrikeDummy":3,"Runic Cube":5},{"Lantern":4,"Regal Pillow":11,"SacredBark":48,"Oddly Smooth Stone":23,"Enchiridion":27,"PreservedInsect":63,"Juzu Bracelet":33,"Orichalcum":11,"War Paint":38,"Medical Kit":4,"Smiling Mask":67,"Burning Blood":0,"White Beast Statue":38,"Akabeko":58,"Blood Vial":11,"Mummified Hand":33,"StrikeDummy":11,"Runic Cube":19}],"Runic Cube":[51]},"card_choices":[{"not_picked":["Infernal Blade","Rupture"],"picked":"Pommel Strike","floor":1},{"not_picked":["Feel No Pain","Dropkick"],"picked":"Fire Breathing","floor":5},{"not_picked":["Combust","Thunderclap","Heavy Blade"],"picked":"SKIP","floor":7},{"not_picked":["Heavy Blade","Armaments"],"picked":"Seeing Red","floor":12},{"not_picked":["Offering","Fiend Fire"],"picked":"Reaper","floor":16},{"not_picked":["Bloodletting+1","Second Wind"],"picked":"Twin Strike+1","floor":18},{"not_picked":["Perfected Strike","Shrug It Off"],"picked":"Spot Weakness","floor":20},{"not_picked":["Immolate","Cleave"],"picked":"Pommel Strike+1","floor":25},{"not_picked":["Iron Wave","Armaments"],"picked":"Cleave+1","floor":28},{"not_picked":["Bludgeon","Immolate"],"picked":"Double Tap","floor":33},{"not_picked":["Dual Wield","Shockwave"],"picked":"Sword Boomerang+1","floor":35},{"not_picked":["Spot Weakness","Anger","Reckless Charge"],"picked":"SKIP","floor":40},{"not_picked":["Anger","Reckless Charge+1","Iron Wave"],"picked":"SKIP","floor":42},{"not_picked":["Clash+1","Iron Wave+1","Armaments"],"picked":"SKIP","floor":44},{"not_picked":["Good Instincts","Bandage Up"],"picked":"Deep Breath","floor":45},{"not_picked":["Pommel Strike","Whirlwind"],"picked":"Pummel+1","floor":46}],"player_experience":258116,"relics_obtained":[{"floor":4,"key":"Lantern"},{"floor":7,"key":"StrikeDummy"},{"floor":9,"key":"Orichalcum"},{"floor":10,"key":"Regal Pillow"},{"floor":24,"key":"Enchiridion"},{"floor":25,"key":"Juzu Bracelet"},{"floor":26,"key":"Mummified Hand"},{"floor":28,"key":"White Beast Statue"},{"floor":40,"key":"Akabeko"},{"floor":42,"key":"PreservedInsect"},{"floor":44,"key":"Smiling Mask"}],"event_choices":[{"damage_healed":0,"gold_gain":0,"player_choice":"Entered Light","damage_taken":16,"max_hp_gain":0,"max_hp_loss":0,"event_name":"Shining Light","floor":3,"gold_loss":0,"cards_upgraded":["Strike_R","Defend_R"]},{"damage_healed":0,"gold_gain":0,"player_choice":"Donut","damage_taken":0,"max_hp_gain":5,"max_hp_loss":0,"event_name":"Big Fish","floor":8,"gold_loss":0},{"damage_healed":0,"gold_gain":0,"player_choice":"Opened","damage_taken":0,"relics_obtained":["Oddly Smooth Stone"],"max_hp_gain":0,"max_hp_loss":0,"event_name":"The Mausoleum","floor":19,"gold_loss":0,"cards_obtained":["Writhe"]},{"damage_healed":0,"gold_gain":0,"player_choice":"Joined the Cult","damage_taken":6,"max_hp_gain":0,"max_hp_loss":0,"event_name":"Nest","floor":21,"gold_loss":0,"cards_obtained":["RitualDagger"]},{"damage_healed":0,"gold_gain":0,"player_choice":"Ignored","damage_taken":0,"max_hp_gain":0,"max_hp_loss":0,"event_name":"Ghosts","floor":22,"gold_loss":0},{"damage_healed":0,"gold_gain":0,"player_choice":"Obtained Book","damage_taken":16,"max_hp_gain":0,"max_hp_loss":0,"event_name":"Cursed Tome","floor":24,"gold_loss":0},{"damage_healed":0,"gold_gain":0,"player_choice":"Ignored","damage_taken":0,"max_hp_gain":0,"max_hp_loss":0,"event_name":"Vampires","floor":31,"gold_loss":0},{"damage_healed":0,"gold_gain":0,"player_choice":"Ignored","damage_taken":0,"max_hp_gain":0,"max_hp_loss":0,"event_name":"Tomb of Lord Red Mask","floor":36,"gold_loss":0},{"cards_removed":["Fire Breathing"],"damage_healed":0,"gold_gain":0,"player_choice":"Removed Power","damage_taken":0,"max_hp_gain":0,"max_hp_loss":0,"event_name":"Falling","floor":39,"gold_loss":0},{"damage_healed":0,"gold_gain":0,"player_choice":"Memory 3","damage_taken":10,"max_hp_gain":0,"max_hp_loss":0,"event_name":"SensoryStone","floor":45,"gold_loss":0},{"damage_healed":0,"gold_gain":0,"player_choice":"Max HP","damage_taken":0,"max_hp_gain":0,"max_hp_loss":4,"event_name":"Winding Halls","floor":48,"gold_loss":0}],"is_beta":false,"boss_relics":[{"not_picked":["Pandora\u0027s Box","Snecko Eye"],"picked":"Runic Cube"},{"not_picked":["Runic Pyramid","Busted Crown"],"picked":"SacredBark"}],"items_purged_floors":[],"is_endless":false,"potions_floor_spawned":[1,28,33,35,40,42,44,46],"killed_by":"Time Eater","ascension_level":6}}