{"host":"r458oihlpg8cxtvp","time":1612976378,"event":{"mods":["Act Like it!","Arknights","Aspiration","BaseMod","Challenge The Spire","Colored Powertips","Conspire","Dota2Spire","Hallownest","Minty Spire (QoL Compilation)","Relic Stats","Replay The Spire","Spicy Shops","StSLib","Wide Potions","[GremlinLeader]The Maniac","¡¾ÒÅÎï¿¨ÅÆ¡¿REMEMod"],"gold_per_floor":[111,111,123,138,183,183,214,214,283,208,221,64,76,41,41,138,138,157,167,167,167,227,255,293,293],"floor_reached":24,"language":"ZHS","playtime":2349,"items_purged":[],"score":243,"play_id":"36703668-4aba-4811-8c22-6009e62a2209","local_time":"20210211005938","is_ascension_mode":false,"campfire_choices":[{"floor":6,"key":"REST"},{"floor":15,"key":"REST"}],"circlet_count":0,"master_deck":["Strike_R","Strike_R","Strike_R","Strike_R","Strike_R","Defend_R","Defend_R","Defend_R","Defend_R","Bash","Life Link","Twin Strike","Blood for Blood","Feed","Hallownest:skillGreenpathMap","Sword Boomerang","REME_ACTH","Shrug It Off","Hallownest:attackAdjustingAction"],"relics":["Burning Blood","REME_ComplimentaryCards","Champion Belt","Replay:WaspNest","Oddly Smooth Stone","Dota2Spire:BlackKingBar","TheAbacus","conspire:SpecialSausage","Red Mask","Dota2Spire:CrimsonGuard"],"acts_visited":["Exordium","Hallownest:Greenpath"],"potions_floor_usage":[5,7,11,11,22,24],"damage_taken":[{"damage":6,"enemies":"Hallownest:monsterHuskWarrior","floor":1,"turns":4},{"damage":9,"enemies":"2_ Uuma","floor":3,"turns":5},{"damage":10,"enemies":"Hallownest:monsterHuskGuard","floor":4,"turns":4},{"damage":2,"enemies":"Hallownest:monsterMossCharger","floor":5,"turns":4},{"damage":17,"enemies":"Hallownest:eliteMossKnight","floor":7,"turns":14},{"damage":9,"enemies":"Hallownest:monsterFoolEater","floor":11,"turns":3},{"damage":14,"enemies":"Hallownest:1_Ooma_and_2_Uuma","floor":13,"turns":5},{"damage":46,"enemies":"Hallownest:BossHornet","floor":16,"turns":9},{"damage":10,"enemies":"Hallownest:2_Mistakes","floor":18,"turns":6},{"damage":10,"enemies":"Hallownest:Flukemon_and_Top","floor":19,"turns":8},{"damage":3,"enemies":"Hallownest:monsterMisterMushroom","floor":21,"turns":9},{"damage":16,"enemies":"Hallownest:Glutton_and_Coward","floor":22,"turns":5},{"damage":55,"enemies":"Hallownest:eliteWatcherKnight","floor":23,"turns":13},{"damage":39,"enemies":"conspire:MimicChest","floor":24,"turns":5}],"seed_played":"-5689278338070082814","potions_obtained":[{"floor":4,"key":"REME_GoldPotion"},{"floor":5,"key":"HeartOfIron"},{"floor":7,"key":"Block Potion"},{"floor":11,"key":"Milkshake"},{"floor":18,"key":"LiquidMemories"},{"floor":23,"key":"REME_GoldPotion"}],"is_trial":false,"path_per_floor":["M","?","M","M","M","R","E","?","T","?","M","$","M","?","R","B",null,"M","M","?","M","M","E","?"],"character_chosen":"IRONCLAD","items_purchased":["TheAbacus"],"campfire_rested":2,"item_purchase_floors":[12],"current_hp_per_floor":[88,34,31,27,31,57,46,46,46,46,48,48,43,48,76,36,96,92,91,91,94,87,38,0,0],"gold":293,"neow_bonus":"TEN_PERCENT_HP_BONUS","is_daily":false,"chose_seed":false,"campfire_upgraded":0,"win_rate":0.0,"timestamp":1612976378,"path_taken":["M","?","M","M","M","R","E","?","T","?","M","$","M","?","R","BOSS","M","M","?","M","M","E","?"],"items_purchased_type":["Relic"],"build_version":"2020-12-22","purchased_purges":0,"victory":false,"max_hp_per_floor":[88,88,88,88,88,88,88,88,88,88,88,88,91,96,96,96,96,96,99,99,99,102,102,102,102],"relic_stats":{"TheAbacus":[114],"counters":[14,94],"Champion Belt":[24],"obtain_stats":[{"TheAbacus":12,"Dota2Spire:BlackKingBar":9,"Dota2Spire:CrimsonGuard":23,"Oddly Smooth Stone":7,"conspire:SpecialSausage":17,"Replay:WaspNest":2,"Red Mask":20,"Champion Belt":2,"Burning Blood":0,"REME_ComplimentaryCards":0},{"TheAbacus":6,"Dota2Spire:BlackKingBar":5,"Dota2Spire:CrimsonGuard":13,"Oddly Smooth Stone":5,"conspire:SpecialSausage":8,"Replay:WaspNest":1,"Red Mask":10,"Champion Belt":1,"Burning Blood":0,"REME_ComplimentaryCards":0},{"TheAbacus":34,"Dota2Spire:BlackKingBar":31,"Dota2Spire:CrimsonGuard":89,"Oddly Smooth Stone":31,"conspire:SpecialSausage":48,"Replay:WaspNest":4,"Red Mask":62,"Champion Belt":4,"Burning Blood":0,"REME_ComplimentaryCards":0}],"Burning Blood":78},"card_choices":[{"not_picked":["Anger","Pommel Strike"],"picked":"Life Link","floor":1},{"not_picked":["Wild Strike","True Grit"],"picked":"Twin Strike","floor":3},{"not_picked":["Dual Wield","Flex"],"picked":"Blood for Blood","floor":4},{"not_picked":["Clothesline","Reckless Charge","Pommel Strike"],"picked":"SKIP","floor":5},{"not_picked":["Anger","Shockwave"],"picked":"Feed","floor":7},{"not_picked":["Heavy Blade","Replay:Undeath\u0027s Touch","Perfected Strike"],"picked":"SKIP","floor":11},{"not_picked":["Pommel Strike","Warcry"],"picked":"Sword Boomerang","floor":13},{"not_picked":["Juggernaut","Limit Break"],"picked":"REME_ACTH","floor":16},{"not_picked":["Dropkick","Anger"],"picked":"Shrug It Off","floor":18},{"not_picked":["Warcry","Sentinel","Clash"],"picked":"SKIP","floor":19},{"not_picked":["Perfected Strike+1","Thunderclap","Rage"],"picked":"SKIP","floor":21},{"not_picked":["Clothesline","True Grit","Armaments"],"picked":"SKIP","floor":22},{"not_picked":["Armaments","Demonic Infusion","Wild Strike"],"picked":"SKIP","floor":23}],"player_experience":80779,"relics_obtained":[{"floor":7,"key":"Oddly Smooth Stone"},{"floor":9,"key":"Dota2Spire:BlackKingBar"},{"floor":23,"key":"Dota2Spire:CrimsonGuard"}],"event_choices":[],"is_beta":false,"boss_relics":[{"not_picked":["Ectoplasm","Painkiller Herb"],"picked":"conspire:SpecialSausage"}],"items_purged_floors":[],"is_endless":false,"potions_floor_spawned":[4,5,7,11,18,23],"killed_by":"conspire:MimicChest","ascension_level":0}}