{"host":"gbgc43u9lfev3bcz","time":1612949743,"event":{"mods":["BaseMod","Better Note","Challenge The Spire","Colored Map","Downfall","Minty Spire (QoL Compilation)","StSLib"],"gold_per_floor":[99,109,109,129,192,206,206,206,306,319,335,362,362,662,682,784,784,784,803,78,78,88,105,105,12,12,112,132,144,144,159,176,272,272,272,283,299,317,317,317,317,337,337,392,405,416,416,435,449,449,449,449],"floor_reached":50,"language":"ENG","playtime":3088,"items_purged":["downfall:Icky"],"score":527,"play_id":"84b47e96-6cb1-45d2-abb7-c45536863d07","local_time":"20210210033543","is_ascension_mode":false,"campfire_choices":[{"data":"bronze:Goto","floor":1.0,"key":"SMITH"},{"data":"bronze:DigitalCarnage","floor":8.0,"key":"SMITH"},{"data":"bronze:Repulsor","floor":18.0,"key":"SMITH"},{"data":"bronze:BronzeOrb","floor":26.0,"key":"SMITH"},{"data":"bronze:BuggyMess","floor":30.0,"key":"SMITH"},{"data":"bronze:Assembly","floor":35.0,"key":"SMITH"},{"data":"bronze:Repulsor","floor":40.0,"key":"SMITH"},{"data":"expansioncontent:PolyBeam","floor":47.0,"key":"SMITH"}],"circlet_count":0,"master_deck":["bronze:Replicate","bronze:Goto+1","bronze:Invalidate","bronze:GetLatest","bronze:DigitalCarnage+1","bronze:Verify+1","bronze:DarkDash+1","bronze:BronzeOrb+1","bronze:Boost","bronze:Repulsor+1","bronze:Frontload","downfall:Icky","bronze:Break","bronze:ChosenStrike","bronze:FineTuning","bronze:Shield","bronze:FineTuning","bronze:ItsAFeature","bronze:Break","bronze:CleanCode","bronze:Turbo","bronze:OilSpill","bronze:Format","bronze:ClassDefault+1","bronze:Return","bronze:Repulsor+1","bronze:BuggyMess+1","bronze:WhirlingStrike","bronze:Assembly+1","bronze:Allocate+1","bronze:ForceShield","bronze:DarkDash+1","expansioncontent:InvincibleStrength+1","expansioncontent:PrepareCrush","expansioncontent:PolyBeam+1","bronze:CloningBeam+1"],"relics":["bronze:BronzeCore","Meat on the Bone","Boot","Bag of Marbles","Whetstone","bronze:BottledCode","Pandora\u0027s Box","Gambling Chip","Anchor","TheAbacus","Omamori","Busted Crown","Frozen Egg 2","Pocketwatch"],"acts_visited":["Exordium","TheCity","TheBeyond"],"potions_floor_usage":[50],"damage_taken":[{"damage":0.0,"enemies":"Small Slimes","floor":2.0,"turns":3.0},{"damage":9.0,"enemies":"2 Louse","floor":4.0,"turns":3.0},{"damage":65.0,"enemies":"Lagavulin Event","floor":5.0,"turns":5.0},{"damage":6.0,"enemies":"Jaw Worm","floor":6.0,"turns":3.0},{"damage":15.0,"enemies":"downfall:Heads","floor":9.0,"turns":3.0},{"damage":0.0,"enemies":"Large Slime","floor":10.0,"turns":3.0},{"damage":0.0,"enemies":"2 Fungi Beasts","floor":11.0,"turns":2.0},{"damage":0.0,"enemies":"Gremlin Nob","floor":12.0,"turns":1.0},{"damage":6.0,"enemies":"3 Louse","floor":15.0,"turns":2.0},{"damage":26.0,"enemies":"SI_SHIV_ARCHETYPE","floor":16.0,"turns":9.0},{"damage":0.0,"enemies":"Spheric Guardian","floor":19.0,"turns":2.0},{"damage":12.0,"enemies":"downfall:FleeingMerchant","floor":20.0,"turns":4.0},{"damage":32.0,"enemies":"3 Byrds","floor":22.0,"turns":6.0},{"damage":15.0,"enemies":"Centurion and Healer","floor":23.0,"turns":3.0},{"damage":4.0,"enemies":"downfall:FleeingMerchant","floor":25.0,"turns":4.0},{"damage":10.0,"enemies":"Chosen and Byrds","floor":28.0,"turns":3.0},{"damage":6.0,"enemies":"Shelled Parasite and Fungi","floor":29.0,"turns":3.0},{"damage":0.0,"enemies":"Snecko","floor":31.0,"turns":2.0},{"damage":16.0,"enemies":"Centurion and Healer","floor":32.0,"turns":9.0},{"damage":10.0,"enemies":"IC_MUSHROOM_ARCHETYPE","floor":33.0,"turns":4.0},{"damage":43.0,"enemies":"3 Darklings","floor":36.0,"turns":6.0},{"damage":9.0,"enemies":"3 Shapes","floor":37.0,"turns":3.0},{"damage":19.0,"enemies":"Maw","floor":38.0,"turns":7.0},{"damage":0.0,"enemies":"Spire Growth","floor":42.0,"turns":2.0},{"damage":0.0,"enemies":"2 Orb Walkers","floor":44.0,"turns":3.0},{"damage":21.0,"enemies":"Sphere and 2 Shapes","floor":45.0,"turns":4.0},{"damage":13.0,"enemies":"Jaw Worm Horde","floor":46.0,"turns":3.0},{"damage":20.0,"enemies":"Writhing Mass","floor":48.0,"turns":5.0},{"damage":3.0,"enemies":"3 Darklings","floor":49.0,"turns":4.0},{"damage":25,"enemies":"DF_ARCHETYPE_ORBS","floor":50,"turns":2}],"seed_played":"6528816543005534699","potions_obtained":[{"floor":4.0,"key":"PowerPotion"},{"floor":6.0,"key":"AttackPotion"},{"floor":11.0,"key":"LiquidBronze"},{"floor":16.0,"key":"Slimebound:ThreeZeroPotion"},{"floor":22.0,"key":"champ:CounterPotion"},{"floor":23.0,"key":"champ:CounterPotion"},{"floor":29.0,"key":"LiquidMemories"},{"floor":31.0,"key":"Swift Potion"},{"floor":33.0,"key":"bronze:CleanCodePotion"},{"floor":44.0,"key":"AttackPotion"},{"floor":49.0,"key":"CultistPotion"}],"is_trial":false,"path_per_floor":["R","M","?","M","?","M","T","R","?","M","M","E","?","?","M","B",null,"R","M","$","?","M","M","T","$","R","?","M","M","R","M","M","B",null,"R","M","M","M","?","R","T","M","?","?","M","M","R","M","M","B"],"character_chosen":"THE_AUTOMATON","items_purchased":["Gambling Chip","Anchor","TheAbacus","bronze:OilSpill","bronze:Return"],"campfire_rested":0,"item_purchase_floors":[20,20,20,20,25],"current_hp_per_floor":[77,77,77,68,15,21,21,21,18,30,42,42,42,42,36,22,67,67,67,55,55,35,32,32,40,40,40,42,36,36,36,32,34,67,67,36,39,32,32,32,32,44,34,34,25,24,24,16,25,0,0,0],"gold":449,"neow_bonus":"TEN_PERCENT_HP_BONUS","is_daily":false,"chose_seed":false,"campfire_upgraded":8,"win_rate":0.0,"timestamp":1612949743,"path_taken":["R","M","?","M","?","M","T","R","?","?","M","E","?","?","M","BOSS","R","M","$","?","M","M","T","$","R","?","M","M","R","M","M","BOSS","R","M","M","M","?","R","T","M","?","?","M","M","R","M","M","BOSS"],"items_purchased_type":["Relic","Relic","Relic","Card","Card"],"build_version":"2020-12-22","purchased_purges":1,"victory":false,"max_hp_per_floor":[77,77,77,77,77,77,77,77,77,77,77,77,67,67,67,67,67,67,67,67,67,67,67,67,67,67,67,67,67,67,67,67,67,67,67,67,67,67,67,67,67,67,67,67,67,67,67,67,67,67,67,67],"card_choices":[{"not_picked":["bronze:Deprecate","bronze:FineTuning"],"picked":"bronze:Invalidate","floor":2.0},{"not_picked":["bronze:Invalidate","bronze:Overheat"],"picked":"bronze:GetLatest","floor":4.0},{"not_picked":["bronze:WhirlingStrike","bronze:OilSpill"],"picked":"bronze:DigitalCarnage","floor":5.0},{"not_picked":["bronze:DarkDash","bronze:DelayedSlice"],"picked":"bronze:Verify","floor":6.0},{"not_picked":["bronze:HyperBeam","bronze:DelayedGuard"],"picked":"bronze:BronzeOrb","floor":9.0},{"not_picked":["bronze:ChildClass","bronze:CutThrough"],"picked":"bronze:Boost","floor":10.0},{"not_picked":["bronze:BugBarrage","bronze:DarkDash"],"picked":"bronze:Repulsor","floor":11.0},{"not_picked":["bronze:BuggyMess","bronze:Fortify"],"picked":"bronze:Frontload","floor":12.0},{"not_picked":["bronze:Philosophize","bronze:GetLatest","bronze:Shield"],"picked":"SKIP","floor":15.0},{"not_picked":["bronze:ThunderWave","bronze:Verify"],"picked":"bronze:Break","floor":16.0},{"not_picked":["bronze:CloningBeam+1","bronze:DelayedSlice","bronze:CutThrough"],"picked":"SKIP","floor":19.0},{"not_picked":["bronze:OilSpill","bronze:ForLoop"],"picked":"bronze:Turbo","floor":20.0},{"not_picked":["bronze:DigitalCarnage","bronze:Frontload","bronze:Repulsor"],"picked":"SKIP","floor":22.0},{"not_picked":["bronze:WildBeam","bronze:ChildClass"],"picked":"bronze:Format","floor":23.0},{"not_picked":["bronze:FollowUp+1","bronze:Deprecate"],"picked":"bronze:ClassDefault+1","floor":25.0},{"not_picked":["bronze:Invalidate","bronze:Shield+1"],"picked":"bronze:Repulsor","floor":28.0},{"not_picked":["bronze:ForLoop+1","bronze:WildBeam+1"],"picked":"bronze:BuggyMess","floor":29.0},{"not_picked":["bronze:WildBeam","bronze:ItsAFeature"],"picked":"bronze:WhirlingStrike","floor":31.0},{"not_picked":["bronze:Flail","bronze:Shell","bronze:Turbo"],"picked":"SKIP","floor":32.0},{"not_picked":["bronze:HyperBeam","bronze:CleanCode"],"picked":"bronze:Assembly","floor":33.0},{"not_picked":[],"picked":"bronze:Allocate+1","floor":36.0},{"not_picked":[],"picked":"bronze:ForceShield","floor":37.0},{"not_picked":[],"picked":"bronze:DarkDash+1","floor":38.0},{"not_picked":["bronze:BuggyMess+1"],"picked":"SKIP","floor":42.0},{"not_picked":["expansioncontent:YouAreMine","expansioncontent:Chronoboost"],"picked":"expansioncontent:InvincibleStrength","floor":43.0},{"not_picked":["expansioncontent:InvincibleStrength","expansioncontent:LastStand"],"picked":"expansioncontent:PrepareCrush","floor":43.0},{"not_picked":["expansioncontent:YouAreMine","expansioncontent:Hexaburn"],"picked":"expansioncontent:PolyBeam","floor":43.0},{"not_picked":["bronze:Iterate+1"],"picked":"SKIP","floor":45.0},{"not_picked":["bronze:BugBarrage"],"picked":"SKIP","floor":46.0},{"not_picked":["bronze:Iterate"],"picked":"SKIP","floor":48.0},{"not_picked":[],"picked":"bronze:CloningBeam+1","floor":49.0}],"player_experience":568315,"relics_obtained":[{"floor":5.0,"key":"Boot"},{"floor":7.0,"key":"Bag of Marbles"},{"floor":12.0,"key":"Whetstone"},{"floor":24.0,"key":"Omamori"},{"floor":41.0,"key":"Frozen Egg 2"},{"floor":44.0,"key":"Pocketwatch"}],"event_choices":[{"damage_healed":0.0,"max_hp_gain":0.0,"max_hp_loss":0.0,"gold_gain":0.0,"event_name":"Big Fish","player_choice":"Box","floor":3.0,"gold_loss":0.0,"damage_taken":0.0,"relics_obtained":["Meat on the Bone"],"cards_obtained":["Regret"]},{"cards_removed":["downfall:Icky"],"damage_healed":0.0,"max_hp_gain":0.0,"max_hp_loss":0.0,"gold_gain":0.0,"event_name":"betterNote:BetterNote","player_choice":"Give","floor":21.0,"gold_loss":0.0,"damage_taken":0.0,"cards_obtained":["Regret"]},{"damage_healed":0.0,"max_hp_gain":0.0,"max_hp_loss":0.0,"gold_gain":0.0,"event_name":"Mysterious Sphere","player_choice":"Fight","floor":44.0,"gold_loss":0.0,"damage_taken":0.0}],"is_beta":false,"boss_relics":[{"not_picked":["Runic Pyramid","Astrolabe"],"picked":"Pandora\u0027s Box"},{"not_picked":["bronze:PlatinumCore","bronze:MakeshiftBattery"],"picked":"Busted Crown"}],"items_purged_floors":[20],"is_endless":false,"potions_floor_spawned":[4,6,11,16,22,23,29,31,33,37,38,44,49],"killed_by":"DF_ARCHETYPE_ORBS","ascension_level":0}}