{"host":"x5w9zppki4gdwvc7","time":1612932026,"event":{"mods":["AchievementEnabler","BaseMod","Colored Powertips","DeckTracker","Minty Spire (QoL Compilation)","SuperFastMode"],"gold_per_floor":[114,64,139,155,174,206,206,221,221,221,221,236,236,262,262,364,364,382,382,382],"floor_reached":19,"language":"ENG","playtime":602,"items_purged":[],"score":273,"play_id":"f0002111-cc34-4ca0-90e3-9350e4388232","local_time":"20210210054026","is_ascension_mode":true,"campfire_choices":[{"data":"Warcry","floor":7.0,"key":"SMITH"},{"data":"Shrug It Off","floor":11,"key":"SMITH"},{"data":"Sentinel","floor":13,"key":"SMITH"},{"floor":15,"key":"REST"}],"circlet_count":0,"master_deck":["Strike_R","Strike_R","Strike_R","Strike_R","Defend_R","Defend_R","Defend_R","Defend_R","Bash","Clash","Warcry+1","Sentinel+1","Shrug It Off+1","Parasite","Iron Wave","Bloodletting","Double Tap","Iron Wave"],"relics":["Burning Blood","NeowsBlessing","Dead Branch","Magic Flower","Prayer Wheel","Black Star"],"acts_visited":["Exordium","TheCity"],"potions_floor_usage":[14,16,16],"damage_taken":[{"damage":0.0,"enemies":"Cultist","floor":1.0,"turns":1.0},{"damage":0.0,"enemies":"Small Slimes","floor":4.0,"turns":1.0},{"damage":0.0,"enemies":"Jaw Worm","floor":5.0,"turns":1.0},{"damage":45.0,"enemies":"Lagavulin","floor":6.0,"turns":6.0},{"damage":22.0,"enemies":"Large Slime","floor":8.0,"turns":10.0},{"damage":6,"enemies":"Looter","floor":12,"turns":3},{"damage":28,"enemies":"Gremlin Nob","floor":14,"turns":4},{"damage":19,"enemies":"Slime Boss","floor":16,"turns":5},{"damage":55,"enemies":"Chosen","floor":18,"turns":7},{"damage":25,"enemies":"Spheric Guardian","floor":19,"turns":4}],"seed_played":"-8143332063198417549","potions_obtained":[{"floor":4.0,"key":"Energy Potion"},{"floor":8.0,"key":"SteroidPotion"},{"floor":14,"key":"Block Potion"}],"is_trial":false,"path_per_floor":["M","?","?","M","M","E","R","M","T","?","R","M","R","E","R","B",null,"M","M"],"character_chosen":"IRONCLAD","items_purchased":[],"campfire_rested":1,"item_purchase_floors":[],"current_hp_per_floor":[78,78,67,73,79,40,40,24,24,44,44,47,47,28,52,42,71,25,0,0],"gold":382,"neow_bonus":"THREE_ENEMY_KILL","is_daily":false,"chose_seed":false,"campfire_upgraded":3,"win_rate":0.0,"timestamp":1612932026,"path_taken":["M","?","?","M","?","E","R","M","T","?","R","M","R","E","R","BOSS","M","M"],"items_purchased_type":[],"build_version":"2020-12-22","purchased_purges":0,"victory":false,"max_hp_per_floor":[80,80,80,80,80,80,80,80,80,80,80,80,80,80,80,80,80,80,80,80],"card_choices":[{"not_picked":["Evolve","Flex"],"picked":"Clash","floor":1.0},{"not_picked":["Sword Boomerang","Havoc","Warcry"],"picked":"SKIP","floor":4.0},{"not_picked":["Cleave","Ghostly Armor"],"picked":"Warcry","floor":5.0},{"not_picked":["Cleave","Headbutt"],"picked":"Sentinel","floor":6.0},{"not_picked":["Flex","Fire Breathing"],"picked":"Shrug It Off","floor":8.0},{"not_picked":["Seeing Red","Wild Strike"],"picked":"Iron Wave","floor":12},{"not_picked":["Bludgeon","Wild Strike"],"picked":"Bloodletting","floor":14},{"not_picked":["Bludgeon","Corruption"],"picked":"Double Tap","floor":16},{"not_picked":["Cleave+1","Twin Strike"],"picked":"Iron Wave","floor":18},{"not_picked":["Heavy Blade","Reckless Charge","Havoc"],"picked":"SKIP","floor":18}],"player_experience":601400,"relics_obtained":[{"floor":6.0,"key":"Dead Branch"},{"floor":9.0,"key":"Magic Flower"},{"floor":14,"key":"Prayer Wheel"}],"event_choices":[{"cards_removed":["Strike_R"],"damage_healed":0.0,"max_hp_gain":0.0,"max_hp_loss":0.0,"gold_gain":0.0,"event_name":"The Cleric","player_choice":"Card Removal","floor":2.0,"gold_loss":50.0,"damage_taken":0.0},{"damage_healed":0.0,"max_hp_gain":0.0,"max_hp_loss":0.0,"gold_gain":75.0,"event_name":"World of Goop","player_choice":"Gather Gold","floor":3.0,"gold_loss":0.0,"damage_taken":11.0},{"damage_healed":20,"gold_gain":0,"player_choice":"Healed and dodged fight","damage_taken":0,"max_hp_gain":0,"max_hp_loss":0,"event_name":"Mushrooms","floor":10,"gold_loss":0,"cards_obtained":["Parasite"]}],"is_beta":false,"boss_relics":[{"not_picked":["Snecko Eye","Velvet Choker"],"picked":"Black Star"}],"items_purged_floors":[],"is_endless":false,"potions_floor_spawned":[4,8,14],"killed_by":"Spheric Guardian","ascension_level":7}}