{"host":"n9lc5i44t98l6pio","time":1612979523,"event":{"mods":["BaseMod","Curses Come First","Downfall","Minty Spire (QoL Compilation)","Replay The Spire","Say the Spire","StSLib"],"gold_per_floor":[185,202,219,232,232,259,259,286,314,330,330,353,373,408,424,532,532,532,559,582,607,625,625,648,663,129,129,135,135,135],"floor_reached":28,"language":"ENG","playtime":1330,"items_purged":[],"score":239,"play_id":"5edefde8-3206-4ab4-9f63-289d0a534007","local_time":"20210210185203","is_ascension_mode":true,"campfire_choices":[{"data":"champ:SetATrap","floor":11.0,"key":"SMITH"},{"data":"champ:SetATrap","floor":18,"key":"SMITH"},{"floor":23,"key":"REST"}],"circlet_count":0,"master_deck":["champ:Strike","champ:Strike","champ:Strike","champ:Strike","champ:Defend+1","champ:Defend","champ:Defend+1","champ:Defend","champ:Execute","champ:Taunt","champ:Duel","champ:ShieldWall+1","champ:BringItOn","champ:PerfectedStrike","champ:RecklessLeap","champ:SetATrap+1","champ:SetATrap+1","champ:SetATrap","champ:BringItOn","champ:PreemptiveStrike","champ:HeavySlash","champ:StanceDance+1","champ:ShieldWall","champ:Shatter","champ:Circumvent+1","champ:MurderStrike","champ:Circumvent","champ:ShieldWall+1","Magnetism+1","champ:Lariat","champ:Lariat"],"relics":["champ:ChampionCrown","War Paint","Replay:Bandana","Matryoshka","Toy Ornithopter","Black Star","Regal Pillow","Frozen Egg 2"],"acts_visited":["Exordium","TheCity"],"potions_floor_usage":[16,16,16,21],"damage_taken":[{"damage":28.0,"enemies":"Cultist","floor":2.0,"turns":5.0},{"damage":15.0,"enemies":"Jaw Worm","floor":3.0,"turns":4.0},{"damage":0.0,"enemies":"Small Slimes","floor":4.0,"turns":5.0},{"damage":10.0,"enemies":"Exordium Thugs","floor":8.0,"turns":2.0},{"damage":10.0,"enemies":"Blue Slaver","floor":9.0,"turns":3.0},{"damage":28.0,"enemies":"Large Slime","floor":10.0,"turns":5.0},{"damage":9.0,"enemies":"Exordium Thugs","floor":12.0,"turns":4.0},{"damage":22.0,"enemies":"Large Slime","floor":13.0,"turns":4.0},{"damage":16.0,"enemies":"Lagavulin","floor":14.0,"turns":7.0},{"damage":2,"enemies":"2 Fungi Beasts","floor":15,"turns":3},{"damage":34,"enemies":"DF_ARCHETYPE_STREAMLINE","floor":16,"turns":7},{"damage":2,"enemies":"Spheric Guardian","floor":19,"turns":5},{"damage":10,"enemies":"Chosen","floor":20,"turns":4},{"damage":21,"enemies":"Snake Plant","floor":21,"turns":3},{"damage":48,"enemies":"Cultist and Chosen","floor":22,"turns":8},{"damage":27,"enemies":"Snecko","floor":25,"turns":6},{"damage":0,"enemies":"downfall:FleeingMerchant","floor":26,"turns":4},{"damage":56,"enemies":"Chosen and Byrds","floor":28,"turns":8}],"seed_played":"-2606646108445414778","potions_obtained":[{"floor":4.0,"key":"sneckomod:MuddlingPotion"},{"floor":8.0,"key":"DuplicationPotion"},{"floor":12.0,"key":"sneckomod:MuddlingPotion"},{"floor":13.0,"key":"Swift Potion"},{"floor":15,"key":"SkillPotion"},{"floor":16,"key":"Fire Potion"},{"floor":20,"key":"PowerPotion"},{"floor":22,"key":"Elixir"},{"floor":27,"key":"CultistPotion"}],"is_trial":false,"path_per_floor":["R","M","M","M","?","T","T","M","M","M","R","M","M","E","M","B",null,"R","M","M","M","M","R","T","M","$","?","M"],"character_chosen":"THE_CHAMP","items_purchased":["Frozen Egg 2","champ:ShieldWall+1","Magnetism+1","champ:Lariat"],"campfire_rested":1,"item_purchase_floors":[26,26,26,26],"current_hp_per_floor":[90,82,82,82,82,82,82,82,82,69,69,60,48,32,30,21,90,90,88,88,72,34,61,61,34,34,34,0,0,0],"gold":135,"neow_bonus":"RANDOM_COMMON_RELIC","is_daily":false,"chose_seed":false,"campfire_upgraded":2,"win_rate":0.0,"timestamp":1612979523,"path_taken":["R","M","M","M","?","?","T","?","M","M","R","M","M","E","M","BOSS","R","M","M","M","M","R","T","?","$","?","M"],"items_purchased_type":["Relic","Card","Card","Card"],"build_version":"2020-12-22","purchased_purges":0,"victory":false,"max_hp_per_floor":[90,90,90,90,90,90,90,90,90,90,90,90,90,90,90,90,90,90,90,90,90,90,90,90,90,90,90,90,90,90],"card_choices":[{"not_picked":["champ:Parry","champ:BladeFlurry"],"picked":"champ:Duel","floor":2.0},{"not_picked":["champ:DefensiveShout","champ:CrownThrow"],"picked":"champ:ShieldWall","floor":3.0},{"not_picked":["champ:Endure","champ:PerfectedStrike"],"picked":"champ:BringItOn","floor":4.0},{"not_picked":["champ:TornadoPunch","champ:ShieldSigil"],"picked":"champ:PerfectedStrike","floor":8.0},{"not_picked":["champ:EnGarde","champ:HeartStrike"],"picked":"champ:RecklessLeap","floor":9.0},{"not_picked":["champ:SwordSigil","champ:Circumvent"],"picked":"champ:SetATrap","floor":10.0},{"not_picked":["champ:RecklessLeap","champ:Shatter"],"picked":"champ:SetATrap","floor":12.0},{"not_picked":["champ:BladeFlurry","champ:BringItOn"],"picked":"champ:SetATrap","floor":13.0},{"not_picked":["champ:DefensiveShout","champ:SetATrap"],"picked":"champ:BringItOn","floor":14.0},{"not_picked":["champ:BladeFlurry","champ:FaceSlap"],"picked":"champ:PreemptiveStrike","floor":15},{"not_picked":["champ:SteelEdge","champ:VampiricStrike"],"picked":"champ:HeavySlash","floor":16},{"not_picked":["champ:Haymaker","champ:CrownThrow+1"],"picked":"champ:StanceDance+1","floor":19},{"not_picked":["champ:PerfectedStrike","champ:BerserkersShout"],"picked":"champ:ShieldWall","floor":20},{"not_picked":["champ:ShieldSigil","champ:BladeFlurry"],"picked":"champ:Shatter","floor":21},{"not_picked":["champ:FancyFootwork+1","champ:FlashCut"],"picked":"champ:Circumvent+1","floor":22},{"not_picked":["champ:TornadoPunch","champ:Circumvent"],"picked":"champ:MurderStrike","floor":25},{"not_picked":["champ:AdrenalArmor+1","champ:DefensiveStyle+1"],"picked":"champ:Circumvent","floor":26}],"player_experience":263094,"relics_obtained":[{"floor":6.0,"key":"Replay:Bandana"},{"floor":7.0,"key":"Matryoshka"},{"floor":14.0,"key":"Toy Ornithopter"},{"floor":24,"key":"Regal Pillow"}],"event_choices":[{"damage_healed":0.0,"max_hp_gain":0.0,"max_hp_loss":0.0,"gold_gain":0.0,"event_name":"Living Wall","player_choice":"Grow","floor":5.0,"gold_loss":0.0,"damage_taken":0.0,"cards_upgraded":["champ:ShieldWall"]}],"is_beta":false,"boss_relics":[{"not_picked":["Painkiller Herb","Cursed Key"],"picked":"Black Star"}],"items_purged_floors":[],"is_endless":false,"potions_floor_spawned":[4,8,12,13,15,16,20,22],"killed_by":"Chosen and Byrds","ascension_level":1}}