{"host":"7j2n82b2zha9fuyn","time":1612936699,"event":{"mods":["BaseMod","Block Reminder","Minty Spire (QoL Compilation)","StSLib"],"gold_per_floor":[110,35,35,45,63,95,95,95,145,145,158,175,175,175],"floor_reached":13,"language":"ENG","playtime":869,"items_purged":["Strike_B"],"score":166,"play_id":"29417277-6f32-4bdb-abbe-fc1497d45589","local_time":"20210209225819","is_ascension_mode":true,"campfire_choices":[{"floor":7,"key":"REST"}],"circlet_count":0,"master_deck":["AscendersBane","Strike_B","Strike_B","Strike_B","Defend_B+1","Defend_B+1","Defend_B","Zap","Dualcast","Darkness","Gash","Gash","Reinforced Body","Go for the Eyes","Sweeping Beam","Gash"],"relics":["Cracked Core","Dream Catcher","Thread and Needle"],"acts_visited":["Exordium"],"potions_floor_usage":[6,13],"damage_taken":[{"damage":4,"enemies":"Small Slimes","floor":1,"turns":3},{"damage":4,"enemies":"2 Louse","floor":4,"turns":2},{"damage":7,"enemies":"Jaw Worm","floor":5,"turns":3},{"damage":13,"enemies":"Lagavulin","floor":6,"turns":6},{"damage":0,"enemies":"Exordium Thugs","floor":11,"turns":4},{"damage":3,"enemies":"Exordium Wildlife","floor":12,"turns":4},{"damage":16,"enemies":"3 Sentries","floor":13,"turns":4}],"seed_played":"4024571078227292875","potions_obtained":[{"floor":1,"key":"Block Potion"},{"floor":12,"key":"SkillPotion"}],"is_trial":false,"path_per_floor":["M","$","?","M","M","E","R","?","T","?","M","M","E"],"character_chosen":"DEFECT","items_purchased":[],"campfire_rested":1,"item_purchase_floors":[],"current_hp_per_floor":[67,67,60,56,49,36,59,36,36,18,18,15,0,0],"gold":175,"neow_bonus":"TEN_PERCENT_HP_BONUS","is_daily":false,"chose_seed":false,"campfire_upgraded":0,"win_rate":0.0,"timestamp":1612936699,"path_taken":["M","$","?","M","M","E","R","?","T","?","M","M","E"],"items_purchased_type":[],"build_version":"2020-12-22","purchased_purges":1,"victory":false,"max_hp_per_floor":[78,78,78,78,78,78,78,78,78,78,78,78,78,78],"card_choices":[{"not_picked":["Reinforced Body","Hologram"],"picked":"Darkness","floor":1},{"not_picked":["Sweeping Beam","Go for the Eyes"],"picked":"Gash","floor":4},{"not_picked":["Rebound","Chaos"],"picked":"Gash","floor":5},{"not_picked":["Streamline","Electrodynamics"],"picked":"Reinforced Body","floor":6},{"not_picked":["Auto Shields","Fusion"],"picked":"Go for the Eyes","floor":7},{"not_picked":["Barrage","Streamline"],"picked":"Sweeping Beam","floor":11},{"not_picked":["Undo","Seek"],"picked":"Gash","floor":12}],"player_experience":2008695,"relics_obtained":[{"floor":6,"key":"Dream Catcher"}],"event_choices":[{"cards_removed":["Defend_B"],"damage_healed":0,"gold_gain":0,"player_choice":"Card Removal","damage_taken":7,"max_hp_gain":0,"max_hp_loss":0,"event_name":"Golden Wing","floor":3,"gold_loss":0},{"damage_healed":0,"gold_gain":0,"player_choice":"Entered Light","damage_taken":23,"max_hp_gain":0,"max_hp_loss":0,"event_name":"Shining Light","floor":8,"gold_loss":0,"cards_upgraded":["Defend_B","Defend_B"]},{"damage_healed":0,"gold_gain":0,"player_choice":"Success","damage_taken":18,"relics_obtained":["Thread and Needle"],"max_hp_gain":0,"max_hp_loss":0,"event_name":"Scrap Ooze","floor":10,"gold_loss":0}],"is_beta":false,"boss_relics":[],"items_purged_floors":[2],"is_endless":false,"potions_floor_spawned":[1,12],"killed_by":"3 Sentries","ascension_level":19}}