{"host":"wyloba13dxa5qu9d","time":1612944237,"event":{"mods":["100% Spire Juice","AchievementEnabler","BaseMod","Bestiary","Colored Map","Colored Powertips","Curses Come First","Downfall","GungeonMod","Lobotomy","LobotomyExtend","Marked Mod","Minty Spire (QoL Compilation)","Quick Restart","StSLib","SuperFastMode"],"gold_per_floor":[117,117,139,89,99,99,99],"floor_reached":0,"language":"ZHS","playtime":376,"items_purged":[],"score":6,"play_id":"5c7f236d-b56f-4f60-bb40-c13d1650f9fe","local_time":"20210210160357","is_ascension_mode":false,"campfire_choices":[],"circlet_count":0,"master_deck":["DemoMod:Strike_Huntress","DemoMod:Strike_Huntress","DemoMod:Strike_Huntress","DemoMod:Defend_Huntress","DemoMod:Defend_Huntress","DemoMod:Defend_Huntress+1","DemoMod:Roll+1","DemoMod:ManualReload","DemoMod:RustySidearm","DemoMod:CrossBow","DemoMod:GunstockTap","DemoMod:SkilledReload","DemoMod:StickyCrossBow"],"relics":["DemoMod:Dog","War Paint","DemoMod:GlassGuonStoneRelic"],"acts_visited":["Exordium"],"potions_floor_usage":[],"damage_taken":[{"damage":0,"enemies":"Cultist","floor":1,"turns":4},{"damage":0,"enemies":"2 Louse","floor":3,"turns":3},{"damage":0,"enemies":"Jaw Worm","floor":5,"turns":4}],"seed_played":"-1636998708878107110","potions_obtained":[{"floor":3,"key":"DistilledChaos"}],"is_trial":false,"path_per_floor":["M","?","M","?","M","M"],"character_chosen":"HUNTRESS","items_purchased":[],"campfire_rested":0,"item_purchase_floors":[],"current_hp_per_floor":[70,1,1,1,1,1,1],"gold":99,"neow_bonus":"RANDOM_COMMON_RELIC","is_daily":false,"chose_seed":false,"campfire_upgraded":0,"win_rate":0.0,"timestamp":1612944237,"path_taken":["M","?","M","?","M","?"],"items_purchased_type":[],"build_version":"2020-12-22","purchased_purges":0,"victory":false,"max_hp_per_floor":[70,1,1,1,1,1,1],"card_choices":[{"not_picked":["DemoMod:ConditionalReflex","DemoMod:DoubleSwitch"],"picked":"DemoMod:GunstockTap","floor":1},{"not_picked":["DemoMod:ConditionalReflex","DemoMod:PotionOfGunFriendShip"],"picked":"DemoMod:SkilledReload","floor":3},{"not_picked":["DemoMod:HardPowerCard","DemoMod:GunstockTap"],"picked":"DemoMod:StickyCrossBow","floor":5}],"player_experience":146337,"relics_obtained":[{"floor":1,"key":"LetterFromLob"}],"event_choices":[{"cards_removed":["DemoMod:Defend_Huntress"],"damage_healed":0,"gold_gain":0,"player_choice":"Card Removal","damage_taken":0,"max_hp_gain":0,"max_hp_loss":0,"event_name":"The Cleric","floor":4,"gold_loss":50}],"is_beta":false,"boss_relics":[],"items_purged_floors":[],"is_endless":false,"potions_floor_spawned":[3],"ascension_level":0}}