{"host":"x5nedmcg1ruvdks4","time":1612998409,"event":{"mods":["AchievementEnabler","BaseMod","Block Reminder","DeckTracker","Minty Spire (QoL Compilation)","Permanent Neow"],"gold_per_floor":[116,136,147,147,161,189,189,189,189],"floor_reached":8,"language":"ENG","playtime":336,"items_purged":[],"score":70,"play_id":"e88b4c70-4692-468a-9797-4cbfebd450cc","local_time":"20210211000649","is_ascension_mode":true,"campfire_choices":[{"data":"Limit Break","floor":7,"key":"SMITH"}],"circlet_count":0,"master_deck":["Strike_R","Strike_R","Strike_R","Strike_R","Defend_R","Defend_R","Defend_R","Defend_R","Bash","Juggernaut","Combust","Spot Weakness","Disarm","Limit Break+1"],"relics":["Burning Blood","Strawberry"],"acts_visited":["Exordium"],"potions_floor_usage":[6,8],"damage_taken":[{"damage":7,"enemies":"2 Louse","floor":1,"turns":4},{"damage":1,"enemies":"Cultist","floor":2,"turns":4},{"damage":12,"enemies":"Jaw Worm","floor":3,"turns":4},{"damage":17,"enemies":"Exordium Wildlife","floor":5,"turns":5},{"damage":25,"enemies":"Lagavulin","floor":6,"turns":8},{"damage":14,"enemies":"Gremlin Nob","floor":8,"turns":3}],"seed_played":"-2181896431678925709","potions_obtained":[{"floor":3,"key":"Strength Potion"},{"floor":6,"key":"DistilledChaos"}],"is_trial":false,"path_per_floor":["M","M","M","?","M","E","R","E"],"character_chosen":"IRONCLAD","items_purchased":[],"campfire_rested":0,"item_purchase_floors":[],"current_hp_per_floor":[55,60,54,54,43,31,31,17,17],"gold":189,"neow_bonus":"THREE_RARE_CARDS","is_daily":false,"chose_seed":false,"campfire_upgraded":1,"win_rate":0.0,"timestamp":1612998409,"path_taken":["M","M","M","?","?","E","R","E"],"items_purchased_type":[],"build_version":"2020-12-22","purchased_purges":0,"victory":false,"max_hp_per_floor":[80,80,80,80,80,87,87,87,87],"card_choices":[{"not_picked":["Limit Break","Corruption"],"picked":"Juggernaut","floor":0},{"not_picked":["Clothesline","Heavy Blade"],"picked":"Combust","floor":1},{"not_picked":["Pommel Strike","Rampage","Perfected Strike"],"picked":"SKIP","floor":2},{"not_picked":["Havoc","Headbutt"],"picked":"Spot Weakness","floor":3},{"not_picked":["Blood for Blood","Heavy Blade"],"picked":"Disarm","floor":5},{"not_picked":["Dropkick","Carnage"],"picked":"Limit Break","floor":6}],"player_experience":85536,"relics_obtained":[{"floor":6,"key":"Strawberry"}],"event_choices":[{"cards_removed":["Strike_R"],"damage_healed":0,"gold_gain":0,"player_choice":"Purged","damage_taken":0,"max_hp_gain":0,"max_hp_loss":0,"event_name":"Purifier","floor":4,"gold_loss":0}],"is_beta":false,"boss_relics":[],"items_purged_floors":[],"is_endless":false,"potions_floor_spawned":[3,6],"killed_by":"Gremlin Nob","ascension_level":4}}