{"host":"sccdx89hs6cnwb1o","time":1612996104,"event":{"mods":["AchievementEnabler","BaseMod","Colored Powertips","Highlight Path","Minty Spire (QoL Compilation)"],"gold_per_floor":[111,123,136,41,56,84,84,101,101,101,119,119,152,227,227,322,322,332,345,270,270,369,369,387,387,387,404,404,329,32,43,43,139,139,158,158,169,169,97,97,116,116,116,126,140,173,186,201,201,201,201],"floor_reached":50,"language":"DEU","playtime":4411,"items_purged":["Strike_G"],"score":536,"play_id":"4344fb7c-4ee4-4701-8509-eabe3a693fc7","local_time":"20210210232824","is_ascension_mode":false,"campfire_choices":[{"data":"Crippling Poison","floor":7,"key":"SMITH"},{"data":"Neutralize","floor":10,"key":"SMITH"},{"data":"Poisoned Stab","floor":12,"key":"SMITH"},{"data":"Leg Sweep","floor":15,"key":"SMITH"},{"data":"Adrenaline","floor":23,"key":"SMITH"},{"data":"Deflect","floor":25,"key":"SMITH"},{"data":"Poisoned Stab","floor":28,"key":"SMITH"},{"data":"Storm of Steel","floor":32,"key":"SMITH"},{"data":"Noxious Fumes","floor":40,"key":"SMITH"},{"data":"Adrenaline","floor":42,"key":"SMITH"},{"data":"Catalyst","floor":49,"key":"SMITH"}],"circlet_count":0,"master_deck":["Strike_G","Strike_G","Defend_G","Defend_G","Defend_G","Defend_G","Defend_G","Survivor","Neutralize+1","Cloak And Dagger","Backflip","Slice","Crippling Poison+1","Poisoned Stab+1","Backstab","Outmaneuver","Poisoned Stab+1","Leg Sweep+1","Adrenaline+1","Bane+1","Acrobatics","Deflect+1","Deadly Poison+1","Deadly Poison+1","Storm of Steel+1","Adrenaline+1","CurseOfTheBell","Caltrops+1","PiercingWail","Noxious Fumes+1","Dodge and Roll+1","Dash","PiercingWail","Parasite","Catalyst+1","Dash+1"],"relics":["Ring of the Snake","Eternal Feather","Paper Crane","Gremlin Horn","Sozu","Enchiridion","Meat on the Bone","Oddly Smooth Stone","DollysMirror","Calling Bell","Smiling Mask","InkBottle","Du-Vu Doll","Bird Faced Urn","Frozen Egg 2"],"acts_visited":["Exordium","TheCity","TheBeyond"],"potions_floor_usage":[33,33,33],"damage_taken":[{"damage":0,"enemies":"Cultist","floor":1,"turns":5},{"damage":3,"enemies":"Jaw Worm","floor":2,"turns":6},{"damage":0,"enemies":"2 Louse","floor":3,"turns":4},{"damage":7,"enemies":"Exordium Wildlife","floor":5,"turns":6},{"damage":13,"enemies":"Lagavulin","floor":6,"turns":8},{"damage":0,"enemies":"Lots of Slimes","floor":8,"turns":2},{"damage":1,"enemies":"Large Slime","floor":11,"turns":6},{"damage":4,"enemies":"Gremlin Nob","floor":13,"turns":4},{"damage":1,"enemies":"The Guardian","floor":16,"turns":12},{"damage":1,"enemies":"3 Byrds","floor":18,"turns":5},{"damage":0,"enemies":"Shell Parasite","floor":19,"turns":5},{"damage":6,"enemies":"3 Cultists","floor":24,"turns":4},{"damage":0,"enemies":"Centurion and Healer","floor":27,"turns":4},{"damage":0,"enemies":"Cultist and Chosen","floor":31,"turns":5},{"damage":36,"enemies":"Collector","floor":33,"turns":13},{"damage":3,"enemies":"3 Shapes","floor":35,"turns":5},{"damage":2,"enemies":"Orb Walker","floor":37,"turns":3},{"damage":10,"enemies":"Maw","floor":41,"turns":6},{"damage":5,"enemies":"Sphere and 2 Shapes","floor":44,"turns":3},{"damage":0,"enemies":"Jaw Worm Horde","floor":45,"turns":5},{"damage":17,"enemies":"Reptomancer","floor":46,"turns":7},{"damage":1,"enemies":"Writhing Mass","floor":47,"turns":6},{"damage":13,"enemies":"3 Darklings","floor":48,"turns":3},{"damage":69,"enemies":"Time Eater","floor":50,"turns":9}],"seed_played":"6423109318715632195","potions_obtained":[{"floor":0,"key":"SkillPotion"},{"floor":0,"key":"DuplicationPotion"},{"floor":0,"key":"Block Potion"},{"floor":1,"key":"BlessingOfTheForge"}],"is_trial":false,"path_per_floor":["M","M","M","$","M","E","R","M","T","R","M","R","E","?","R","B",null,"M","M","$","?","?","R","M","R","T","M","R","?","$","M","R","B",null,"M","?","M","?","$","R","M","R","T","M","M","E","M","M","R","B"],"character_chosen":"THE_SILENT","items_purchased":["Crippling Poison","Poisoned Stab","Oddly Smooth Stone","DollysMirror","Noxious Fumes"],"campfire_rested":0,"item_purchase_floors":[4,4,30,30,39],"current_hp_per_floor":[70,67,67,67,60,47,56,56,56,68,67,70,66,55,67,66,70,69,69,69,53,53,65,59,70,70,70,70,70,70,70,70,46,70,67,66,64,64,64,66,56,66,66,61,63,50,55,46,66,0,0],"gold":201,"neow_bonus":"THREE_SMALL_POTIONS","is_daily":false,"chose_seed":false,"campfire_upgraded":11,"win_rate":0.0,"timestamp":1612996104,"path_taken":["M","M","?","$","M","E","R","M","T","R","M","R","E","?","R","BOSS","M","M","$","?","?","R","M","R","T","M","R","?","$","M","R","BOSS","M","?","M","?","$","R","M","R","T","M","?","E","M","M","R","BOSS"],"items_purchased_type":["Card","Card","Relic","Relic","Card"],"build_version":"2020-12-22","purchased_purges":1,"victory":false,"max_hp_per_floor":[70,70,70,70,70,70,70,70,70,70,70,70,70,70,70,70,70,70,70,70,70,70,70,70,70,70,70,70,70,70,70,70,70,70,70,66,66,66,66,66,66,66,66,66,66,66,66,66,66,66,66],"card_choices":[{"not_picked":["Bane","Deflect"],"picked":"Cloak And Dagger","floor":1},{"not_picked":["Outmaneuver","Flying Knee"],"picked":"Backflip","floor":2},{"not_picked":["After Image","Distraction"],"picked":"Slice","floor":3},{"not_picked":["Acrobatics","Dagger Throw"],"picked":"Backstab","floor":5},{"not_picked":["All Out Attack","Expertise"],"picked":"Outmaneuver","floor":6},{"not_picked":["Slice","Flechettes"],"picked":"Poisoned Stab","floor":8},{"not_picked":["Choke","Dagger Spray","Underhanded Strike"],"picked":"SKIP","floor":11},{"not_picked":["Blur","Dagger Throw"],"picked":"Leg Sweep","floor":13},{"not_picked":["Corpse Explosion","Malaise"],"picked":"Adrenaline","floor":16},{"not_picked":["Underhanded Strike","Dagger Throw"],"picked":"Bane+1","floor":18},{"not_picked":["Underhanded Strike","Riddle With Holes"],"picked":"Acrobatics","floor":19},{"not_picked":["Prepared","Flying Knee"],"picked":"Deflect","floor":24},{"not_picked":["Backflip","Quick Slash+1"],"picked":"Deadly Poison+1","floor":27},{"not_picked":["Predator","Bane"],"picked":"Storm of Steel","floor":31},{"not_picked":["A Thousand Cuts","Die Die Die"],"picked":"Adrenaline","floor":33},{"not_picked":["Skewer+1","All Out Attack"],"picked":"Caltrops+1","floor":35},{"not_picked":["Bane","Poisoned Stab+1"],"picked":"PiercingWail","floor":37},{"not_picked":["Reflex+1","Poisoned Stab+1"],"picked":"Dodge and Roll+1","floor":41},{"not_picked":["Escape Plan+1","Underhanded Strike+1"],"picked":"Dash","floor":44},{"not_picked":["Tools of the Trade","Sucker Punch","Backflip"],"picked":"SKIP","floor":45},{"not_picked":["Predator+1","Bane+1"],"picked":"PiercingWail","floor":46},{"not_picked":["Cloak And Dagger+1","Predator"],"picked":"Catalyst","floor":47},{"not_picked":["Flying Knee+1","Dodge and Roll"],"picked":"Dash+1","floor":48}],"player_experience":50421,"relics_obtained":[{"floor":6,"key":"Eternal Feather"},{"floor":9,"key":"Paper Crane"},{"floor":13,"key":"Gremlin Horn"},{"floor":21,"key":"Enchiridion"},{"floor":26,"key":"Meat on the Bone"},{"floor":34,"key":"Smiling Mask"},{"floor":34,"key":"InkBottle"},{"floor":34,"key":"Du-Vu Doll"},{"floor":43,"key":"Bird Faced Urn"},{"floor":46,"key":"Frozen Egg 2"}],"event_choices":[{"damage_healed":0,"gold_gain":75,"player_choice":"Gather Gold","damage_taken":11,"max_hp_gain":0,"max_hp_loss":0,"event_name":"World of Goop","floor":14,"gold_loss":0},{"damage_healed":0,"gold_gain":0,"player_choice":"Obtained Book","damage_taken":16,"max_hp_gain":0,"max_hp_loss":0,"event_name":"Cursed Tome","floor":21,"gold_loss":0},{"damage_healed":0,"gold_gain":99,"player_choice":"Stole From Cult","damage_taken":0,"max_hp_gain":0,"max_hp_loss":0,"event_name":"Nest","floor":22,"gold_loss":0},{"cards_removed":["Strike_G"],"damage_healed":0,"gold_gain":0,"player_choice":"Gave Gold","damage_taken":0,"max_hp_gain":0,"max_hp_loss":0,"event_name":"Beggar","floor":29,"gold_loss":75},{"damage_healed":0,"gold_gain":0,"player_choice":"Max HP","damage_taken":0,"max_hp_gain":0,"max_hp_loss":4,"event_name":"Winding Halls","floor":36,"gold_loss":0},{"cards_removed":["Strike_G"],"damage_healed":0,"gold_gain":0,"player_choice":"Offered Basic","damage_taken":0,"max_hp_gain":0,"max_hp_loss":0,"event_name":"Bonfire Elementals","floor":38,"gold_loss":0}],"is_beta":false,"boss_relics":[{"not_picked":["SacredBark","Snecko Eye"],"picked":"Sozu"},{"not_picked":["HoveringKite","Tiny House"],"picked":"Calling Bell"}],"items_purged_floors":[20],"is_endless":false,"potions_floor_spawned":[1,8,13,16,18,27,31,37,45,48],"killed_by":"Time Eater","ascension_level":0}}