{"host":"04hh9gplt9wkfmr1","time":1612984051,"event":{"mods":["AchievementEnabler","BaseMod","Colored Map","KOR Keyword Fix","Minty Spire (QoL Compilation)","Rare Cards Sparkle","SuperFastMode"],"gold_per_floor":[114,114,114,125,125,125,155,125,125,125,125,125],"floor_reached":11,"language":"KOR","playtime":208,"items_purged":[],"score":128,"play_id":"d24cee9a-51ce-4c83-864b-efe9d892d8b5","local_time":"20210211040731","is_ascension_mode":true,"campfire_choices":[{"floor":6.0,"key":"REST"},{"data":"Phantasmal Killer","floor":10.0,"key":"SMITH"}],"circlet_count":0,"master_deck":["AscendersBane","Strike_G","Strike_G","Strike_G","Strike_G","Defend_G","Defend_G","Defend_G+1","Defend_G","Defend_G+1","Survivor","Neutralize","Phantasmal Killer+1"],"relics":["Ring of the Snake","Centennial Puzzle","Dead Branch","Ancient Tea Set","Happy Flower"],"acts_visited":["Exordium"],"potions_floor_usage":[11],"damage_taken":[{"damage":5.0,"enemies":"Small Slimes","floor":1.0,"turns":3.0},{"damage":0.0,"enemies":"2 Louse","floor":4.0,"turns":2.0},{"damage":18.0,"enemies":"Lagavulin","floor":7.0,"turns":7.0},{"damage":6,"enemies":"3 Sentries","floor":11,"turns":3}],"seed_played":"-6946269762122097272","potions_obtained":[{"floor":4.0,"key":"PowerPotion"},{"floor":8.0,"key":"EssenceOfSteel"},{"floor":8.0,"key":"SmokeBomb"}],"is_trial":false,"path_per_floor":["M","?","?","M","?","R","E","?","T","R","E"],"character_chosen":"THE_SILENT","items_purchased":[],"campfire_rested":1,"item_purchase_floors":[],"current_hp_per_floor":[54,49,49,49,29,48,30,30,30,30,24,24],"gold":125,"neow_bonus":"RANDOM_COMMON_RELIC","is_daily":false,"chose_seed":false,"campfire_upgraded":1,"win_rate":0.0,"timestamp":1612984051,"path_taken":["M","?","?","M","?","R","E","?","T","R","E"],"items_purchased_type":[],"build_version":"2020-12-22","purchased_purges":0,"victory":false,"max_hp_per_floor":[66,66,66,66,66,66,66,66,66,66,66,66],"card_choices":[{"not_picked":["Dagger Spray","Prepared","Dodge and Roll"],"picked":"SKIP","floor":1.0},{"not_picked":["Bane","Catalyst","Underhanded Strike"],"picked":"SKIP","floor":4.0},{"not_picked":["Flechettes","Corpse Explosion","Outmaneuver"],"picked":"SKIP","floor":7.0}],"player_experience":142887,"relics_obtained":[{"floor":7.0,"key":"Ancient Tea Set"},{"floor":9.0,"key":"Happy Flower"}],"event_choices":[{"damage_healed":0.0,"max_hp_gain":0.0,"max_hp_loss":0.0,"gold_gain":0.0,"event_name":"Scrap Ooze","player_choice":"Success","floor":2.0,"gold_loss":0.0,"damage_taken":5.0,"relics_obtained":["Dead Branch"]},{"damage_healed":0.0,"max_hp_gain":0.0,"max_hp_loss":0.0,"gold_gain":0.0,"cards_transformed":["Strike_G"],"event_name":"Living Wall","player_choice":"Change","floor":3.0,"gold_loss":0.0,"damage_taken":0.0,"cards_obtained":["Phantasmal Killer"]},{"damage_healed":0.0,"max_hp_gain":0.0,"max_hp_loss":0.0,"gold_gain":0.0,"event_name":"Shining Light","player_choice":"Entered Light","floor":5.0,"gold_loss":0.0,"damage_taken":20.0,"cards_upgraded":["Defend_G","Defend_G"]},{"damage_healed":0.0,"max_hp_gain":0.0,"max_hp_loss":0.0,"gold_gain":0.0,"event_name":"The Woman in Blue","player_choice":"Bought 2 Potions","floor":8.0,"gold_loss":0.0,"damage_taken":0.0}],"is_beta":false,"boss_relics":[],"items_purged_floors":[],"is_endless":false,"potions_floor_spawned":[4],"killed_by":"3 Sentries","ascension_level":17}}