{"host":"l4p18zw33fr8bdc3","time":1612966982,"event":{"mods":["AchievementEnabler","BaseMod","Bestiary","Block Reminder","Colored Map","Colored Powertips","Curses Come First","Minty Spire (QoL Compilation)","Quick Restart","Rare Cards Sparkle","StSLib"],"gold_per_floor":[116,134,148,38,51,69,95,95,95,105,175,175,22,39,39,135,135,150,161,161,36,46,79,96,96,96,96,113,38,38,55,55,157,157,169,169,169,19,19,34,50,50,50],"floor_reached":42,"language":"ENG","playtime":2954,"items_purged":["Pain","Strike_P","Strike_P","Eruption"],"score":531,"play_id":"29f12d97-bbe9-42c0-9605-a06838d796b9","local_time":"20210210092302","is_ascension_mode":true,"campfire_choices":[{"floor":8.0,"key":"REST"},{"floor":12.0,"key":"REST"},{"floor":15.0,"key":"REST"},{"data":"Establishment","floor":27.0,"key":"SMITH"},{"floor":30.0,"key":"REST"},{"floor":32,"key":"REST"}],"circlet_count":0,"master_deck":["Defend_P","Defend_P","Defend_P","Defend_P","Vigilance","FlurryOfBlows","PathToVictory","SignatureMove","SandsOfTime","PathToVictory","Evaluate","Wireheading","PathToVictory","EmptyBody","Perseverance","SpiritShield","Protect","PathToVictory","Protect+1","Establishment+1","DeusExMachina","Weave","JustLucky+1","PathToVictory+1","Evaluate+1"],"relics":["PureWater","Mango","Turnip","Prayer Wheel","Cursed Key","Gambling Chip","Busted Crown"],"acts_visited":["Exordium","TheCity","TheBeyond"],"potions_floor_usage":[31,33],"damage_taken":[{"damage":5.0,"enemies":"Jaw Worm","floor":1.0,"turns":4.0},{"damage":9.0,"enemies":"2 Louse","floor":2.0,"turns":3.0},{"damage":3.0,"enemies":"Cultist","floor":3.0,"turns":3.0},{"damage":3.0,"enemies":"3 Louse","floor":5.0,"turns":3.0},{"damage":13.0,"enemies":"Red Slaver","floor":6.0,"turns":4.0},{"damage":29.0,"enemies":"Lagavulin","floor":7.0,"turns":4.0},{"damage":16.0,"enemies":"Exordium Thugs","floor":10.0,"turns":4.0},{"damage":11.0,"enemies":"Blue Slaver","floor":14.0,"turns":4.0},{"damage":38.0,"enemies":"Hexaghost","floor":16.0,"turns":7.0},{"damage":3.0,"enemies":"Chosen","floor":18.0,"turns":6.0},{"damage":25.0,"enemies":"3 Byrds","floor":19.0,"turns":5.0},{"damage":0.0,"enemies":"Cultist and Chosen","floor":22.0,"turns":6.0},{"damage":61.0,"enemies":"Gremlin Leader","floor":23.0,"turns":7.0},{"damage":22.0,"enemies":"Chosen and Byrds","floor":24.0,"turns":6.0},{"damage":21.0,"enemies":"Shelled Parasite and Fungi","floor":28.0,"turns":5.0},{"damage":26,"enemies":"Centurion and Healer","floor":31,"turns":6},{"damage":26,"enemies":"Champ","floor":33,"turns":9},{"damage":0,"enemies":"3 Shapes","floor":35,"turns":7},{"damage":58,"enemies":"3 Darklings","floor":40,"turns":7},{"damage":20,"enemies":"Spire Growth","floor":41,"turns":6},{"damage":10,"enemies":"Jaw Worm Horde","floor":42,"turns":1}],"seed_played":"-9019409688555018574","potions_obtained":[{"floor":1.0,"key":"Dexterity Potion"},{"floor":2.0,"key":"CultistPotion"},{"floor":3.0,"key":"FairyPotion"},{"floor":7.0,"key":"SteroidPotion"},{"floor":22.0,"key":"Swift Potion"},{"floor":24.0,"key":"LiquidBronze"},{"floor":28.0,"key":"SpeedPotion"}],"is_trial":false,"path_per_floor":["M","M","M","$","M","M","E","R","T","M","?","R","$","M","R","B",null,"M","M","?","$","M","E","M","?","T","R","M","?","R","M","R","B",null,"M","?","?","$","?","M","M","M"],"character_chosen":"WATCHER","items_purchased":["Tantrum","PathToVictory"],"campfire_rested":5,"item_purchase_floors":[4,13],"current_hp_per_floor":[81,72,69,69,66,53,24,49,49,33,33,58,58,47,72,34,86,83,58,58,58,58,25,3,31,31,31,10,10,35,9,34,8,86,86,86,86,86,86,28,8,0,0],"gold":50,"neow_bonus":"ONE_RARE_RELIC","is_daily":false,"chose_seed":false,"campfire_upgraded":1,"win_rate":0.0,"timestamp":1612966982,"path_taken":["M","M","M","$","M","M","E","R","T","M","?","R","$","M","R","BOSS","M","M","?","$","M","E","M","?","T","R","M","?","R","?","R","BOSS","M","?","?","$","?","M","M","M"],"items_purchased_type":["Card","Card"],"build_version":"2020-12-22","purchased_purges":4,"victory":false,"max_hp_per_floor":[86,86,86,86,86,86,86,86,86,86,86,86,86,86,86,86,86,86,86,86,86,86,86,86,86,86,86,86,86,86,86,86,86,86,86,86,86,86,86,86,86,86,86],"card_choices":[{"not_picked":["Crescendo","WaveOfTheHand"],"picked":"FlurryOfBlows","floor":1.0},{"not_picked":["WheelKick","JustLucky"],"picked":"PathToVictory","floor":2.0},{"not_picked":["WreathOfFlame","SashWhip"],"picked":"SignatureMove","floor":3.0},{"not_picked":["BattleHymn","SignatureMove"],"picked":"SandsOfTime","floor":5.0},{"not_picked":["Prostrate","EmptyMind"],"picked":"PathToVictory","floor":6.0},{"not_picked":["Indignation","SpiritShield"],"picked":"WaveOfTheHand","floor":7.0},{"not_picked":["Consecrate","Prostrate"],"picked":"Evaluate","floor":10.0},{"not_picked":["Study","Consecrate"],"picked":"Wireheading","floor":10.0},{"not_picked":["Prostrate","Tantrum"],"picked":"EmptyBody","floor":14.0},{"not_picked":["LikeWater","Consecrate"],"picked":"Perseverance","floor":14.0},{"not_picked":["Judgement","Devotion"],"picked":"SpiritShield","floor":16.0},{"not_picked":["ThirdEye","ClearTheMind+1"],"picked":"Protect","floor":18.0},{"not_picked":["SashWhip","Evaluate"],"picked":"PathToVictory","floor":18.0},{"not_picked":["CrushJoints+1","Prostrate"],"picked":"Protect+1","floor":19.0},{"not_picked":["PathToVictory+1","InnerPeace+1"],"picked":"Establishment","floor":19.0},{"not_picked":["CrushJoints","Protect","CutThroughFate"],"picked":"SKIP","floor":22.0},{"not_picked":["Crescendo+1","SashWhip","EmptyFist"],"picked":"SKIP","floor":22.0},{"not_picked":["WaveOfTheHand","Vengeance"],"picked":"DeusExMachina","floor":23.0},{"not_picked":["Meditate+1","CrushJoints"],"picked":"Weave","floor":24.0},{"not_picked":["Adaptation","WaveOfTheHand"],"picked":"JustLucky+1","floor":24.0},{"not_picked":["Nirvana","CutThroughFate"],"picked":"PathToVictory+1","floor":28.0},{"not_picked":["MentalFortress","Swivel","Consecrate"],"picked":"SKIP","floor":28.0},{"not_picked":["BowlingBash","SashWhip","JustLucky+1"],"picked":"SKIP","floor":31},{"not_picked":["FearNoEvil+1","DeusExMachina","Prostrate"],"picked":"SKIP","floor":31},{"not_picked":["Collect+1"],"picked":"SKIP","floor":35},{"not_picked":["Consecrate+1"],"picked":"SKIP","floor":35},{"not_picked":["Meditate"],"picked":"SKIP","floor":40},{"not_picked":["Pray"],"picked":"SKIP","floor":40},{"not_picked":[],"picked":"Evaluate+1","floor":41},{"not_picked":["Meditate"],"picked":"SKIP","floor":41}],"player_experience":273709,"relics_obtained":[{"floor":7.0,"key":"Turnip"},{"floor":9.0,"key":"Prayer Wheel"},{"floor":23.0,"key":"Gambling Chip"}],"event_choices":[{"damage_healed":0.0,"max_hp_gain":0.0,"max_hp_loss":0.0,"gold_gain":70.0,"event_name":"Golden Wing","player_choice":"Gained Gold","floor":11.0,"gold_loss":0.0,"damage_taken":0.0},{"cards_removed":["Strike_P"],"damage_healed":0.0,"max_hp_gain":0.0,"max_hp_loss":0.0,"gold_gain":0.0,"event_name":"Back to Basics","player_choice":"Elegance","floor":20.0,"gold_loss":0.0,"damage_taken":0.0},{"damage_healed":28.0,"max_hp_gain":0.0,"max_hp_loss":0.0,"gold_gain":0.0,"event_name":"The Library","player_choice":"Heal","floor":25.0,"gold_loss":0.0,"damage_taken":0.0},{"cards_removed":["Strike_P"],"damage_healed":0.0,"max_hp_gain":0.0,"max_hp_loss":0.0,"gold_gain":0.0,"event_name":"Beggar","player_choice":"Gave Gold","floor":29.0,"gold_loss":75.0,"damage_taken":0.0},{"damage_healed":0,"gold_gain":0,"player_choice":"Memory 1","damage_taken":0,"max_hp_gain":0,"max_hp_loss":0,"event_name":"SensoryStone","floor":36,"gold_loss":0},{"cards_removed":["Tantrum"],"damage_healed":0,"gold_gain":0,"player_choice":"Removed Attack","damage_taken":0,"max_hp_gain":0,"max_hp_loss":0,"event_name":"Falling","floor":37,"gold_loss":0},{"cards_removed":["WaveOfTheHand"],"damage_healed":0,"gold_gain":0,"player_choice":"Offered Uncommon","damage_taken":0,"max_hp_gain":0,"max_hp_loss":0,"event_name":"Bonfire Elementals","floor":39,"gold_loss":0}],"is_beta":false,"boss_relics":[{"not_picked":["SacredBark","Runic Dome"],"picked":"Cursed Key"},{"not_picked":["Fusion Hammer","Velvet Choker"],"picked":"Busted Crown"}],"items_purged_floors":[4,13,21,38],"is_endless":false,"potions_floor_spawned":[1,2,3,7,10,14,22,24,28],"killed_by":"Jaw Worm Horde","ascension_level":4}}