{"host":"8fuipfsvjht9cgcs","time":1612927018,"event":{"mods":["AchievementEnabler","BaseMod","Colored Map","Colored Powertips","DeckTracker","Friendly Minions","Kiyohime£¨?ýï£©","Marisa£¨Ùöéë¡¡Øª×âÞÞ£©","Minty Spire (QoL Compilation)","Prisma Mod","StSLib","SuperFastMode","The Cursed","The Gatherer"],"gold_per_floor":[119,119,47,70,70,70,114,114,114,114,114,129,150,174,174,304,304,328,328,312,237,237,237,56,56,56],"floor_reached":25,"language":"KOR","playtime":1007,"items_purged":["Defend_B","Strike_B"],"score":285,"play_id":"5b22d4d9-94a0-4ef8-9ab7-2cb401bc5aca","local_time":"20210210161658","is_ascension_mode":true,"campfire_choices":[{"data":"Zap","floor":6.0,"key":"SMITH"},{"data":"Consume","floor":8.0,"key":"SMITH"},{"data":"Heatsinks","floor":11.0,"key":"SMITH"},{"floor":15.0,"key":"REST"}],"circlet_count":0,"master_deck":["Strike_B+1","Defend_B","Defend_B+1","Zap+1","Dualcast","Barrage","Consume+1","Self Repair","Heatsinks+1","Cold Snap","Compile Driver","Chill","Core Surge","Loop+1"],"relics":["Cracked Core","Golden Idol","Kunai","Frozen Egg 2","Runic Pyramid","Nilry\u0027s Codex","CultistMask"],"acts_visited":["Exordium","TheCity"],"potions_floor_usage":[23],"damage_taken":[{"damage":0.0,"enemies":"Small Slimes","floor":1.0,"turns":3.0},{"damage":3.0,"enemies":"2 Louse","floor":4.0,"turns":3.0},{"damage":23.0,"enemies":"Gremlin Nob","floor":7.0,"turns":4.0},{"damage":7.0,"enemies":"Jaw Worm","floor":12.0,"turns":3.0},{"damage":1.0,"enemies":"Blue Slaver","floor":13.0,"turns":4.0},{"damage":8.0,"enemies":"Large Slime","floor":14.0,"turns":4.0},{"damage":10.0,"enemies":"The Guardian","floor":16.0,"turns":12.0},{"damage":15.0,"enemies":"Shell Parasite","floor":18.0,"turns":5.0},{"damage":26.0,"enemies":"2 Thieves","floor":20.0,"turns":4.0},{"damage":0,"enemies":"Gremlin Leader","floor":23,"turns":1},{"damage":29,"enemies":"Slavers","floor":25,"turns":1}],"seed_played":"954275255097734566","potions_obtained":[{"floor":1.0,"key":"SkillPotion"},{"floor":14.0,"key":"FearPotion"},{"floor":16.0,"key":"Fire Potion"},{"floor":20.0,"key":"SmokeBomb"}],"is_trial":false,"path_per_floor":["M","?","$","M","?","R","E","R","T","?","R","M","M","M","R","B",null,"M","?","M","$","?","E","$","E"],"character_chosen":"DEFECT","items_purchased":["Consume","Loop+1"],"campfire_rested":1,"item_purchase_floors":[3,24],"current_hp_per_floor":[68,51,51,48,34,34,18,18,18,18,18,18,17,16,36,33,59,51,35,9,9,9,16,16,0,0],"gold":56,"neow_bonus":"REMOVE_TWO","is_daily":false,"chose_seed":false,"campfire_upgraded":3,"win_rate":0.0,"timestamp":1612927018,"path_taken":["M","?","$","M","?","R","E","R","T","?","R","M","?","M","R","BOSS","M","?","M","$","?","E","$","E"],"items_purchased_type":["Card","Card"],"build_version":"2020-12-22","purchased_purges":2,"victory":false,"max_hp_per_floor":[68,68,68,68,68,68,68,68,68,68,68,68,68,68,68,68,68,68,68,68,68,68,68,68,68,68],"card_choices":[{"not_picked":["Reinforced Body","Rip and Tear"],"picked":"Barrage","floor":1.0},{"not_picked":["Steam Power","Gash"],"picked":"Self Repair","floor":4.0},{"not_picked":["Streamline","Scrape"],"picked":"Heatsinks","floor":7.0},{"not_picked":["Ball Lightning","Static Discharge+1"],"picked":"Cold Snap","floor":12.0},{"not_picked":["Lockon","Ball Lightning"],"picked":"Compile Driver","floor":13.0},{"not_picked":["Coolheaded","Reprogram"],"picked":"Chill","floor":14.0},{"not_picked":["Reboot","Multi-Cast"],"picked":"Core Surge","floor":16.0},{"not_picked":["Gash","Stack","Scrape"],"picked":"SKIP","floor":18.0},{"not_picked":["Reinforced Body","Force Field","Recycle+1"],"picked":"SKIP","floor":20.0}],"player_experience":488457,"relics_obtained":[{"floor":7.0,"key":"Kunai"},{"floor":9.0,"key":"Frozen Egg 2"},{"floor":19.0,"key":"Nilry\u0027s Codex"}],"event_choices":[{"damage_healed":0.0,"max_hp_gain":0.0,"max_hp_loss":0.0,"gold_gain":0.0,"event_name":"Golden Idol","player_choice":"Take Damage","floor":2.0,"gold_loss":0.0,"damage_taken":17.0,"relics_obtained":["Golden Idol"]},{"damage_healed":0.0,"max_hp_gain":0.0,"max_hp_loss":0.0,"gold_gain":0.0,"event_name":"Shining Light","player_choice":"Entered Light","floor":5.0,"gold_loss":0.0,"damage_taken":14.0,"cards_upgraded":["Defend_B","Strike_B"]},{"cards_removed":["Strike_B"],"damage_healed":0.0,"max_hp_gain":0.0,"max_hp_loss":0.0,"gold_gain":0.0,"event_name":"Living Wall","player_choice":"Forget","floor":10.0,"gold_loss":0.0,"damage_taken":0.0},{"damage_healed":0.0,"max_hp_gain":0.0,"max_hp_loss":0.0,"gold_gain":0.0,"event_name":"Cursed Tome","player_choice":"Obtained Book","floor":19.0,"gold_loss":0.0,"damage_taken":16.0},{"damage_healed":0,"gold_gain":0,"player_choice":"Trade","damage_taken":0,"relics_obtained":["CultistMask"],"max_hp_gain":0,"max_hp_loss":0,"event_name":"FaceTrader","floor":22,"gold_loss":0}],"is_beta":false,"boss_relics":[{"not_picked":["Ectoplasm","Tiny House"],"picked":"Runic Pyramid"}],"items_purged_floors":[21,24],"is_endless":false,"potions_floor_spawned":[1,14,16,20],"killed_by":"Slavers","ascension_level":6}}