{"host":"dmtlrev5pkc1867p","time":1612946958,"event":{"mods":["A Magickal Journey","BaseMod","Colored Map","Colored Powertips","Downfall","Hermit","Highlight Path","Infinite Spire","Marisa¡]Ãú«B¡@Å]²z¨F¡^","Minty Spire (QoL Compilation)","Permanent Neow","Rare Cards Sparkle","Relic Stats","Replay The Spire","StSLib","SuperFastMode","The Construct","The Cursed","The Disciple","The Hierophant","The Necromancer","The Runesmith","The Servant 0.9.4"],"gold_per_floor":[119,219,234,179,191,217,233,233,233,233,258,333,137,149,149,226,226,245,230,230,230,242,242,242,258,258,258,258,15,31,31,31,31,31],"floor_reached":33,"language":"ZHS","playtime":1716,"items_purged":["Decay"],"score":446,"play_id":"3d4924e3-17d6-4524-bc3d-0555ad12791b","local_time":"20210210164918","is_ascension_mode":true,"campfire_choices":[{"floor":8.0,"key":"REST"},{"floor":15.0,"key":"RECALL"},{"floor":23.0,"key":"REST"},{"floor":27,"key":"REST"},{"floor":32,"key":"REST"}],"circlet_count":0,"master_deck":["AscendersBane","Strike_B","Strike_B","Strike_B","Strike_B","Defend_B","Defend_B","Defend_B","Defend_B+1","Zap","Dualcast","Crystallizer","Hello World","Self Repair","Self Repair","Reinforced Body","Core Surge","Conserve Battery","Capacitor","Poisoned Strike","Poisoned Strike","Dramatic Entrance","Static Discharge","BootSequence","Machine Learning","FTL","Cold Snap","Chill","Hallucinations","Heatsinks","Turbo"],"relics":["Cracked Core","Unceasing Top","Replay:Bottled Snecko","ReplayTheSpireMod:ShopPack","ChewingGum","CaptainsWheel","Inserter","Bird Faced Urn","Molten Egg 2","Mummified Hand","Blue Candle"],"acts_visited":["Exordium","TheCity"],"potions_floor_usage":[30],"damage_taken":[{"damage":1.0,"enemies":"Cultist","floor":1.0,"turns":3.0},{"damage":15.0,"enemies":"infinitespire:Voidling","floor":3.0,"turns":3.0},{"damage":9.0,"enemies":"Jaw Worm","floor":5.0,"turns":4.0},{"damage":39.0,"enemies":"Replay:BlueRogue","floor":6.0,"turns":5.0},{"damage":9.0,"enemies":"Looter","floor":7.0,"turns":3.0},{"damage":32.0,"enemies":"3 Sentries","floor":11.0,"turns":7.0},{"damage":8.0,"enemies":"Exordium Wildlife","floor":14.0,"turns":3.0},{"damage":38.0,"enemies":"Slime Boss","floor":16.0,"turns":9.0},{"damage":44.0,"enemies":"3 Byrds","floor":18.0,"turns":5.0},{"damage":12.0,"enemies":"2 Thieves","floor":19.0,"turns":4.0},{"damage":14.0,"enemies":"Snecko","floor":22.0,"turns":7.0},{"damage":40,"enemies":"Centurion and Healer","floor":25,"turns":8},{"damage":30,"enemies":"Snake Plant","floor":30,"turns":5},{"damage":87,"enemies":"Automaton","floor":33,"turns":12}],"seed_played":"1589587301425734743","potions_obtained":[{"floor":1.0,"key":"bronze:BurnAndBuffPotion"},{"floor":5.0,"key":"bronze:BurnAndBuffPotion"},{"floor":7.0,"key":"Energy Potion"},{"floor":19.0,"key":"Adrenaline Potion"},{"floor":25,"key":"Explosive Potion"}],"is_trial":false,"path_per_floor":["M","?","M","$","M","E","M","R","T","?","E","?","$","M","R","B",null,"M","M","?","AVR","M","R","?","M","T","R","?","$","M","?","R","B"],"character_chosen":"DEFECT","items_purchased":["Self Repair","ReplayTheSpireMod:ShopPack","Static Discharge","Mummified Hand"],"campfire_rested":4,"item_purchase_floors":[4,13,13,29],"current_hp_per_floor":[63,63,53,53,58,26,31,52,52,71,53,42,42,48,48,24,59,22,17,17,17,10,31,31,17,17,38,38,38,38,33,54,0,0],"gold":31,"neow_bonus":"RANDOM_EVENT","is_daily":false,"chose_seed":false,"campfire_upgraded":0,"win_rate":0.0,"timestamp":1612946958,"path_taken":["M","?","M","$","?","E","M","R","T","?","E","?","$","M","R","BOSS","BOSS","M","M","?","AVR","M","R","?","M","T","R","?","$","M","?","R","BOSS"],"items_purchased_type":["Card","Relic","Card","Relic"],"build_version":"2020-12-22","purchased_purges":1,"victory":false,"max_hp_per_floor":[71,71,71,71,71,71,71,71,71,71,71,71,71,71,71,71,71,71,71,71,71,71,71,71,71,71,71,71,71,71,71,71,71,71],"relic_stats":{"Inserter":[15],"counters":[14,78],"Mummified Hand":[15],"Bird Faced Urn":[44],"Blue Candle":[1],"obtain_stats":[{"CaptainsWheel":21,"Inserter":21,"Mummified Hand":29,"Bird Faced Urn":24,"Blue Candle":31,"ChewingGum":17,"Molten Egg 2":26,"Replay:Bottled Snecko":11,"Cracked Core":0,"Unceasing Top":6,"ReplayTheSpireMod:ShopPack":13},{"CaptainsWheel":10,"Inserter":10,"Mummified Hand":12,"Bird Faced Urn":11,"Blue Candle":13,"ChewingGum":8,"Molten Egg 2":12,"Replay:Bottled Snecko":6,"Cracked Core":0,"Unceasing Top":4,"ReplayTheSpireMod:ShopPack":6},{"CaptainsWheel":46,"Inserter":46,"Mummified Hand":61,"Bird Faced Urn":53,"Blue Candle":66,"ChewingGum":37,"Molten Egg 2":61,"Replay:Bottled Snecko":25,"Cracked Core":0,"Unceasing Top":15,"ReplayTheSpireMod:ShopPack":25}],"Unceasing Top":[18]},"card_choices":[{"not_picked":["Coolheaded","Panic Button"],"picked":"Crystallizer","floor":1.0},{"not_picked":["Barrage","Leap"],"picked":"Hello World","floor":3.0},{"not_picked":["Conserve Battery","ReplayTheSpireMod:Reroute Power"],"picked":"Reinforced Body","floor":5.0},{"not_picked":["Crystallizer","Self Repair"],"picked":"Core Surge","floor":6.0},{"not_picked":["Panic Button","ReplayTheSpireMod:Repulse"],"picked":"Conserve Battery","floor":7.0},{"not_picked":["Streamline","Fusion"],"picked":"Capacitor","floor":11.0},{"not_picked":["Chrysalis","Replay:Dark Deal"],"picked":"Poisoned Strike","floor":13.0},{"not_picked":["Swift Strike","Good Instincts"],"picked":"Poisoned Strike","floor":13.0},{"not_picked":["Deep Breath","HandOfGreed"],"picked":"Dramatic Entrance","floor":13.0},{"not_picked":["Steam","BasicCrystalCard"],"picked":"BootSequence","floor":14.0},{"not_picked":["Rainbow","Thunder Strike"],"picked":"Machine Learning","floor":16.0},{"not_picked":["Beam Cell","Streamline"],"picked":"FTL","floor":18.0},{"not_picked":["Stack","Gash"],"picked":"Cold Snap","floor":19.0},{"not_picked":["Conserve Battery","Beam Cell"],"picked":"Chill","floor":22.0},{"not_picked":["Cold Snap","Reprogram"],"picked":"Heatsinks","floor":25},{"not_picked":["Compile Driver+1","Ball Lightning+1"],"picked":"Turbo","floor":30}],"player_experience":678594,"relics_obtained":[{"floor":6.0,"key":"Unceasing Top"},{"floor":11.0,"key":"Replay:Bottled Snecko"},{"floor":26,"key":"Molten Egg 2"}],"event_choices":[{"damage_healed":0.0,"max_hp_gain":0.0,"max_hp_loss":0.0,"gold_gain":100.0,"event_name":"Wheel of Change","player_choice":"Gold","floor":2.0,"gold_loss":0.0,"damage_taken":0.0},{"damage_healed":23.0,"max_hp_gain":0.0,"max_hp_loss":0.0,"gold_gain":0.0,"event_name":"Big Fish","player_choice":"Banana","floor":10.0,"gold_loss":0.0,"damage_taken":0.0},{"damage_healed":0.0,"max_hp_gain":0.0,"max_hp_loss":0.0,"gold_gain":75.0,"event_name":"World of Goop","player_choice":"Gather Gold","floor":12.0,"gold_loss":0.0,"damage_taken":11.0},{"damage_healed":0.0,"max_hp_gain":0.0,"max_hp_loss":0.0,"gold_gain":0.0,"event_name":"Forgotten Altar","player_choice":"Smashed Altar","floor":20.0,"gold_loss":0.0,"damage_taken":0.0,"cards_obtained":["Decay"]}],"is_beta":false,"boss_relics":[{"not_picked":["Replay:Ancient Bell","Honey Jar"],"picked":"ChewingGum"}],"items_purged_floors":[21],"is_endless":false,"potions_floor_spawned":[1,5,7,19,25],"killed_by":"Automaton","ascension_level":15}}