{"host":"qs9tt0idvebcxhcs","time":1612945178,"event":{"mods":["BaseMod","Downfall","Friendly Minions","Highlight Path","Minty Spire (QoL Compilation)","StSLib","Synergy Search","The Administrix"],"gold_per_floor":[99,109,123,273,265,265,265,27,60,60,72,98,98,44,60,165,165,165,193,193,206,206,206,206,241,261,279,298,298,19,36,57,162,162,162,181,203,203,228,42,115,115,215,454,454,473,473,485,503,503],"floor_reached":51,"language":"ENG","playtime":5063,"items_purged":["hexamod:Strike"],"score":671,"play_id":"14b1fb6c-ba5b-4eb6-aef4-6da067b22d21","local_time":"20210210181938","is_ascension_mode":false,"campfire_choices":[{"data":"hexamod:Float","floor":1.0,"key":"SMITH"},{"data":"hexamod:CatchUp","floor":6.0,"key":"SMITH"},{"data":"expansioncontent:HyperBeam","floor":18.0,"key":"SMITH"},{"data":"hexamod:DynamicBlow","floor":29.0,"key":"SMITH"},{"floor":35.0,"key":"RECALL"},{"floor":42.0,"key":"REST"},{"data":"hexamod:Incineration","floor":45.0,"key":"SMITH"},{"data":"hexamod:ForkedFlame","floor":47.0,"key":"SMITH"}],"circlet_count":0,"master_deck":["hexamod:Sear","hexamod:Float+1","hexamod:CatchUp+1","hexamod:FirstSeal","hexamod:SecondSeal","hexamod:ThirdSeal","hexamod:FourthSeal","hexamod:NightmareStrike","hexamod:ForkedFlame+1","sneckomod:UnknownBoss+1","Clumsy","FlyingSleeves","expansioncontent:HyperBeam+1","hexamod:RadiantFlame","TalkToTheHand","sneckomod:UnlimitedRolls","Slimebound:RejuvenatingLick+1","Necronomicurse","hexamod:CouncilsJustice","hexamod:CouncilsJustice","hexamod:CouncilsJustice","Ghostly","Ghostly","Ghostly","hexamod:FastForward","hexamod:DynamicBlow+1","Leg Sweep+1","hexamod:InspiringFlames+1","hexamod:ForkedFlame+1","hexamod:FastForward","Alpha","hexamod:RecurringNightmare+1","Slimebound:Schlurp","Guardian:FloatingOrbs","hexamod:BurningTouch","hexamod:DynamicBlow","hexamod:Incineration+1","hexamod:Hexaguard","Flash of Steel"],"relics":["hexamod:SpiritBrand","HornCleat","PrismaticShard","Dream Catcher","Sozu","Necronomicon","Eternal Feather","Bronze Scales","hexamod:MatchstickCase","SlaversCollar"],"acts_visited":["Exordium","TheCity","TheBeyond"],"potions_floor_usage":[50,50,50],"damage_taken":[{"damage":3.0,"enemies":"Jaw Worm","floor":2.0,"turns":3.0},{"damage":0.0,"enemies":"Small Slimes","floor":3.0,"turns":3.0},{"damage":0.0,"enemies":"downfall:FleeingMerchant","floor":8.0,"turns":4.0},{"damage":21.0,"enemies":"Lagavulin","floor":9.0,"turns":8.0},{"damage":0.0,"enemies":"Cultist","floor":11.0,"turns":2.0},{"damage":0.0,"enemies":"2 Fungi Beasts","floor":12.0,"turns":3.0},{"damage":0.0,"enemies":"downfall:FleeingMerchant","floor":14.0,"turns":4.0},{"damage":0.0,"enemies":"Large Slime","floor":15.0,"turns":4.0},{"damage":20.0,"enemies":"SI_SHIV_ARCHETYPE","floor":16.0,"turns":11.0},{"damage":2.0,"enemies":"Shell Parasite","floor":19.0,"turns":4.0},{"damage":6.0,"enemies":"3 Byrds","floor":21.0,"turns":4.0},{"damage":28.0,"enemies":"Book of Stabbing","floor":25.0,"turns":6.0},{"damage":7.0,"enemies":"Centurion and Healer","floor":26.0,"turns":6.0},{"damage":15.0,"enemies":"Sentry and Sphere","floor":27.0,"turns":4.0},{"damage":8.0,"enemies":"Snecko","floor":28.0,"turns":5.0},{"damage":0.0,"enemies":"downfall:FleeingMerchant","floor":30.0,"turns":4.0},{"damage":0.0,"enemies":"Snake Plant","floor":31.0,"turns":3.0},{"damage":0.0,"enemies":"3 Cultists","floor":32.0,"turns":3.0},{"damage":22.0,"enemies":"DF_ARCHETYPE_CLAW","floor":33.0,"turns":7.0},{"damage":10.0,"enemies":"Orb Walker","floor":36.0,"turns":3.0},{"damage":6.0,"enemies":"3 Darklings","floor":37.0,"turns":5.0},{"damage":10.0,"enemies":"Jaw Worm Horde","floor":39.0,"turns":4.0},{"damage":6.0,"enemies":"downfall:FleeingMerchant","floor":40.0,"turns":4.0},{"damage":0.0,"enemies":"downfall:FleeingMerchant","floor":44.0,"turns":1.0},{"damage":11.0,"enemies":"4 Shapes","floor":46.0,"turns":6.0},{"damage":0.0,"enemies":"Spire Growth","floor":48.0,"turns":3.0},{"damage":12.0,"enemies":"Writhing Mass","floor":49.0,"turns":5.0},{"damage":17,"enemies":"IC_BLOCK_ARCHETYPE","floor":50,"turns":9}],"seed_played":"-100905112817573341","potions_obtained":[{"floor":2.0,"key":"Slimebound:ThreeZeroPotion"},{"floor":8.0,"key":"CultistPotion"},{"floor":9.0,"key":"DuplicationPotion"},{"floor":11.0,"key":"SteroidPotion"}],"is_trial":false,"path_per_floor":["R","M","M","?","?","R","T","$","E","?","M","M","?","$","M","B",null,"R","M","?","M","?","?","T","E","M","M","M","R","$","M","M","B",null,"R","M","M","?","M","$","T","R","?","$","R","M","R","M","M","B",null],"character_chosen":"THE_SPIRIT","items_purchased":["PrismaticShard","hexamod:RadiantFlame","hexamod:ForkedFlame","hexamod:MatchstickCase","hexamod:FastForward","hexamod:BurningTouch","hexamod:DynamicBlow","hexamod:Incineration","hexamod:Hexaguard","Flash of Steel"],"campfire_rested":1,"item_purchase_floors":[8,14,30,30,30,40,40,40,44,44],"current_hp_per_floor":[77,74,74,74,67,67,67,74,60,60,67,67,72,79,82,62,82,82,82,66,60,44,43,43,22,22,14,13,28,35,42,42,20,43,43,33,34,26,16,17,17,43,43,43,43,32,43,43,38,28],"gold":503,"neow_bonus":"TEN_PERCENT_HP_BONUS","is_daily":false,"chose_seed":false,"campfire_upgraded":6,"win_rate":0.0,"timestamp":1612945178,"path_taken":["R","M","M","?","?","R","T","?","E","?","?","M","?","$","M","BOSS","R","M","?","M","?","?","T","E","M","M","M","R","$","M","M","BOSS","R","M","M","?","?","$","T","R","?","$","R","M","R","M","M","BOSS"],"items_purchased_type":["Relic","Card","Card","Relic","Card","Card","Card","Card","Card","Card"],"build_version":"2020-12-22","purchased_purges":1,"victory":true,"max_hp_per_floor":[77,77,77,77,77,77,77,77,77,77,77,77,82,82,82,82,82,82,82,82,82,87,43,43,43,43,43,43,43,43,43,43,43,43,43,43,43,43,43,43,43,43,43,43,43,43,43,43,43,43],"card_choices":[{"not_picked":["hexamod:NightmareStrike","hexamod:NightmareGuise"],"picked":"hexamod:CatchUp","floor":2.0},{"not_picked":["hexamod:AdvancingGuard","hexamod:Again"],"picked":"hexamod:SpectersWail","floor":3.0},{"not_picked":["hexamod:GhostLash","hexamod:BacktrackSmack"],"picked":"hexamod:NightmareStrike","floor":8.0},{"not_picked":["hexamod:HeatMetal","hexamod:BurningTouch"],"picked":"hexamod:ForkedFlame","floor":8.0},{"not_picked":["Noxious Fumes","sneckomod:UnknownWeak"],"picked":"sneckomod:UnknownBoss","floor":9.0},{"not_picked":["champ:BringItOn","Perfected Strike","AdministrixMod:CrackingPangu"],"picked":"SKIP","floor":9.0},{"not_picked":["champ:Backstep","Slimebound:ProtectTheBoss","champ:BringItOn"],"picked":"SKIP","floor":11.0},{"not_picked":["hexamod:GhostLash","Guardian:GuardianWhirl"],"picked":"FlyingSleeves","floor":12.0},{"not_picked":["Scrawl","FlurryOfBlows","Masterful Stab"],"picked":"SKIP","floor":12.0},{"not_picked":["Guardian:Gem_Blue","hexamod:HeatMetal"],"picked":"expansioncontent:HyperBeam","floor":14.0},{"not_picked":["Guardian:RevengeProtocol","Slimebound:SlimeBarrage","bronze:Frontload"],"picked":"SKIP","floor":14.0},{"not_picked":["hexamod:ShieldOfDarkness","Leap"],"picked":"TalkToTheHand","floor":15.0},{"not_picked":["hexamod:TimeWarp","champ:GladiatorForm"],"picked":"sneckomod:UnlimitedRolls","floor":16.0},{"not_picked":["Guardian:RefractedBeam","Go for the Eyes"],"picked":"Slimebound:RejuvenatingLick+1","floor":19.0},{"not_picked":["Blizzard","Cloak And Dagger","Quick Slash"],"picked":"SKIP","floor":19.0},{"not_picked":["Body Slam","Expertise","Guardian:VentSteam"],"picked":"SKIP","floor":21.0},{"not_picked":["Capacitor+1","Chaos","Choke"],"picked":"SKIP","floor":25.0},{"not_picked":["AdministrixMod:Metempsychosis","champ:RapidStrikes","AdministrixMod:BrewingCloister"],"picked":"SKIP","floor":25.0},{"not_picked":["Heavy Blade","Slimebound:ComboTackle"],"picked":"hexamod:FastForward","floor":26.0},{"not_picked":["Slimebound:BestDefense","Consecrate"],"picked":"hexamod:DynamicBlow","floor":26.0},{"not_picked":["Fire Breathing","sneckomod:Nope","bronze:NullPointer"],"picked":"SKIP","floor":27.0},{"not_picked":["Adaptation","Vengeance","AdministrixMod:TouchOfCinnabar"],"picked":"SKIP","floor":27.0},{"not_picked":["hexamod:GhostShield","Guardian:Harden+1"],"picked":"Leg Sweep+1","floor":28.0},{"not_picked":["Prostrate","champ:Improvising"],"picked":"hexamod:InspiringFlames+1","floor":30.0},{"not_picked":["Conserve Battery","Cold Snap+1","Slimebound:GrowthPunch"],"picked":"SKIP","floor":31.0},{"not_picked":["Stack","sneckomod:WideSting","Guardian:ShieldCharger+1"],"picked":"SKIP","floor":32.0},{"not_picked":["Guardian:BaubleBeam","Transmutation"],"picked":"Alpha","floor":33.0},{"not_picked":["hexamod:SoulSteal","Gash"],"picked":"hexamod:RecurringNightmare","floor":36.0},{"not_picked":["Go for the Eyes","Impatience"],"picked":"Slimebound:Schlurp","floor":37.0},{"not_picked":["Dark Embrace","Body Slam+1","Blade Dance"],"picked":"SKIP","floor":37.0},{"not_picked":["Dark Embrace","Body Slam+1","Blade Dance"],"picked":"SKIP","floor":37.0},{"not_picked":["Guardian:HyperBeam_Guardian","Perfected Strike","Slimebound:FlameTackle"],"picked":"SKIP","floor":39.0},{"not_picked":["Slimebound:ItLooksTasty","hexamod:GhostLash","Guardian:TemporalStrike"],"picked":"SKIP","floor":39.0},{"not_picked":["sneckomod:SoulDraw+1","Flex+1"],"picked":"Guardian:FloatingOrbs","floor":40.0},{"not_picked":["Dagger Spray+1","AdministrixMod:BloodBargain+1","Coolheaded"],"picked":"SKIP","floor":44.0},{"not_picked":["Distraction+1","Genetic Algorithm","SignatureMove"],"picked":"SKIP","floor":46.0},{"not_picked":["AdministrixMod:RisingSunPrince+1","Twin Strike+1","hexamod:SpectralAdrenaline"],"picked":"SKIP","floor":48.0},{"not_picked":["FlyingSleeves+1","champ:BringItOn","champ:FlashCut+1"],"picked":"SKIP","floor":49.0}],"player_experience":375662,"relics_obtained":[{"floor":7.0,"key":"HornCleat"},{"floor":9.0,"key":"Dream Catcher"},{"floor":20.0,"key":"Necronomicon"},{"floor":24.0,"key":"Eternal Feather"},{"floor":25.0,"key":"Bronze Scales"}],"event_choices":[{"damage_healed":0.0,"max_hp_gain":5.0,"max_hp_loss":0.0,"gold_gain":0.0,"event_name":"Big Fish","player_choice":"Donut","floor":13.0,"gold_loss":0.0,"damage_taken":0.0}],"is_beta":false,"boss_relics":[{"not_picked":["Cursed Key","Tiny House"],"picked":"Sozu"},{"not_picked":["Calling Bell","bronze:MakeshiftBattery"],"picked":"SlaversCollar"}],"items_purged_floors":[8],"is_endless":false,"potions_floor_spawned":[2,12,16,25,26,27,31,32,37,46,48,49],"ascension_level":0}}