{"host":"qs9tt0idvebcxhcs","time":1612924807,"event":{"mods":["BaseMod","Downfall","Friendly Minions","Highlight Path","Minty Spire (QoL Compilation)","StSLib","Synergy Search","The Administrix"],"gold_per_floor":[99,119,131,131,231,264,290,307,407,46,46,46,63,97,109,109,109,109],"floor_reached":16,"language":"ENG","playtime":1621,"items_purged":["Guardian:Strike_Guardian"],"score":110,"play_id":"36a5aa4a-23d1-404c-ab83-8e7909a77122","local_time":"20210210124007","is_ascension_mode":false,"campfire_choices":[{"data":"Guardian:StasisField","floor":1,"key":"SMITH"},{"data":"Guardian:SentryBeam","floor":9,"key":"SMITH"},{"data":"Guardian:PrimingBeam","floor":11,"key":"SMITH"}],"circlet_count":0,"master_deck":["Guardian:Strike_Guardian","Guardian:Defend_Guardian","Guardian:Defend_Guardian","Guardian:Defend_Guardian","Guardian:CurlUp","Guardian:TwinSlam","Guardian:StasisField+1","Guardian:EvasiveProtocol","Guardian:PrimingBeam+1","Guardian:PrismaticBarrier","Guardian:SentryBeam+1","Guardian:ChargeCore","Injury","Guardian:Gem_Red","Guardian:Recover","Guardian:ChargeCore","Guardian:Gem_Yellow"],"relics":["Guardian:ModeShifter","downfall:GremlinWheel","Blood Vial","Smiling Mask","Question Card","Prayer Wheel"],"acts_visited":["Exordium"],"potions_floor_usage":[6,16],"damage_taken":[{"damage":1,"enemies":"Jaw Worm","floor":2,"turns":4},{"damage":0,"enemies":"Cultist","floor":3,"turns":6},{"damage":24,"enemies":"Cultist","floor":5,"turns":8},{"damage":26,"enemies":"3 Sentries","floor":6,"turns":14},{"damage":3,"enemies":"Small Slimes","floor":8,"turns":4},{"damage":1,"enemies":"downfall:FleeingMerchant","floor":10,"turns":4},{"damage":0,"enemies":"Exordium Thugs","floor":13,"turns":5},{"damage":5,"enemies":"Gremlin Nob","floor":14,"turns":5},{"damage":9,"enemies":"3 Louse","floor":15,"turns":3},{"damage":34,"enemies":"DF_ARCHETYPE_STREAMLINE","floor":16,"turns":14}],"seed_played":"9036170939303537743","potions_obtained":[{"floor":5,"key":"champ:CounterPotion"},{"floor":6,"key":"CultistPotion"},{"floor":14,"key":"LiquidMemories"}],"is_trial":false,"path_per_floor":["R","M","M","?","?","E","T","M","R","$","R","?","M","E","M","B"],"character_chosen":"GUARDIAN","items_purchased":["Question Card","Guardian:ChargeCore"],"campfire_rested":0,"item_purchase_floors":[10,10],"current_hp_per_floor":[72,71,71,76,52,26,26,25,25,26,26,26,28,25,18,0,0,0],"gold":109,"neow_bonus":"THREE_RARE_CARDS","is_daily":false,"chose_seed":false,"campfire_upgraded":3,"win_rate":0.0,"timestamp":1612924807,"path_taken":["R","M","M","?","?","E","T","?","R","$","R","?","?","E","M","BOSS"],"items_purchased_type":["Relic","Card"],"build_version":"2020-12-22","purchased_purges":1,"victory":false,"max_hp_per_floor":[72,72,72,77,77,77,77,77,77,77,77,77,77,77,77,77,77,77],"card_choices":[{"not_picked":["Guardian:Gem_Orange","Guardian:StasisStrike"],"picked":"Guardian:StasisField","floor":0},{"not_picked":["Guardian:TemporalShield","Guardian:Repulse"],"picked":"Guardian:EvasiveProtocol","floor":2},{"not_picked":["Guardian:WalkerClaw","Guardian:Gem_Cyan"],"picked":"Guardian:PrimingBeam","floor":3},{"not_picked":["Guardian:PrismaticBeam","Guardian:Reroute"],"picked":"Guardian:PrismaticBarrier","floor":6},{"not_picked":["Guardian:SpikerProtocol","Guardian:Harden"],"picked":"Guardian:SentryBeam","floor":8},{"not_picked":["Guardian:Gem_Red","Guardian:PiercingHide"],"picked":"Guardian:Gem_White","floor":10},{"not_picked":["Guardian:Clone","Guardian:Reroute","Guardian:GuardianWhirl"],"picked":"Guardian:Gem_Red","floor":13},{"not_picked":["Guardian:DonusPower","Guardian:TimeBomb","Guardian:TimeCapacitor"],"picked":"Guardian:Recover","floor":14},{"not_picked":["Guardian:Preprogram","Guardian:PrismaticBeam","Guardian:Suspension"],"picked":"Guardian:ChargeCore","floor":15},{"not_picked":["Guardian:TemporalStrike","Guardian:ChargeCore","Guardian:ShieldSpikes"],"picked":"Guardian:Gem_Yellow","floor":15}],"player_experience":371117,"relics_obtained":[{"floor":5,"key":"downfall:GremlinWheel"},{"floor":6,"key":"Blood Vial"},{"floor":7,"key":"Smiling Mask"},{"floor":14,"key":"Prayer Wheel"}],"event_choices":[{"damage_healed":0,"gold_gain":0,"player_choice":"Donut","damage_taken":0,"max_hp_gain":5,"max_hp_loss":0,"event_name":"Big Fish","floor":4,"gold_loss":0},{"damage_healed":0,"gold_gain":100,"player_choice":"Gold","damage_taken":0,"max_hp_gain":0,"max_hp_loss":0,"event_name":"Wheel of Change","floor":9,"gold_loss":0}],"is_beta":false,"boss_relics":[],"items_purged_floors":[10],"is_endless":false,"potions_floor_spawned":[5,6,14],"killed_by":"DF_ARCHETYPE_STREAMLINE","ascension_level":0}}