{"host":"gvumlyu7stvkl49c","time":1612920279,"event":{"mods":["AchievementEnabler","BaseMod","Colored Powertips","Minty Spire (QoL Compilation)","Quick Restart"],"gold_per_floor":[117,127,127,142,33,33,48,48,48,80,80,96,114,144,144,242,242,261,261,161,148,23,23,23,23],"floor_reached":24,"language":"ENG","playtime":1870,"items_purged":["Strike_R","Strike_R","Strike_R"],"score":309,"play_id":"a9e7eddb-8ddc-4773-be74-4931cbd1291e","local_time":"20210209202439","is_ascension_mode":true,"campfire_choices":[{"data":"Flame Barrier","floor":6.0,"key":"SMITH"},{"data":"Heavy Blade","floor":11.0,"key":"SMITH"},{"floor":15.0,"key":"REST"},{"data":"RitualDagger","floor":23,"key":"SMITH"}],"circlet_count":0,"master_deck":["AscendersBane","Strike_R","Strike_R","Defend_R","Defend_R","Defend_R","Defend_R","Bash+1","Spot Weakness","Sword Boomerang","Clothesline","Flame Barrier+1","Heavy Blade+1","Shockwave","Ghostly Armor","Feed","RitualDagger+1","Sword Boomerang+1"],"relics":["Burning Blood","Sundial","Self Forming Clay","Calipers","Philosopher\u0027s Stone"],"acts_visited":["TheCity"],"potions_floor_usage":[16,21],"damage_taken":[{"damage":9.0,"enemies":"2 Louse","floor":1.0,"turns":3.0},{"damage":1.0,"enemies":"Cultist","floor":2.0,"turns":3.0},{"damage":7.0,"enemies":"Jaw Worm","floor":4.0,"turns":3.0},{"damage":0.0,"enemies":"2 Fungi Beasts","floor":7.0,"turns":4.0},{"damage":24.0,"enemies":"3 Sentries","floor":10.0,"turns":8.0},{"damage":27.0,"enemies":"Gremlin Gang","floor":12.0,"turns":4.0},{"damage":6.0,"enemies":"Exordium Thugs","floor":13.0,"turns":4.0},{"damage":36.0,"enemies":"Lagavulin","floor":14.0,"turns":8.0},{"damage":16,"enemies":"Hexaghost","floor":16,"turns":8},{"damage":8,"enemies":"Chosen","floor":18,"turns":6},{"damage":6,"enemies":"2 Thieves","floor":21,"turns":4},{"damage":64,"enemies":"Gremlin Leader","floor":24,"turns":7}],"seed_played":"8470758113481407677","potions_obtained":[{"floor":2.0,"key":"CultistPotion"},{"floor":7.0,"key":"DuplicationPotion"},{"floor":14.0,"key":"Strength Potion"},{"floor":16,"key":"Block Potion"},{"floor":21,"key":"EssenceOfSteel"}],"is_trial":false,"path_per_floor":["M","M","?","M","$","R","M","$","T","E","R","M","M","E","R","B",null,"M","?","$","M","$","R","E"],"character_chosen":"IRONCLAD","items_purchased":["Flame Barrier"],"campfire_rested":1,"item_purchase_floors":[5],"current_hp_per_floor":[69,74,74,73,73,73,79,79,79,61,61,40,40,10,34,24,66,64,58,58,58,58,58,0,0],"gold":23,"neow_bonus":"THREE_CARDS","is_daily":false,"chose_seed":false,"campfire_upgraded":3,"win_rate":0.0,"timestamp":1612920279,"path_taken":["M","M","?","M","?","R","?","$","T","E","R","M","M","E","R","BOSS","M","?","$","M","$","R","E"],"items_purchased_type":["Card"],"build_version":"2020-12-22","purchased_purges":3,"victory":false,"max_hp_per_floor":[80,80,80,80,80,80,80,80,80,80,80,80,80,80,80,80,80,80,80,80,80,80,80,80,80],"card_choices":[{"not_picked":["Clothesline","Warcry"],"picked":"Spot Weakness","floor":0.0},{"not_picked":["Warcry","Anger"],"picked":"Sword Boomerang","floor":1.0},{"not_picked":["Dark Embrace","Flex"],"picked":"Clothesline","floor":2.0},{"not_picked":["Spot Weakness","Blood for Blood","Perfected Strike"],"picked":"SKIP","floor":4.0},{"not_picked":["Twin Strike","Sword Boomerang"],"picked":"Heavy Blade","floor":7.0},{"not_picked":["Sever Soul","Bloodletting","Power Through"],"picked":"SKIP","floor":10.0},{"not_picked":["Dark Embrace","Spot Weakness"],"picked":"Shockwave","floor":12.0},{"not_picked":["Flex","Havoc","Perfected Strike"],"picked":"SKIP","floor":13.0},{"not_picked":["Perfected Strike","Headbutt"],"picked":"Ghostly Armor","floor":14.0},{"not_picked":["Fiend Fire","Offering"],"picked":"Feed","floor":16},{"not_picked":["Havoc","Power Through","Headbutt"],"picked":"SKIP","floor":18},{"not_picked":["True Grit+1","Sentinel"],"picked":"Sword Boomerang+1","floor":21}],"player_experience":499327,"relics_obtained":[{"floor":9.0,"key":"Sundial"},{"floor":10.0,"key":"Self Forming Clay"},{"floor":14.0,"key":"Calipers"}],"event_choices":[{"damage_healed":0.0,"max_hp_gain":0.0,"max_hp_loss":0.0,"gold_gain":0.0,"event_name":"Upgrade Shrine","player_choice":"Upgraded","floor":3.0,"gold_loss":0.0,"damage_taken":0.0,"cards_upgraded":["Bash"]},{"damage_healed":0,"gold_gain":0,"player_choice":"Joined the Cult","damage_taken":6,"max_hp_gain":0,"max_hp_loss":0,"event_name":"Nest","floor":19,"gold_loss":0,"cards_obtained":["RitualDagger"]}],"is_beta":false,"boss_relics":[{"not_picked":["Snecko Eye","Mark of Pain"],"picked":"Philosopher\u0027s Stone"}],"items_purged_floors":[5,20,22],"is_endless":false,"potions_floor_spawned":[2,7,14,16,21],"killed_by":"Gremlin Leader","ascension_level":10}}