{"host":"k7udt7atmcuzf6l0","time":1612932861,"event":{"mods":["AchievementEnabler","BaseMod","BetterRewards","Colored Map","Colored Powertips","Highlight Path","Minty Spire (QoL Compilation)","Quick Restart","Rare Cards Sparkle","Relic Stats","StSLib","UnlockEverythingMod"],"gold_per_floor":[114,114,128,142,63,63,238,238,238,218,34,54,70,85,85,85,85],"floor_reached":16,"language":"ZHS","playtime":385,"items_purged":[],"score":92,"play_id":"d61ac88a-a04a-4d5b-a763-5a3e1f2e0d63","local_time":"20210210125421","is_ascension_mode":false,"campfire_choices":[{"data":"Spot Weakness","floor":6,"key":"SMITH"},{"data":"Limit Break","floor":8,"key":"SMITH"},{"data":"Armaments","floor":15,"key":"SMITH"}],"circlet_count":0,"master_deck":["Strike_R","Strike_R","Strike_R","Strike_R","Strike_R","Defend_R","Defend_R","Defend_R","Defend_R","Bash","Limit Break+1","Headbutt","Shockwave","Spot Weakness+1","Doubt","Flex","Armaments+1","Clash","Inflame"],"relics":["Burning Blood","Eternal Feather","Membership Card"],"acts_visited":["Exordium"],"potions_floor_usage":[14,14,16],"damage_taken":[{"damage":10,"enemies":"Jaw Worm","floor":1,"turns":4},{"damage":9,"enemies":"Small Slimes","floor":3,"turns":3},{"damage":1,"enemies":"Cultist","floor":4,"turns":4},{"damage":12,"enemies":"Blue Slaver","floor":12,"turns":2},{"damage":13,"enemies":"Red Slaver","floor":13,"turns":4},{"damage":19,"enemies":"Gremlin Gang","floor":14,"turns":5},{"damage":56,"enemies":"The Guardian","floor":16,"turns":8}],"seed_played":"-7115737506568853734","potions_obtained":[{"floor":1,"key":"Dexterity Potion"},{"floor":3,"key":"DistilledChaos"},{"floor":10,"key":"PowerPotion"},{"floor":13,"key":"DistilledChaos"}],"is_trial":false,"path_per_floor":["M","?","M","M","$","R","?","R","T","?","$","M","M","M","R","B"],"character_chosen":"IRONCLAD","items_purchased":["Spot Weakness","Membership Card","Flex","Armaments"],"campfire_rested":0,"item_purchase_floors":[5,11,11,11],"current_hp_per_floor":[68,68,65,70,70,70,70,70,70,70,70,64,57,44,53,0,0],"gold":85,"neow_bonus":"THREE_RARE_CARDS","is_daily":false,"chose_seed":false,"campfire_upgraded":3,"win_rate":0.0,"timestamp":1612932861,"path_taken":["M","?","M","M","$","R","?","R","T","?","$","M","M","M","R","BOSS"],"items_purchased_type":["Card","Relic","Card","Card"],"build_version":"2020-12-22","purchased_purges":0,"victory":false,"max_hp_per_floor":[72,72,72,72,72,72,72,72,72,72,72,72,72,72,72,72,72],"relic_stats":{"counters":[7,30],"Eternal Feather":9,"obtain_stats":[{"Eternal Feather":9,"Membership Card":11,"Burning Blood":0},{"Eternal Feather":3,"Membership Card":3,"Burning Blood":0},{"Eternal Feather":11,"Membership Card":11,"Burning Blood":0}],"Burning Blood":36},"card_choices":[{"not_picked":["Demon Form","Impervious"],"picked":"Limit Break","floor":0},{"not_picked":["Hemokinesis","Heavy Blade"],"picked":"Headbutt","floor":1},{"not_picked":["Dropkick","Cleave"],"picked":"Shockwave","floor":3},{"not_picked":["Iron Wave","Hemokinesis","Shockwave"],"picked":"SKIP","floor":4},{"not_picked":["Blood for Blood","Iron Wave","Sever Soul"],"picked":"SKIP","floor":12},{"not_picked":["True Grit","Rampage"],"picked":"Clash","floor":13},{"not_picked":["Body Slam","Flex"],"picked":"Inflame","floor":14}],"player_experience":86992,"relics_obtained":[{"floor":9,"key":"Eternal Feather"}],"event_choices":[{"damage_healed":0,"gold_gain":0,"player_choice":"Leave","damage_taken":0,"max_hp_gain":0,"max_hp_loss":0,"event_name":"The Cleric","floor":2,"gold_loss":0},{"damage_healed":0,"gold_gain":175,"player_choice":"AGREE","damage_taken":0,"max_hp_gain":0,"max_hp_loss":0,"event_name":"Liars Game","floor":7,"gold_loss":0,"cards_obtained":["Doubt"]},{"damage_healed":0,"gold_gain":0,"player_choice":"Bought 1 Potion","damage_taken":0,"max_hp_gain":0,"max_hp_loss":0,"event_name":"The Woman in Blue","floor":10,"gold_loss":0}],"is_beta":false,"boss_relics":[],"items_purged_floors":[],"is_endless":false,"potions_floor_spawned":[1,3,13],"killed_by":"The Guardian","ascension_level":0}}