{"host":"gopu3kmfaoww0llm","time":1612973409,"event":{"mods":["BaseMod","DeckTracker","Minty Spire (QoL Compilation)","Quick Restart","StSLib","SuperFastMode"],"gold_per_floor":[362,376,48,48,48,80,80,96,96,96,115,144,144,156,156,232,232,252,252,252],"floor_reached":19,"language":"KOR","playtime":490,"items_purged":["Strike_P"],"score":354,"play_id":"7c5e3223-3b63-49be-98a6-eab28a2b41b6","local_time":"20210211011009","is_ascension_mode":true,"campfire_choices":[{"floor":7.0,"key":"REST"},{"data":"Eruption","floor":10.0,"key":"SMITH"},{"floor":13.0,"key":"REST"},{"floor":15,"key":"REST"}],"circlet_count":0,"master_deck":["AscendersBane","Strike_P","Strike_P","Strike_P+1","Defend_P","Defend_P","Defend_P","Defend_P+1","Eruption+1","Vigilance","TalkToTheHand","BowlingBash","Tantrum","LessonLearned"],"relics":["PureWater","OrangePellets","Letter Opener","Dream Catcher","Toy Ornithopter","VioletLotus"],"acts_visited":["Exordium","TheCity"],"potions_floor_usage":[16],"damage_taken":[{"damage":6.0,"enemies":"Jaw Worm","floor":1.0,"turns":4.0},{"damage":0.0,"enemies":"Small Slimes","floor":2.0,"turns":2.0},{"damage":8.0,"enemies":"3 Sentries","floor":6.0,"turns":7.0},{"damage":0.0,"enemies":"Cultist","floor":8.0,"turns":3.0},{"damage":0.0,"enemies":"Large Slime","floor":11.0,"turns":2.0},{"damage":26.0,"enemies":"Lagavulin","floor":12.0,"turns":6.0},{"damage":6,"enemies":"2 Fungi Beasts","floor":14,"turns":3},{"damage":12,"enemies":"Slime Boss","floor":16,"turns":6},{"damage":43,"enemies":"Shell Parasite","floor":18,"turns":7},{"damage":3,"enemies":"Spheric Guardian","floor":19,"turns":3}],"seed_played":"-8911050858428214136","potions_obtained":[{"floor":1.0,"key":"Fire Potion"},{"floor":11.0,"key":"Energy Potion"},{"floor":12.0,"key":"Fire Potion"}],"is_trial":false,"path_per_floor":["M","M","$","?","?","E","R","M","T","R","M","E","R","M","R","B",null,"M","M"],"character_chosen":"WATCHER","items_purchased":["OrangePellets","Tantrum"],"campfire_rested":3,"item_purchase_floors":[3,3],"current_hp_per_floor":[37,37,37,17,17,9,29,29,29,29,29,3,23,17,37,30,59,16,13,13],"gold":252,"neow_bonus":"TWO_FIFTY_GOLD","is_daily":false,"chose_seed":false,"campfire_upgraded":1,"win_rate":0.0,"timestamp":1612973409,"path_taken":["M","M","$","?","?","E","R","M","T","R","M","E","R","M","R","BOSS","M","M"],"items_purchased_type":["Relic","Card"],"build_version":"2020-12-22","purchased_purges":1,"victory":false,"max_hp_per_floor":[68,68,68,68,68,68,68,68,68,68,68,68,68,68,68,68,68,68,68,68],"card_choices":[{"not_picked":["Consecrate","Wireheading"],"picked":"TalkToTheHand","floor":1.0},{"not_picked":["ClearTheMind","CrushJoints"],"picked":"BowlingBash","floor":2.0},{"not_picked":["SpiritShield","Consecrate","CutThroughFate"],"picked":"SKIP","floor":6.0},{"not_picked":["SashWhip","BowlingBash","Halt"],"picked":"SKIP","floor":8.0},{"not_picked":["BattleHymn","Wireheading","Prostrate"],"picked":"SKIP","floor":11.0},{"not_picked":["SpiritShield","BattleHymn","Consecrate"],"picked":"SKIP","floor":12.0},{"not_picked":["SandsOfTime","Halt","Collect"],"picked":"SKIP","floor":14},{"not_picked":["Alpha","Blasphemy"],"picked":"LessonLearned","floor":16},{"not_picked":["Conclude","JustLucky+1","ThirdEye"],"picked":"SKIP","floor":18}],"player_experience":2916237,"relics_obtained":[{"floor":6.0,"key":"Letter Opener"},{"floor":9.0,"key":"Dream Catcher"},{"floor":12.0,"key":"Toy Ornithopter"}],"event_choices":[{"damage_healed":0.0,"max_hp_gain":0.0,"max_hp_loss":0.0,"gold_gain":0.0,"event_name":"Shining Light","player_choice":"Entered Light","floor":4.0,"gold_loss":0.0,"damage_taken":20.0,"cards_upgraded":["Defend_P","Strike_P"]},{"damage_healed":0.0,"max_hp_gain":0.0,"max_hp_loss":0.0,"gold_gain":0.0,"event_name":"Golden Wing","player_choice":"Ignored","floor":5.0,"gold_loss":0.0,"damage_taken":0.0}],"is_beta":false,"boss_relics":[{"not_picked":["SlaversCollar","Cursed Key"],"picked":"VioletLotus"}],"items_purged_floors":[3],"is_endless":false,"potions_floor_spawned":[1,11,12],"killed_by":"Spheric Guardian","ascension_level":20}}