{"host":"0kk91h4bq4kgfj0u","time":1612986709,"event":{"mods":["BaseMod","Bestiary","Block Reminder","Colored Map","Colored Powertips","Curses Come First","Highlight Path","Minty Spire (QoL Compilation)","Relic Stats","StSLib"],"gold_per_floor":[114,126,126,137,157,157,257,274,274,274,274,286,315,315,315,315,315],"floor_reached":16,"language":"ENG","playtime":488,"items_purged":[],"score":133,"play_id":"d2771535-53a7-4645-b067-84adcbfd1169","local_time":"20210210145149","is_ascension_mode":true,"campfire_choices":[{"floor":6,"key":"REST"},{"floor":10,"key":"REST"},{"floor":15,"key":"REST"}],"circlet_count":0,"master_deck":["Strike_G","Strike_G","Strike_G","Strike_G","Strike_G","Defend_G","Defend_G","Defend_G","Defend_G","Defend_G+1","Survivor","Neutralize+1","Acrobatics","Dagger Throw","Quick Slash","Dodge and Roll","Tactician+1","Bane","Caltrops","Sucker Punch"],"relics":["Ring of the Snake","Nunchaku"],"acts_visited":["Exordium"],"potions_floor_usage":[5,16],"damage_taken":[{"damage":4,"enemies":"Small Slimes","floor":1,"turns":4},{"damage":0,"enemies":"Jaw Worm","floor":2,"turns":4},{"damage":0,"enemies":"Cultist","floor":4,"turns":3},{"damage":9,"enemies":"Large Slime","floor":5,"turns":6},{"damage":9,"enemies":"Blue Slaver","floor":8,"turns":4},{"damage":4,"enemies":"Red Slaver","floor":12,"turns":4},{"damage":54,"enemies":"Gremlin Nob","floor":13,"turns":6},{"damage":35,"enemies":"Hexaghost","floor":16,"turns":14}],"seed_played":"-6156676515628387865","potions_obtained":[{"floor":4,"key":"LiquidMemories"},{"floor":8,"key":"ColorlessPotion"}],"is_trial":false,"path_per_floor":["M","M","?","M","M","R","?","M","T","R","?","M","E","?","R","B"],"character_chosen":"THE_SILENT","items_purchased":[],"campfire_rested":3,"item_purchase_floors":[],"current_hp_per_floor":[59,59,45,45,36,57,57,48,48,69,69,65,11,11,32,0,0],"gold":315,"neow_bonus":"THREE_CARDS","is_daily":false,"chose_seed":false,"campfire_upgraded":0,"win_rate":0.0,"timestamp":1612986709,"path_taken":["M","M","?","M","M","R","?","?","T","R","?","M","E","?","R","BOSS"],"items_purchased_type":[],"build_version":"2020-12-22","purchased_purges":0,"victory":false,"max_hp_per_floor":[70,70,70,70,70,70,70,70,70,70,70,70,70,70,70,70,70],"relic_stats":{"Nunchaku":[2],"counters":[8,45],"obtain_stats":[{"Nunchaku":13,"Ring of the Snake":0},{"Nunchaku":7,"Ring of the Snake":0},{"Nunchaku":31,"Ring of the Snake":0}],"Ring of the Snake":[16]},"card_choices":[{"not_picked":["Finisher","Prepared"],"picked":"Acrobatics","floor":0},{"not_picked":["Riddle With Holes","Flechettes"],"picked":"Dagger Throw","floor":1},{"not_picked":["Prepared","PiercingWail"],"picked":"Quick Slash","floor":2},{"not_picked":["Escape Plan","Dagger Throw"],"picked":"Dodge and Roll","floor":4},{"not_picked":["Outmaneuver","Riddle With Holes"],"picked":"Tactician","floor":5},{"not_picked":["Quick Slash","Heel Hook"],"picked":"Bane","floor":8},{"not_picked":["Reflex","Distraction"],"picked":"Caltrops","floor":12},{"not_picked":["Expertise","Flechettes"],"picked":"Sucker Punch","floor":13}],"player_experience":872188,"relics_obtained":[{"floor":13,"key":"Nunchaku"}],"event_choices":[{"damage_healed":0,"gold_gain":0,"player_choice":"Entered Light","damage_taken":14,"max_hp_gain":0,"max_hp_loss":0,"event_name":"Shining Light","floor":3,"gold_loss":0,"cards_upgraded":["Neutralize","Defend_G"]},{"damage_healed":0,"gold_gain":100,"player_choice":"Pray","damage_taken":0,"max_hp_gain":0,"max_hp_loss":0,"event_name":"Golden Shrine","floor":7,"gold_loss":0},{"damage_healed":0,"gold_gain":0,"player_choice":"Leave","damage_taken":0,"max_hp_gain":0,"max_hp_loss":0,"event_name":"The Cleric","floor":11,"gold_loss":0},{"damage_healed":0,"gold_gain":0,"player_choice":"Upgraded","damage_taken":0,"max_hp_gain":0,"max_hp_loss":0,"event_name":"Upgrade Shrine","floor":14,"gold_loss":0,"cards_upgraded":["Tactician"]}],"is_beta":false,"boss_relics":[],"items_purged_floors":[],"is_endless":false,"potions_floor_spawned":[4,8],"killed_by":"Hexaghost","ascension_level":6}}