{"host":"9nzcajyrup44vdvf","time":1612980546,"event":{"mods":["2.2 Compatiblity","AchievementEnabler","AlwaysNeverKeys","BaseMod","Curses Come First","Downfall","Googly Eyes","Minty Spire (QoL Compilation)","Permanent Neow","Relic Stats","StSLib","SuperFastMode","everything is the same but u backflip on backflip","slay the spire mod where everything is the same but ironclad has a cowboy hat"],"gold_per_floor":[99,374,394,409,422,451,474,66,92,92,53,53,73,92,102,197,197,197,214,234,234,47,47,71,88,88,17,45,60,60,60,76,176,176,76,92,92,47,57,69,121,121,139,174,193,205,105,105,125,125],"floor_reached":51,"language":"ENG","playtime":2950,"items_purged":["Regret"],"score":848,"play_id":"e4524cd7-3e62-4b16-a502-62e3809e53fd","local_time":"20210210190906","is_ascension_mode":true,"campfire_choices":[{"data":"bronze:Separator","floor":1,"key":"SMITH"},{"data":"bronze:Library","floor":10,"key":"SMITH"},{"data":"expansioncontent:QuickStudy","floor":12,"key":"SMITH"},{"data":"bronze:AlphaBuild","floor":18,"key":"SMITH"},{"data":"bronze:Allocate","floor":26,"key":"SMITH"},{"data":"bronze:BugBarrage","floor":30,"key":"SMITH"},{"data":"bronze:MaxOutput","floor":35,"key":"SMITH"},{"floor":47,"key":"RECALL"}],"circlet_count":0,"master_deck":["bronze:Replicate","bronze:Goto","bronze:Separator+1","bronze:ForLoop","bronze:WhirlingStrike","bronze:FineTuning+1","bronze:Library+1","bronze:GetLatest","expansioncontent:QuickStudy+1","bronze:ItsAFeature","bronze:MaxOutput+1","bronze:BitShift","bronze:CutThrough","bronze:DelayedSlice","bronze:CutThrough","bronze:Verify","bronze:ShipIt","bronze:Iterate","bronze:HyperBeam","bronze:Break+1","bronze:Deprecate","bronze:NullPointer","bronze:AlphaBuild+1","bronze:BugBarrage+1","bronze:BuggyMess+1","bronze:WildBeam+1","bronze:Format+1","expansioncontent:QuickStudy+1","bronze:Allocate+1","bronze:DelayedGuard+1","bronze:MaxOutput+1","bronze:Shell+1","bronze:Iterate","bronze:Shield+1","bronze:FindAndReplace+1","bronze:Optimize","Parasite","bronze:BitShift+1","bronze:FineTuning+1","bronze:FineTuning+1","bronze:Shield+1","bronze:BronzeOrb+1","bronze:BronzeOrb"],"relics":["bronze:BronzeCore","Whetstone","hexamod:BolsterEngine","Slimebound:StickyStick","bronze:DecasWashers","Pandora\u0027s Box","DollysMirror","War Paint","Happy Flower","Toxic Egg 2","Blood Vial","Bronze Scales","bronze:MakeshiftBattery","downfall:HeartBlessingGreen","Regal Pillow","downfall:HeartBlessingBlue","Frozen Egg 2"],"acts_visited":["Exordium","TheCity","TheBeyond"],"potions_floor_usage":[15,28,50,50],"damage_taken":[{"damage":0,"enemies":"Small Slimes","floor":3,"turns":2},{"damage":4,"enemies":"Cultist","floor":4,"turns":3},{"damage":6,"enemies":"2 Louse","floor":5,"turns":2},{"damage":2,"enemies":"Lagavulin","floor":6,"turns":4},{"damage":2,"enemies":"downfall:FleeingMerchant","floor":8,"turns":4},{"damage":15,"enemies":"3 Sentries","floor":9,"turns":4},{"damage":5,"enemies":"downfall:FleeingMerchant","floor":11,"turns":4},{"damage":8,"enemies":"Lots of Slimes","floor":13,"turns":2},{"damage":1,"enemies":"Large Slime","floor":14,"turns":4},{"damage":8,"enemies":"Blue Slaver","floor":15,"turns":3},{"damage":14,"enemies":"DF_ARCHETYPE_STREAMLINE","floor":16,"turns":4},{"damage":0,"enemies":"3 Byrds","floor":19,"turns":3},{"damage":0,"enemies":"Snecko","floor":20,"turns":2},{"damage":9,"enemies":"downfall:FleeingMerchant","floor":22,"turns":4},{"damage":0,"enemies":"Cultist and Chosen","floor":25,"turns":3},{"damage":0,"enemies":"Gremlin Leader","floor":28,"turns":3},{"damage":3,"enemies":"Centurion and Healer","floor":29,"turns":2},{"damage":0,"enemies":"Snecko","floor":32,"turns":2},{"damage":16,"enemies":"WA_ARCHETYPE_CALM","floor":33,"turns":7},{"damage":0,"enemies":"3 Shapes","floor":36,"turns":2},{"damage":5,"enemies":"Orb Walker","floor":39,"turns":2},{"damage":17,"enemies":"3 Darklings","floor":40,"turns":2},{"damage":18,"enemies":"Maw","floor":43,"turns":6},{"damage":0,"enemies":"Nemesis","floor":44,"turns":3},{"damage":0,"enemies":"Spire Growth","floor":45,"turns":2},{"damage":5,"enemies":"Sphere and 2 Shapes","floor":46,"turns":3},{"damage":0,"enemies":"Jaw Worm Horde","floor":49,"turns":3},{"damage":17,"enemies":"SI_POISON_ARCHETYPE","floor":50,"turns":6}],"seed_played":"-1214537224678404076","potions_obtained":[{"floor":4,"key":"Strength Potion"},{"floor":5,"key":"sneckomod:MuddlingPotion"},{"floor":6,"key":"Energy Potion"},{"floor":15,"key":"Fruit Juice"},{"floor":20,"key":"AttackPotion"},{"floor":25,"key":"bronze:CleanCodePotion"},{"floor":36,"key":"Fire Potion"},{"floor":39,"key":"DistilledChaos"}],"is_trial":false,"path_per_floor":["R","?","M","M","M","E","T","$","E","R","$","R","M","M","M","B",null,"R","M","M","?","$","?","T","M","R","$","E","M","R","?","M","B",null,"R","M","?","$","M","M","T","?","M","E","M","M","R","?","M","B",null],"character_chosen":"THE_AUTOMATON","items_purchased":["Slimebound:StickyStick","expansioncontent:QuickStudy","bronze:BitShift","DollysMirror","bronze:Allocate","War Paint","Happy Flower","bronze:MaxOutput","bronze:BitShift+1"],"campfire_rested":0,"item_purchase_floors":[8,8,11,22,22,22,22,27,38],"current_hp_per_floor":[70,70,70,66,60,58,58,56,41,41,36,36,28,27,24,10,75,75,75,75,75,66,66,66,68,68,68,70,69,69,69,71,57,75,75,75,75,75,70,55,55,66,48,50,52,49,59,59,61,46],"gold":125,"neow_bonus":"THREE_CARDS","is_daily":false,"chose_seed":false,"campfire_upgraded":7,"win_rate":0.0,"timestamp":1612980546,"path_taken":["R","?","M","M","M","E","T","$","E","R","?","R","M","M","M","BOSS","R","M","M","?","$","?","T","M","R","$","E","M","R","?","M","BOSS","R","M","?","$","?","M","T","?","M","E","M","M","R","?","M","BOSS"],"items_purchased_type":["Relic","Card","Card","Relic","Card","Relic","Relic","Card","Card"],"build_version":"2020-12-22","purchased_purges":1,"victory":true,"max_hp_per_floor":[70,70,70,70,70,70,70,70,70,70,70,70,70,70,75,75,75,75,75,75,75,75,75,75,75,75,75,75,75,75,75,75,75,75,75,75,75,75,75,75,75,66,66,66,66,66,76,76,76,76],"relic_stats":{"Blood Vial":22,"Regal Pillow":0,"Happy Flower":[15],"counters":[28,91],"Bronze Scales":[72],"Pandora\u0027s Box":["bronze:ShipIt","bronze:Iterate","bronze:HyperBeam","bronze:Break","bronze:Deprecate","bronze:NullPointer","bronze:AlphaBuild","bronze:BugBarrage"],"Whetstone":["bronze:Strike","bronze:Strike"],"War Paint":["bronze:FineTuning","bronze:Format"],"obtain_stats":[{"Regal Pillow":44,"bronze:BronzeCore":0,"Happy Flower":22,"bronze:DecasWashers":9,"downfall:HeartBlessingGreen":35,"Whetstone":6,"War Paint":22,"Frozen Egg 2":48,"Blood Vial":24,"Slimebound:StickyStick":8,"DollysMirror":22,"downfall:HeartBlessingBlue":47,"Bronze Scales":28,"Pandora\u0027s Box":17,"hexamod:BolsterEngine":7,"Toxic Egg 2":23,"bronze:MakeshiftBattery":34},{"Regal Pillow":24,"bronze:BronzeCore":0,"Happy Flower":14,"bronze:DecasWashers":6,"downfall:HeartBlessingGreen":19,"Whetstone":4,"War Paint":14,"Frozen Egg 2":26,"Blood Vial":14,"Slimebound:StickyStick":5,"DollysMirror":14,"downfall:HeartBlessingBlue":26,"Bronze Scales":16,"Pandora\u0027s Box":11,"hexamod:BolsterEngine":4,"Toxic Egg 2":14,"bronze:MakeshiftBattery":19},{"Regal Pillow":77,"bronze:BronzeCore":0,"Happy Flower":45,"bronze:DecasWashers":19,"downfall:HeartBlessingGreen":62,"Whetstone":11,"War Paint":45,"Frozen Egg 2":82,"Blood Vial":45,"Slimebound:StickyStick":15,"DollysMirror":45,"downfall:HeartBlessingBlue":82,"Bronze Scales":51,"Pandora\u0027s Box":36,"hexamod:BolsterEngine":11,"Toxic Egg 2":45,"bronze:MakeshiftBattery":62}]},"card_choices":[{"not_picked":["bronze:CutThrough","bronze:Constructor"],"picked":"bronze:Separator","floor":0},{"not_picked":["bronze:WildBeam","bronze:BuggyMess"],"picked":"bronze:ForLoop","floor":3},{"not_picked":["bronze:CutThrough","bronze:BugBarrage"],"picked":"bronze:WhirlingStrike","floor":4},{"not_picked":["bronze:Invalidate","bronze:Branch"],"picked":"bronze:FineTuning","floor":5},{"not_picked":["bronze:BuggyMess","bronze:BugBarrage"],"picked":"bronze:Library","floor":6},{"not_picked":["bronze:Constructor","bronze:Overload"],"picked":"bronze:GetLatest","floor":8},{"not_picked":["bronze:Iterate","bronze:Branch"],"picked":"bronze:ItsAFeature","floor":9},{"not_picked":["bronze:OilSpill","bronze:BitShift"],"picked":"bronze:MaxOutput","floor":11},{"not_picked":["bronze:OilSpill","bronze:DigitalCarnage"],"picked":"bronze:CutThrough","floor":13},{"not_picked":["bronze:Deprecate","bronze:Iterate"],"picked":"bronze:DelayedSlice","floor":14},{"not_picked":["bronze:BuggyMess","bronze:Separator"],"picked":"bronze:CutThrough","floor":15},{"not_picked":["bronze:Break","bronze:Library"],"picked":"bronze:Verify","floor":16},{"not_picked":["bronze:DigitalCarnage","bronze:NullPointer"],"picked":"bronze:BuggyMess+1","floor":19},{"not_picked":["bronze:Safeguard","bronze:BugBarrage"],"picked":"bronze:WildBeam+1","floor":20},{"not_picked":["bronze:Branch","bronze:ChildClass"],"picked":"bronze:Format","floor":22},{"not_picked":["bronze:Shield+1","bronze:BugBarrage"],"picked":"bronze:DelayedGuard+1","floor":25},{"not_picked":["bronze:Frontload+1","bronze:Overheat"],"picked":"bronze:Shell+1","floor":28},{"not_picked":["bronze:DigitalCarnage","bronze:Separator","bronze:OilSpill"],"picked":"SKIP","floor":29},{"not_picked":["bronze:DarkDash","bronze:Frontload+1"],"picked":"bronze:Shield+1","floor":32},{"not_picked":["bronze:ThunderWave","bronze:ShipIt"],"picked":"bronze:FindAndReplace+1","floor":33},{"not_picked":["bronze:Branch","bronze:WildBeam+1"],"picked":"bronze:Optimize","floor":36},{"not_picked":["bronze:Constructor+1","bronze:ForceShield+1"],"picked":"bronze:FineTuning+1","floor":39},{"not_picked":["bronze:Overload+1","bronze:Invalidate+1"],"picked":"bronze:FineTuning+1","floor":40},{"not_picked":["bronze:Separator","bronze:Iterate","bronze:Overheat+1"],"picked":"SKIP","floor":43},{"not_picked":["bronze:BronzeOrb","bronze:Backtrace+1","bronze:Verify"],"picked":"SKIP","floor":44},{"not_picked":["bronze:BitShift+1","bronze:WildBeam+1"],"picked":"bronze:Shield+1","floor":45},{"not_picked":["bronze:WildBeam","bronze:Backtrace+1"],"picked":"bronze:BronzeOrb+1","floor":46},{"not_picked":["bronze:DelayedSlice","bronze:ChosenStrike"],"picked":"bronze:BronzeOrb","floor":49}],"player_experience":470216,"relics_obtained":[{"floor":6,"key":"Whetstone"},{"floor":7,"key":"hexamod:BolsterEngine"},{"floor":9,"key":"bronze:DecasWashers"},{"floor":24,"key":"Blood Vial"},{"floor":28,"key":"Bronze Scales"},{"floor":44,"key":"Regal Pillow"},{"floor":48,"key":"Frozen Egg 2"}],"event_choices":[{"damage_healed":0,"gold_gain":0,"player_choice":"Stole Relic","damage_taken":0,"relics_obtained":["Toxic Egg 2"],"max_hp_gain":0,"max_hp_loss":0,"event_name":"Addict","floor":23,"gold_loss":0,"cards_obtained":["Pride"]}],"is_beta":false,"boss_relics":[{"not_picked":["Philosopher\u0027s Stone","Calling Bell"],"picked":"Pandora\u0027s Box"},{"not_picked":["Runic Pyramid","Astrolabe"],"picked":"bronze:MakeshiftBattery"}],"items_purged_floors":[8],"is_endless":false,"potions_floor_spawned":[4,5,6,9,15,20,25,36,39,45,46,49],"ascension_level":1}}