{"host":"u21q392b5xaj11fl","time":1612989045,"event":{"mods":["2.2 Compatiblity","Bard","BaseMod","Better Note","Colored Map","Colored Powertips","Conspire","Custom Start","Downfall","Faster Ascension Climbing","GifTheSpireLib","Gremlin Skip","Highlight Path","Hubris","Infinite Spire","Mad Scientist","Marisa????????","Mimic Mod","Minty Spire (QoL Compilation)","Monster B Gone","Permanent Neow","Potionbrewer","Quick Restart","READ ME - Guardian Mod","Relic Sorter","Replay The Spire","Shop Mod","Somnambulant","StSLib","Stuff the Spire","SuperFastMode","The Construct","The Disciple","The Servant 0.9.4"],"gold_per_floor":[113,113,13,27,46,73,73,84,84,84,101,126,140,140,140,214,214,227,227,227,227,227],"floor_reached":21,"language":"ENG","playtime":1067,"items_purged":[],"score":364,"play_id":"845ce697-e6dd-4c6e-8453-89aa8d481d6a","local_time":"20210210143045","is_ascension_mode":true,"campfire_choices":[{"data":"MadScienceMod:Detonate","floor":7.0,"key":"SMITH"},{"data":"MadScienceMod:FragmentationGrenade","floor":10.0,"key":"SMITH"},{"floor":15.0,"key":"REST"}],"circlet_count":0,"master_deck":["AscendersBane","MadScienceMod:Strike_MadScience","MadScienceMod:Strike_MadScience","MadScienceMod:Strike_MadScience","MadScienceMod:Strike_MadScience","MadScienceMod:Defend_MadScience","MadScienceMod:Defend_MadScience","MadScienceMod:Defend_MadScience","MadScienceMod:Defend_MadScience","MadScienceMod:PoweredStrike","MadScienceMod:HideBehindJunk+1","MadScienceMod:FragmentationGrenade+1","MadScienceMod:Detonate+1","MadScienceMod:AcidSpray","MadScienceMod:Bombardment","MadScienceMod:AntimatterBomb","MadScienceMod:NowOrNever+1","MadScienceMod:CloneVats","CutThroughFate"],"relics":["MadScienceMod:FuelTank","MadScienceMod:DoomsdayDevice","Bag of Marbles","infinitespire:Broken Mirror","hubris:RunicObelisk"],"acts_visited":["Exordium","TheCity"],"potions_floor_usage":[16],"damage_taken":[{"damage":6.0,"enemies":"Small Slimes","floor":1.0,"turns":3.0},{"damage":1.0,"enemies":"Cultist","floor":4.0,"turns":4.0},{"damage":11.0,"enemies":"Jaw Worm","floor":5.0,"turns":5.0},{"damage":0.0,"enemies":"Gremlin Nob","floor":6.0,"turns":2.0},{"damage":15.0,"enemies":"2 Fungi Beasts","floor":8.0,"turns":3.0},{"damage":13.0,"enemies":"3 Louse","floor":11.0,"turns":2.0},{"damage":15.0,"enemies":"3 Sentries","floor":12.0,"turns":5.0},{"damage":1.0,"enemies":"Lots of Slimes","floor":13.0,"turns":4.0},{"damage":18,"enemies":"Slime Boss","floor":16,"turns":6},{"damage":11,"enemies":"3 Byrds","floor":18,"turns":7},{"damage":46,"enemies":"Spheric Guardian","floor":21,"turns":5}],"seed_played":"-4694985706925412512","potions_obtained":[{"floor":2.0,"key":"EntropicBrew"},{"floor":2.0,"key":"potionbrewer:InfectionPotion"},{"floor":8.0,"key":"Elixir"},{"floor":11.0,"key":"DuplicationPotion"},{"floor":12.0,"key":"Energy Potion"},{"floor":13.0,"key":"potionbrewer:ToxicPotion"}],"is_trial":false,"path_per_floor":["M","?","$","M","M","E","R","M","T","R","M","E","M","?","R","B",null,"M","?","?","M"],"character_chosen":"MAD_SCIENTIST","items_purchased":["MadScienceMod:Detonate","MadScienceMod:AcidSpray"],"campfire_rested":1,"item_purchase_floors":[3,3],"current_hp_per_floor":[58,58,58,57,46,46,46,31,31,31,18,3,2,2,23,5,55,44,44,44,0,0],"gold":227,"neow_bonus":"RANDOM_EVENT","is_daily":false,"chose_seed":false,"campfire_upgraded":2,"win_rate":0.0,"timestamp":1612989045,"path_taken":["M","?","$","M","M","E","R","M","T","R","?","E","M","?","R","BOSS","M","?","?","M"],"items_purchased_type":["Card","Card"],"build_version":"2020-12-22","purchased_purges":0,"victory":false,"max_hp_per_floor":[71,71,71,71,71,71,71,71,71,71,71,71,71,71,71,71,71,71,71,71,71,71],"card_choices":[{"not_picked":["MadScienceMod:LightOnFire","MadScienceMod:Weaponize"],"picked":"MadScienceMod:FragmentationGrenade","floor":1.0},{"not_picked":["MadScienceMod:EnergyBarrier","MadScienceMod:Lightbulb","MadScienceMod:JunkLaser"],"picked":"SKIP","floor":4.0},{"not_picked":["MadScienceMod:ImposingConstruct","MadScienceMod:Strafe"],"picked":"MadScienceMod:Bombardment","floor":5.0},{"not_picked":["MadScienceMod:ShrinkRay","MadScienceMod:MechanicalClaw"],"picked":"MadScienceMod:AntimatterBomb","floor":6.0},{"not_picked":["MadScienceMod:MechanicalClaw","MadScienceMod:SelfDestruct","MadScienceMod:GlassCannon"],"picked":"SKIP","floor":8.0},{"not_picked":["MadScienceMod:FumeBlast","MadScienceMod:AutoStrike","MadScienceMod:GattlingGun"],"picked":"SKIP","floor":11.0},{"not_picked":["MadScienceMod:Browse","MadScienceMod:RadioactiveSword"],"picked":"MadScienceMod:NowOrNever","floor":12.0},{"not_picked":["MadScienceMod:FlexibleSpear","MadScienceMod:AcidSpray","MadScienceMod:FumeBlast"],"picked":"SKIP","floor":13.0},{"not_picked":["MadScienceMod:Generator","MadScienceMod:GlassCannon"],"picked":"MadScienceMod:CloneVats","floor":16},{"not_picked":["MadScienceMod:AutoStrike","MadScienceMod:Browse","MadScienceMod:AcidSpray"],"picked":"SKIP","floor":18}],"player_experience":238524,"relics_obtained":[{"floor":6.0,"key":"MadScienceMod:DoomsdayDevice"},{"floor":9.0,"key":"Bag of Marbles"},{"floor":12.0,"key":"infinitespire:Broken Mirror"}],"event_choices":[{"damage_healed":0.0,"max_hp_gain":0.0,"max_hp_loss":0.0,"gold_gain":0.0,"event_name":"Living Wall","player_choice":"Grow","floor":0.0,"gold_loss":0.0,"damage_taken":0.0,"cards_upgraded":["MadScienceMod:HideBehindJunk"]},{"damage_healed":0.0,"max_hp_gain":0.0,"max_hp_loss":0.0,"gold_gain":0.0,"event_name":"Lab","player_choice":"Got Potions","floor":2.0,"gold_loss":0.0,"damage_taken":0.0},{"damage_healed":0,"gold_gain":0,"player_choice":"Upgraded","damage_taken":0,"max_hp_gain":0,"max_hp_loss":0,"event_name":"Upgrade Shrine","floor":19,"gold_loss":0,"cards_upgraded":["MadScienceMod:NowOrNever"]},{"cards_removed":["MadScienceMod:NowOrNever"],"damage_healed":0,"gold_gain":0,"player_choice":"Take \u0026 Give","damage_taken":0,"max_hp_gain":0,"max_hp_loss":0,"event_name":"betterNote:BetterNote","floor":20,"gold_loss":0,"cards_obtained":["CutThroughFate"]}],"is_beta":false,"boss_relics":[{"not_picked":["Replay:Ancient Bell","SlaversCollar"],"picked":"hubris:RunicObelisk"}],"items_purged_floors":[],"is_endless":false,"potions_floor_spawned":[5,8,11,12,13],"killed_by":"Spheric Guardian","ascension_level":14}}