{"host":"xcuflocadasoaqda","time":1612938322,"event":{"mods":["BaseMod","Bestiary","Filter the Spire","Minty Spire (QoL Compilation)","Relic Stats"],"gold_per_floor":[113,113,93,111,124,143,143,177,189,211,237,249,278,290,302,408,483,520,532,544,21,41,367,367,401,425,436,464,464,464,492,492,566,566,582,595,144,162,176,210,231,257,257,283,317,317,373,386,386,386,386,386,386,20,51,51,51],"floor_reached":56,"language":"ENG","playtime":4128,"items_purged":["Judgement","BowlingBash","Indignation"],"score":2223,"play_id":"a9262b85-dc40-47c5-8ba5-0e2bd3e72645","local_time":"20210210002522","is_ascension_mode":true,"campfire_choices":[{"data":"Scrawl","floor":7.0,"key":"SMITH"},{"data":"Eruption","floor":12.0,"key":"SMITH"},{"data":"ForeignInfluence","floor":15.0,"key":"SMITH"},{"data":"J.A.X.","floor":24.0,"key":"SMITH"},{"data":"ClearTheMind","floor":29.0,"key":"SMITH"},{"data":"Vault","floor":32.0,"key":"SMITH"},{"data":"Ragnarok","floor":46.0,"key":"SMITH"},{"floor":49.0,"key":"RECALL"},{"data":"1","floor":53.0,"key":"LIFT"}],"circlet_count":0,"master_deck":["AscendersBane","Eruption+1","Vigilance","ForeignInfluence+1","Scrawl+1","JustLucky","SashWhip","Collect+1","Consecrate","CutThroughFate","Halt","Evaluate","Vault+1","FlurryOfBlows","ThirdEye","J.A.X.+1","Vault+1","ClearTheMind+1","FlurryOfBlows+1","EmptyMind","Flash of Steel","Dark Shackles","Protect+1","Ragnarok+1","Adaptation","Indignation","MentalFortress","FlurryOfBlows"],"relics":["Pandora\u0027s Box","MawBank","Sundial","Bloody Idol","Tiny House","CeramicFish","ClockworkSouvenir","Old Coin","Smiling Mask","Regal Pillow","Coffee Dripper","TungstenRod","Bag of Preparation","Dream Catcher","InkBottle","Centennial Puzzle","Girya","Orrery","Vajra","Toy Ornithopter"],"acts_visited":["Exordium","TheCity","TheBeyond","TheEnding"],"potions_floor_usage":[56],"damage_taken":[{"damage":1.0,"enemies":"Jaw Worm","floor":1.0,"turns":2.0},{"damage":0.0,"enemies":"2 Louse","floor":4.0,"turns":2.0},{"damage":0.0,"enemies":"Cultist","floor":5.0,"turns":3.0},{"damage":0.0,"enemies":"Gremlin Gang","floor":6.0,"turns":1.0},{"damage":5.0,"enemies":"Lagavulin","floor":8.0,"turns":4.0},{"damage":0.0,"enemies":"Looter","floor":10.0,"turns":1.0},{"damage":7.0,"enemies":"Large Slime","floor":11.0,"turns":3.0},{"damage":9.0,"enemies":"Blue Slaver","floor":13.0,"turns":3.0},{"damage":38.0,"enemies":"Slime Boss","floor":16.0,"turns":8.0},{"damage":10.0,"enemies":"Shell Parasite","floor":18.0,"turns":3.0},{"damage":3.0,"enemies":"Chosen","floor":22.0,"turns":3.0},{"damage":3.0,"enemies":"Gremlin Leader","floor":23.0,"turns":4.0},{"damage":7.0,"enemies":"Book of Stabbing","floor":25.0,"turns":4.0},{"damage":14.0,"enemies":"Snake Plant","floor":27.0,"turns":6.0},{"damage":6.0,"enemies":"3 Cultists","floor":28.0,"turns":5.0},{"damage":3.0,"enemies":"Slavers","floor":31.0,"turns":3.0},{"damage":9.0,"enemies":"Champ","floor":33.0,"turns":4.0},{"damage":3.0,"enemies":"Orb Walker","floor":35.0,"turns":2.0},{"damage":8.0,"enemies":"3 Shapes","floor":36.0,"turns":3.0},{"damage":4.0,"enemies":"Writhing Mass","floor":39.0,"turns":5.0},{"damage":20.0,"enemies":"Reptomancer","floor":40.0,"turns":5.0},{"damage":2.0,"enemies":"3 Darklings","floor":41.0,"turns":1.0},{"damage":4.0,"enemies":"Giant Head","floor":42.0,"turns":5.0},{"damage":2.0,"enemies":"Sphere and 2 Shapes","floor":44.0,"turns":3.0},{"damage":11.0,"enemies":"Reptomancer","floor":45.0,"turns":5.0},{"damage":17.0,"enemies":"2 Orb Walkers","floor":47.0,"turns":4.0},{"damage":4.0,"enemies":"Transient","floor":48.0,"turns":8.0},{"damage":25.0,"enemies":"Awakened One","floor":50.0,"turns":10.0},{"damage":38.0,"enemies":"Donu and Deca","floor":51.0,"turns":5.0},{"damage":15.0,"enemies":"Shield and Spear","floor":55.0,"turns":4.0},{"damage":124,"enemies":"The Heart","floor":56,"turns":8}],"seed_played":"-5483575018240846633","potions_obtained":[{"floor":3.0,"key":"Regen Potion"},{"floor":5.0,"key":"Dexterity Potion"},{"floor":8.0,"key":"PowerPotion"},{"floor":11.0,"key":"Ambrosia"},{"floor":16.0,"key":"DistilledChaos"},{"floor":17.0,"key":"Weak Potion"},{"floor":25.0,"key":"SteroidPotion"},{"floor":27.0,"key":"ColorlessPotion"},{"floor":31.0,"key":"ColorlessPotion"},{"floor":41.0,"key":"FairyPotion"},{"floor":48.0,"key":"SpeedPotion"}],"is_trial":false,"path_per_floor":["M","?","?","M","M","M","R","E","T","M","M","R","M","?","R","B",null,"M","?","?","$","M","E","R","E","T","M","M","R","?","E","R","B",null,"M","M","$","?","M","E","M","E","T","M","E","R","?","M","R","B","B",null,"R","$","E","B"],"character_chosen":"WATCHER","items_purchased":["CeramicFish","ClockworkSouvenir","Vault","TungstenRod","EmptyMind","Orrery","FlurryOfBlows","Vajra"],"campfire_rested":0,"item_purchase_floors":[21,21,21,37,37,54,54,54],"current_hp_per_floor":[60,60,60,60,60,60,60,55,55,55,48,48,39,39,39,16,56,46,46,46,56,63,67,67,65,67,58,62,62,77,77,77,73,76,77,74,77,77,77,62,70,71,71,77,71,71,64,65,65,40,2,58,58,77,67,0,0],"gold":51,"neow_bonus":"BOSS_RELIC","is_daily":false,"chose_seed":false,"campfire_upgraded":7,"win_rate":0.0,"timestamp":1612938322,"path_taken":["M","?","?","M","M","?","R","E","T","M","?","R","M","?","R","BOSS","M","?","?","$","M","E","R","E","T","M","M","R","?","E","R","BOSS","M","M","$","?","M","E","M","E","T","M","E","R","?","?","R","BOSS","BOSS","R","$","E","BOSS"],"items_purchased_type":["Relic","Relic","Card","Relic","Card","Relic","Card","Relic"],"build_version":"2020-12-22","purchased_purges":3,"victory":false,"max_hp_per_floor":[68,68,68,68,68,68,68,68,68,68,68,68,68,62,62,62,67,67,67,67,67,67,67,67,67,67,67,67,67,77,77,77,77,77,77,77,77,77,77,77,77,77,77,77,77,77,77,77,77,77,77,77,77,77,77,77,77],"relic_stats":{"Regal Pillow":0,"counters":[31,127],"CeramicFish":117,"Bag of Preparation":[20],"MawBank":156,"Smiling Mask":125,"Dream Catcher":0,"Centennial Puzzle":[15],"Sundial":[24],"Bloody Idol":154,"Pandora\u0027s Box":["ForeignInfluence","Scrawl","JustLucky","SashWhip","Judgement","Collect","Omniscience","Consecrate"],"obtain_stats":[{"Girya":47,"Regal Pillow":31,"Tiny House":17,"Golden Idol":14,"CeramicFish":21,"Vajra":54,"Bag of Preparation":40,"MawBank":8,"Smiling Mask":25,"ClockworkSouvenir":21,"Old Coin":23,"Dream Catcher":42,"Centennial Puzzle":45,"Sundial":9,"Bloody Idol":20,"Orrery":54,"Pandora\u0027s Box":0,"Coffee Dripper":34,"PureWater":0,"TungstenRod":37,"InkBottle":43,"Toy Ornithopter":55},{"Girya":26,"Regal Pillow":16,"Tiny House":9,"Golden Idol":8,"CeramicFish":10,"Vajra":29,"Bag of Preparation":21,"MawBank":5,"Smiling Mask":13,"ClockworkSouvenir":10,"Old Coin":12,"Dream Catcher":23,"Centennial Puzzle":25,"Sundial":5,"Bloody Idol":10,"Orrery":29,"Pandora\u0027s Box":0,"Coffee Dripper":17,"PureWater":0,"TungstenRod":19,"InkBottle":23,"Toy Ornithopter":30},{"Girya":92,"Regal Pillow":55,"Tiny House":27,"Golden Idol":19,"CeramicFish":30,"Vajra":115,"Bag of Preparation":74,"MawBank":12,"Smiling Mask":41,"ClockworkSouvenir":30,"Old Coin":37,"Dream Catcher":80,"Centennial Puzzle":88,"Sundial":12,"Bloody Idol":30,"Orrery":115,"Pandora\u0027s Box":0,"Coffee Dripper":59,"PureWater":0,"TungstenRod":64,"InkBottle":80,"Toy Ornithopter":119}],"TungstenRod":73,"InkBottle":[35],"Toy Ornithopter":5},"card_choices":[{"not_picked":["Consecrate","WreathOfFlame","Collect"],"picked":"SKIP","floor":1.0},{"not_picked":["WindmillStrike","ForeignInfluence","Worship"],"picked":"SKIP","floor":4.0},{"not_picked":["Evaluate","DeceiveReality"],"picked":"CutThroughFate","floor":5.0},{"not_picked":["WindmillStrike","FlyingSleeves","Crescendo"],"picked":"SKIP","floor":6.0},{"not_picked":["DevaForm","Consecrate"],"picked":"BowlingBash","floor":8.0},{"not_picked":["InnerPeace","Prostrate"],"picked":"Halt","floor":10.0},{"not_picked":["JustLucky","Consecrate","Crescendo"],"picked":"SKIP","floor":11.0},{"not_picked":["Protect","Worship"],"picked":"Evaluate","floor":13.0},{"not_picked":["Judgement","Brilliance"],"picked":"Vault","floor":16.0},{"not_picked":["WindmillStrike","Consecrate"],"picked":"FlurryOfBlows","floor":17.0},{"not_picked":["FlyingSleeves","WindmillStrike"],"picked":"ThirdEye","floor":18.0},{"not_picked":["FollowUp+1","DeceiveReality"],"picked":"ClearTheMind","floor":22.0},{"not_picked":["PathToVictory","Evaluate","FlurryOfBlows"],"picked":"SKIP","floor":23.0},{"not_picked":["EmptyBody","Prostrate","FlurryOfBlows"],"picked":"SKIP","floor":25.0},{"not_picked":["FollowUp","JustLucky","MasterReality"],"picked":"SKIP","floor":27.0},{"not_picked":["ClearTheMind","BowlingBash"],"picked":"FlurryOfBlows+1","floor":28.0},{"not_picked":["CarveReality","FlyingSleeves","DeceiveReality"],"picked":"SKIP","floor":31.0},{"not_picked":["Conclude","Crescendo+1","WaveOfTheHand"],"picked":"SKIP","floor":35.0},{"not_picked":["PathToVictory","ThirdEye","Conclude"],"picked":"SKIP","floor":36.0},{"not_picked":["Blind","Enlightenment"],"picked":"Flash of Steel","floor":38.0},{"not_picked":["Trip","HandOfGreed"],"picked":"Dark Shackles","floor":38.0},{"not_picked":["WindmillStrike","FollowUp+1","EmptyBody+1"],"picked":"SKIP","floor":39.0},{"not_picked":["FlyingSleeves","SashWhip","CrushJoints"],"picked":"SKIP","floor":40.0},{"not_picked":["FlyingSleeves","SashWhip","CrushJoints"],"picked":"SKIP","floor":40.0},{"not_picked":["Meditate","PathToVictory"],"picked":"Protect+1","floor":41.0},{"not_picked":["Evaluate","DeceiveReality","BattleHymn"],"picked":"SKIP","floor":42.0},{"not_picked":["PathToVictory","SashWhip"],"picked":"Ragnarok","floor":44.0},{"not_picked":["CutThroughFate","CarveReality","ReachHeaven"],"picked":"SKIP","floor":45.0},{"not_picked":["Pray","FlyingSleeves+1"],"picked":"Adaptation","floor":47.0},{"not_picked":["Pray","FlurryOfBlows","CutThroughFate"],"picked":"SKIP","floor":48.0},{"not_picked":["FlyingSleeves","Brilliance"],"picked":"Indignation","floor":54.0},{"not_picked":["FollowUp","Consecrate"],"picked":"Indignation","floor":54.0},{"not_picked":["Prostrate","Pray+1"],"picked":"MentalFortress","floor":54.0},{"not_picked":["Pray+1","Collect","ReachHeaven"],"picked":"SKIP","floor":55.0}],"player_experience":1902684,"relics_obtained":[{"floor":8.0,"key":"MawBank"},{"floor":9.0,"key":"Sundial"},{"floor":23.0,"key":"Old Coin"},{"floor":25.0,"key":"Smiling Mask"},{"floor":31.0,"key":"Regal Pillow"},{"floor":40.0,"key":"Bag of Preparation"},{"floor":42.0,"key":"Dream Catcher"},{"floor":43.0,"key":"InkBottle"},{"floor":45.0,"key":"Centennial Puzzle"},{"floor":47.0,"key":"Girya"},{"floor":55.0,"key":"Toy Ornithopter"}],"event_choices":[{"damage_healed":0.0,"max_hp_gain":0.0,"max_hp_loss":0.0,"gold_gain":0.0,"event_name":"Living Wall","player_choice":"Grow","floor":2.0,"gold_loss":0.0,"damage_taken":0.0,"cards_upgraded":["Collect"]},{"damage_healed":0.0,"max_hp_gain":0.0,"max_hp_loss":0.0,"gold_gain":0.0,"event_name":"The Woman in Blue","player_choice":"Bought 1 Potion","floor":3.0,"gold_loss":0.0,"damage_taken":0.0},{"damage_healed":0.0,"max_hp_gain":0.0,"max_hp_loss":6.0,"gold_gain":0.0,"event_name":"Golden Idol","player_choice":"Lose Max HP","floor":14.0,"gold_loss":0.0,"damage_taken":0.0,"relics_obtained":["Golden Idol"]},{"damage_healed":0.0,"max_hp_gain":0.0,"max_hp_loss":0.0,"gold_gain":0.0,"event_name":"Drug Dealer","player_choice":"Obtain J.A.X.","floor":19.0,"gold_loss":0.0,"damage_taken":0.0,"cards_obtained":["J.A.X."]},{"damage_healed":0.0,"max_hp_gain":0.0,"max_hp_loss":0.0,"gold_gain":0.0,"event_name":"Forgotten Altar","player_choice":"Gave Idol","floor":20.0,"relics_lost":["Golden Idol"],"gold_loss":0.0,"damage_taken":0.0,"relics_obtained":["Bloody Idol"]},{"cards_removed":["Omniscience"],"damage_healed":5.0,"max_hp_gain":10.0,"max_hp_loss":0.0,"gold_gain":0.0,"event_name":"Bonfire Elementals","player_choice":"Offered Rare","floor":30.0,"gold_loss":0.0,"damage_taken":0.0},{"damage_healed":0.0,"max_hp_gain":0.0,"max_hp_loss":0.0,"gold_gain":0.0,"event_name":"SensoryStone","player_choice":"Memory 3","floor":38.0,"gold_loss":0.0,"damage_taken":10.0},{"damage_healed":0.0,"max_hp_gain":0.0,"max_hp_loss":0.0,"gold_gain":0.0,"event_name":"Mysterious Sphere","player_choice":"Fight","floor":47.0,"gold_loss":0.0,"damage_taken":0.0}],"is_beta":false,"boss_relics":[{"not_picked":["Busted Crown","Velvet Choker"],"picked":"Tiny House"},{"not_picked":["Sozu","Empty Cage"],"picked":"Coffee Dripper"}],"items_purged_floors":[21,37,54],"is_endless":false,"potions_floor_spawned":[5,6,8,11,16,18,25,27,31,35,41,44,48],"killed_by":"The Heart","ascension_level":20}}