{"host":"344lv32hnei0mdhu","time":1612946922,"event":{"mods":["Act Like it!","BaseMod","Better Match","Better Sensory Stone","Better Skull","Better Third Choice","Better Vampires","Colored Powertips","Highlight Path","Minty Spire (QoL Compilation)","Quick Restart","Random Character Button","Rare Cards Sparkle","StSLib"],"gold_per_floor":[118,118,118,38,49,92,92,133,133,68,68,90,90,90],"floor_reached":13,"language":"ENG","playtime":243,"items_purged":[],"score":180,"play_id":"8e653124-ebdf-44a2-a2ac-d030bd1e767b","local_time":"20210210024842","is_ascension_mode":true,"campfire_choices":[{"data":"Capacitor","floor":7,"key":"SMITH"},{"floor":11,"key":"REST"}],"circlet_count":0,"master_deck":["AscendersBane","Strike_B","Strike_B","Strike_B","Strike_B","Defend_B","Defend_B","Defend_B","Defend_B","Zap","Dualcast","BootSequence","Capacitor+1","Conserve Battery","Biased Cognition","Consume","Self Repair+1","Beam Cell"],"relics":["Cracked Core","NeowsBlessing","CeramicFish","Bronze Scales","Omamori","Frozen Egg 2"],"acts_visited":["Exordium"],"potions_floor_usage":[8],"damage_taken":[{"damage":0.0,"enemies":"Jaw Worm","floor":1.0,"turns":1.0},{"damage":0,"enemies":"2 Louse","floor":5,"turns":1},{"damage":0,"enemies":"Gremlin Nob","floor":6,"turns":1},{"damage":30,"enemies":"Lagavulin","floor":8,"turns":9},{"damage":0,"enemies":"Cultist","floor":12,"turns":3},{"damage":0,"enemies":"Gremlin Nob","floor":13,"turns":1}],"seed_played":"7231972330094284928","potions_obtained":[{"floor":1.0,"key":"BlessingOfTheForge"},{"floor":5,"key":"LiquidBronze"}],"is_trial":false,"path_per_floor":["M","?","?","$","M","E","R","E","T","$","R","M","E"],"character_chosen":"DEFECT","items_purchased":["Capacitor","Conserve Battery","Self Repair+1"],"campfire_rested":1,"item_purchase_floors":[4,4,10],"current_hp_per_floor":[68,68,43,43,43,43,43,13,13,13,35,35,35,35],"gold":90,"neow_bonus":"THREE_ENEMY_KILL","is_daily":false,"chose_seed":false,"campfire_upgraded":1,"win_rate":0.0,"timestamp":1612946922,"path_taken":["M","?","?","$","M","E","R","E","T","$","R","M","E"],"items_purchased_type":["Card","Card","Card"],"build_version":"2020-12-22","purchased_purges":0,"victory":false,"max_hp_per_floor":[75,75,75,75,75,75,75,75,75,75,75,75,75,75],"card_choices":[{"not_picked":["Scrape","Compile Driver"],"picked":"BootSequence","floor":1.0},{"not_picked":["Compile Driver","Sweeping Beam","Redo"],"picked":"SKIP","floor":5},{"not_picked":["Rebound","Storm"],"picked":"Biased Cognition","floor":6},{"not_picked":["Steam Power","Doom and Gloom"],"picked":"Consume","floor":8},{"not_picked":["Hologram","Turbo"],"picked":"Beam Cell","floor":12}],"player_experience":426004,"relics_obtained":[{"floor":6,"key":"Bronze Scales"},{"floor":8,"key":"Omamori"},{"floor":9,"key":"Frozen Egg 2"}],"event_choices":[{"damage_healed":0,"gold_gain":0,"player_choice":"Leave","damage_taken":0,"max_hp_gain":0,"max_hp_loss":0,"event_name":"The Cleric","floor":2,"gold_loss":0},{"damage_healed":0,"gold_gain":1,"player_choice":"Relic ","damage_taken":25,"max_hp_gain":0,"max_hp_loss":0,"event_name":"betterThird:BetterScrap","floor":3,"gold_loss":0,"cards_obtained":["Eviscerate"]}],"is_beta":false,"boss_relics":[],"items_purged_floors":[],"is_endless":false,"potions_floor_spawned":[1,5],"killed_by":"Gremlin Nob","ascension_level":11}}