{"host":"c4wbe3youf5363qr","time":1612936272,"event":{"mods":["Act Like it!","BaseMod","Bestiary","Curses Come First","DeckTracker","Energized Spire","Minty Spire (QoL Compilation)","Relic Stats","Reliquary","StSLib","The Marked"],"gold_per_floor":[115,115,132,207,172,203,203,232,232,232,248,248,51,67,67,164,164,182,182,209,221,141,141,156,156,156],"floor_reached":25,"language":"ENG","playtime":1357,"items_purged":[],"score":234,"play_id":"6221624f-25d0-4f40-a638-31ac928acf63","local_time":"20210209215112","is_ascension_mode":false,"campfire_choices":[{"data":"theMarked:OneWithTheBlade","floor":7,"key":"SMITH"},{"data":"theMarked:BanishingStrike","floor":12,"key":"SMITH"},{"data":"theMarked:ComboAttacks","floor":15,"key":"SMITH"},{"floor":23,"key":"REST"}],"circlet_count":0,"master_deck":["theMarked:Strike+1","theMarked:Strike+1","theMarked:Strike+1","theMarked:Strike+1","theMarked:Strike+1","theMarked:Defend+1","theMarked:Defend+1","theMarked:Defend+1","theMarked:Defend+1","theMarked:Improvise+1","theMarked:OneWithTheBlade+1","theMarked:EmpowerWeapon+1","theMarked:ElectricStrings","theMarked:BanishingStrike+1","theMarked:ComboAttacks+1","theMarked:Vacuum","theMarked:Parkour","theMarked:BindingBlade","theMarked:ParalyzingBlade","theMarked:RepellingDischarge+1","theMarked:HeightenedSenses","theMarked:RogueSparks"],"relics":["theMarked:ArtifactOfAir","NeowsBlessing","Incense Burner","reliquary:FeatherDuster","Turnip","theMarked:SpiritSword","Red Mask"],"acts_visited":["Exordium","TheCity"],"potions_floor_usage":[16,16,21,25],"damage_taken":[{"damage":0,"enemies":"Small Slimes","floor":1,"turns":1},{"damage":0,"enemies":"Jaw Worm","floor":3,"turns":1},{"damage":0,"enemies":"3 Sentries","floor":6,"turns":2},{"damage":6,"enemies":"Gremlin Nob","floor":8,"turns":3},{"damage":0,"enemies":"2 Louse","floor":11,"turns":2},{"damage":11,"enemies":"Looter","floor":14,"turns":3},{"damage":27,"enemies":"The Guardian","floor":16,"turns":7},{"damage":0,"enemies":"Chosen","floor":18,"turns":4},{"damage":41,"enemies":"Masked Bandits","floor":20,"turns":5},{"damage":25,"enemies":"3 Byrds","floor":21,"turns":5},{"damage":9,"enemies":"Centurion and Healer","floor":24,"turns":5},{"damage":17,"enemies":"Slavers","floor":25,"turns":3}],"seed_played":"250070970888023720","potions_obtained":[{"floor":3,"key":"Fire Potion"},{"floor":14,"key":"Strength Potion"},{"floor":16,"key":"Dexterity Potion"},{"floor":18,"key":"theMarked:HoverShot"},{"floor":20,"key":"Block Potion"},{"floor":24,"key":"DuplicationPotion"}],"is_trial":false,"path_per_floor":["M","?","M","?","?","E","R","E","T","?","M","R","$","M","R","B",null,"M","?","?","M","$","R","M","E"],"character_chosen":"THE_DEFAULT","items_purchased":["theMarked:ComboAttacks","theMarked:Vacuum","theMarked:RogueSparks"],"campfire_rested":1,"item_purchase_floors":[13,13,22],"current_hp_per_floor":[70,56,56,45,62,62,62,56,56,56,56,56,56,45,45,18,70,70,70,29,4,4,25,16,0,0],"gold":156,"neow_bonus":"THREE_ENEMY_KILL","is_daily":false,"chose_seed":false,"campfire_upgraded":3,"win_rate":0.0,"timestamp":1612936272,"path_taken":["M","?","M","?","?","E","R","E","T","?","M","R","$","M","R","BOSS","M","?","?","M","?","R","M","E"],"items_purchased_type":["Card","Card","Card"],"build_version":"2020-12-22","purchased_purges":0,"victory":false,"max_hp_per_floor":[70,70,70,70,70,70,70,70,70,70,70,70,70,70,70,70,70,70,70,70,70,70,70,70,70,70],"relic_stats":{"counters":[12,41],"Turnip":[4],"obtain_stats":[{"theMarked:ArtifactOfAir":0,"reliquary:FeatherDuster":8,"NeowsBlessing":0,"Turnip":9,"theMarked:SpiritSword":17,"Incense Burner":6,"Red Mask":20},{"theMarked:ArtifactOfAir":0,"reliquary:FeatherDuster":4,"NeowsBlessing":0,"Turnip":4,"theMarked:SpiritSword":7,"Incense Burner":3,"Red Mask":9},{"theMarked:ArtifactOfAir":0,"reliquary:FeatherDuster":7,"NeowsBlessing":0,"Turnip":7,"theMarked:SpiritSword":19,"Incense Burner":4,"Red Mask":28}]},"card_choices":[{"not_picked":["theMarked:RepellingDischarge","theMarked:Memento"],"picked":"theMarked:Improvise","floor":1},{"not_picked":["theMarked:ShockingTouch","theMarked:Frustration"],"picked":"theMarked:OneWithTheBlade","floor":3},{"not_picked":["theMarked:WastefulAttack","theMarked:WardOff"],"picked":"theMarked:EmpowerWeapon","floor":6},{"not_picked":["theMarked:Electrify","theMarked:WastefulAttack"],"picked":"theMarked:ElectricStrings","floor":8},{"not_picked":["theMarked:Seal","theMarked:Challenge"],"picked":"theMarked:BanishingStrike","floor":11},{"not_picked":["theMarked:BanishingStrike","theMarked:TwofoldDefense"],"picked":"theMarked:Parkour","floor":14},{"not_picked":["theMarked:FavorableWinds","theMarked:TurnInvisible"],"picked":"theMarked:BindingBlade","floor":16},{"not_picked":["theMarked:EmpowerWeapon+1","theMarked:KeepCalmAndFight+1"],"picked":"theMarked:ParalyzingBlade","floor":18},{"not_picked":["theMarked:CreepingChasm","theMarked:Generate"],"picked":"theMarked:RepellingDischarge+1","floor":20},{"not_picked":["theMarked:WastefulAttack","theMarked:OneWithTheBlade"],"picked":"theMarked:HeightenedSenses","floor":21},{"not_picked":["theMarked:Maelstrom","theMarked:TunnelVision+1","theMarked:Improvise"],"picked":"SKIP","floor":24}],"player_experience":326945,"relics_obtained":[{"floor":6,"key":"Incense Burner"},{"floor":8,"key":"reliquary:FeatherDuster"},{"floor":9,"key":"Turnip"},{"floor":20,"key":"Red Mask"}],"event_choices":[{"damage_healed":0,"gold_gain":0,"player_choice":"Entered Light","damage_taken":14,"max_hp_gain":0,"max_hp_loss":0,"event_name":"Shining Light","floor":2,"gold_loss":0,"cards_upgraded":["theMarked:Improvise","theMarked:Strike"]},{"damage_healed":0,"gold_gain":75,"player_choice":"Gather Gold","damage_taken":11,"max_hp_gain":0,"max_hp_loss":0,"event_name":"World of Goop","floor":4,"gold_loss":0},{"damage_healed":17,"gold_gain":0,"player_choice":"Healed","damage_taken":0,"max_hp_gain":0,"max_hp_loss":0,"event_name":"The Cleric","floor":5,"gold_loss":35},{"damage_healed":0,"gold_gain":0,"player_choice":"Grow","damage_taken":0,"max_hp_gain":0,"max_hp_loss":0,"event_name":"Living Wall","floor":10,"gold_loss":0,"cards_upgraded":["theMarked:EmpowerWeapon"]},{"damage_healed":0,"gold_gain":0,"player_choice":"Simplicity","damage_taken":0,"max_hp_gain":0,"max_hp_loss":0,"event_name":"Back to Basics","floor":19,"gold_loss":0,"cards_upgraded":["theMarked:Strike","theMarked:Strike","theMarked:Strike","theMarked:Strike","theMarked:Defend","theMarked:Defend","theMarked:Defend","theMarked:Defend"]},{"damage_healed":0,"gold_gain":0,"player_choice":"Fought Bandits","damage_taken":0,"max_hp_gain":0,"max_hp_loss":0,"event_name":"Masked Bandits","floor":20,"gold_loss":0}],"is_beta":false,"boss_relics":[{"not_picked":["Black Star","Empty Cage"],"picked":"theMarked:SpiritSword"}],"items_purged_floors":[],"is_endless":false,"potions_floor_spawned":[3,14,16,18,20,24],"killed_by":"Slavers","ascension_level":0}}