{"host":"8p8mq6wqs4l9r8vf","time":1612977170,"event":{"mods":["BaseMod","Colored Powertips","Minty Spire (QoL Compilation)","Replay The Spire","StSLib"],"gold_per_floor":[113,133,133,143,157,157,17,17,17,17,17,17,43,43,43,144,144,157,174,174,174,174,174,174,174,227,227,242,260,260,260],"floor_reached":30,"language":"RUS","playtime":967,"items_purged":[],"score":241,"play_id":"c97403a2-42ce-40ff-936d-b27d65d51d0c","local_time":"20210210221250","is_ascension_mode":false,"campfire_choices":[{"floor":6,"key":"REST"},{"data":"Deadly Poison","floor":11,"key":"SMITH"},{"floor":15,"key":"REST"},{"floor":23,"key":"REST"},{"floor":25,"key":"REST"},{"data":"Madness","floor":27,"key":"SMITH"}],"circlet_count":0,"master_deck":["Defend_B","Defend_B","Defend_B","Defend_B","Dualcast","Coolheaded","Meteor Strike","Gash","Static Discharge","Madness+1","Cold Snap","Deadly Poison+1","Loop","ReplayRNGCard","Redo","Rebound+1","Bite+1","Bite","Bite+1","Bite","Bite","ReplayTheSpireMod:Omega Cannon","Gash"],"relics":["Inserter","ReplayTheSpireMod:Ring of Addiction","ReplayTheSpireMod:Ring of Exchange","White Beast Statue","Toy Ornithopter","Snack Pack","Letter Opener","Odd Mushroom","Black Star","MutagenicStrength","Whetstone","Juzu Bracelet"],"acts_visited":["Exordium","TheCity"],"potions_floor_usage":[4,13,16,16,16,28,29,29],"damage_taken":[{"damage":6,"enemies":"Cultist","floor":1,"turns":4},{"damage":2,"enemies":"Small Slimes","floor":2,"turns":5},{"damage":10,"enemies":"2 Louse","floor":4,"turns":3},{"damage":21,"enemies":"Looter","floor":5,"turns":4},{"damage":34,"enemies":"The Mushroom Lair","floor":13,"turns":5},{"damage":59,"enemies":"Slime Boss","floor":16,"turns":12},{"damage":41,"enemies":"Spheric Guardian","floor":18,"turns":6},{"damage":17,"enemies":"Chosen","floor":19,"turns":6},{"damage":50,"enemies":"Shelled Parasite and Fungi","floor":28,"turns":6},{"damage":31,"enemies":"Snecko","floor":29,"turns":4},{"damage":19,"enemies":"Snake Plant","floor":30,"turns":1}],"seed_played":"-4833122208986549688","potions_obtained":[{"floor":3,"key":"Adrenaline Potion"},{"floor":3,"key":"FearPotion"},{"floor":3,"key":"Swift Potion"},{"floor":4,"key":"FearPotion"},{"floor":5,"key":"SteroidPotion"},{"floor":13,"key":"Explosive Potion"},{"floor":16,"key":"LiquidMemories"},{"floor":18,"key":"FairyPotion"},{"floor":19,"key":"Explosive Potion"},{"floor":28,"key":"AttackPotion"},{"floor":29,"key":"Adrenaline Potion"}],"is_trial":false,"path_per_floor":["M","M","?","M","M","R","$","?","T","?","R","$","?","$","R","B",null,"M","M","?","?","T","R","?","R","T","R","M","M","M"],"character_chosen":"DEFECT","items_purchased":["Madness","Cold Snap"],"campfire_rested":4,"item_purchase_floors":[7,7],"current_hp_per_floor":[69,67,67,62,41,63,63,63,63,60,60,60,33,33,54,12,71,32,17,17,17,17,30,30,43,43,43,8,13,0,0],"gold":260,"neow_bonus":"BOSS_RELIC","is_daily":false,"chose_seed":false,"campfire_upgraded":2,"win_rate":0.0,"timestamp":1612977170,"path_taken":["M","?","?","M","M","R","$","?","T","?","R","?","?","$","R","BOSS","M","M","?","?","?","R","?","R","T","R","M","M","M"],"items_purchased_type":["Card","Card"],"build_version":"2020-12-22","purchased_purges":0,"victory":false,"max_hp_per_floor":[75,75,75,75,75,75,75,73,73,73,71,71,71,71,71,71,71,71,71,69,48,48,46,46,46,44,44,44,44,44,44],"card_choices":[{"not_picked":["Rebound","Conserve Battery"],"picked":"Coolheaded","floor":1},{"not_picked":["Conserve Battery","Double Energy"],"picked":"Meteor Strike","floor":2},{"not_picked":["Streamline","BasicCrystalCard"],"picked":"Gash","floor":4},{"not_picked":["Cold Snap","Stack"],"picked":"Static Discharge","floor":5},{"not_picked":["Rebound","ReplayTheSpireMod:GoodbyeWorld"],"picked":"Loop","floor":13},{"not_picked":["ReplayTheSpireMod:Omega Cannon","Meteor Strike"],"picked":"ReplayRNGCard","floor":16},{"not_picked":["Steam+1","Rebound"],"picked":"Redo","floor":18},{"not_picked":["Cold Snap","ReplayTheSpireMod:Repulse"],"picked":"Rebound+1","floor":19},{"not_picked":["Go for the Eyes+1","Steam+1"],"picked":"ReplayTheSpireMod:Omega Cannon","floor":28},{"not_picked":["Loop+1","Time Bomb+1"],"picked":"Gash","floor":29}],"player_experience":46721,"relics_obtained":[{"floor":3,"key":"ReplayTheSpireMod:Ring of Addiction"},{"floor":3,"key":"ReplayTheSpireMod:Ring of Exchange"},{"floor":3,"key":"White Beast Statue"},{"floor":3,"key":"Toy Ornithopter"},{"floor":9,"key":"Snack Pack"},{"floor":13,"key":"Odd Mushroom"},{"floor":22,"key":"Whetstone"},{"floor":26,"key":"Juzu Bracelet"}],"event_choices":[{"damage_healed":0,"gold_gain":0,"player_choice":"Success","damage_taken":3,"relics_obtained":["Letter Opener"],"max_hp_gain":0,"max_hp_loss":0,"event_name":"Scrap Ooze","floor":10,"gold_loss":0},{"damage_healed":0,"gold_gain":0,"player_choice":"Fought Mushrooms","damage_taken":0,"max_hp_gain":0,"max_hp_loss":0,"event_name":"Mushrooms","floor":13,"gold_loss":0},{"damage_healed":0,"gold_gain":0,"player_choice":"Inject Mutagens","damage_taken":0,"relics_obtained":["MutagenicStrength"],"max_hp_gain":0,"max_hp_loss":0,"event_name":"Drug Dealer","floor":20,"gold_loss":0},{"damage_healed":0,"gold_gain":0,"player_choice":"Became a vampire","damage_taken":0,"max_hp_gain":0,"max_hp_loss":21,"event_name":"Vampires","floor":21,"gold_loss":0,"cards_obtained":["Bite","Bite","Bite","Bite","Bite"]},{"cards_removed":["Languid"],"damage_healed":0,"gold_gain":0,"player_choice":"Removed Curses","damage_taken":0,"max_hp_gain":0,"max_hp_loss":0,"event_name":"Fountain of Cleansing","floor":24,"gold_loss":0}],"is_beta":false,"boss_relics":[{"not_picked":["Frozen Eye","ReplayTheSpireMod:DimensionalGlitch"],"picked":"Black Star"}],"items_purged_floors":[],"is_endless":false,"potions_floor_spawned":[4,5,13,16,18,19,28,29],"killed_by":"Snake Plant","ascension_level":0}}