{"host":"p6x4b30m1ltzgl6z","time":1612917240,"event":{"mods":["2.2 Compatiblity","Act Like it!","BaseMod","Colored Powertips","Curses Come First","Defective Defect","Gensokyo","GifTheSpireLib","Halation","Hallownest","Infinite Spire","Marisa????????","Minty Spire (QoL Compilation)","Quick Restart","Rare Cards Sparkle","Reimu??????","Replay The Spire","StSLib","Stuff the Spire","The Bug Knight","The Servant 0.9.4","everything is the same but u backflip on backflip","slay the spire mod where everything is the same but ironclad has a cowboy hat"],"gold_per_floor":[109,59,75,75,155,185,206,233,233,233,258,301,211,211,74,91,91,200,200,301,493,89,191,191,191,191,191,191,216,300,357,18,70,70,195,195,313,313,416,416,416,416,416,416,416,127,127,201,201,201,201,201,201,201],"floor_reached":55,"language":"ENG","playtime":7188,"items_purged":[],"score":775,"play_id":"06bbafd5-e8b0-4cd2-a594-03598f294320","local_time":"20210209183400","is_ascension_mode":false,"campfire_choices":[{"floor":14,"key":"REST"},{"floor":17,"key":"REST"},{"floor":25,"key":"REST"},{"floor":27,"key":"REST"},{"floor":34,"key":"REST"},{"floor":42,"key":"REST"},{"floor":44,"key":"REST"},{"floor":53,"key":"REST"}],"circlet_count":0,"master_deck":["Strike_MRS","Strike_MRS","Strike_MRS","Strike_MRS+1","Defend_MRS","Defend_MRS","Defend_MRS","Defend_MRS+1","MasterSpark+1","MilkyWay","Gensokyo:BlessingOfConstitution","GalacticHalo","Robbery","GalacticHalo","MagicAbsorber","ReplayTheSpireMod:Private Reserves","GalacticHalo","Madness","EnergyRecoil","CasketOfStar","Acceleration+1","MagicAbsorber","WitchOfGreed","WitchOfGreed+1","StarDustReverie","Gensokyo:TurboGranny","Singularity","WitchOfGreed","SporeBomb+1"],"relics":["MiniHakkero","NeowsBlessing","Gensokyo:Mercy","Omamori","halation:KoshaPiece","ReplayTheSpireMod:Lightbulb","Fusion Hammer","Replay:WaspNest","StuffTheSpire:GrapeVine","Gensokyo:ChorusOfJoy","Pantograph","ClockworkSouvenir","infinitespire:Cupcake","Juzu Bracelet","PreservedInsect","Oddly Smooth Stone","Medical Kit","Bag of Preparation","halation:EternalFortune"],"acts_visited":["Gensokyo:Gensokyo","Gensokyo:Gensokyoer","Gensokyo:Gensokyoest"],"potions_floor_usage":[16,18,18,29,30,31,31,33,35,35,48,48,54,54,54],"damage_taken":[{"damage":0,"enemies":"Gensokyo:3_Fairies","floor":1,"turns":1},{"damage":0,"enemies":"Gensokyo:Gryphon","floor":3,"turns":1},{"damage":0,"enemies":"Gensokyo:Cirno","floor":6,"turns":2},{"damage":7,"enemies":"Gensokyo:2_Kodama","floor":7,"turns":3},{"damage":0,"enemies":"Gensokyo:Mamizou","floor":8,"turns":17},{"damage":1,"enemies":"Gensokyo:Kitsune","floor":12,"turns":5},{"damage":16,"enemies":"Gensokyo:5_Fairies","floor":16,"turns":13},{"damage":38,"enemies":"Gensokyo:Reimu","floor":18,"turns":21},{"damage":0,"enemies":"Gensokyo:AngelMirror","floor":20,"turns":8},{"damage":0,"enemies":"Gensokyo:Chomper","floor":21,"turns":9},{"damage":46,"enemies":"Gensokyo:3_Gloops","floor":23,"turns":10},{"damage":10,"enemies":"Gensokyo:Wraith","floor":29,"turns":8},{"damage":11,"enemies":"Gensokyo:Monolith_and_Dog","floor":30,"turns":7},{"damage":30,"enemies":"Gensokyo:3_Gloops","floor":31,"turns":9},{"damage":0,"enemies":"Gensokyo:Slime_Group","floor":33,"turns":9},{"damage":0,"enemies":"Gensokyo:Kaguya","floor":35,"turns":15},{"damage":15,"enemies":"Gensokyo:3_Bats","floor":37,"turns":10},{"damage":8,"enemies":"Gensokyo:3_Boulders","floor":39,"turns":7},{"damage":8,"enemies":"Gensokyo:Dusk_and_Dawn","floor":48,"turns":6},{"damage":4,"enemies":"Gensokyo:Yuyuko","floor":54,"turns":14}],"seed_played":"-6184447265790468613","potions_obtained":[{"floor":3,"key":"SpeedPotion"},{"floor":7,"key":"Strength Potion"},{"floor":8,"key":"Adrenaline Potion"},{"floor":18,"key":"Fire Potion"},{"floor":20,"key":"DuplicationPotion"},{"floor":23,"key":"DistilledChaos"},{"floor":30,"key":"BottledSpark"},{"floor":31,"key":"SkillPotion"},{"floor":31,"key":"Swift Potion"},{"floor":33,"key":"SpeedPotion"},{"floor":33,"key":"GamblersBrew"},{"floor":37,"key":"Swift Potion"},{"floor":37,"key":"ColorlessPotion"},{"floor":37,"key":"AttackPotion"},{"floor":48,"key":"Weak Potion"},{"floor":48,"key":"BottledSpark"}],"is_trial":false,"path_per_floor":["M","?","M","?","?","E","M","E","PTL","PTL","T","M","$","R","$","M","R","B",null,"M","M","$","M","?","R","?","R","T","M","M","M","COS","M","R","B",null,"M","?","M","?","T","R","AVR","R","T","$","?","M","?","PTL","PTL","?","R","B",null],"character_chosen":"MARISA","items_purchased":["ReplayTheSpireMod:Private Reserves","GalacticHalo","Madness","Replay:WaspNest","StuffTheSpire:GrapeVine","Oddly Smooth Stone","Medical Kit"],"campfire_rested":8,"item_purchase_floors":[13,15,15,22,22,46,46],"current_hp_per_floor":[75,75,75,75,75,75,68,68,68,68,68,67,67,75,75,59,75,37,75,75,75,75,29,29,51,51,73,73,63,52,22,22,22,44,69,75,60,60,52,52,52,74,74,75,75,75,75,67,67,67,67,70,78,78],"gold":201,"neow_bonus":"THREE_ENEMY_KILL","is_daily":false,"chose_seed":false,"campfire_upgraded":0,"win_rate":0.0,"timestamp":1612917240,"path_taken":["M","?","M","?","?","E","M","E","PTL","PTL","T","?","?","R","$","M","R","BOSS","M","M","$","M","?","R","?","R","T","M","M","M","COS","M","R","BOSS","M","?","?","?","?","R","AVR","R","T","$","?","M","?","PTL","PTL","?","R","BOSS"],"items_purchased_type":["Card","Card","Card","Relic","Relic","Relic","Relic"],"build_version":"2020-12-22","purchased_purges":0,"victory":true,"max_hp_per_floor":[75,75,75,75,75,75,75,75,75,75,75,75,75,75,75,75,75,75,75,75,75,75,75,75,75,75,75,75,75,75,75,75,75,75,75,75,75,75,75,75,75,75,75,75,75,75,75,75,75,75,75,78,78,78],"card_choices":[{"not_picked":["6A","ShootingEcho"],"picked":"MilkyWay","floor":1},{"not_picked":["ManaConvection","MilkyWay"],"picked":"GalacticHalo","floor":3},{"not_picked":["WitchLeyline","CollectingQuirk"],"picked":"Robbery","floor":6},{"not_picked":["IllusionStar","WitchOfGreed"],"picked":"GalacticHalo","floor":7},{"not_picked":["DoubleSpark","6A","UnstableBomb"],"picked":"SKIP","floor":8},{"not_picked":["GasGiant","OpenUniverse"],"picked":"MagicAbsorber","floor":12},{"not_picked":["AsteroidBelt","Acceleration"],"picked":"EnergyRecoil","floor":16},{"not_picked":["BlazingStar","SatelliteIllusion"],"picked":"CasketOfStar","floor":18},{"not_picked":["FairyDestructionRay","LuminesStrike+1"],"picked":"Acceleration+1","floor":20},{"not_picked":["DarkSpark","DC+1"],"picked":"MagicAbsorber","floor":21},{"not_picked":["NonDirectionalLaser","GrandCross","ShootingEcho"],"picked":"SKIP","floor":23},{"not_picked":["ManaConvection","DoubleSpark"],"picked":"WitchOfGreed","floor":29},{"not_picked":["AsteroidBelt","SporeBomb"],"picked":"WitchOfGreed+1","floor":30},{"not_picked":["ShootingEcho","UnstableBomb"],"picked":"StarDustReverie","floor":31},{"not_picked":["GravityBeat","BlazeAway"],"picked":"Singularity","floor":33},{"not_picked":["GravityBeat+1","UnstableBomb+1"],"picked":"WitchOfGreed","floor":37},{"not_picked":["AlicesGift","Singularity+1"],"picked":"SporeBomb+1","floor":39},{"not_picked":["GasGiant+1","DC","MysteriousBeam"],"picked":"SKIP","floor":48}],"player_experience":150057,"relics_obtained":[{"floor":6,"key":"Omamori"},{"floor":8,"key":"halation:KoshaPiece"},{"floor":11,"key":"ReplayTheSpireMod:Lightbulb"},{"floor":28,"key":"Pantograph"},{"floor":41,"key":"Juzu Bracelet"},{"floor":45,"key":"PreservedInsect"}],"event_choices":[],"is_beta":false,"boss_relics":[{"not_picked":["Replay:Ancient Bell","Painkiller Herb"],"picked":"Fusion Hammer"},{"not_picked":["Velvet Choker","Replay:Drink Me"],"picked":"infinitespire:Cupcake"}],"items_purged_floors":[],"is_endless":false,"potions_floor_spawned":[3,7,8,18,20,23,30,33,37],"ascension_level":0}}