{"host":"soyfmymeou4emntr","time":1612932529,"event":{"mods":["BaseMod","Minty Spire (QoL Compilation)","Permanent Neow","Relic Sorter","Relic Stats","StSLib"],"gold_per_floor":[14,14,14,39,10,10,54,54,126,144,163,179,26,26,26,120,120,143,143,159,182,202,202,202,202],"floor_reached":24,"language":"ENG","playtime":2178,"items_purged":["Strike_G"],"score":446,"play_id":"3db00765-0aed-4784-88fe-f45088e76c2d","local_time":"20210209214849","is_ascension_mode":true,"campfire_choices":[{"data":"Corpse Explosion","floor":6,"key":"SMITH"},{"floor":8,"key":"REST"},{"floor":15,"key":"REST"},{"floor":23,"key":"REST"}],"circlet_count":0,"master_deck":["AscendersBane","Strike_G","Strike_G","Strike_G","Strike_G","Defend_G","Defend_G","Defend_G","Defend_G","Defend_G","Survivor","Neutralize","Corpse Explosion+1","Sucker Punch","Backflip","Slice","Blade Dance","Corpse Explosion","Terror","Well Laid Plans","Adrenaline","Concentrate","Deadly Poison"],"relics":["Ring of the Snake","Golden Idol","White Beast Statue","InkBottle","Runic Pyramid","CultistMask"],"acts_visited":["Exordium","TheCity"],"potions_floor_usage":[12,12,16,18,20,22,24,24],"damage_taken":[{"damage":8,"enemies":"Small Slimes","floor":1,"turns":4},{"damage":0,"enemies":"2 Louse","floor":4,"turns":2},{"damage":48,"enemies":"Gremlin Nob","floor":7,"turns":5},{"damage":0,"enemies":"Cultist","floor":10,"turns":3},{"damage":4,"enemies":"Exordium Thugs","floor":11,"turns":6},{"damage":4,"enemies":"Large Slime","floor":12,"turns":6},{"damage":47,"enemies":"Slime Boss","floor":16,"turns":12},{"damage":12,"enemies":"2 Thieves","floor":18,"turns":2},{"damage":1,"enemies":"3 Byrds","floor":20,"turns":2},{"damage":3,"enemies":"Centurion and Healer","floor":21,"turns":4},{"damage":23,"enemies":"Snecko","floor":22,"turns":6},{"damage":27,"enemies":"Gremlin Leader","floor":24,"turns":4}],"seed_played":"-555841033654948321","potions_obtained":[{"floor":10,"key":"ColorlessPotion"},{"floor":11,"key":"CunningPotion"},{"floor":12,"key":"DistilledChaos"},{"floor":16,"key":"AttackPotion"},{"floor":18,"key":"GamblersBrew"},{"floor":20,"key":"SkillPotion"},{"floor":21,"key":"Fire Potion"},{"floor":22,"key":"EssenceOfSteel"}],"is_trial":false,"path_per_floor":["M","?","?","M","$","R","E","R","T","M","M","M","$","?","R","B",null,"M","?","M","M","M","R","E"],"character_chosen":"THE_SILENT","items_purchased":["Slice","Well Laid Plans"],"campfire_rested":3,"item_purchase_floors":[5,13],"current_hp_per_floor":[51,51,51,51,51,51,3,21,21,21,17,13,13,33,51,4,46,34,34,33,30,7,25,0,0],"gold":202,"neow_bonus":"THREE_RARE_CARDS","is_daily":false,"chose_seed":false,"campfire_upgraded":1,"win_rate":0.0,"timestamp":1612932529,"path_taken":["M","?","?","?","?","R","E","R","T","M","M","M","$","?","R","BOSS","M","?","M","?","M","R","E"],"items_purchased_type":["Card","Card"],"build_version":"2020-12-22","purchased_purges":1,"victory":false,"max_hp_per_floor":[66,60,60,60,60,60,60,60,60,60,60,60,60,60,60,60,60,60,60,60,60,60,60,60,60],"relic_stats":{"counters":[12,56],"Golden Idol":61,"obtain_stats":[{"Golden Idol":2,"CultistMask":19,"White Beast Statue":7,"InkBottle":9,"Ring of the Snake":0,"Runic Pyramid":17},{"Golden Idol":1,"CultistMask":8,"White Beast Statue":3,"InkBottle":3,"Ring of the Snake":0,"Runic Pyramid":7},{"Golden Idol":4,"CultistMask":40,"White Beast Statue":11,"InkBottle":11,"Ring of the Snake":0,"Runic Pyramid":38}],"InkBottle":[19],"Ring of the Snake":[24]},"card_choices":[{"not_picked":["Night Terror","Grand Finale"],"picked":"Corpse Explosion","floor":0},{"not_picked":["Dagger Spray","Blur"],"picked":"Sucker Punch","floor":1},{"not_picked":["Tactician","Slice"],"picked":"Backflip","floor":4},{"not_picked":["Deflect","Blur"],"picked":"Blade Dance","floor":7},{"not_picked":["Slice","Dodge and Roll","Underhanded Strike"],"picked":"SKIP","floor":10},{"not_picked":["Sucker Punch","Escape Plan"],"picked":"Corpse Explosion","floor":11},{"not_picked":["Slice","Flying Knee"],"picked":"Terror","floor":12},{"not_picked":["Corpse Explosion","Malaise"],"picked":"Adrenaline","floor":16},{"not_picked":["Bouncing Flask","Choke"],"picked":"Concentrate","floor":18},{"not_picked":["Blade Dance","Outmaneuver"],"picked":"Deadly Poison","floor":20},{"not_picked":["Dagger Throw","Acrobatics","Finisher"],"picked":"SKIP","floor":21},{"not_picked":["Dagger Spray","Quick Slash","Prepared"],"picked":"SKIP","floor":22}],"player_experience":3179415,"relics_obtained":[{"floor":7,"key":"White Beast Statue"},{"floor":9,"key":"InkBottle"}],"event_choices":[{"damage_healed":0,"gold_gain":0,"player_choice":"Lose Max HP","damage_taken":0,"relics_obtained":["Golden Idol"],"max_hp_gain":0,"max_hp_loss":6,"event_name":"Golden Idol","floor":2,"gold_loss":0},{"damage_healed":0,"gold_gain":0,"player_choice":"Ignored","damage_taken":0,"max_hp_gain":0,"max_hp_loss":0,"event_name":"WeMeetAgain","floor":3,"gold_loss":0},{"damage_healed":20,"gold_gain":0,"player_choice":"Banana","damage_taken":0,"max_hp_gain":0,"max_hp_loss":0,"event_name":"Big Fish","floor":14,"gold_loss":0},{"damage_healed":0,"gold_gain":0,"player_choice":"Trade","damage_taken":0,"relics_obtained":["CultistMask"],"max_hp_gain":0,"max_hp_loss":0,"event_name":"FaceTrader","floor":19,"gold_loss":0}],"is_beta":false,"boss_relics":[{"not_picked":["Busted Crown","Coffee Dripper"],"picked":"Runic Pyramid"}],"items_purged_floors":[13],"is_endless":false,"potions_floor_spawned":[10,11,12,16,18,20,21,22],"killed_by":"Gremlin Leader","ascension_level":20}}