{"host":"sc0o2qwpf9j16a4i","time":1612980021,"event":{"mods":["AchievementEnabler","BaseMod","BetterRewards","Block Reminder","Colored Map","Colored Powertips","Custom Start","Highlight Path","Minty Spire (QoL Compilation)","Relic Stats"],"gold_per_floor":[147,201,1,40,40,40,145,145,145,145,145,196,232,319,319,604,604,640,640,36,36,90,90,192,246,246,246,246],"floor_reached":27,"language":"ENG","playtime":695,"items_purged":[],"score":291,"play_id":"85d1343c-15ed-4ac2-9c0c-fc28d37477ab","local_time":"20210210200021","daily_mods":["Heirloom","Purple Cards","Midas"],"is_ascension_mode":false,"campfire_choices":[{"floor":6,"key":"REST"},{"floor":8,"key":"REST"},{"floor":11,"key":"REST"},{"data":"1","floor":15,"key":"LIFT"},{"data":"2","floor":23,"key":"LIFT"}],"circlet_count":0,"master_deck":["Strike_B","Strike_B","Strike_B","Strike_B","Defend_B","Defend_B","Defend_B","Defend_B","Zap","Dualcast","Steam Power","Barrage","FollowUp","Regret","Sweeping Beam","Zap","Consume","CutThroughFate","Blasphemy","Ball Lightning","Sweeping Beam","Self Repair","Cold Snap","Conserve Battery"],"relics":["Cracked Core","Emotion Chip","Tiny Chest","Singing Bowl","MealTicket","Oddly Smooth Stone","Girya","Black Star","Blue Candle","Medical Kit","Incense Burner","Nunchaku","Happy Flower","Art of War"],"acts_visited":["Exordium","TheCity"],"potions_floor_usage":[12,12,14,14,18,24,24,25],"damage_taken":[{"damage":5,"enemies":"Small Slimes","floor":1,"turns":3},{"damage":0,"enemies":"2 Louse","floor":2,"turns":1},{"damage":1,"enemies":"Jaw Worm","floor":4,"turns":3},{"damage":29,"enemies":"Gremlin Nob","floor":7,"turns":4},{"damage":14,"enemies":"3 Louse","floor":12,"turns":3},{"damage":9,"enemies":"Blue Slaver","floor":13,"turns":3},{"damage":15,"enemies":"3 Sentries","floor":14,"turns":3},{"damage":3,"enemies":"Slime Boss","floor":16,"turns":7},{"damage":9,"enemies":"Chosen","floor":18,"turns":4},{"damage":28,"enemies":"3 Byrds","floor":22,"turns":4},{"damage":28,"enemies":"Slavers","floor":24,"turns":4},{"damage":13,"enemies":"Snecko","floor":25,"turns":4},{"damage":34,"enemies":"Book of Stabbing","floor":27,"turns":4}],"seed_played":"4777210600464652314","potions_obtained":[{"floor":4,"key":"EssenceOfDarkness"},{"floor":12,"key":"EssenceOfDarkness"},{"floor":13,"key":"SneckoOil"},{"floor":14,"key":"SkillPotion"},{"floor":16,"key":"SteroidPotion"},{"floor":22,"key":"Dexterity Potion"},{"floor":25,"key":"Fruit Juice"}],"is_trial":true,"path_per_floor":["M","M","$","M","?","R","E","R","T","?","R","M","M","E","R","B",null,"M","T","$","$","M","R","E","M","T","E"],"character_chosen":"DEFECT","items_purchased":["Tiny Chest","BlessingOfTheForge","Medical Kit","Incense Burner","Ball Lightning","Sweeping Beam","DuplicationPotion"],"campfire_rested":3,"item_purchase_floors":[3,3,20,20,20,20,20],"current_hp_per_floor":[70,70,70,69,69,75,46,68,68,68,75,63,56,43,43,40,81,74,74,83,83,55,55,34,33,33,0,0],"gold":246,"neow_bonus":"","is_daily":false,"chose_seed":false,"campfire_upgraded":0,"win_rate":0.0,"timestamp":1612980021,"path_taken":["M","M","$","M","?","R","E","R","T","?","R","?","M","E","R","BOSS","M","?","?","$","M","R","E","M","T","E"],"items_purchased_type":["Relic","Potion","Relic","Relic","Card","Card","Potion"],"build_version":"2020-12-22","purchased_purges":0,"victory":false,"max_hp_per_floor":[75,75,75,75,75,75,75,75,75,75,75,77,79,81,81,81,81,83,83,83,83,83,83,83,88,88,88,88],"relic_stats":{"Emotion Chip":[43,32,3,8,0],"Nunchaku":[1],"Singing Bowl":8,"Happy Flower":[2],"counters":[13,47],"Blue Candle":[4],"Tiny Chest":1,"MealTicket":9,"Black Star":1,"Art of War":[0],"Medical Kit":[0],"obtain_stats":[{"Girya":14,"Singing Bowl":5,"Happy Flower":24,"Blue Candle":19,"Oddly Smooth Stone":9,"Incense Burner":20,"Medical Kit":20,"Emotion Chip":0,"Nunchaku":24,"Tiny Chest":3,"MealTicket":7,"Black Star":17,"Art of War":26,"Cracked Core":0},{"Girya":7,"Singing Bowl":3,"Happy Flower":11,"Blue Candle":9,"Oddly Smooth Stone":4,"Incense Burner":9,"Medical Kit":9,"Emotion Chip":0,"Nunchaku":11,"Tiny Chest":2,"MealTicket":4,"Black Star":8,"Art of War":12,"Cracked Core":0},{"Girya":20,"Singing Bowl":7,"Happy Flower":39,"Blue Candle":31,"Oddly Smooth Stone":11,"Incense Burner":31,"Medical Kit":31,"Emotion Chip":0,"Nunchaku":39,"Tiny Chest":4,"MealTicket":11,"Black Star":27,"Art of War":43,"Cracked Core":0}]},"card_choices":[{"not_picked":["EmptyFist","Aggregate"],"picked":"Steam Power","floor":1},{"not_picked":["LikeWater","Collect"],"picked":"Barrage","floor":2},{"not_picked":["Compile Driver","Reprogram"],"picked":"FollowUp","floor":4},{"not_picked":["CrushJoints","MentalFortress"],"picked":"Sweeping Beam","floor":7},{"not_picked":["Prostrate","Compile Driver","Gash"],"picked":"Singing Bowl","floor":12},{"not_picked":["Static Discharge","Perseverance","Turbo"],"picked":"Singing Bowl","floor":13},{"not_picked":["WaveOfTheHand","Redo","Steam"],"picked":"Singing Bowl","floor":14},{"not_picked":["Ragnarok","ConjureBlade"],"picked":"Blasphemy","floor":16},{"not_picked":["PathToVictory","Blizzard","Crescendo"],"picked":"Singing Bowl","floor":18},{"not_picked":["FollowUp","Sweeping Beam+1"],"picked":"Self Repair","floor":22},{"not_picked":["Undo","Redo+1"],"picked":"Cold Snap","floor":24},{"not_picked":["Stack","SashWhip"],"picked":"Conserve Battery","floor":25}],"player_experience":1322655,"relics_obtained":[{"floor":7,"key":"MealTicket"},{"floor":9,"key":"Oddly Smooth Stone"},{"floor":14,"key":"Girya"},{"floor":19,"key":"Blue Candle"},{"floor":24,"key":"Nunchaku"},{"floor":24,"key":"Happy Flower"},{"floor":26,"key":"Art of War"}],"event_choices":[{"damage_healed":0,"gold_gain":0,"player_choice":"Box","damage_taken":0,"relics_obtained":["Singing Bowl"],"max_hp_gain":0,"max_hp_loss":0,"event_name":"Big Fish","floor":5,"gold_loss":0,"cards_obtained":["Regret"]},{"damage_healed":0,"gold_gain":0,"player_choice":"3 cards matched","damage_taken":0,"max_hp_gain":0,"max_hp_loss":0,"event_name":"Match and Keep!","floor":10,"gold_loss":0,"cards_obtained":["Zap","Consume","CutThroughFate"]}],"is_beta":false,"boss_relics":[{"not_picked":["Inserter","FrozenCore"],"picked":"Black Star"}],"items_purged_floors":[],"is_endless":false,"potions_floor_spawned":[4,12,13,14,16,22,25],"killed_by":"Book of Stabbing","ascension_level":0}}