{"host":"uv5ws9rdk87e8i5k","time":1612968894,"event":{"mods":["AchievementEnabler","BaseMod","Colored Map","Minty Spire (QoL Compilation)","Permanent Neow","Quick Restart","StSLib","SuperFastMode","The Necromancer"],"gold_per_floor":[117,117,130,147,160,160,193,193,218,251,268,299,311,16,16,113,113,125,125,125,50,60,94,94,110,110,110,138,84,84,113,113,208,208,228,228,241,252,252,285,285,320,320,245,277,291,323,339,339,339,339,339,47,74,74,74],"floor_reached":55,"language":"ENG","playtime":921,"items_purged":["Parasite"],"score":1504,"play_id":"9a853fe8-3609-4a71-b648-70034b5b8659","local_time":"20210210085454","is_ascension_mode":true,"campfire_choices":[{"data":"Perfected Strike","floor":6.0,"key":"SMITH"},{"data":"Perfected Strike","floor":8.0,"key":"SMITH"},{"data":"Whirlwind","floor":15.0,"key":"SMITH"},{"data":"Battle Trance","floor":24.0,"key":"SMITH"},{"data":"Pommel Strike","floor":32.0,"key":"SMITH"},{"floor":41.0,"key":"RECALL"},{"data":"Double Tap","floor":49.0,"key":"SMITH"},{"data":"Berserk","floor":52.0,"key":"SMITH"}],"circlet_count":0,"master_deck":["AscendersBane","Strike_R","Strike_R","Strike_R","Defend_R","Defend_R","Defend_R","Defend_R","Bash","Perfected Strike+1","Perfected Strike+1","Wild Strike","Twin Strike","Shrug It Off","Whirlwind+1","Battle Trance+1","Headbutt+1","Double Tap+1","Infernal Blade+1","Twin Strike+1","Pommel Strike+1","Seeing Red+1","Berserk+1","Flame Barrier","Shockwave+1","Flame Barrier","Shrug It Off","Perfected Strike+1","Impervious"],"relics":["Burning Blood","Vajra","Blood Vial","Bag of Preparation","Art of War","Lantern","Chemical X","Coffee Dripper","Enchiridion","Incense Burner","Red Skull","Mercury Hourglass","Whetstone","MutagenicStrength","PreservedInsect","Black Star","Darkstone Periapt","Bag of Marbles","Lizard Tail","Turnip","MealTicket","Juzu Bracelet","Toy Ornithopter","Bottled Flame","Happy Flower","Pear","Centennial Puzzle"],"acts_visited":["TheCity","TheBeyond","TheEnding"],"potions_floor_usage":[55],"damage_taken":[{"damage":1.0,"enemies":"Cultist","floor":1.0,"turns":4.0},{"damage":7.0,"enemies":"Jaw Worm","floor":3.0,"turns":3.0},{"damage":0.0,"enemies":"Small Slimes","floor":4.0,"turns":2.0},{"damage":1.0,"enemies":"2 Fungi Beasts","floor":5.0,"turns":3.0},{"damage":13.0,"enemies":"Lagavulin","floor":7.0,"turns":7.0},{"damage":2.0,"enemies":"3 Sentries","floor":10.0,"turns":3.0},{"damage":0.0,"enemies":"3 Louse","floor":11.0,"turns":1.0},{"damage":0.0,"enemies":"Gremlin Nob","floor":12.0,"turns":2.0},{"damage":3.0,"enemies":"Looter","floor":13.0,"turns":2.0},{"damage":0.0,"enemies":"Slime Boss","floor":16.0,"turns":3.0},{"damage":0.0,"enemies":"Shell Parasite","floor":18.0,"turns":1.0},{"damage":0.0,"enemies":"2 Thieves","floor":22.0,"turns":1.0},{"damage":10.0,"enemies":"Slavers","floor":23.0,"turns":2.0},{"damage":0.0,"enemies":"Snake Plant","floor":25.0,"turns":1.0},{"damage":5.0,"enemies":"Gremlin Leader","floor":28.0,"turns":2.0},{"damage":9.0,"enemies":"Slavers","floor":31.0,"turns":2.0},{"damage":14.0,"enemies":"Automaton","floor":33.0,"turns":4.0},{"damage":0.0,"enemies":"3 Shapes","floor":35.0,"turns":1.0},{"damage":0.0,"enemies":"Orb Walker","floor":37.0,"turns":1.0},{"damage":0.0,"enemies":"Writhing Mass","floor":38.0,"turns":2.0},{"damage":1.0,"enemies":"Nemesis","floor":40.0,"turns":2.0},{"damage":1.0,"enemies":"Reptomancer","floor":42.0,"turns":2.0},{"damage":3.0,"enemies":"Nemesis","floor":45.0,"turns":2.0},{"damage":18.0,"enemies":"4 Shapes","floor":46.0,"turns":3.0},{"damage":27.0,"enemies":"Giant Head","floor":47.0,"turns":6.0},{"damage":6.0,"enemies":"Sphere and 2 Shapes","floor":48.0,"turns":1.0},{"damage":90.0,"enemies":"Awakened One","floor":50.0,"turns":9.0},{"damage":63,"enemies":"Shield and Spear","floor":54,"turns":3},{"damage":54,"enemies":"The Heart","floor":55,"turns":2}],"seed_played":"-1418334461067497459","potions_obtained":[{"floor":4.0,"key":"FairyPotion"},{"floor":5.0,"key":"Block Potion"},{"floor":7.0,"key":"Explosive Potion"},{"floor":11.0,"key":"EntropicBrew"},{"floor":13.0,"key":"EntropicBrew"},{"floor":33.0,"key":"Dexterity Potion"},{"floor":37.0,"key":"ColorlessPotion"},{"floor":40.0,"key":"Fire Potion"},{"floor":46.0,"key":"SkillPotion"},{"floor":47.0,"key":"BlessingOfTheForge"}],"is_trial":false,"path_per_floor":["M","?","M","M","M","R","E","R","T","E","M","E","M","$","R","B",null,"M","?","T","?","M","E","R","M","T","$","E","$","?","E","R","B",null,"M","?","M","M","?","E","R","E","T","$","E","M","E","M","R","B",null,"R","$","E","B"],"character_chosen":"IRONCLAD","items_purchased":["Lantern","Chemical X","Pommel Strike","Impervious","Happy Flower","Regen Potion"],"campfire_rested":0,"item_purchase_floors":[14,14,29,53,53,53],"current_hp_per_floor":[77,77,76,80,80,80,73,73,73,79,80,80,80,80,80,80,80,80,64,64,64,72,70,70,78,78,78,80,80,80,77,77,71,78,80,80,80,80,80,80,80,80,80,77,77,65,46,48,48,35,67,67,77,30,0,0],"gold":74,"neow_bonus":"THREE_CARDS","is_daily":false,"chose_seed":false,"campfire_upgraded":7,"win_rate":0.0,"timestamp":1612968894,"path_taken":["M","?","M","M","M","R","E","R","T","E","M","E","?","$","R","BOSS","M","?","?","?","M","E","R","M","T","$","E","$","?","E","R","BOSS","M","?","M","M","?","E","R","E","T","$","E","M","E","M","R","BOSS","R","$","E","BOSS"],"items_purchased_type":["Relic","Relic","Card","Card","Relic","Potion"],"build_version":"2020-12-22","purchased_purges":1,"victory":false,"max_hp_per_floor":[80,80,80,80,80,80,80,80,80,80,80,80,80,80,80,80,80,80,80,80,80,80,80,80,80,80,80,80,80,80,80,80,80,80,80,80,80,80,80,80,80,80,80,77,77,77,77,77,77,77,77,77,77,87,87,87],"card_choices":[{"not_picked":["Sword Boomerang","Wild Strike"],"picked":"Perfected Strike","floor":0.0},{"not_picked":["Body Slam","Disarm"],"picked":"Perfected Strike","floor":1.0},{"not_picked":["Armaments","Shrug It Off"],"picked":"Wild Strike","floor":3.0},{"not_picked":["Dual Wield","Armaments"],"picked":"Twin Strike","floor":4.0},{"not_picked":["Flex","Havoc"],"picked":"Shrug It Off","floor":5.0},{"not_picked":["Warcry","Limit Break","Feel No Pain"],"picked":"SKIP","floor":7.0},{"not_picked":["Barricade","Carnage"],"picked":"Whirlwind","floor":10.0},{"not_picked":["Evolve","Spot Weakness","Entrench"],"picked":"SKIP","floor":11.0},{"not_picked":["Intimidate","Dual Wield"],"picked":"Battle Trance","floor":12.0},{"not_picked":["Havoc","Blood for Blood"],"picked":"Headbutt","floor":13.0},{"not_picked":["Brutality","Exhume"],"picked":"Double Tap","floor":16.0},{"not_picked":["Hemokinesis","True Grit","Havoc"],"picked":"SKIP","floor":18.0},{"not_picked":["Rampage","Warcry"],"picked":"Infernal Blade+1","floor":22.0},{"not_picked":["Power Through","Heavy Blade"],"picked":"Twin Strike","floor":23.0},{"not_picked":["Iron Wave","Havoc","Heavy Blade+1"],"picked":"SKIP","floor":25.0},{"not_picked":["Twin Strike","Bloodletting","Warcry+1"],"picked":"SKIP","floor":28.0},{"not_picked":["Intimidate+1","Exhume"],"picked":"Seeing Red+1","floor":31.0},{"not_picked":["Corruption","Fiend Fire"],"picked":"Berserk","floor":33.0},{"not_picked":["Reckless Charge+1","Iron Wave","Feel No Pain"],"picked":"SKIP","floor":35.0},{"not_picked":["Twin Strike+1","Fire Breathing","Heavy Blade"],"picked":"SKIP","floor":37.0},{"not_picked":["Ghostly Armor","Evolve","Rampage"],"picked":"SKIP","floor":38.0},{"not_picked":["Sentinel+1","Intimidate+1"],"picked":"Flame Barrier","floor":40.0},{"not_picked":["Inflame+1","Sword Boomerang"],"picked":"Shockwave+1","floor":42.0},{"not_picked":["Sword Boomerang","Thunderclap","Clothesline"],"picked":"SKIP","floor":45.0},{"not_picked":["Corruption","Headbutt+1"],"picked":"Flame Barrier","floor":46.0},{"not_picked":["Thunderclap","Spot Weakness"],"picked":"Shrug It Off","floor":47.0},{"not_picked":["Heavy Blade","Inflame"],"picked":"Perfected Strike+1","floor":48.0},{"not_picked":["Searing Blow+1","Fiend Fire","Barricade"],"picked":"SKIP","floor":54}],"player_experience":157664,"relics_obtained":[{"floor":7.0,"key":"Vajra"},{"floor":9.0,"key":"Blood Vial"},{"floor":10.0,"key":"Bag of Preparation"},{"floor":12.0,"key":"Art of War"},{"floor":19.0,"key":"Enchiridion"},{"floor":20.0,"key":"Incense Burner"},{"floor":23.0,"key":"Red Skull"},{"floor":26.0,"key":"Mercury Hourglass"},{"floor":28.0,"key":"Whetstone"},{"floor":31.0,"key":"PreservedInsect"},{"floor":40.0,"key":"Darkstone Periapt"},{"floor":40.0,"key":"Bag of Marbles"},{"floor":42.0,"key":"Lizard Tail"},{"floor":42.0,"key":"Turnip"},{"floor":45.0,"key":"MealTicket"},{"floor":45.0,"key":"Juzu Bracelet"},{"floor":47.0,"key":"Toy Ornithopter"},{"floor":47.0,"key":"Bottled Flame"},{"floor":54,"key":"Pear"},{"floor":54,"key":"Centennial Puzzle"}],"event_choices":[{"cards_removed":["Strike_R"],"damage_healed":0.0,"max_hp_gain":0.0,"max_hp_loss":0.0,"gold_gain":0.0,"event_name":"Purifier","player_choice":"Purged","floor":2.0,"gold_loss":0.0,"damage_taken":0.0},{"damage_healed":0.0,"max_hp_gain":0.0,"max_hp_loss":0.0,"gold_gain":0.0,"event_name":"Cursed Tome","player_choice":"Obtained Book","floor":19.0,"gold_loss":0.0,"damage_taken":16.0},{"cards_removed":["Strike_R"],"damage_healed":0.0,"max_hp_gain":0.0,"max_hp_loss":0.0,"gold_gain":0.0,"event_name":"Beggar","player_choice":"Gave Gold","floor":21.0,"gold_loss":75.0,"damage_taken":0.0},{"damage_healed":0.0,"max_hp_gain":0.0,"max_hp_loss":0.0,"gold_gain":0.0,"event_name":"Drug Dealer","player_choice":"Inject Mutagens","floor":30.0,"gold_loss":0.0,"damage_taken":0.0,"relics_obtained":["MutagenicStrength"]},{"damage_healed":0.0,"max_hp_gain":0.0,"max_hp_loss":0.0,"gold_gain":0.0,"event_name":"SensoryStone","player_choice":"Memory 1","floor":36.0,"gold_loss":0.0,"damage_taken":0.0},{"damage_healed":0.0,"max_hp_gain":0.0,"max_hp_loss":0.0,"gold_gain":0.0,"event_name":"Tomb of Lord Red Mask","player_choice":"Ignored","floor":39.0,"gold_loss":0.0,"damage_taken":0.0}],"is_beta":false,"boss_relics":[{"not_picked":["Ectoplasm","Fusion Hammer"],"picked":"Coffee Dripper"},{"not_picked":["Astrolabe","Philosopher\u0027s Stone"],"picked":"Black Star"}],"items_purged_floors":[44],"is_endless":false,"potions_floor_spawned":[4,5,7,11,13,22,23,33,37,40,46,47],"killed_by":"The Heart","ascension_level":11}}