{"host":"ogz7heqpirojfnr2","time":1612935689,"event":{"mods":["BaseMod","Downfall","KinomotoSakuraMod(木之本樱)","Lobotomy","LobotomyExtend","Marisa（F雨　魔理沙）","Minty Spire (QoL Compilation)","Remilia（蕾米莉亚）","Replay The Spire","RumiaBox-露米娅的神秘盒子","StSLib","The Animator","The Servant 0.9.4","WarShipGirlsR/战舰少女R mod","Youmu（魂魄妖梦）","Yuri Mod","Yuyuko"],"gold_per_floor":[119,119,136,136,146,146,178,178,178,178,22,34,34,44,44,44,44],"floor_reached":16,"language":"ZHS","playtime":403,"items_purged":[],"score":125,"play_id":"1bf2ac42-fdaf-4c22-827c-0f395a1a97f7","local_time":"20210210134129","is_ascension_mode":true,"campfire_choices":[{"data":"Infinite Blades","floor":6.0,"key":"SMITH"},{"floor":8.0,"key":"REST"},{"floor":15.0,"key":"REST"}],"circlet_count":0,"master_deck":["Strike_G","Strike_G","Strike_G","Strike_G","Defend_G","Defend_G","Defend_G","Defend_G","Defend_G","Survivor","Infinite Blades+1","Backstab","Deadly Poison","Flying Knee","Poisoned Stab"],"relics":["Ring of the Snake","Happy Flower","The Specimen","Divine Protection","Membership Card","Dream Catcher"],"acts_visited":["Exordium"],"potions_floor_usage":[16],"damage_taken":[{"damage":7.0,"enemies":"Small Slimes","floor":1.0,"turns":4.0},{"damage":4.0,"enemies":"Jaw Worm","floor":3.0,"turns":6.0},{"damage":6.0,"enemies":"2 Louse","floor":5.0,"turns":2.0},{"damage":59.0,"enemies":"Gremlin Nob","floor":7.0,"turns":6.0},{"damage":16.0,"enemies":"Exordium Thugs","floor":12.0,"turns":6.0},{"damage":0.0,"enemies":"3 Louse","floor":14.0,"turns":3.0},{"damage":32,"enemies":"The Guardian","floor":16,"turns":9}],"seed_played":"3142646592408848493","potions_obtained":[{"floor":1.0,"key":"FearPotion"},{"floor":7.0,"key":"Elixir"}],"is_trial":false,"path_per_floor":["M","$","M","?","M","R","E","R","T","?","$","M","?","M","R","B"],"character_chosen":"THE_SILENT","items_purchased":["Membership Card"],"campfire_rested":2,"item_purchase_floors":[11],"current_hp_per_floor":[63,63,59,70,64,64,5,26,26,26,26,10,7,7,28,0,0],"gold":44,"neow_bonus":"RANDOM_COMMON_RELIC","is_daily":false,"chose_seed":false,"campfire_upgraded":1,"win_rate":0.0,"timestamp":1612935689,"path_taken":["M","$","M","?","M","R","E","R","T","?","$","M","?","M","R","BOSS"],"items_purchased_type":["Relic"],"build_version":"2020-12-22","purchased_purges":0,"victory":false,"max_hp_per_floor":[70,70,70,70,70,70,70,70,70,70,70,70,70,70,70,70,70],"card_choices":[{"not_picked":["Dodge and Roll","ReplayTheSpireMod:Speed Training","Underhanded Strike"],"picked":"SKIP","floor":1.0},{"not_picked":["All Out Attack","Prepared"],"picked":"Infinite Blades","floor":3.0},{"not_picked":["Underhanded Strike","Footwork","Choke"],"picked":"SKIP","floor":5.0},{"not_picked":["ReplayTheSpireMod:Shiv Toss","Backflip"],"picked":"Backstab","floor":7.0},{"not_picked":["Finisher","Backflip"],"picked":"Deadly Poison","floor":12.0},{"not_picked":["Acrobatics","Sucker Punch"],"picked":"Flying Knee","floor":14.0},{"not_picked":["Outmaneuver","Dodge and Roll"],"picked":"Poisoned Stab","floor":15.0}],"player_experience":127736,"relics_obtained":[{"floor":7.0,"key":"The Specimen"},{"floor":9.0,"key":"Divine Protection"}],"event_choices":[{"cards_removed":["Strike_G"],"damage_healed":0.0,"max_hp_gain":0.0,"max_hp_loss":0.0,"gold_gain":0.0,"event_name":"Living Wall","player_choice":"Forget","floor":10.0,"gold_loss":0.0,"damage_taken":0.0},{"damage_healed":0.0,"max_hp_gain":0.0,"max_hp_loss":0.0,"gold_gain":0.0,"event_name":"Scrap Ooze","player_choice":"Success","floor":13.0,"gold_loss":0.0,"damage_taken":3.0,"relics_obtained":["Dream Catcher"]}],"is_beta":false,"boss_relics":[],"items_purged_floors":[],"is_endless":false,"potions_floor_spawned":[1,7],"killed_by":"The Guardian","ascension_level":5}}