{"host":"7gewg82ormp6yt4e","time":1612965072,"event":{"mods":["BaseMod","Block Reminder","Colored Map","DeckTracker","Highlight Path","Minty Spire (QoL Compilation)","Relic Stats","StSLib","ojb\u0027s Info Mod"],"gold_per_floor":[109,22,22,22,35,35,66,77,77,77,91,131,35,35,35,35,35],"floor_reached":16,"language":"JPN","playtime":737,"items_purged":[],"score":216,"play_id":"32e7cf65-bd0c-46b8-a524-ad12a16251c8","local_time":"20210210225112","is_ascension_mode":true,"campfire_choices":[{"data":"Conclude","floor":6,"key":"SMITH"},{"data":"SashWhip","floor":10,"key":"SMITH"},{"data":"MentalFortress","floor":15,"key":"SMITH"}],"circlet_count":0,"master_deck":["AscendersBane","Strike_P","Strike_P","Strike_P","Strike_P","Defend_P","Defend_P","Defend_P","Defend_P","Eruption","Vigilance","DeceiveReality","Conclude+1","SashWhip+1","BowlingBash","EmptyFist","Tantrum","ClearTheMind","MentalFortress+1","ThirdEye"],"relics":["Coffee Dripper","Turnip","WingedGreaves","CeramicFish","Sundial"],"acts_visited":["Exordium"],"potions_floor_usage":[7,12,16],"damage_taken":[{"damage":2,"enemies":"Small Slimes","floor":1,"turns":4},{"damage":0,"enemies":"Jaw Worm","floor":5,"turns":6},{"damage":12,"enemies":"3 Sentries","floor":7,"turns":6},{"damage":0,"enemies":"Cultist","floor":8,"turns":3},{"damage":11,"enemies":"Large Slime","floor":11,"turns":4},{"damage":3,"enemies":"Lagavulin","floor":12,"turns":7},{"damage":37,"enemies":"Hexaghost","floor":16,"turns":9}],"seed_played":"2076983384309753166","potions_obtained":[{"floor":1,"key":"LiquidMemories"},{"floor":8,"key":"Fire Potion"},{"floor":12,"key":"Energy Potion"}],"is_trial":false,"path_per_floor":["M","$","?","?","M","R","E","M","T","R","M","E","$","T","R","B"],"character_chosen":"WATCHER","items_purchased":["Conclude","MentalFortress","ThirdEye"],"campfire_rested":0,"item_purchase_floors":[2,13,13],"current_hp_per_floor":[59,59,59,59,59,59,47,47,47,47,36,33,33,33,33,0,0],"gold":35,"neow_bonus":"BOSS_RELIC","is_daily":false,"chose_seed":false,"campfire_upgraded":3,"win_rate":0.0,"timestamp":1612965072,"path_taken":["M","$","?","?","M","R","E","M","T","R","M","E","?","?","R","BOSS"],"items_purchased_type":["Card","Card","Card"],"build_version":"2020-12-22","purchased_purges":0,"victory":false,"max_hp_per_floor":[68,68,68,68,68,68,68,68,68,68,68,68,68,68,68,68,68],"relic_stats":{"counters":[7,39],"Sundial":[0],"CeramicFish":27,"Turnip":[0],"obtain_stats":[{"Sundial":14,"CeramicFish":12,"Turnip":7,"WingedGreaves":9,"Coffee Dripper":0,"PureWater":0},{"Sundial":6,"CeramicFish":6,"Turnip":3,"WingedGreaves":4,"Coffee Dripper":0,"PureWater":0},{"Sundial":30,"CeramicFish":30,"Turnip":16,"WingedGreaves":19,"Coffee Dripper":0,"PureWater":0}]},"card_choices":[{"not_picked":["Perseverance","CutThroughFate"],"picked":"DeceiveReality","floor":1},{"not_picked":["FlurryOfBlows","PathToVictory"],"picked":"SashWhip","floor":5},{"not_picked":["PathToVictory","CutThroughFate"],"picked":"BowlingBash","floor":7},{"not_picked":["Halt","SashWhip"],"picked":"EmptyFist","floor":8},{"not_picked":["ThirdEye","Pray"],"picked":"Tantrum","floor":11},{"not_picked":["Weave","CrushJoints"],"picked":"ClearTheMind","floor":12}],"player_experience":2822350,"relics_obtained":[{"floor":7,"key":"Turnip"},{"floor":9,"key":"WingedGreaves"},{"floor":12,"key":"CeramicFish"},{"floor":14,"key":"Sundial"}],"event_choices":[{"damage_healed":0,"gold_gain":0,"player_choice":"Ignored","damage_taken":0,"max_hp_gain":0,"max_hp_loss":0,"event_name":"Shining Light","floor":3,"gold_loss":0},{"damage_healed":0,"gold_gain":0,"player_choice":"Ignored","damage_taken":0,"max_hp_gain":0,"max_hp_loss":0,"event_name":"Liars Game","floor":4,"gold_loss":0}],"is_beta":false,"boss_relics":[],"items_purged_floors":[],"is_endless":false,"potions_floor_spawned":[1,8,12],"killed_by":"Hexaghost","ascension_level":20}}