{"host":"KYO","time":1612948605,"event":{"mods":["ATMod(°¢èªMod)","BaseMod","Better Vampires","Minty Spire (QoL Compilation)","Permanent Neow","Replay The Spire","Shop Mod","StSLib","SuperFastMode","TestMod","[IsaacMod]ÒÔÈö¼âËþ","¡¾ÒÅÎï¿¨ÅÆ¡¿REMEMod"],"gold_per_floor":[110,128,128,145,160,188,188,215,215,215,403,403,43,59,59,164,164,174,89,23,42,57,57,57],"floor_reached":23,"language":"ZHS","playtime":1309,"items_purged":["Pain"],"score":402,"play_id":"2b24010a-5435-4f8d-803b-07bf3c7a0f7f","local_time":"20210210171645","is_ascension_mode":true,"campfire_choices":[{"data":"Recycle","floor":7.0,"key":"SMITH"},{"data":"Hologram","floor":10.0,"key":"SMITH"},{"data":"Zap","floor":12.0,"key":"SMITH"},{"floor":15.0,"key":"DIG"}],"circlet_count":0,"master_deck":["AscendersBane","Strike_B","Strike_B","Strike_B","Strike_B","Defend_B","Defend_B","Defend_B","Defend_B","Zap+1","Dualcast","EpicFetus","Recycle+1","Bomb","REME_DataAnalysis","Fission","REME_Compress","Doom and Gloom","Hologram+1","AT_DarkMatter","AT_RightCognition+1"],"relics":["HushsDoor","AT_ATBox","REME_ComplimentaryCards","testmod-TestBox","BookOfRevelations","Letter Opener","Mirror","AT_SunfireAegis","MerchantsRug","Golden Egg","HowToJump","Replay:Bronze Core","Replay:Bottled Flurry"],"acts_visited":["Exordium","TheCity"],"potions_floor_usage":[],"damage_taken":[{"damage":1.0,"enemies":"Cultist","floor":1.0,"turns":3.0},{"damage":4.0,"enemies":"Small Slimes","floor":2.0,"turns":3.0},{"damage":2.0,"enemies":"Jaw Worm","floor":4.0,"turns":4.0},{"damage":4.0,"enemies":"Exordium Wildlife","floor":5.0,"turns":5.0},{"damage":21.0,"enemies":"Lagavulin","floor":6.0,"turns":6.0},{"damage":8.0,"enemies":"Gremlin Nob","floor":8.0,"turns":3.0},{"damage":2.0,"enemies":"Looter","floor":14.0,"turns":3.0},{"damage":31.0,"enemies":"Hexaghost","floor":16.0,"turns":9.0},{"damage":3.0,"enemies":"Chosen","floor":18.0,"turns":5.0},{"damage":32,"enemies":"Shell Parasite","floor":21,"turns":6},{"damage":22,"enemies":"Centurion and Healer","floor":22,"turns":4},{"damage":9,"enemies":"REME_1_Revenger","floor":23,"turns":3}],"seed_played":"-3354555987860943669","potions_obtained":[{"floor":1.0,"key":"Swift Potion"},{"floor":8.0,"key":"Strength Potion"},{"floor":14.0,"key":"REME_GoldPotion"},{"floor":16.0,"key":"ColorlessPotion"}],"is_trial":false,"path_per_floor":["M","M","T","M","M","E","R","E","T","R","?","R","$","M","R","B",null,"M","?","$","M","M","E"],"character_chosen":"DEFECT","items_purchased":["MerchantsRug","Lee\u0027s Waffle","Golden Egg"],"campfire_rested":0,"item_purchase_floors":[13,13,13],"current_hp_per_floor":[63,59,59,57,53,32,32,24,24,24,24,24,78,76,76,45,70,67,67,67,35,13,4,4],"gold":57,"neow_bonus":"BOSS_RELIC","is_daily":false,"chose_seed":false,"campfire_upgraded":3,"win_rate":0.0,"timestamp":1612948605,"path_taken":["M","M","?","?","M","E","R","E","T","R","?","R","$","M","R","BOSS","M","?","$","M","M","E"],"items_purchased_type":["Relic","Relic","Relic"],"build_version":"2020-12-18","purchased_purges":1,"victory":false,"max_hp_per_floor":[71,71,71,71,71,71,71,71,71,71,71,71,78,78,78,78,78,78,78,78,78,78,78,78],"card_choices":[{"not_picked":[],"picked":"EpicFetus","floor":0.0},{"not_picked":["Streamline","Skim","AT_WarpDrive"],"picked":"Bomb","floor":1.0},{"not_picked":["Steam","Ball Lightning","Sweeping Beam"],"picked":"REME_DataAnalysis","floor":2.0},{"not_picked":["Force Field","Chaos","Steam"],"picked":"Fission","floor":4.0},{"not_picked":["Go for the Eyes","Barrage","Time Bomb"],"picked":"REME_Compress","floor":5.0},{"not_picked":["Distribution","Sweeping Beam","Go for the Eyes"],"picked":"Doom and Gloom","floor":6.0},{"not_picked":["Rebound","Leap","Barrage"],"picked":"Hologram","floor":8.0},{"not_picked":["FIFO Queue","Glacier","Hologram"],"picked":"AT_DarkMatter","floor":11.0},{"not_picked":["Gash","Barrage","Redo"],"picked":"SKIP","floor":14.0},{"not_picked":["Multi-Cast","ElectricPowerLearning"],"picked":"AT_RightCognition","floor":16.0},{"not_picked":["Ball Lightning","Beam Cell","AT_RobotInSpace"],"picked":"SKIP","floor":18.0},{"not_picked":["Fusion","Cancel","Conserve Battery"],"picked":"SKIP","floor":21},{"not_picked":["AT_ThunderBolt","Ball Lightning","Sweeping Beam"],"picked":"SKIP","floor":22}],"player_experience":756771,"relics_obtained":[{"floor":3.0,"key":"Letter Opener"},{"floor":6.0,"key":"Mirror"},{"floor":8.0,"key":"AT_BellDemon"},{"floor":9.0,"key":"AT_SunfireAegis"},{"floor":15.0,"key":"HowToJump"}],"event_choices":[{"damage_healed":0.0,"max_hp_gain":0.0,"max_hp_loss":0.0,"gold_gain":0.0,"event_name":"Addict","player_choice":"Obtained Relic","floor":19.0,"gold_loss":85.0,"damage_taken":0.0,"relics_obtained":["Replay:Bottled Flurry"]}],"is_beta":true,"boss_relics":[{"not_picked":["REME_ChargedStone","AT_TrinityForce"],"picked":"Replay:Bronze Core"},{"not_picked":[]}],"items_purged_floors":[20],"is_endless":false,"potions_floor_spawned":[1,8,14,16],"killed_by":"REME_1_Revenger","ascension_level":20}}