{"host":"40vzoph344nwp0en","time":1612952563,"event":{"mods":["2.2 Compatiblity","Astrologer","BaseMod","Bestiary","Colored Map","GifTheSpireLib","GungeonMod","Highlight Path","Infinite Spire","Jorbs\u0027s Wanderer Trilogy","Minty Spire (QoL Compilation)","Potionbrewer","Relic Sorter","Replay The Spire","Robot Space Explorer","Shade Mod","Somnambulant","StSLib","SuperFastMode","The Bladedancer","The Cursed","The Disciple","The Elementalist","The Marked","The Spell Scribe","TheBandit","TheFirefly","??????REMEMod"],"gold_per_floor":[117,117,67,82,99092,99092,99108,99108,99131,98474,98488,98503,98515,97667,97667,97772,97772,97785,97785,97801,97238,97238,97238,97257,96167,96167,96167,96184,96204,96222,96240,96253,96253,96253,96415,96415,96497,96522,96522,95983,96032,96032,96085,96160,96210,96279,80703,80703],"floor_reached":47,"language":"ENG","playtime":3523,"items_purged":["theMarked:Strike","theMarked:Defend","theMarked:Defend+1","theMarked:Strike","theMarked:Strike","theMarked:Strike","theMarked:WastefulAttack","theMarked:Strike+1"],"score":549,"play_id":"485d6b49-958c-490c-863e-98b931e6c7e7","local_time":"20210210032243","is_ascension_mode":false,"campfire_choices":[{"data":"theMarked:EmpowerWeapon","floor":6,"key":"SMITH"},{"data":"theMarked:Improvise","floor":15,"key":"SMITH"},{"data":"theMarked:SoldierOfQuellstein","floor":23,"key":"SMITH"},{"data":"theMarked:MysticalArsenal","floor":27,"key":"SMITH"},{"data":"infinitespire:TheBestDefense","floor":33,"key":"SMITH"},{"data":"ReplayTheSpireMod:Brewmster","floor":42,"key":"SMITH"}],"circlet_count":0,"master_deck":["theMarked:SoldierOfQuellstein+1","Violence","theMarked:Improvise+1","theMarked:EnhanceMovement","theMarked:ParalyzingBlade","REME_Flogging","theMarked:EmpowerWeapon+1","Good Instincts+1","theMarked:Challenge","theMarked:EmpowerWeapon+1","theMarked:StartUp","ReplayTheSpireMod:Brewmster+1","theMarked:Levitate","infinitespire:TheBestDefense+1","theMarked:ChainLightning+1","theMarked:ElectricStrings","theMarked:MysticalArsenal+1","theMarked:Vacuum","theMarked:BindingBlade","theMarked:SelfDefenseTraining+1","DemoMod:Elimentaler","theMarked:StartUp+1","Deep Breath","theMarked:RogueSparks+1","theMarked:WardOff+1"],"relics":["theMarked:ArtifactOfAir","REME_ComplimentaryCards","Anchor","infinitespire:Golems Mask","Blood Vial","Medical Kit","War Paint","Boot","DemoMod:Bottle","Chemical X","Coffee Dripper","REME_HandOfSuture","Replay:Ringing Soul","potionbrewer:BoosterPack","Shovel","potionbrewer:Keyblade","Matryoshka","DemoMod:RatBoots","SlaversCollar","Replay:Bandana","DemoMod:PartiallyEatenCheese","DemoMod:ResourcefulSack","Orichalcum","infinitespire:Lucky Rock","ReplayTheSpireMod:Lightbulb","DemoMod:GlassGuonStoneRelic","The Courier","ReplayTheSpireMod:TigerMarble","REME_LimitBreaker","CeramicFish","Simple Rune","TheAbacus","PreservedInsect","infinitespire:PuzzleCube","theMarked:Gun","ReplayFunnel","potionbrewer:SlideRule","Art of War","Durian","Shuriken","infinitespire:FocusingShard","Pantograph","Replay:Mystery Machine","Vajra","DemoMod:MeltedRock","theMarked:NailFile","Du-Vu Doll","DemoMod:GundromedaStrain","HornCleat","theMarked:VonisonLock","infinitespire:Magic Flask","DemoMod:PinkGuonStone","Ice Cream","Golden Egg","Happy Flower","Singing Bowl","Gremlin Food","DemoMod:AgedBell","infinitespire:EmpoweringShard","Eternal Feather","Bottled Tornado","MealTicket","Juzu Bracelet","Toy Ornithopter","DemoMod:Metronome","Pet Ghost","REME_ArchaeologicalTools","DemoMod:BlueGuonStone","Gremlin Horn","Akabeko","Replay:Bottled Eggs","Sundial","Nunchaku","DemoMod:MemoryAlloy","Darkstone Periapt","Bronze Scales","infinitespire:Beetle Shell","infinitespire:CheckeredPen","Centennial Puzzle","Replay:Baseball","infinitespire:BottledMercury","Bottled Lightning","White Beast Statue","Ancient Tea Set","Frozen Egg 2","Tiny Chest","Potion Belt","DemoMod:GreenGuonStone","Oddly Smooth Stone","Meat on the Bone","potionbrewer:DrinkingBird","Replay:Bottled Snecko","DemoMod:WeirdEgg","Replay:Bottled Steam","theMarked:DemonDagger","Replay:Multitool","Counterbalance","infinitespire:WardingShard","DemoMod:LamentConfigurum","DemoMod:VorpalBullet","Calipers","StoneCalendar","potionbrewer:MortarAndPestle","Replay:Accelerometer","potionbrewer:RamsHorn","Blue Candle","Snack Pack","DemoMod:PoisonVial","DemoMod:BigBoy","DemoMod:ChaffGrenade","DemoMod:MonsterBlood","infinitespire:ShieldingShard","DemoMod:RingOfEthereal","Mummified Hand","Question Card"],"acts_visited":["Exordium","TheCity","TheCity","TheBeyond"],"potions_floor_usage":[16,16,18,24,24,24,25,31,34,34,34,35,35,35,35,35,35,35,37,43,43,44],"damage_taken":[{"damage":2,"enemies":"2 Louse","floor":1,"turns":3},{"damage":8,"enemies":"Jaw Worm","floor":4,"turns":4},{"damage":0,"enemies":"Cultist","floor":7,"turns":2},{"damage":0,"enemies":"Red Slaver","floor":11,"turns":3},{"damage":0,"enemies":"Blue Slaver","floor":12,"turns":3},{"damage":4,"enemies":"Exordium Thugs","floor":13,"turns":4},{"damage":11,"enemies":"The Guardian","floor":16,"turns":6},{"damage":0,"enemies":"Spheric Guardian","floor":18,"turns":1},{"damage":8,"enemies":"3 Byrds","floor":20,"turns":4},{"damage":0,"enemies":"Sentry and Sphere","floor":24,"turns":3},{"damage":0,"enemies":"DemoMod:4_Bullet_Kins","floor":28,"turns":3},{"damage":0,"enemies":"DemoMod:2_Veteran_bullet_kins_and_red_shotgun_kin","floor":29,"turns":2},{"damage":6,"enemies":"DemoMod:Red_and_blue_shotgun_kin_with_gunsinger","floor":30,"turns":3},{"damage":18,"enemies":"DemoMod:Veteran_shot_gun_kin_and_blue_shotgun_kin_with_gunsinger","floor":31,"turns":3},{"damage":10,"enemies":"DemoMod:Veteran_shot_gun_kin_and_red_shotgun_kin_with_gunsinger","floor":32,"turns":2},{"damage":35,"enemies":"DemoMod:ResourcefulRat","floor":35,"turns":11},{"damage":22,"enemies":"3 Darklings","floor":37,"turns":4},{"damage":1,"enemies":"3 Shapes","floor":41,"turns":3},{"damage":0,"enemies":"Spire Growth","floor":43,"turns":4},{"damage":0,"enemies":"Nightmare","floor":44,"turns":6}],"seed_played":"7044449096447037769","potions_obtained":[{"floor":4,"key":"Weak Potion"},{"floor":12,"key":"DuplicationPotion"},{"floor":18,"key":"AttackPotion"},{"floor":24,"key":"DemoMod:LeadSkinPotion"},{"floor":41,"key":"Reflective Coating"},{"floor":44,"key":"Reflective Coating"}],"is_trial":false,"path_per_floor":["M","?","?","M","$","R","M","?","T","$","M","M","M","$","R","B",null,"M","AVR","M","$","?","R","M","$","T","R","M","M","M","M","M","R","B","B",null,"M","T","?","$","M","R","M","NM","T","T","$"],"character_chosen":"THE_DEFAULT","items_purchased":["Anchor","infinitespire:Golems Mask","DemoMod:GnawedKey","theMarked:ParalyzingBlade","REME_Flogging","theMarked:EmpowerWeapon","Good Instincts","Blood Vial","Medical Kit","War Paint","DemoMod:LeadSkinPotion","potionbrewer:AcidPotion","Boot","DemoMod:Bottle","Chemical X","ReplayTheSpireMod:Brewmster","Replay:Ringing Soul","potionbrewer:BoosterPack","Shovel","potionbrewer:Keyblade","Matryoshka","potionbrewer:BlacksmithPotion","Energy Potion","Venom Potion","ReplayTheSpireMod:Lightbulb","Deep Breath","SkillPotion","CeramicFish","Simple Rune","TheAbacus","PreservedInsect","infinitespire:PuzzleCube","theMarked:Gun","ReplayFunnel","potionbrewer:SlideRule","Art of War","Durian","Shuriken","infinitespire:FocusingShard","Pantograph","Replay:Mystery Machine","Vajra","DemoMod:MeltedRock","theMarked:NailFile","Du-Vu Doll","DemoMod:GundromedaStrain","HornCleat","theMarked:VonisonLock","infinitespire:Magic Flask","DemoMod:PinkGuonStone","Ice Cream","Golden Egg","Happy Flower","Singing Bowl","Gremlin Food","DemoMod:AgedBell","infinitespire:EmpoweringShard","Eternal Feather","Bottled Tornado","MealTicket","Juzu Bracelet","Toy Ornithopter","DemoMod:Metronome","Pet Ghost","REME_ArchaeologicalTools","DemoMod:BlueGuonStone","Gremlin Horn","Akabeko","Replay:Bottled Eggs","Sundial","Nunchaku","DemoMod:MemoryAlloy","Darkstone Periapt","Bronze Scales","infinitespire:Beetle Shell","infinitespire:CheckeredPen","Centennial Puzzle","Replay:Baseball","infinitespire:BottledMercury","Bottled Lightning","White Beast Statue","Ancient Tea Set","Frozen Egg 2","Tiny Chest","Potion Belt","DemoMod:GreenGuonStone","Oddly Smooth Stone","Meat on the Bone","potionbrewer:DrinkingBird","Replay:Bottled Snecko","DemoMod:WeirdEgg","Replay:Bottled Steam","theMarked:DemonDagger","Replay:Multitool","Counterbalance","infinitespire:WardingShard","DemoMod:LamentConfigurum","DemoMod:VorpalBullet","Calipers","StoneCalendar","potionbrewer:MortarAndPestle","Replay:Accelerometer","potionbrewer:RamsHorn","Blue Candle","Snack Pack","DemoMod:PoisonVial","DemoMod:BigBoy","DemoMod:ChaffGrenade","DemoMod:MonsterBlood","infinitespire:ShieldingShard","DemoMod:RingOfEthereal","Mummified Hand","Question Card"],"campfire_rested":0,"item_purchase_floors":[5,5,5,5,5,5,5,10,10,10,10,10,14,14,14,14,21,21,25,25,25,25,25,25,40,40,40,47,47,47,47,47,47,47,47,47,47,47,47,47,47,47,47,47,47,47,47,47,47,47,47,47,47,47,47,47,47,47,47,47,47,47,47,47,47,47,47,47,47,47,47,47,47,47,47,47,47,47,47,47,47,47,47,47,47,47,47,47,47,47,47,47,47,47,47,47,47,47,47,47,47,47,47,47,47,47,47,47,47,47,47,47,47],"current_hp_per_floor":[68,68,68,60,60,60,60,60,60,60,62,64,62,62,62,53,70,70,70,62,65,65,65,67,67,73,73,73,76,73,57,49,49,44,14,82,63,63,63,66,70,70,75,77,77,77,96,96],"gold":80703,"neow_bonus":"COLORLESS_CARD","is_daily":false,"chose_seed":false,"campfire_upgraded":6,"win_rate":0.0,"timestamp":1612952563,"path_taken":["M","?","?","M","$","R","M","?","T","$","M","M","M","?","R","BOSS","M","AVR","M","$","?","R","M","?","T","R","M","M","M","M","M","R","BOSS","BOSS","M","?","?","$","?","R","M","NM","T","?","$"],"items_purchased_type":["Relic","Relic","Relic","Card","Card","Card","Card","Relic","Relic","Relic","Potion","Potion","Relic","Relic","Relic","Card","Relic","Relic","Relic","Relic","Relic","Potion","Potion","Potion","Relic","Card","Potion","Relic","Relic","Relic","Relic","Relic","Relic","Relic","Relic","Relic","Relic","Relic","Relic","Relic","Relic","Relic","Relic","Relic","Relic","Relic","Relic","Relic","Relic","Relic","Relic","Relic","Relic","Relic","Relic","Relic","Relic","Relic","Relic","Relic","Relic","Relic","Relic","Relic","Relic","Relic","Relic","Relic","Relic","Relic","Relic","Relic","Relic","Relic","Relic","Relic","Relic","Relic","Relic","Relic","Relic","Relic","Relic","Relic","Relic","Relic","Relic","Relic","Relic","Relic","Relic","Relic","Relic","Relic","Relic","Relic","Relic","Relic","Relic","Relic","Relic","Relic","Relic","Relic","Relic","Relic","Relic","Relic","Relic","Relic","Relic","Relic","Relic"],"build_version":"2020-12-22","purchased_purges":8,"victory":false,"max_hp_per_floor":[70,70,70,70,70,70,70,70,70,70,70,70,70,70,70,70,70,70,70,70,73,73,73,73,73,73,73,73,76,79,79,79,79,79,82,82,85,85,85,88,91,91,94,94,94,94,113,113],"card_choices":[{"not_picked":["theMarked:LightningStrikesTwice","theMarked:RepellingDischarge"],"picked":"theMarked:Improvise","floor":1},{"not_picked":["theMarked:ShockingTouch","theMarked:WastefulAttack"],"picked":"theMarked:EnhanceMovement","floor":4},{"not_picked":["theMarked:WastefulAttack","theMarked:Improvise","theMarked:HeightenedSenses"],"picked":"SKIP","floor":7},{"not_picked":["theMarked:TakeCover","theMarked:TwofoldDefense"],"picked":"theMarked:Challenge","floor":11},{"not_picked":["theMarked:HeightenedSenses","theMarked:ContemptForTheProud"],"picked":"theMarked:EmpowerWeapon","floor":12},{"not_picked":["theMarked:Frustration","theMarked:Memento"],"picked":"theMarked:StartUp","floor":13},{"not_picked":["theMarked:Challenge","theMarked:Defy"],"picked":"theMarked:Levitate","floor":16},{"not_picked":["theMarked:MuscleMemory","theMarked:Pokerface","theMarked:LightningStrikesTwice"],"picked":"SKIP","floor":18},{"not_picked":["theMarked:WastefulAttack+1","theMarked:Pokerface","theMarked:KeepCalmAndFight"],"picked":"SKIP","floor":20},{"not_picked":["theMarked:BanishingStrike","theMarked:TwofoldDefense","theMarked:Frustration+1"],"picked":"SKIP","floor":24},{"not_picked":["theMarked:ShockingTouch","theMarked:Parkour","theMarked:TakeCover+1"],"picked":"SKIP","floor":28},{"not_picked":["theMarked:CreepingChasm","theMarked:Improvise+1"],"picked":"theMarked:BindingBlade","floor":29},{"not_picked":["theMarked:EmpowerWeapon","theMarked:Reabsorb"],"picked":"theMarked:SelfDefenseTraining+1","floor":30},{"not_picked":["theMarked:Parry+1","theMarked:Determination","theMarked:WastefulAttack"],"picked":"SKIP","floor":31},{"not_picked":["theMarked:Parry+1","theMarked:Frustration","theMarked:Determination+1"],"picked":"SKIP","floor":32},{"not_picked":[],"picked":"DemoMod:Elimentaler","floor":35},{"not_picked":["theMarked:EmpowerWeapon","theMarked:ElectricStrings+1"],"picked":"theMarked:StartUp+1","floor":37},{"not_picked":["theMarked:Improvise+1","theMarked:TheMission"],"picked":"theMarked:RogueSparks+1","floor":41},{"not_picked":["theMarked:TunnelVision+1","theMarked:StartUp"],"picked":"theMarked:WardOff+1","floor":43},{"not_picked":["theMarked:BanishingWave","theMarked:ComboAttacks","theMarked:EmpowerWeapon"],"picked":"SKIP","floor":44}],"player_experience":700758,"relics_obtained":[{"floor":36,"key":"DemoMod:RatBoots"},{"floor":36,"key":"SlaversCollar"},{"floor":36,"key":"Replay:Bandana"},{"floor":36,"key":"DemoMod:PartiallyEatenCheese"},{"floor":36,"key":"DemoMod:ResourcefulSack"},{"floor":38,"key":"Orichalcum"},{"floor":38,"key":"infinitespire:Lucky Rock"},{"floor":44,"key":"The Courier"},{"floor":45,"key":"ReplayTheSpireMod:TigerMarble"},{"floor":46,"key":"REME_LimitBreaker"}],"event_choices":[{"cards_removed":["theMarked:TheMission"],"damage_healed":0,"gold_gain":0,"player_choice":"Card Removal","damage_taken":0,"max_hp_gain":0,"max_hp_loss":0,"event_name":"The Cleric","floor":3,"gold_loss":50},{"cards_removed":["theMarked:TheMission"],"damage_healed":0,"gold_gain":0,"player_choice":"Elegance","damage_taken":0,"max_hp_gain":0,"max_hp_loss":0,"event_name":"Back to Basics","floor":22,"gold_loss":0},{"damage_healed":0,"gold_gain":0,"player_choice":"Ignored","damage_taken":0,"max_hp_gain":0,"max_hp_loss":0,"event_name":"SecretPortal","floor":39,"gold_loss":0}],"is_beta":false,"boss_relics":[{"not_picked":["theMarked:SpiritSword","Pandora\u0027s Box"],"picked":"Coffee Dripper"},{"not_picked":[]}],"items_purged_floors":[5,10,14,19,21,25,40,47],"is_endless":true,"potions_floor_spawned":[4,12,13,18,24,30,41,44],"ascension_level":0}}