{"host":"tthpht10oetb1q7t","time":1612951216,"event":{"mods":["AchievementEnabler","BaseMod","Conspire","Dio Mod","GifTheSpireLib","Hubris","Minty Spire (QoL Compilation)","Permanent Neow","Quick Restart","Replay The Spire","StSLib","SuperFastMode","The Blackbeard","The Saiyan"],"gold_per_floor":[118,18,18,49,49,49,96,160,210,276,276,290,290,343,343,393,393,393],"floor_reached":16,"language":"ENG","playtime":873,"items_purged":[],"score":102,"play_id":"a95cc98d-e400-4703-96d2-f3b828d4ad8b","local_time":"20210210110016","is_ascension_mode":false,"campfire_choices":[{"data":"conspire:SpireCoStock","floor":6,"key":"SMITH"},{"data":"blackbeard:TacticalRetreat","floor":11,"key":"SMITH"},{"data":"blackbeard:GoldenStrike","floor":15,"key":"SMITH"}],"circlet_count":0,"master_deck":["blackbeard:BlackbeardStrike","blackbeard:BlackbeardStrike","blackbeard:BlackbeardStrike","blackbeard:IntimidatingStrike","blackbeard:BlackbeardDefend","blackbeard:BlackbeardDefend","blackbeard:BlackbeardDefend","blackbeard:BlackbeardDefend","blackbeard:Cutlass","blackbeard:GoldenDefense+1","conspire:SpireCoStock","conspire:SpireCoStock+1","blackbeard:GoldenStrike+1","blackbeard:TacticalRetreat+1","blackbeard:GoldenRain"],"relics":["blackbeard:LoadTheCannons","hubris:SlimyHat","Toy Ornithopter"],"acts_visited":["Exordium"],"potions_floor_usage":[7,10,10,16,16],"damage_taken":[{"damage":0,"enemies":"Small Slimes","floor":1,"turns":3},{"damage":7,"enemies":"Jaw Worm","floor":4,"turns":5},{"damage":51,"enemies":"Gremlin Nob","floor":7,"turns":7},{"damage":8,"enemies":"2 Louse","floor":8,"turns":4},{"damage":2,"enemies":"Red Slaver","floor":10,"turns":3},{"damage":0,"enemies":"Blue Slaver","floor":12,"turns":5},{"damage":15,"enemies":"Looter","floor":14,"turns":4},{"damage":70,"enemies":"Slime Boss","floor":16,"turns":10}],"seed_played":"-62290329097507335","potions_obtained":[{"floor":4,"key":"DuplicationPotion"},{"floor":7,"key":"Explosive Potion"},{"floor":8,"key":"SkillPotion"},{"floor":12,"key":"EssenceOfSteel"},{"floor":14,"key":"Explosive Potion"}],"is_trial":false,"path_per_floor":["M","?","?","M","$","R","E","M","T","M","R","M","?","M","R","B"],"character_chosen":"BLACKBEARD_CLASS","items_purchased":[],"campfire_rested":0,"item_purchase_floors":[],"current_hp_per_floor":[75,75,75,68,68,68,17,9,9,17,17,17,75,60,60,0,0,0],"gold":393,"neow_bonus":"REMOVE_CARD","is_daily":false,"chose_seed":false,"campfire_upgraded":3,"win_rate":0.0,"timestamp":1612951216,"path_taken":["M","?","?","M","$","R","E","M","T","M","R","?","?","M","R","BOSS"],"items_purchased_type":[],"build_version":"2020-12-22","purchased_purges":0,"victory":false,"max_hp_per_floor":[75,75,75,75,75,75,75,75,75,75,75,75,75,75,75,75,75,75],"card_choices":[{"not_picked":["blackbeard:Shrapnel","blackbeard:Sharpening"],"picked":"blackbeard:GoldenDefense","floor":1},{"not_picked":["blackbeard:Provisioning","blackbeard:ChaoticDefense"],"picked":"blackbeard:GoldenStrike","floor":4},{"not_picked":["blackbeard:FieryDefense","blackbeard:DangerousBlow","blackbeard:BlindAttacks"],"picked":"SKIP","floor":7},{"not_picked":["blackbeard:Fencing","blackbeard:Toast"],"picked":"blackbeard:Rum","floor":8},{"not_picked":["blackbeard:Dagger","blackbeard:ChaoticDefense"],"picked":"blackbeard:TacticalRetreat","floor":10},{"not_picked":["blackbeard:DoubleCannonball","blackbeard:BlindAttacks","blackbeard:CannonballSupply"],"picked":"SKIP","floor":12},{"not_picked":["blackbeard:BeatUp","blackbeard:Shrapnel"],"picked":"blackbeard:GoldenRain","floor":14}],"player_experience":111845,"relics_obtained":[{"floor":7,"key":"hubris:SlimyHat"},{"floor":9,"key":"Toy Ornithopter"}],"event_choices":[{"damage_healed":0,"gold_gain":0,"player_choice":"Invest 2","damage_taken":0,"max_hp_gain":0,"max_hp_loss":0,"event_name":"conspire:Investor","floor":2,"gold_loss":0},{"cards_removed":["blackbeard:Rum"],"damage_healed":58,"gold_gain":0,"player_choice":"Offered Uncommon","damage_taken":0,"max_hp_gain":0,"max_hp_loss":0,"event_name":"Bonfire Elementals","floor":13,"gold_loss":0}],"is_beta":false,"boss_relics":[],"items_purged_floors":[],"is_endless":false,"potions_floor_spawned":[4,7,8,12,14],"killed_by":"Slime Boss","ascension_level":0}}