{"host":"1xo5g347e5o4auts","time":1612966212,"event":{"mods":["BaseMod","Minty Spire (QoL Compilation)","Permanent Neow","StSLib"],"gold_per_floor":[112,112,132,282,282,282,9,49,49,49,84,109,144,44,44,149,149,168,183,217,241,291,291,291,291],"floor_reached":24,"language":"ENG","playtime":1357,"items_purged":["Doubt","Strike_G"],"score":478,"play_id":"d238b4c3-2955-4adc-951f-946d683d2e4f","local_time":"20210210161012","is_ascension_mode":true,"campfire_choices":[{"data":"Corpse Explosion","floor":6.0,"key":"SMITH"},{"floor":10.0,"key":"REST"},{"data":"Apotheosis","floor":15.0,"key":"SMITH"},{"floor":23.0,"key":"REST"}],"circlet_count":0,"master_deck":["AscendersBane","Strike_G+1","Strike_G","Strike_G","Strike_G","Defend_G","Defend_G+1","Defend_G","Defend_G","Defend_G","Survivor","Neutralize","Corpse Explosion+1","Predator","Apotheosis+1","Deadly Poison","Burst","Dash+1"],"relics":["Ring of the Snake","Golden Idol","CeramicFish","Molten Egg 2","Blood Vial","Oddly Smooth Stone","Snecko Eye"],"acts_visited":["Exordium","TheCity"],"potions_floor_usage":[24],"damage_taken":[{"damage":4.0,"enemies":"Jaw Worm","floor":1.0,"turns":5.0},{"damage":0.0,"enemies":"2 Louse","floor":3.0,"turns":2.0},{"damage":9.0,"enemies":"Lagavulin","floor":8.0,"turns":10.0},{"damage":21.0,"enemies":"Gremlin Nob","floor":11.0,"turns":4.0},{"damage":0.0,"enemies":"Cultist","floor":12.0,"turns":4.0},{"damage":1.0,"enemies":"Lagavulin","floor":13.0,"turns":8.0},{"damage":19.0,"enemies":"Hexaghost","floor":16.0,"turns":9.0},{"damage":1.0,"enemies":"Spheric Guardian","floor":18.0,"turns":4.0},{"damage":7.0,"enemies":"2 Thieves","floor":19.0,"turns":3.0},{"damage":14.0,"enemies":"Centurion and Healer","floor":20.0,"turns":4.0},{"damage":27.0,"enemies":"Snake Plant","floor":21.0,"turns":4.0},{"damage":0,"enemies":"Gremlin Leader","floor":24,"turns":2}],"seed_played":"2028070425649168540","potions_obtained":[{"floor":1.0,"key":"FearPotion"},{"floor":11.0,"key":"BlessingOfTheForge"},{"floor":19.0,"key":"PowerPotion"}],"is_trial":false,"path_per_floor":["M","?","M","?","?","R","$","E","T","R","E","M","E","$","R","B",null,"M","M","M","M","?","R","E"],"character_chosen":"THE_SILENT","items_purchased":["Apotheosis"],"campfire_rested":2,"item_purchase_floors":[7],"current_hp_per_floor":[55,37,37,37,37,37,37,28,28,44,23,25,26,26,26,9,43,44,39,27,2,2,18,20,20],"gold":291,"neow_bonus":"THREE_RARE_CARDS","is_daily":false,"chose_seed":false,"campfire_upgraded":2,"win_rate":0.0,"timestamp":1612966212,"path_taken":["M","?","M","?","?","R","$","E","T","R","E","M","E","?","R","BOSS","M","M","?","M","?","R","E"],"items_purchased_type":["Card"],"build_version":"2020-12-22","purchased_purges":2,"victory":false,"max_hp_per_floor":[60,60,60,60,54,54,54,54,54,54,54,54,54,54,54,54,54,54,54,54,54,54,54,54,54],"card_choices":[{"not_picked":["Burst","Unload"],"picked":"Corpse Explosion","floor":0.0},{"not_picked":["Quick Slash","Prepared"],"picked":"Predator","floor":1.0},{"not_picked":["Deflect","Slice","Choke"],"picked":"SKIP","floor":3.0},{"not_picked":["Dagger Throw","Bane"],"picked":"Deadly Poison","floor":8.0},{"not_picked":["Accuracy","Distraction","Deflect"],"picked":"SKIP","floor":11.0},{"not_picked":["Calculated Gamble","Concentrate","Deadly Poison"],"picked":"SKIP","floor":12.0},{"not_picked":["Flying Knee+1","Envenom","Cloak And Dagger"],"picked":"SKIP","floor":13.0},{"not_picked":["Corpse Explosion","Unload+1"],"picked":"Burst","floor":16.0},{"not_picked":["Quick Slash+1","Bane+1","Blade Dance"],"picked":"SKIP","floor":18.0},{"not_picked":["Dagger Throw+1","Slice+1","Underhanded Strike+1"],"picked":"SKIP","floor":19.0},{"not_picked":["Prepared","Quick Slash+1"],"picked":"Dash+1","floor":20.0},{"not_picked":["Masterful Stab+1","Poisoned Stab+1","Flechettes+1"],"picked":"SKIP","floor":21.0}],"player_experience":1471677,"relics_obtained":[{"floor":8.0,"key":"CeramicFish"},{"floor":9.0,"key":"Molten Egg 2"},{"floor":11.0,"key":"Blood Vial"},{"floor":13.0,"key":"Oddly Smooth Stone"}],"event_choices":[{"damage_healed":0.0,"max_hp_gain":0.0,"max_hp_loss":0.0,"gold_gain":0.0,"event_name":"Shining Light","player_choice":"Entered Light","floor":2.0,"gold_loss":0.0,"damage_taken":18.0,"cards_upgraded":["Defend_G","Strike_G"]},{"damage_healed":0.0,"max_hp_gain":0.0,"max_hp_loss":0.0,"gold_gain":150.0,"event_name":"Liars Game","player_choice":"AGREE","floor":4.0,"gold_loss":0.0,"damage_taken":0.0,"cards_obtained":["Doubt"]},{"damage_healed":0.0,"max_hp_gain":0.0,"max_hp_loss":6.0,"gold_gain":0.0,"event_name":"Golden Idol","player_choice":"Lose Max HP","floor":5.0,"gold_loss":0.0,"damage_taken":0.0,"relics_obtained":["Golden Idol"]},{"damage_healed":0.0,"max_hp_gain":0.0,"max_hp_loss":0.0,"gold_gain":50.0,"event_name":"Nest","player_choice":"Stole From Cult","floor":22.0,"gold_loss":0.0,"damage_taken":0.0}],"is_beta":false,"boss_relics":[{"not_picked":["WristBlade","Ectoplasm"],"picked":"Snecko Eye"}],"items_purged_floors":[7,14],"is_endless":false,"potions_floor_spawned":[1,11,19],"killed_by":"Gremlin Leader","ascension_level":20}}