{"host":"ugys05tpep779cl6","time":1612953245,"event":{"mods":["AchievementEnabler","Aspiration","BaseMod","Beaked The Cultist","CatGirl Mod","Colored Powertips","HololiveMod","Lobotomy","Minty Spire (QoL Compilation)","Quick Restart","Replay The Spire","Spicy Shops","StSLib","The Druid"],"gold_per_floor":[19,29,29,29,102,102,102,140,208,227,258,65,98,117,117,213,213,234,248,173,187,203,203,203],"floor_reached":23,"language":"ENG","playtime":958,"items_purged":["Strike_R"],"score":390,"play_id":"638e9c13-4950-458a-af21-e3335e55e120","local_time":"20210210113405","is_ascension_mode":true,"campfire_choices":[{"data":"Uppercut","floor":7.0,"key":"SMITH"},{"data":"Barricade","floor":15.0,"key":"SMITH"}],"circlet_count":0,"master_deck":["AscendersBane","Strike_R","Strike_R","Strike_R","Defend_R","Defend_R","Defend_R","Defend_R","Bash","Uppercut+1","Fire Breathing","Spot Weakness","Body Slam+1","Shrug It Off","Barricade+1","Limit Break","Iron Wave+1","Headbutt+1","Warcry+1"],"relics":["Burning Blood","Turnip","Golden Idol","Divine Protection","Molten Egg 2","Ginger","Happy Flower","Blood Vial","Mark of Pain"],"acts_visited":["Exordium","TheCity"],"potions_floor_usage":[23],"damage_taken":[{"damage":2.0,"enemies":"2 Louse","floor":1.0,"turns":3.0},{"damage":6.0,"enemies":"Jaw Worm","floor":2.0,"turns":5.0},{"damage":26.0,"enemies":"Gremlin Nob","floor":8.0,"turns":5.0},{"damage":0.0,"enemies":"Cultist","floor":10.0,"turns":3.0},{"damage":22.0,"enemies":"Lagavulin","floor":11.0,"turns":6.0},{"damage":11.0,"enemies":"Gremlin Nob","floor":13.0,"turns":5.0},{"damage":3.0,"enemies":"2 Fungi Beasts","floor":14.0,"turns":4.0},{"damage":8.0,"enemies":"The Guardian","floor":16.0,"turns":12.0},{"damage":43.0,"enemies":"Spheric Guardian","floor":18.0,"turns":6.0},{"damage":10.0,"enemies":"Shell Parasite","floor":19.0,"turns":7.0},{"damage":10.0,"enemies":"Snake Plant","floor":21.0,"turns":5.0},{"damage":2,"enemies":"Cultist and Chosen","floor":22,"turns":6},{"damage":28,"enemies":"Book of Stabbing","floor":23,"turns":5}],"seed_played":"2640632813975622226","potions_obtained":[{"floor":5.0,"key":"FairyPotion"},{"floor":5.0,"key":"HeartOfIron"},{"floor":8.0,"key":"SmokeBomb"},{"floor":13.0,"key":"SteroidPotion"},{"floor":16.0,"key":"AttackPotion"}],"is_trial":false,"path_per_floor":["M","M","?","$","?","?","R","E","T","M","E","$","E","M","R","B",null,"M","M","$","M","M","E"],"character_chosen":"IRONCLAD","items_purchased":["Shrug It Off","Happy Flower"],"campfire_rested":0,"item_purchase_floors":[12,12],"current_hp_per_floor":[72,72,65,65,41,15,15,26,26,32,16,16,11,16,16,16,60,25,23,23,21,27,1,1],"gold":203,"neow_bonus":"ONE_RARE_RELIC","is_daily":false,"chose_seed":false,"campfire_upgraded":2,"win_rate":0.0,"timestamp":1612953245,"path_taken":["M","M","?","$","?","?","R","E","T","M","E","?","E","?","R","BOSS","M","M","$","M","M","E"],"items_purchased_type":["Card","Relic"],"build_version":"2020-12-22","purchased_purges":1,"victory":false,"max_hp_per_floor":[75,75,75,75,75,75,75,75,75,75,75,75,75,75,75,75,75,75,75,75,75,75,75,75],"card_choices":[{"not_picked":["Sword Boomerang","ReplayTheSpireMod:LeadingStrike"],"picked":"Uppercut","floor":1.0},{"not_picked":["Perfected Strike","Anger"],"picked":"Fire Breathing","floor":2.0},{"not_picked":["ReplayTheSpireMod:Stacked","ReplayTheSpireMod:Muscle Training"],"picked":"Spot Weakness","floor":8.0},{"not_picked":["Havoc","Shockwave","True Grit"],"picked":"SKIP","floor":10.0},{"not_picked":["Feed+1","Rupture"],"picked":"Body Slam+1","floor":11.0},{"not_picked":["Iron Wave+1","Thunderclap+1"],"picked":"Barricade","floor":13.0},{"not_picked":["Fire Breathing","ReplayTheSpireMod:Strike From Hell+1","Headbutt+1"],"picked":"SKIP","floor":14.0},{"not_picked":["Demon Form","Feed+1"],"picked":"Limit Break","floor":16.0},{"not_picked":["Massacre+1","Armaments"],"picked":"Iron Wave+1","floor":18.0},{"not_picked":["Feel No Pain","Dual Wield","ReplayTheSpireMod:LeadingStrike+1"],"picked":"SKIP","floor":19.0},{"not_picked":["Havoc","Warcry"],"picked":"Headbutt+1","floor":21},{"not_picked":["Anger+1","Iron Wave+1"],"picked":"Warcry+1","floor":22}],"player_experience":739151,"relics_obtained":[{"floor":8.0,"key":"Divine Protection"},{"floor":9.0,"key":"Molten Egg 2"},{"floor":11.0,"key":"Ginger"},{"floor":13.0,"key":"Blood Vial"}],"event_choices":[{"cards_removed":["Strike_R"],"damage_healed":0.0,"max_hp_gain":0.0,"max_hp_loss":0.0,"gold_gain":0.0,"event_name":"Golden Wing","player_choice":"Card Removal","floor":3.0,"gold_loss":0.0,"damage_taken":7.0},{"damage_healed":0.0,"max_hp_gain":0.0,"max_hp_loss":0.0,"gold_gain":0.0,"event_name":"Golden Idol","player_choice":"Take Damage","floor":6.0,"gold_loss":0.0,"damage_taken":26.0,"relics_obtained":["Golden Idol"]}],"is_beta":false,"boss_relics":[{"not_picked":["Kintsugi","beaked:MawFillet"],"picked":"Mark of Pain"}],"items_purged_floors":[20],"is_endless":false,"potions_floor_spawned":[8,13,14,16,18,19,21],"killed_by":"Book of Stabbing","ascension_level":17}}