{"host":"h4lp0eeso8a0ssq0","time":1612928009,"event":{"mods":["2.2 Compatiblity","AchievementEnabler","BaseMod","CapriCore","Colored Map","Minty Spire (QoL Compilation)","StSLib","SuperFastMode"],"gold_per_floor":[115,125,125,125,39,39,64,77,102,102,113,113,125,125,125,204,204,204,204],"floor_reached":18,"language":"KOR","playtime":349,"items_purged":[],"score":361,"play_id":"4bede1d3-160a-47c2-b66b-1e91e09fb4c3","local_time":"20210210123329","is_ascension_mode":true,"campfire_choices":[{"data":"Accuracy","floor":10,"key":"SMITH"},{"floor":12,"key":"REST"},{"data":"Cloak And Dagger","floor":15,"key":"SMITH"}],"circlet_count":0,"master_deck":["AscendersBane","Strike_G","Strike_G","Strike_G","Strike_G","Defend_G","Defend_G","Defend_G","Defend_G","Defend_G","Survivor","Neutralize","Cloak And Dagger+1","Dagger Throw","Accuracy+1","Caltrops","PiercingWail","Sucker Punch","Cloak And Dagger","Corpse Explosion"],"relics":["Ring of the Snake","NeowsBlessing","MealTicket","FaceOfCleric","Blood Vial","Centennial Puzzle","Philosopher\u0027s Stone"],"acts_visited":["Exordium","TheCity"],"potions_floor_usage":[16],"damage_taken":[{"damage":0,"enemies":"2 Louse","floor":1,"turns":1},{"damage":0,"enemies":"Small Slimes","floor":2,"turns":1},{"damage":0,"enemies":"Gremlin Nob","floor":7,"turns":1},{"damage":6,"enemies":"Cultist","floor":8,"turns":4},{"damage":30,"enemies":"Large Slime","floor":11,"turns":7},{"damage":8,"enemies":"3 Louse","floor":13,"turns":3},{"damage":35,"enemies":"The Guardian","floor":16,"turns":14},{"damage":21,"enemies":"Shell Parasite","floor":18,"turns":5}],"seed_played":"-2992318054796805368","potions_obtained":[{"floor":7,"key":"Energy Potion"},{"floor":8,"key":"SpeedPotion"},{"floor":13,"key":"Explosive Potion"}],"is_trial":false,"path_per_floor":["M","M","?","?","$","?","E","M","T","R","M","R","M","?","R","B",null,"M"],"character_chosen":"THE_SILENT","items_purchased":["Accuracy"],"campfire_rested":1,"item_purchase_floors":[5],"current_hp_per_floor":[59,59,41,34,49,49,50,47,47,47,20,40,35,35,35,3,54,35,35],"gold":204,"neow_bonus":"THREE_ENEMY_KILL","is_daily":false,"chose_seed":false,"campfire_upgraded":2,"win_rate":0.0,"timestamp":1612928009,"path_taken":["M","M","?","?","$","?","E","?","T","R","M","R","M","?","R","BOSS","M"],"items_purchased_type":["Card"],"build_version":"2020-12-22","purchased_purges":0,"victory":false,"max_hp_per_floor":[66,66,66,66,66,66,67,68,68,68,69,69,70,70,70,71,71,71,71],"card_choices":[{"not_picked":["Finisher","Dash"],"picked":"Cloak And Dagger","floor":1},{"not_picked":["Deadly Poison","Calculated Gamble"],"picked":"Dagger Throw","floor":2},{"not_picked":["Dodge and Roll","Deflect"],"picked":"Caltrops","floor":7},{"not_picked":["Prepared","All Out Attack"],"picked":"PiercingWail","floor":8},{"not_picked":["Well Laid Plans","Underhanded Strike"],"picked":"Sucker Punch","floor":11},{"not_picked":["Dagger Spray","Acrobatics"],"picked":"Cloak And Dagger","floor":13},{"not_picked":["Die Die Die","Grand Finale"],"picked":"Corpse Explosion","floor":16}],"player_experience":206976,"relics_obtained":[{"floor":7,"key":"Blood Vial"},{"floor":9,"key":"Centennial Puzzle"}],"event_choices":[{"damage_healed":0,"gold_gain":0,"player_choice":"Success","damage_taken":18,"relics_obtained":["MealTicket"],"max_hp_gain":0,"max_hp_loss":0,"event_name":"Scrap Ooze","floor":3,"gold_loss":0},{"cards_removed":["Strike_G"],"damage_healed":0,"gold_gain":0,"player_choice":"Card Removal","damage_taken":7,"max_hp_gain":0,"max_hp_loss":0,"event_name":"Golden Wing","floor":4,"gold_loss":0},{"damage_healed":0,"gold_gain":0,"player_choice":"Trade","damage_taken":0,"relics_obtained":["FaceOfCleric"],"max_hp_gain":0,"max_hp_loss":0,"event_name":"FaceTrader","floor":6,"gold_loss":0},{"damage_healed":0,"gold_gain":0,"player_choice":"Ignored","damage_taken":0,"max_hp_gain":0,"max_hp_loss":0,"event_name":"Liars Game","floor":14,"gold_loss":0}],"is_beta":false,"boss_relics":[{"not_picked":["Velvet Choker","Empty Cage"],"picked":"Philosopher\u0027s Stone"}],"items_purged_floors":[],"is_endless":false,"potions_floor_spawned":[7,8,13],"killed_by":"Shell Parasite","ascension_level":19}}