{"host":"0rxdudjy6rylha1k","time":1612922531,"event":{"mods":["Aspiration","BaseMod","Colored Map","Colored Powertips","Downfall","Highlight Path","Hubris","Minty Spire (QoL Compilation)","StSLib"],"gold_per_floor":[99,109,126,126,126,151,151,13,27,127,127,127,27,38,58,154,154,154,174,194,208,42,42,67,94,109,109,121,121,3,20,37,141,141,141,160,180,180,180,206,230,230,230,230,230],"floor_reached":43,"language":"ENG","playtime":4521,"items_purged":[],"score":705,"play_id":"0cf68c3f-0f6b-4d64-9a8b-3c4022de378d","local_time":"20210209190211","is_ascension_mode":true,"campfire_choices":[{"floor":1.0,"key":"RECALL"},{"data":"Slimebound:Split","floor":13.0,"key":"SMITH"},{"data":"Slimebound:GoopSpray","floor":18.0,"key":"SMITH"},{"data":"Metallicize","floor":23.0,"key":"SMITH"},{"floor":27.0,"key":"REST"},{"data":"Exhume","floor":29.0,"key":"SMITH"},{"data":"Slimebound:SelfFormingGoo","floor":35.0,"key":"SMITH"}],"circlet_count":0,"master_deck":["AscendersBane","Slimebound:OneTwoCombo+1","Slimebound:Strike_Slimebound","Slimebound:Strike_Slimebound","Slimebound:Tackle","Slimebound:Defend_Slimebound","Slimebound:Defend_Slimebound","Slimebound:Defend_Slimebound","Slimebound:Defend_Slimebound","Slimebound:Split+1","Slimebound:CorrosiveSpit","Slimebound:SlimeSpikes","Slimebound:SplitMire","Slimebound:DuplicatedForm+1","Slimebound:LevelUp","Slimebound:LeechLife","Slimebound:ItLooksTasty","Slimebound:GoopSpray+1","Slimebound:Schlurp","Slimebound:SplitAcid","Slimebound:MinionMaster","Slimebound:Replication+1","Slimebound:Prepare+1","Metallicize+1","Exhume+1","Slimebound:OneTwoCombo+1","Slimebound:SelfFormingGoo+1","Slimebound:SplitSpecialist+1","Shockwave"],"relics":["Slimebound:AbsorbEndCombat","hexamod:BolsterEngine","Letter Opener","downfall:HeartBlessingRed","aspiration:IroncladSkillbook","DollysMirror","Bronze Scales","Singing Bowl","Black Star","HornCleat","hubris:Icosahedron","StrikeDummy","Lantern","Centennial Puzzle"],"acts_visited":["Exordium","TheCity","TheBeyond"],"potions_floor_usage":[43],"damage_taken":[{"damage":18.0,"enemies":"Jaw Worm","floor":2.0,"turns":4.0},{"damage":0.0,"enemies":"2 Louse","floor":3.0,"turns":2.0},{"damage":22.0,"enemies":"Lagavulin","floor":6.0,"turns":5.0},{"damage":0.0,"enemies":"downfall:FleeingMerchant","floor":8.0,"turns":4.0},{"damage":1.0,"enemies":"Cultist","floor":9.0,"turns":4.0},{"damage":10.0,"enemies":"3 Louse","floor":14.0,"turns":3.0},{"damage":16.0,"enemies":"Large Slime","floor":15.0,"turns":4.0},{"damage":23.0,"enemies":"IC_STATUS_ARCHETYPE","floor":16.0,"turns":6.0},{"damage":14.0,"enemies":"Spheric Guardian","floor":19.0,"turns":4.0},{"damage":15.0,"enemies":"3 Byrds","floor":20.0,"turns":4.0},{"damage":14.0,"enemies":"Shelled Parasite and Fungi","floor":21.0,"turns":6.0},{"damage":17.0,"enemies":"downfall:FleeingMerchant","floor":22.0,"turns":4.0},{"damage":57.0,"enemies":"Slavers","floor":25.0,"turns":4.0},{"damage":0.0,"enemies":"Chosen and Byrds","floor":26.0,"turns":4.0},{"damage":0.0,"enemies":"Cultist and Chosen","floor":28.0,"turns":5.0},{"damage":1.0,"enemies":"downfall:FleeingMerchant","floor":30.0,"turns":4.0},{"damage":15.0,"enemies":"3 Cultists","floor":31.0,"turns":4.0},{"damage":11.0,"enemies":"Sentry and Sphere","floor":32.0,"turns":5.0},{"damage":52.0,"enemies":"DF_ARCHETYPE_CLAW","floor":33.0,"turns":8.0},{"damage":39.0,"enemies":"3 Shapes","floor":36.0,"turns":4.0},{"damage":2.0,"enemies":"Orb Walker","floor":37.0,"turns":3.0},{"damage":83.0,"enemies":"Reptomancer","floor":40.0,"turns":8.0},{"damage":25,"enemies":"Jaw Worm Horde","floor":43,"turns":1}],"seed_played":"-6113018075383553484","potions_obtained":[{"floor":5.0,"key":"PowerPotion"},{"floor":5.0,"key":"sneckomod:MuddlingPotion"},{"floor":5.0,"key":"Swift Potion"},{"floor":6.0,"key":"hexamod:SoulburnPotion"},{"floor":9.0,"key":"champ:CounterPotion"},{"floor":15.0,"key":"FearPotion"},{"floor":20.0,"key":"SpeedPotion"},{"floor":21.0,"key":"SkillPotion"},{"floor":25.0,"key":"PowerPotion"},{"floor":31.0,"key":"Fire Potion"},{"floor":32.0,"key":"SteroidPotion"},{"floor":36.0,"key":"AttackPotion"},{"floor":40.0,"key":"champ:CounterPotion"}],"is_trial":false,"path_per_floor":["R","M","M","?","?","E","T","$","M","?","?","?","R","M","M","B",null,"R","M","M","M","$","R","T","E","M","R","M","R","$","M","M","B",null,"R","M","M","?","?","E","T","?","M"],"character_chosen":"SLIMEBOUND","items_purchased":["Slimebound:LeechLife","Slimebound:ItLooksTasty","DollysMirror","Slimebound:SpawnSlimePotion"],"campfire_rested":1,"item_purchase_floors":[8,8,22,30],"current_hp_per_floor":[65,51,53,53,53,39,39,47,56,56,56,56,56,60,70,68,70,70,63,54,56,71,71,71,28,46,68,77,77,79,81,80,73,81,81,64,74,74,74,17,17,17,0,0,0],"gold":230,"neow_bonus":"TEN_PERCENT_HP_BONUS","is_daily":false,"chose_seed":false,"campfire_upgraded":5,"win_rate":0.0,"timestamp":1612922531,"path_taken":["R","M","M","?","?","E","T","$","?","?","?","?","R","M","M","BOSS","R","M","M","?","$","R","T","E","M","R","M","R","$","M","M","BOSS","R","M","M","?","?","E","T","?","M"],"items_purchased_type":["Card","Card","Relic","Potion"],"build_version":"2020-12-22","purchased_purges":0,"victory":false,"max_hp_per_floor":[71,71,71,71,71,71,71,71,71,71,71,71,71,71,71,71,71,71,71,71,71,71,71,71,73,75,75,77,77,79,81,83,83,83,83,83,85,85,85,87,87,87,87,87,87],"card_choices":[{"not_picked":["Slimebound:RollThrough","Slimebound:FinishingTackle"],"picked":"Slimebound:SlimeSpikes","floor":2.0},{"not_picked":["Slimebound:Gluttony","Slimebound:GoopSpray"],"picked":"Slimebound:SplitMire","floor":3.0},{"not_picked":["Slimebound:FinishingTackle","Slimebound:PressTheAttack"],"picked":"Slimebound:DuplicatedForm","floor":6.0},{"not_picked":["Slimebound:HauntingLick","Slimebound:SlimeSpikes"],"picked":"Slimebound:LevelUp","floor":8.0},{"not_picked":["Slimebound:PressTheAttack","Slimebound:ItLooksTasty"],"picked":"Slimebound:GoopSpray","floor":9.0},{"not_picked":["Slimebound:ItLooksTasty","Slimebound:SlimeBrawl"],"picked":"Slimebound:Schlurp","floor":14.0},{"not_picked":["Slimebound:Schlurp","Slimebound:LivingWall"],"picked":"Slimebound:SplitAcid","floor":15.0},{"not_picked":["Slimebound:DouseInSlime","Slimebound:Darklings"],"picked":"Slimebound:MinionMaster","floor":16.0},{"not_picked":["True Grit","Slimebound:SplitAcid","Clothesline+1"],"picked":"Slimebound:Replication+1","floor":19.0},{"not_picked":["Slimebound:FinishingTackle+1","Slimebound:GrowthPunch","True Grit"],"picked":"Slimebound:Prepare+1","floor":20.0},{"not_picked":["Sever Soul","Body Slam","hubris:ReadiedAction"],"picked":"Metallicize","floor":21.0},{"not_picked":["Slimebound:Schlurp","Blood for Blood+1","Slimebound:Dissolve"],"picked":"Exhume","floor":22.0},{"not_picked":["Slimebound:FormOfPuddle","hubris:ReadiedAction","Twin Strike","Slimebound:ItLooksTasty+1"],"picked":"Singing Bowl","floor":25.0},{"not_picked":["Warcry+1","Heavy Blade","Sword Boomerang+1","Slimebound:SamplingLick"],"picked":"Singing Bowl","floor":26.0},{"not_picked":["Slimebound:Equalize","Slimebound:ItLooksTasty+1","Havoc","Shockwave+1"],"picked":"Singing Bowl","floor":28.0},{"not_picked":["Havoc","Body Slam","Hemokinesis+1","Slimebound:Replication"],"picked":"Singing Bowl","floor":30.0},{"not_picked":["Slimebound:Dissolve","Slimebound:LivingWall+1","Slimebound:ComboTackle","Slimebound:PressTheAttack+1"],"picked":"Singing Bowl","floor":31.0},{"not_picked":["Hemokinesis+1","Entrench","Feel No Pain+1","True Grit"],"picked":"Singing Bowl","floor":32.0},{"not_picked":["Feed","Offering","Slimebound:WasteNot"],"picked":"Slimebound:SelfFormingGoo","floor":33.0},{"not_picked":["Slimebound:ViciousTackle+1","Ghostly Armor","Iron Wave+1"],"picked":"Slimebound:SplitSpecialist+1","floor":36.0},{"not_picked":["Slimebound:SamplingLick","Slimebound:ProtectTheBoss+1","Thunderclap+1","Slimebound:SplitBruiser"],"picked":"Singing Bowl","floor":37.0},{"not_picked":["Body Slam+1","Power Through","Fiend Fire","Cleave+1"],"picked":"Singing Bowl","floor":40.0}],"player_experience":2890490,"relics_obtained":[{"floor":6.0,"key":"hexamod:BolsterEngine"},{"floor":7.0,"key":"Letter Opener"},{"floor":24.0,"key":"Bronze Scales"},{"floor":25.0,"key":"Singing Bowl"},{"floor":38.0,"key":"HornCleat"},{"floor":40.0,"key":"StrikeDummy"},{"floor":40.0,"key":"Lantern"},{"floor":41.0,"key":"Centennial Puzzle"}],"event_choices":[{"damage_healed":0.0,"max_hp_gain":0.0,"max_hp_loss":0.0,"gold_gain":0.0,"event_name":"Lab","player_choice":"Got Potions","floor":5.0,"gold_loss":0.0,"damage_taken":0.0},{"damage_healed":0.0,"max_hp_gain":0.0,"max_hp_loss":0.0,"gold_gain":0.0,"event_name":"Accursed Blacksmith","player_choice":"Forge","floor":12.0,"gold_loss":0.0,"damage_taken":0.0,"cards_upgraded":["Slimebound:DuplicatedForm"]}],"is_beta":false,"boss_relics":[{"not_picked":["hubris:GrandSneckoEye","hubris:ScarierMask"],"picked":"aspiration:IroncladSkillbook"},{"not_picked":["Calling Bell","Pandora\u0027s Box"],"picked":"Black Star"}],"items_purged_floors":[],"is_endless":false,"potions_floor_spawned":[6,9,15,20,21,25,31,32,36,40],"killed_by":"Jaw Worm Horde","ascension_level":10}}