{"host":"rolltorest","time":1612924796,"event":{"mods":["BaseMod","Minty Spire (QoL Compilation)","Relic Stats","Slay the Relics Exporter","StSLib"],"gold_per_floor":[116,126,136,153,163,163,163,197,243,263,290,304,304,304,304,381,381,399,399,88,98,125,150,70,103,103,103,121,121,147,160,160,160,160],"floor_reached":33,"language":"ENG","playtime":957,"items_purged":["Strike_P"],"score":734,"play_id":"757bafe2-ccf4-4ba8-85f9-b1645a4ec06c","local_time":"20210209183956","is_ascension_mode":true,"campfire_choices":[{"data":"Eruption","floor":6,"key":"SMITH"},{"floor":13,"key":"REST"},{"data":"BowlingBash","floor":15,"key":"SMITH"},{"data":"Ragnarok","floor":27,"key":"SMITH"},{"data":"SandsOfTime","floor":32,"key":"SMITH"}],"circlet_count":0,"master_deck":["AscendersBane","Strike_P","Strike_P","Strike_P","Defend_P","Defend_P","Eruption+1","Vigilance","BowlingBash+1","BowlingBash","Adaptation","CarveReality","Wallop+1","FlurryOfBlows","ThirdEye+1","CutThroughFate","Omniscience+1","Perseverance+1","SandsOfTime+1","Wallop","Collect+1","Fasting2","Ragnarok+1","Conclude","RitualDagger","Meditate+1","SandsOfTime"],"relics":["Empty Cage","Toxic Egg 2","Anchor","HornCleat","Snecko Eye","MutagenicStrength","Art of War","Orichalcum","Centennial Puzzle","Blue Candle","Frozen Egg 2"],"acts_visited":["Exordium","TheCity"],"potions_floor_usage":[11,25,33],"damage_taken":[{"damage":0,"enemies":"Cultist","floor":1,"turns":2},{"damage":2,"enemies":"2 Louse","floor":2,"turns":3},{"damage":6,"enemies":"Jaw Worm","floor":3,"turns":5},{"damage":22,"enemies":"Exordium Thugs","floor":4,"turns":4},{"damage":11,"enemies":"Looter","floor":5,"turns":3},{"damage":16,"enemies":"Gremlin Nob","floor":8,"turns":3},{"damage":0,"enemies":"Lots of Slimes","floor":10,"turns":4},{"damage":15,"enemies":"Lagavulin","floor":11,"turns":3},{"damage":5,"enemies":"3 Louse","floor":12,"turns":3},{"damage":20,"enemies":"Slime Boss","floor":16,"turns":7},{"damage":3,"enemies":"Shell Parasite","floor":18,"turns":3},{"damage":0,"enemies":"3 Byrds","floor":21,"turns":2},{"damage":0,"enemies":"Slavers","floor":23,"turns":2},{"damage":0,"enemies":"Book of Stabbing","floor":25,"turns":3},{"damage":0,"enemies":"Cultist and Chosen","floor":28,"turns":2},{"damage":25,"enemies":"Slavers","floor":30,"turns":6},{"damage":0,"enemies":"Centurion and Healer","floor":31,"turns":5},{"damage":46,"enemies":"Automaton","floor":33,"turns":6}],"seed_played":"2442916202020729886","potions_obtained":[{"floor":8,"key":"SkillPotion"},{"floor":11,"key":"EssenceOfSteel"},{"floor":16,"key":"AttackPotion"},{"floor":28,"key":"FairyPotion"}],"is_trial":false,"path_per_floor":["M","M","M","M","M","R","?","E","T","M","E","M","R","?","R","B",null,"M","?","$","M","T","E","$","E","T","R","M","?","E","M","R","B"],"character_chosen":"WATCHER","items_purchased":["SandsOfTime","Art of War","Fasting2"],"campfire_rested":1,"item_purchase_floors":[20,20,24],"current_hp_per_floor":[61,59,53,31,20,20,42,26,26,26,11,6,26,26,26,6,53,50,50,50,50,50,50,50,50,50,50,50,44,19,19,19,0,0],"gold":160,"neow_bonus":"BOSS_RELIC","is_daily":false,"chose_seed":false,"campfire_upgraded":4,"win_rate":0.0,"timestamp":1612924796,"path_taken":["M","M","?","M","?","R","?","E","T","M","E","M","R","?","R","BOSS","M","?","$","M","?","E","$","E","T","R","M","?","E","M","R","BOSS"],"items_purchased_type":["Card","Relic","Card"],"build_version":"2020-12-18","purchased_purges":1,"victory":false,"max_hp_per_floor":[68,68,68,68,68,68,68,68,68,68,68,68,68,68,68,68,68,68,68,68,68,68,68,68,68,68,68,68,68,68,68,68,68,68],"relic_stats":{"Centennial Puzzle":[6],"counters":[18,66],"Blue Candle":[0],"Snecko Eye":[50,51,34,57],"Art of War":[1],"Orichalcum":[12],"obtain_stats":[{"Anchor":9,"Centennial Puzzle":23,"HornCleat":11,"MutagenicStrength":19,"Blue Candle":25,"Snecko Eye":17,"Art of War":20,"PureWater":0,"Toxic Egg 2":8,"Orichalcum":22,"Frozen Egg 2":30,"Empty Cage":0},{"Anchor":6,"Centennial Puzzle":13,"HornCleat":8,"MutagenicStrength":11,"Blue Candle":14,"Snecko Eye":10,"Art of War":11,"PureWater":0,"Toxic Egg 2":6,"Orichalcum":12,"Frozen Egg 2":16,"Empty Cage":0},{"Anchor":20,"Centennial Puzzle":44,"HornCleat":27,"MutagenicStrength":40,"Blue Candle":47,"Snecko Eye":37,"Art of War":40,"PureWater":0,"Toxic Egg 2":20,"Orichalcum":42,"Frozen Egg 2":55,"Empty Cage":0}]},"card_choices":[{"not_picked":["CrushJoints","Crescendo"],"picked":"BowlingBash","floor":1},{"not_picked":["EmptyBody","Crescendo"],"picked":"BowlingBash","floor":2},{"not_picked":["BattleHymn","Prostrate"],"picked":"Adaptation","floor":3},{"not_picked":["Fasting2","Wireheading"],"picked":"CarveReality","floor":4},{"not_picked":["Crescendo","FollowUp","Prostrate"],"picked":"SKIP","floor":5},{"not_picked":["Consecrate","Devotion"],"picked":"Wallop","floor":8},{"not_picked":["CrushJoints","FollowUp"],"picked":"FlurryOfBlows","floor":10},{"not_picked":["JustLucky","EmptyBody+1"],"picked":"ThirdEye+1","floor":11},{"not_picked":["WaveOfTheHand+1","WreathOfFlame+1"],"picked":"CutThroughFate","floor":12},{"not_picked":["Judgement+1","Wish+1"],"picked":"Omniscience+1","floor":16},{"not_picked":["FlyingSleeves","Evaluate+1"],"picked":"Perseverance+1","floor":18},{"not_picked":["WindmillStrike","FlurryOfBlows"],"picked":"Wallop","floor":21},{"not_picked":["CarveReality","Consecrate+1"],"picked":"Collect+1","floor":23},{"not_picked":["CutThroughFate","JustLucky+1"],"picked":"Ragnarok","floor":25},{"not_picked":["ClearTheMind+1","EmptyMind+1"],"picked":"Conclude","floor":28},{"not_picked":["Vengeance+1","Worship+1"],"picked":"Meditate+1","floor":30},{"not_picked":["FearNoEvil","FollowUp+1"],"picked":"SandsOfTime","floor":31}],"player_experience":1938183,"relics_obtained":[{"floor":8,"key":"Toxic Egg 2"},{"floor":9,"key":"Anchor"},{"floor":11,"key":"HornCleat"},{"floor":22,"key":"Orichalcum"},{"floor":23,"key":"Centennial Puzzle"},{"floor":25,"key":"Blue Candle"},{"floor":30,"key":"Frozen Egg 2"}],"event_choices":[{"damage_healed":22,"gold_gain":0,"player_choice":"Banana","damage_taken":0,"max_hp_gain":0,"max_hp_loss":0,"event_name":"Big Fish","floor":7,"gold_loss":0},{"damage_healed":0,"gold_gain":0,"player_choice":"Grow","damage_taken":0,"max_hp_gain":0,"max_hp_loss":0,"event_name":"Living Wall","floor":14,"gold_loss":0,"cards_upgraded":["Wallop"]},{"damage_healed":0,"gold_gain":0,"player_choice":"Inject Mutagens","damage_taken":0,"relics_obtained":["MutagenicStrength"],"max_hp_gain":0,"max_hp_loss":0,"event_name":"Drug Dealer","floor":19,"gold_loss":0},{"damage_healed":0,"gold_gain":0,"player_choice":"Joined the Cult","damage_taken":6,"max_hp_gain":0,"max_hp_loss":0,"event_name":"Nest","floor":29,"gold_loss":0,"cards_obtained":["RitualDagger"]}],"is_beta":true,"boss_relics":[{"not_picked":["Busted Crown","Black Star"],"picked":"Snecko Eye"}],"items_purged_floors":[20],"is_endless":false,"potions_floor_spawned":[8,11,16,28,31],"killed_by":"Automaton","ascension_level":20}}