{"host":"d52brwsy6af8zvaq","time":1612939622,"event":{"mods":["AchievementEnabler","BaseMod","Bestiary","Highlight Path","Minty Spire (QoL Compilation)","Quick Restart","Relic Stats","ojb\u0027s Better Paths Mod"],"gold_per_floor":[113,132,142,154,134,160,160,9,32,32,59,78,105,119,119,197,497,508,522,540,201,213,213,213,213,213],"floor_reached":25,"language":"ENG","playtime":1297,"items_purged":["Strike_B","Strike_B"],"score":450,"play_id":"e312d722-8378-4ba3-8cb3-3ada7988259a","local_time":"20210209234702","is_ascension_mode":true,"campfire_choices":[{"floor":7.0,"key":"REST"},{"data":"Defragment","floor":10.0,"key":"SMITH"},{"floor":15.0,"key":"REST"},{"floor":23,"key":"REST"}],"circlet_count":0,"master_deck":["AscendersBane","Strike_B","Strike_B","Defend_B+1","Defend_B","Defend_B","Defend_B","Zap","Dualcast+1","Cold Snap","Sweeping Beam","Seek","Compile Driver","Defragment+1","Static Discharge","Leap","Lockon","Force Field","Undo","Buffer","CurseOfTheBell","Hologram","BootSequence","Loop"],"relics":["Cracked Core","War Paint","Bronze Scales","Art of War","Cables","Calling Bell","Akabeko","Pantograph","Old Coin","Membership Card","Strawberry"],"acts_visited":["Exordium","TheCity"],"potions_floor_usage":[20],"damage_taken":[{"damage":1.0,"enemies":"Cultist","floor":1.0,"turns":3.0},{"damage":10.0,"enemies":"Jaw Worm","floor":2.0,"turns":3.0},{"damage":0.0,"enemies":"2 Louse","floor":3.0,"turns":2.0},{"damage":14.0,"enemies":"Red Slaver","floor":4.0,"turns":3.0},{"damage":23.0,"enemies":"3 Sentries","floor":6.0,"turns":8.0},{"damage":7.0,"enemies":"Gremlin Nob","floor":11.0,"turns":3.0},{"damage":9.0,"enemies":"3 Louse","floor":12.0,"turns":3.0},{"damage":24.0,"enemies":"3 Sentries","floor":13.0,"turns":4.0},{"damage":0.0,"enemies":"Blue Slaver","floor":14.0,"turns":2.0},{"damage":24.0,"enemies":"Slime Boss","floor":16.0,"turns":10.0},{"damage":0.0,"enemies":"Chosen","floor":18.0,"turns":6.0},{"damage":14.0,"enemies":"3 Byrds","floor":19.0,"turns":3.0},{"damage":15,"enemies":"Centurion and Healer","floor":20,"turns":9},{"damage":23,"enemies":"Shelled Parasite and Fungi","floor":22,"turns":8},{"damage":52,"enemies":"Slavers","floor":25,"turns":4}],"seed_played":"8262098769868519875","potions_obtained":[{"floor":1.0,"key":"FearPotion"},{"floor":4.0,"key":"Dexterity Potion"},{"floor":5.0,"key":"EssenceOfSteel"},{"floor":6.0,"key":"EssenceOfDarkness"},{"floor":11.0,"key":"Dexterity Potion"},{"floor":16.0,"key":"SkillPotion"},{"floor":19.0,"key":"AttackPotion"},{"floor":20,"key":"GamblersBrew"}],"is_trial":false,"path_per_floor":["M","M","M","M","?","E","R","$","T","R","E","M","E","M","R","B",null,"M","M","M","$","M","R","?","E"],"character_chosen":"DEFECT","items_purchased":["Static Discharge","Membership Card","Loop","Strawberry"],"campfire_rested":3,"item_purchase_floors":[8,21,21,21],"current_hp_per_floor":[70,60,60,46,46,23,46,46,46,46,39,30,6,6,29,5,60,60,46,31,38,15,40,40,0,0],"gold":213,"neow_bonus":"TEN_PERCENT_HP_BONUS","is_daily":false,"chose_seed":false,"campfire_upgraded":1,"win_rate":0.0,"timestamp":1612939622,"path_taken":["M","M","?","M","?","E","R","?","T","R","E","M","E","M","R","BOSS","M","?","M","?","M","R","?","E"],"items_purchased_type":["Card","Relic","Card","Relic"],"build_version":"2020-12-22","purchased_purges":2,"victory":false,"max_hp_per_floor":[78,78,78,78,78,78,78,78,78,78,78,78,78,78,78,78,78,78,78,78,85,85,85,85,85,85],"relic_stats":{"counters":[15,71],"Bronze Scales":[189],"Pantograph":0,"Art of War":[14],"War Paint":["Defend_B","Dualcast"],"obtain_stats":[{"Calling Bell":17,"Bronze Scales":9,"Pantograph":17,"Strawberry":21,"Art of War":11,"Membership Card":21,"War Paint":6,"Cracked Core":0,"Akabeko":17,"Cables":13,"Old Coin":17},{"Calling Bell":10,"Bronze Scales":5,"Pantograph":10,"Strawberry":13,"Art of War":6,"Membership Card":13,"War Paint":5,"Cracked Core":0,"Akabeko":10,"Cables":8,"Old Coin":10},{"Calling Bell":41,"Bronze Scales":19,"Pantograph":41,"Strawberry":59,"Art of War":22,"Membership Card":59,"War Paint":19,"Cracked Core":0,"Akabeko":41,"Cables":29,"Old Coin":41}],"Cables":[34,24,10,0,0]},"card_choices":[{"not_picked":["Undo","Sweeping Beam"],"picked":"Cold Snap","floor":1.0},{"not_picked":["Go for the Eyes","Double Energy"],"picked":"Sweeping Beam","floor":2.0},{"not_picked":["Hello World","Coolheaded"],"picked":"Seek","floor":3.0},{"not_picked":["Turbo","Rebound"],"picked":"Compile Driver","floor":4.0},{"not_picked":["Stack","Doom and Gloom"],"picked":"Defragment","floor":6.0},{"not_picked":["Beam Cell","Scrape"],"picked":"Leap","floor":11.0},{"not_picked":["Beam Cell","Turbo"],"picked":"Lockon","floor":12.0},{"not_picked":["Turbo","Beam Cell"],"picked":"Force Field","floor":13.0},{"not_picked":["Blizzard","Darkness"],"picked":"Undo","floor":14.0},{"not_picked":["Fission","Machine Learning"],"picked":"Buffer","floor":16.0},{"not_picked":["Steam Power","Ball Lightning"],"picked":"Hologram","floor":18.0},{"not_picked":["Beam Cell","Sweeping Beam+1","Hologram"],"picked":"SKIP","floor":19.0},{"not_picked":["Lockon","Leap"],"picked":"BootSequence","floor":20},{"not_picked":["Compile Driver","Rebound","Aggregate+1"],"picked":"SKIP","floor":22}],"player_experience":2213617,"relics_obtained":[{"floor":6.0,"key":"War Paint"},{"floor":9.0,"key":"Bronze Scales"},{"floor":11.0,"key":"Art of War"},{"floor":13.0,"key":"Cables"},{"floor":17.0,"key":"Akabeko"},{"floor":17.0,"key":"Pantograph"},{"floor":17.0,"key":"Old Coin"}],"event_choices":[{"damage_healed":0.0,"max_hp_gain":0.0,"max_hp_loss":0.0,"gold_gain":0.0,"event_name":"The Woman in Blue","player_choice":"Bought 1 Potion","floor":5.0,"gold_loss":0.0,"damage_taken":0.0},{"damage_healed":0,"gold_gain":0,"player_choice":"Ignored","damage_taken":0,"max_hp_gain":0,"max_hp_loss":0,"event_name":"The Mausoleum","floor":24,"gold_loss":0}],"is_beta":false,"boss_relics":[{"not_picked":["Black Star","Empty Cage"],"picked":"Calling Bell"}],"items_purged_floors":[8,21],"is_endless":false,"potions_floor_spawned":[1,4,6,11,16,19,20],"killed_by":"Slavers","ascension_level":20}}