{"host":"rjbqai8ni6dsiu37","time":1612991789,"event":{"mods":["100% Spire Juice","BaseMod","CapriCore","GungeonMod","Marisa£¨Ùöéë¡¡Øª×âÞÞ£©","Minty Spire (QoL Compilation)","Replay The Spire","Shop Mod","StSLib","Td1madao Mod","The Cursed","The Jungle","The Poker Player","WarShipGirlsR/??á´Ò³R mod"],"gold_per_floor":[111,111,126,11,24,24,42,42,42,42,92,108,134,134,134,147,147,219,219,238,249,265,11,11,11,11,11,11,11,26,38,53,70,85,85,85,162,162,178,226,226,226,238,238,249,260,260,289,125,141,152,164,164,164,164,164,5,31,31],"floor_reached":60,"language":"KOR","playtime":1997,"items_purged":["Doubt"],"score":1581,"play_id":"094f2d06-c34b-40a7-8d11-42e14ec6d727","local_time":"20210211061629","is_ascension_mode":true,"campfire_choices":[{"data":"rmod:royalracing","floor":6.0,"key":"SMITH"},{"data":"rmod:robin","floor":8.0,"key":"SMITH"},{"data":"rmod:royalracing","floor":15.0,"key":"SMITH"},{"data":"rmod:maintain","floor":17.0,"key":"SMITH"},{"data":"rmod:royalracing","floor":25.0,"key":"SMITH"},{"data":"rmod:basicallowance","floor":27.0,"key":"SMITH"},{"data":"rmod:maingunfire","floor":29.0,"key":"SMITH"},{"data":"rmod:aviationdawn","floor":35.0,"key":"SMITH"},{"data":"rmod:ridicule","floor":44.0,"key":"SMITH"},{"floor":53.0,"key":"RECALL"},{"data":"rmod:ridicule","floor":56.0,"key":"SMITH"}],"circlet_count":0,"master_deck":["AscendersBane","rmod:strick+1","rmod:strick+1","rmod:strick+1","rmod:strick+1","rmod:defend+1","rmod:defend+1","rmod:defend+1","rmod:defend+1","rmod:basicallowance+1","rmod:maingunfire+1","rmod:royalracing+1","rmod:robin+1","rmod:royalracing+1","rmod:maintain+1","rmod:royalracing+1","rmod:highspeedmaneuver","rmod:aviationdawn+1","rmod:ridicule+1","rmod:intelligenceanalysis","rmod:ridicule+1","rmod:supportescort+1"],"relics":["rmod:firstchargereward","NeowsBlessing","Philosopher\u0027s Stone","MerchantsRug","Strange Spoon","DemoMod:RatBoots","DemoMod:ResourcefulSack","DemoMod:PartiallyEatenCheese","Busted Crown","Honey Jar","DemoMod:GlassGuonStoneRelic","Bottled Lightning","ReplayTheSpireMod:CursedCoin","Membership Card","DemoMod:RingOfEthereal","rmod:equipmentrecovery"],"acts_visited":["Exordium","TheCity","TheCity","TheBeyond","TheEnding"],"potions_floor_usage":[59],"damage_taken":[{"damage":0.0,"enemies":"Jaw Worm","floor":1.0,"turns":1.0},{"damage":0.0,"enemies":"Small Slimes","floor":3.0,"turns":1.0},{"damage":0.0,"enemies":"2 Louse","floor":5.0,"turns":1.0},{"damage":0.0,"enemies":"Exordium Thugs","floor":7.0,"turns":3.0},{"damage":0.0,"enemies":"2 Fungi Beasts","floor":12.0,"turns":2.0},{"damage":10.0,"enemies":"Gremlin Nob","floor":13.0,"turns":3.0},{"damage":0.0,"enemies":"Looter","floor":16.0,"turns":1.0},{"damage":0.0,"enemies":"The Guardian","floor":18.0,"turns":4.0},{"damage":4.0,"enemies":"Chosen","floor":20.0,"turns":2.0},{"damage":17.0,"enemies":"3 Byrds","floor":21.0,"turns":3.0},{"damage":12.0,"enemies":"Centurion and Healer","floor":22.0,"turns":2.0},{"damage":0.0,"enemies":"DemoMod:Red_and_blue_shotgun_kin","floor":30.0,"turns":1.0},{"damage":0.0,"enemies":"DemoMod:2_Veteran_bullet_kins_and_red_shotgun_kin","floor":31.0,"turns":2.0},{"damage":0.0,"enemies":"DemoMod:Veteran_shot_gun_kin_and_blue_shotgun_kin_with_gunsinger","floor":32.0,"turns":3.0},{"damage":16.0,"enemies":"DemoMod:Veteran_shot_gun_kin_and_red_shotgun_kin_with_gunsinger","floor":33.0,"turns":2.0},{"damage":0.0,"enemies":"DemoMod:Veteran_shot_gun_kin_and_blue_shotgun_kin","floor":34.0,"turns":2.0},{"damage":3.0,"enemies":"DemoMod:ResourcefulRat","floor":37.0,"turns":7.0},{"damage":0.0,"enemies":"3 Shapes","floor":39.0,"turns":2.0},{"damage":0.0,"enemies":"Orb Walker","floor":43.0,"turns":1.0},{"damage":0.0,"enemies":"Maw","floor":45.0,"turns":4.0},{"damage":0.0,"enemies":"Spire Growth","floor":46.0,"turns":1.0},{"damage":0.0,"enemies":"Giant Head","floor":48.0,"turns":1.0},{"damage":0.0,"enemies":"Transient","floor":50.0,"turns":5.0},{"damage":0.0,"enemies":"Maw","floor":51.0,"turns":2.0},{"damage":0.0,"enemies":"4 Shapes","floor":52.0,"turns":2.0},{"damage":0.0,"enemies":"Replay:Hell Engine","floor":54.0,"turns":3.0},{"damage":0.0,"enemies":"Shield and Spear","floor":58.0,"turns":2.0},{"damage":0,"enemies":"The Heart","floor":59,"turns":4}],"seed_played":"8546836240533256279","potions_obtained":[{"floor":1.0,"key":"Swift Potion"},{"floor":3.0,"key":"Strength Potion"},{"floor":13.0,"key":"AttackPotion"},{"floor":18.0,"key":"AttackPotion"},{"floor":20.0,"key":"ColorlessPotion"},{"floor":31.0,"key":"Energy Potion"},{"floor":32.0,"key":"Explosive Potion"},{"floor":43.0,"key":"ColorlessPotion"},{"floor":45.0,"key":"Swift Potion"},{"floor":52.0,"key":"SkillPotion"}],"is_trial":false,"path_per_floor":["M","?","M","$","M","R","M","R","PTL","PTL","T","M","E","?","R","M","R","B",null,"M","M","M","$","?","R","?","R","T","R","M","M","M","M","M","R","B","B",null,"M","T","?","$","M","R","M","M","T","E","$","M","M","M","R","B",null,"R","$","E","B",null],"character_chosen":"PRAEFECT","items_purchased":["DemoMod:GnawedKey","MerchantsRug","Strange Spoon","Bottled Lightning","ReplayTheSpireMod:CursedCoin","Membership Card","DemoMod:RingOfEthereal"],"campfire_rested":0,"item_purchase_floors":[4,23,23,49,49,57,57],"current_hp_per_floor":[63,63,63,63,63,63,63,63,63,63,63,63,53,53,53,53,53,53,66,62,45,33,33,33,33,33,33,61,61,61,61,61,45,45,45,45,42,63,63,63,63,63,63,63,63,63,63,63,63,63,63,63,63,63,68,68,68,68,68],"gold":31,"neow_bonus":"THREE_ENEMY_KILL","is_daily":false,"chose_seed":false,"campfire_upgraded":10,"win_rate":0.0,"timestamp":1612991789,"path_taken":["M","?","M","$","M","R","M","R","PTL","PTL","T","M","E","?","R","M","R","BOSS","M","M","M","$","?","R","?","R","T","R","M","M","M","M","M","R","BOSS","BOSS","M","?","?","$","M","R","?","M","T","E","$","M","M","M","R","BOSS","R","$","E","BOSS"],"items_purchased_type":["Relic","Relic","Relic","Relic","Relic","Relic","Relic"],"build_version":"2020-12-22","purchased_purges":1,"victory":true,"max_hp_per_floor":[70,70,70,70,70,70,70,70,70,70,70,70,70,70,70,70,70,70,70,70,70,70,70,70,70,70,70,70,70,70,70,70,70,70,70,70,70,70,70,70,70,70,70,70,70,70,70,70,70,70,70,70,70,70,70,70,70,70,70],"card_choices":[{"not_picked":["rmod:capitalist","rmod:overbreakdown"],"picked":"rmod:royalracing","floor":1.0},{"not_picked":["rmod:firesupport","rmod:steelsupply"],"picked":"rmod:robin","floor":3.0},{"not_picked":["rmod:combined","rmod:concentratefire","rmod:launchingtorpedo"],"picked":"SKIP","floor":5.0},{"not_picked":["rmod:heivgo","rmod:firesupport","rmod:circuitoustactics"],"picked":"SKIP","floor":7.0},{"not_picked":["rmod:luckystar","rmod:highspeedshooting"],"picked":"rmod:royalracing","floor":12.0},{"not_picked":["rmod:desperatesituation","rmod:aggressivemary","rmod:guardianhero"],"picked":"SKIP","floor":13.0},{"not_picked":["rmod:diamondstrike","rmod:highspeedshooting"],"picked":"rmod:maintain","floor":16.0},{"not_picked":["rmod:firesupport","rmod:spoils","rmod:concentratefire"],"picked":"SKIP","floor":20.0},{"not_picked":["rmod:steelsupply","rmod:fletcherpendant"],"picked":"rmod:royalracing","floor":21.0},{"not_picked":["rmod:firesupport","rmod:combined","rmod:ring+1"],"picked":"SKIP","floor":22.0},{"not_picked":["rmod:supportaircraftcarrier","rmod:firesupport","rmod:wasp+1"],"picked":"SKIP","floor":30.0},{"not_picked":["rmod:firesupport","rmod:luckystar","rmod:sl+1"],"picked":"SKIP","floor":31.0},{"not_picked":["rmod:heivgo","rmod:aluminumsupply"],"picked":"rmod:highspeedmaneuver","floor":32.0},{"not_picked":["rmod:spoils","rmod:wasp+1","rmod:gendarmerie+1"],"picked":"SKIP","floor":33.0},{"not_picked":["rmod:victimresponsibility","rmod:steelsupply"],"picked":"rmod:aviationdawn","floor":34.0},{"not_picked":["rmod:lastglory","rmod:fletcher"],"picked":"rmod:ridicule","floor":37.0},{"not_picked":["rmod:aviationdawn","rmod:fletcherpendant+1"],"picked":"rmod:intelligenceanalysis","floor":38.0},{"not_picked":["rmod:ammunitionsupply+1"],"picked":"rmod:supportescort+1","floor":51.0}],"player_experience":258225,"relics_obtained":[{"floor":11.0,"key":"Tiny Chest"},{"floor":13.0,"key":"Ancient Tea Set"},{"floor":38.0,"key":"DemoMod:RatBoots"},{"floor":38.0,"key":"DemoMod:ResourcefulSack"},{"floor":38.0,"key":"DemoMod:PartiallyEatenCheese"},{"floor":38.0,"key":"Busted Crown"},{"floor":38.0,"key":"Honey Jar"},{"floor":47.0,"key":"Frozen Egg 2"},{"floor":48.0,"key":"ReplayFunnel"},{"floor":58.0,"key":"rmod:equipmentrecovery"}],"event_choices":[{"damage_healed":0.0,"max_hp_gain":0.0,"max_hp_loss":0.0,"gold_gain":0.0,"event_name":"The Cleric","player_choice":"Leave","floor":2.0,"gold_loss":0.0,"damage_taken":0.0},{"damage_healed":0.0,"max_hp_gain":0.0,"max_hp_loss":0.0,"gold_gain":0.0,"event_name":"PokerPlayerMod:ExordiumClub","player_choice":"Ignored","floor":14.0,"gold_loss":0.0,"damage_taken":0.0},{"damage_healed":0.0,"max_hp_gain":0.0,"max_hp_loss":0.0,"gold_gain":0.0,"event_name":"Cursed Tome","player_choice":"Ignored","floor":24.0,"gold_loss":0.0,"damage_taken":0.0},{"damage_healed":0.0,"max_hp_gain":0.0,"max_hp_loss":0.0,"gold_gain":0.0,"event_name":"Back to Basics","player_choice":"Simplicity","floor":26.0,"gold_loss":0.0,"damage_taken":0.0,"cards_upgraded":["rmod:strick","rmod:strick","rmod:strick","rmod:strick","rmod:defend","rmod:defend","rmod:defend","rmod:defend"]},{"damage_healed":0.0,"max_hp_gain":0.0,"max_hp_loss":0.0,"gold_gain":0.0,"event_name":"Duplicator","player_choice":"Copied","floor":41.0,"gold_loss":0.0,"damage_taken":0.0,"cards_obtained":["rmod:ridicule"]}],"is_beta":false,"boss_relics":[{"not_picked":["Snecko Eye","Runic Pyramid"],"picked":"Philosopher\u0027s Stone"},{"not_picked":[]}],"items_purged_floors":[49],"is_endless":false,"potions_floor_spawned":[1,3,13,18,20,31,32,43,45,51,52],"ascension_level":15}}