{"host":"yn8e34lr4ydjr5xp","time":1612968555,"event":{"mods":["100% Spire Juice","Act Like it!","Arknights","BaseMod","Decade(王小明)","Dota2Spire","Gensokyo","GungeonMod","Hallownest","KomeijiMod","Minty Spire (QoL Compilation)","MostiFishMod","Nova Terra(诺娃・泰拉)","Pale of the Ancients","Replay The Spire","SIMod","StSLib","The Administrix","The Blackbeard","The Bug Knight","The Gatherer","The Hierophant","The Servant 0.9.4"],"gold_per_floor":[114,133,23,35,35,35,67,67,67,67,67,43,61,61,61,161,41,51,71,71,132,196,196,267,267,291,339,395,176,193,193,193,298,298,70,0,0,14,28,61,61,61,61,31,50,50,50,50,50,50],"floor_reached":51,"language":"ZHS","playtime":3374,"items_purged":["Amnesia"],"score":920,"play_id":"482db31b-a645-40d9-a688-b6dd7e852f98","local_time":"20210210224915","is_ascension_mode":false,"campfire_choices":[{"data":"Moonworks:NicePresent","floor":6,"key":"SMITH"},{"floor":15,"key":"REST"},{"data":"Moonworks:Encore","floor":23,"key":"SMITH"},{"floor":41,"key":"REST"},{"floor":47,"key":"DIG"},{"floor":49,"key":"REST"}],"circlet_count":0,"master_deck":["Moonworks:Strike+1","Moonworks:Strike","Moonworks:Strike","Moonworks:Defend","Moonworks:Defend","Moonworks:Defend","Moonworks:Defend","Moonworks:Ambush","Moonworks:LongDistanceShot","Moonworks:NicePresent+1","Moonworks:Assault","Moonworks:BackdoorTrade","Moonworks:NicePresent+1","Moonworks:Encore+1","Moonworks:TreasureThief","Moonworks:Assault+1","Moonworks:WindyEnchantment+1","Reinforced Body","Moonworks:HolyNight","Moonworks:NicePresent","Moonworks:SinkOrSwim","CurseOfTheBell","Moonworks:RagingMadness","Moonworks:FullSpeedAlicianrone+1","Moonworks:Dash","Gensokyo:TarnishedGold"],"relics":["Moonworks:BrokenBomb","Moonworks:Homemark","DaveBox","MetatronsCube","SynthV:TestCard","Dota2Spire:EyeOfSkadi","DemoMod:GundromedaStrain","DemoMod:OrangeGuonStone","Dota2Spire:ShivaGuard","ReplayTheSpireMod:DimensionalGlitch","ReplayTheSpireMod:Ring of Exchange","ReplayTheSpireMod:Ring of Challenge","Darkstone Periapt","Dota2Spire:ArcaneBoots","DemoMod:PoisonVial","Pen Nib","PreservedInsect","Calling Bell","Gremlin Food","Question Card","Shovel","DemoMod:MonsterBlood","Dota2Spire:DrumOfEndurance","Gensokyo:DualWield","Replay:Rubber Ducky","Dota2Spire:OctarineCore"],"acts_visited":["Gensokyo:Gensokyo","Gensokyo:Gensokyoer","Gensokyo:Gensokyoest"],"potions_floor_usage":[16,21,24,24,45,50],"damage_taken":[{"damage":0,"enemies":"Gensokyo:2_Kodama","floor":1,"turns":4},{"damage":2,"enemies":"Gensokyo:Gryphon","floor":2,"turns":3},{"damage":0,"enemies":"Gensokyo:Python","floor":4,"turns":2},{"damage":33,"enemies":"Gensokyo:Mamizou","floor":7,"turns":10},{"damage":0,"enemies":"Gensokyo:VengefulSpirit","floor":12,"turns":2},{"damage":0,"enemies":"Gensokyo:2_Rabbits","floor":13,"turns":3},{"damage":0,"enemies":"Gensokyo:Yukari","floor":16,"turns":6},{"damage":8,"enemies":"Gensokyo:AngelMirror","floor":18,"turns":2},{"damage":0,"enemies":"Gensokyo:CosmicMonolith","floor":19,"turns":3},{"damage":7,"enemies":"Gensokyo:Wraith","floor":21,"turns":3},{"damage":13,"enemies":"Gensokyo:Swordslinger","floor":22,"turns":4},{"damage":9,"enemies":"Gensokyo:Koishi","floor":24,"turns":6},{"damage":25,"enemies":"Gensokyo:Mirror_and_Dog","floor":28,"turns":4},{"damage":3,"enemies":"Gensokyo:Wraith","floor":30,"turns":5},{"damage":3,"enemies":"Gensokyo:Kaguya","floor":33,"turns":9},{"damage":0,"enemies":"Gensokyo:3_Bats","floor":35,"turns":3},{"damage":15,"enemies":"Gensokyo:3_Boulders","floor":38,"turns":4},{"damage":0,"enemies":"Gensokyo:Dusk_and_Dawn","floor":39,"turns":5},{"damage":33,"enemies":"Gensokyo:Marisa","floor":40,"turns":5},{"damage":0,"enemies":"Gensokyo:Rafflesia","floor":45,"turns":4},{"damage":0,"enemies":"Gensokyo:Yuyuko","floor":50,"turns":5}],"seed_played":"-7659159909358963053","potions_obtained":[{"floor":4,"key":"SteroidPotion"},{"floor":13,"key":"Energy Potion"},{"floor":16,"key":"Energy Potion"},{"floor":18,"key":"Venom Potion"},{"floor":21,"key":"Strength Potion"},{"floor":30,"key":"LifebloodPotion"},{"floor":39,"key":"PowerPotion"},{"floor":45,"key":"BlessingOfTheForge"}],"is_trial":false,"path_per_floor":["M","M","COS","M","?","R","E","?","T","?","?","M","M","$","R","B",null,"M","M","?","M","M","R","E","?","T","T","M","$","M","?","R","B",null,"M","$","?","M","M","E","R","?","T","COS","M","?","R","?","R","B",null],"character_chosen":"THE_STARBREAKER","items_purchased":["PreservedInsect","Moonworks:RagingMadness"],"campfire_rested":3,"item_purchase_floors":[29,36],"current_hp_per_floor":[66,64,64,64,64,64,36,33,33,18,18,18,18,18,41,41,78,70,70,70,63,51,51,43,43,43,43,18,18,16,16,39,36,84,84,84,84,69,69,43,70,70,70,70,70,70,70,34,61,61],"gold":50,"neow_bonus":"TEN_PERCENT_HP_BONUS","is_daily":false,"chose_seed":false,"campfire_upgraded":2,"win_rate":0.0,"timestamp":1612968555,"path_taken":["M","M","COS","M","?","R","E","?","T","?","?","M","M","?","R","BOSS","M","M","?","M","M","R","E","?","T","?","M","?","?","?","R","BOSS","M","$","?","M","M","E","R","?","T","COS","M","?","R","?","R","BOSS"],"items_purchased_type":["Relic","Card"],"build_version":"2020-12-22","purchased_purges":1,"victory":true,"max_hp_per_floor":[66,66,66,66,66,66,71,78,78,78,78,78,78,78,78,78,78,78,78,78,78,78,78,78,78,78,78,78,78,78,78,78,78,84,84,84,84,84,84,91,91,91,91,91,91,91,91,91,91,91],"card_choices":[{"not_picked":["Moonworks:SakisCookie","Moonworks:ImOnFire","Moonworks:IndiscriminateFireSupport"],"picked":"SKIP","floor":1},{"not_picked":["Moonworks:LulusLuckyEgg","Moonworks:IndiscriminateFireSupport","Moonworks:ImOnFire","Moonworks:TreasureThief"],"picked":"Moonworks:NicePresent","floor":2},{"not_picked":["Moonworks:JonathanRush","Moonworks:ExtendedPhotonRifle","Moonworks:BindingChains","Moonworks:DeployBits"],"picked":"Moonworks:Assault","floor":4},{"not_picked":["Moonworks:BigMagnum","Moonworks:BindingChains","Moonworks:ImOnFire","Moonworks:NicePresent"],"picked":"Moonworks:BackdoorTrade","floor":7},{"not_picked":["Moonworks:IndiscriminateFireSupport","Moonworks:ImOnFire","Moonworks:BigMagnum","Moonworks:JonathanRush"],"picked":"Moonworks:NicePresent","floor":12},{"not_picked":["Moonworks:IntelligenceOfficer","Moonworks:BeyondHell","Moonworks:BigBangBell","Moonworks:IndiscriminateFireSupport"],"picked":"Moonworks:WeAreWaruda","floor":13},{"not_picked":["Moonworks:ReflectiveShell","Moonworks:PlushieMaster","Moonworks:SubspaceTunnel","Moonworks:Accelerator"],"picked":"Moonworks:Encore","floor":16},{"not_picked":["Moonworks:JonathanRush","Moonworks:LuckyCharm","Moonworks:ImmovableObject","Moonworks:Dinner"],"picked":"Moonworks:TreasureThief","floor":18},{"not_picked":["Moonworks:CloudOfSeagulls","Moonworks:IndiscriminateFireSupport","Moonworks:UnpaidWork+1","Moonworks:MixPhenomenon+1"],"picked":"Moonworks:Assault","floor":19},{"not_picked":["Moonworks:DeployBits+1","Moonworks:NicePresent","Moonworks:IndiscriminateFireSupport","Moonworks:CloudOfSeagulls+1"],"picked":"Moonworks:SakisCookie","floor":21},{"not_picked":["Moonworks:IndiscriminateFireSupport","Moonworks:CloudOfSeagulls","Moonworks:FinalSurgery+1","Moonworks:ReflectiveShell"],"picked":"Moonworks:WindyEnchantment+1","floor":22},{"not_picked":["Moonworks:LulusLuckyEgg+1","Moonworks:IndiscriminateFireSupport","Moonworks:RedAndBlue","Moonworks:CloudOfSeagulls+1","Moonworks:SelfDestruct"],"picked":"SKIP","floor":24},{"not_picked":["Moonworks:JonathanRush","Moonworks:NicePresent+1","Moonworks:EvilSpyWorkPreparation+1","Moonworks:LulusLuckyEgg+1"],"picked":"Moonworks:HolyNight","floor":28},{"not_picked":["Moonworks:JonathanRush","Moonworks:CloudOfSeagulls","Moonworks:SakisCookie","Moonworks:IndiscriminateFireSupport"],"picked":"Moonworks:NicePresent","floor":30},{"not_picked":["Moonworks:AccelHyper","Moonworks:StarBlastingFuse","Moonworks:PlushieMaster","Moonworks:Blazing"],"picked":"Moonworks:SinkOrSwim","floor":33},{"not_picked":["Moonworks:StiffCrystal","Moonworks:ReproductionOfRecords","Moonworks:SelfDestruct+1","Moonworks:LulusLuckyEgg+1","Moonworks:BeyondHell+1","Moonworks:ImOnFire+1"],"picked":"SKIP","floor":35},{"not_picked":["Moonworks:AngelHand","Moonworks:CloudOfSeagulls+1","Moonworks:BeyondHell","Moonworks:LulusLuckyEgg","Moonworks:UnluckyCharm+1","Moonworks:DevilHand"],"picked":"SKIP","floor":38},{"not_picked":["Moonworks:AwakeningOfTalent","Moonworks:CloudOfSeagulls+1","Moonworks:ImOnFire","Moonworks:FinalSurgery+1","Moonworks:MiracleWalker"],"picked":"Moonworks:FullSpeedAlicianrone+1","floor":39},{"not_picked":["Moonworks:Assault+1","Moonworks:AccelHyper","Moonworks:NicePresent","Moonworks:CloudOfSeagulls+1","Moonworks:IndiscriminateFireSupport"],"picked":"Moonworks:Dash","floor":40},{"not_picked":["Moonworks:RagingMadness+1","Moonworks:BindingChains","Moonworks:DeployBits+1","Moonworks:ImOnFire+1","Moonworks:LulusLuckyEgg+1","Moonworks:JonathanRush+1"],"picked":"SKIP","floor":45}],"player_experience":174744,"relics_obtained":[{"floor":1,"key":"SynthV:TestCard"},{"floor":7,"key":"Dota2Spire:EyeOfSkadi"},{"floor":9,"key":"DemoMod:GundromedaStrain"},{"floor":20,"key":"ReplayTheSpireMod:Ring of Exchange"},{"floor":20,"key":"ReplayTheSpireMod:Ring of Challenge"},{"floor":24,"key":"Darkstone Periapt"},{"floor":26,"key":"Dota2Spire:ArcaneBoots"},{"floor":27,"key":"DemoMod:PoisonVial"},{"floor":28,"key":"Pen Nib"},{"floor":34,"key":"Gremlin Food"},{"floor":34,"key":"Question Card"},{"floor":34,"key":"Shovel"},{"floor":40,"key":"DemoMod:MonsterBlood"},{"floor":43,"key":"Dota2Spire:DrumOfEndurance"},{"floor":47,"key":"Replay:Rubber Ducky"}],"event_choices":[],"is_beta":false,"boss_relics":[{"not_picked":["Transparent","FeatherPendant"],"picked":"ReplayTheSpireMod:DimensionalGlitch"},{"not_picked":["Frozen Eye","PrismaticShard"],"picked":"Calling Bell"}],"items_purged_floors":[29],"is_endless":false,"potions_floor_spawned":[4,13,16,18,21,30,39,40,45],"ascension_level":0}}