{"host":"9xq257ad8931sio9","time":1612963953,"event":{"mods":["BaseMod","Better Third Choice","BetterRewards","Card Forge","Custom Start","Minty Spire (QoL Compilation)","StSLib","SuperFastMode","Uncapped"],"gold_per_floor":[117,137,137,153,153,180,204,216,228,255,286,106,106,64,64,159,159,170,185,202,33,33,66,66,78,78,408,426,19,19,31,31,132,132,145,145,195,205,68,68,18,18,18,18,52,67,100,100,100,100],"floor_reached":51,"language":"ENG","playtime":4486,"items_purged":[],"score":920,"play_id":"e70b4ec8-476e-4f95-be63-07e99b9a7a51","local_time":"20210210053233","is_ascension_mode":false,"campfire_choices":[{"floor":8,"key":"REST"},{"data":"Slice","floor":13,"key":"SMITH"},{"floor":15,"key":"REST"},{"floor":32,"key":"REST"},{"floor":40,"key":"REST"},{"floor":44,"key":"REST"},{"floor":49,"key":"REST"}],"circlet_count":0,"master_deck":["Neutralize+1","Accuracy+1","After Image+1","Adrenaline+1","Acrobatics+1","A Thousand Cuts+1","Backflip+1","Bouncing Flask+1","Backstab+1","Die Die Die+1","Doppelganger+1","Grand Finale+1","Neutralize+1","Slice+1","Neutralize+1","Slice+1","Adrenaline+1","Adrenaline+1","Backstab+1","Bouncing Flask+1","Grand Finale+1","Neutralize+1","Skewer+1","Phantasmal Killer+1","Neutralize+1","Deflect+1","Dash+1","Endless Agony+1","Masterful Stab+1","Calculated Gamble+1","Slice+1","Envenom+1","Endless Agony+1","Deflect+1","Backstab+1","Adrenaline+1","Quick Slash+1","Blade Dance+1","Backstab+1","Terror+1","Bouncing Flask+1","Adrenaline+1","Impatience+1","Secret Technique+1","Swift Strike+1","Calculated Gamble+1","Blade Dance+1","Slice+1","Noxious Fumes+1","Doppelganger+1","CurseOfTheBell","Terror+1","Panacea+1","Violence+1","Panacea+1","Underhanded Strike+1","Blade Dance+1","Die Die Die+1","Doppelganger+1","Flechettes+1","Leg Sweep+1"],"relics":["Ring of the Snake","Hammer of Thor","Seething Fire","Anvil of the Gods","MawBank","Ornamental Fan","TwistedFunnel","betterThird:SlimedRelic","WristBlade","Calipers","Anchor","betterThird:NestCultRelic","Meat on the Bone","Old Coin","Gremlin Horn","TheAbacus","Calling Bell","Ancient Tea Set","Sundial","StoneCalendar","Thread and Needle","HornCleat","Boot","Bottled Flame"],"acts_visited":["Exordium","TheCity","TheBeyond"],"potions_floor_usage":[16,16,16,20,20,23,23,25,28,33,35,38,45,45,50],"damage_taken":[{"damage":9,"enemies":"Cultist","floor":1,"turns":4},{"damage":0,"enemies":"2 Louse","floor":2,"turns":1},{"damage":0,"enemies":"Small Slimes","floor":4,"turns":1},{"damage":0,"enemies":"Lagavulin","floor":6,"turns":2},{"damage":0,"enemies":"Exordium Wildlife","floor":7,"turns":1},{"damage":0,"enemies":"Looter","floor":10,"turns":1},{"damage":0,"enemies":"Gremlin Gang","floor":11,"turns":2},{"damage":4,"enemies":"The Guardian","floor":16,"turns":3},{"damage":0,"enemies":"Spheric Guardian","floor":18,"turns":1},{"damage":0,"enemies":"3 Byrds","floor":19,"turns":3},{"damage":0,"enemies":"Snake Plant","floor":20,"turns":1},{"damage":0,"enemies":"Slavers","floor":23,"turns":3},{"damage":10,"enemies":"Centurion and Healer","floor":25,"turns":3},{"damage":2,"enemies":"Book of Stabbing","floor":27,"turns":3},{"damage":21,"enemies":"Snecko","floor":28,"turns":4},{"damage":5,"enemies":"Cultist and Chosen","floor":31,"turns":3},{"damage":6,"enemies":"Champ","floor":33,"turns":4},{"damage":0,"enemies":"Orb Walker","floor":35,"turns":2},{"damage":16,"enemies":"Mind Bloom Boss Battle","floor":37,"turns":5},{"damage":0,"enemies":"3 Shapes","floor":38,"turns":2},{"damage":0,"enemies":"Reptomancer","floor":45,"turns":3},{"damage":2,"enemies":"Spire Growth","floor":46,"turns":4},{"damage":23,"enemies":"Nemesis","floor":47,"turns":5},{"damage":8,"enemies":"Awakened One","floor":50,"turns":6}],"seed_played":"164152935678723886","potions_obtained":[{"floor":2,"key":"SkillPotion"},{"floor":10,"key":"Swift Potion"},{"floor":11,"key":"Block Potion"},{"floor":16,"key":"Weak Potion"},{"floor":18,"key":"AttackPotion"},{"floor":23,"key":"Energy Potion"},{"floor":27,"key":"Regen Potion"},{"floor":28,"key":"FearPotion"},{"floor":33,"key":"Poison Potion"},{"floor":37,"key":"Block Potion"},{"floor":38,"key":"Explosive Potion"},{"floor":47,"key":"SteroidPotion"}],"is_trial":false,"path_per_floor":["M","M","?","M","$","E","M","R","T","M","M","$","R","?","R","B",null,"M","M","M","$","?","E","?","M","T","E","M","$","?","M","R","B",null,"M","?","?","M","$","R","$","?","T","R","E","M","E","$","R","B",null],"character_chosen":"THE_SILENT","items_purchased":["Slice","TwistedFunnel","Terror","Dexterity Potion","Swift Potion","Gremlin Horn","TheAbacus","Die Die Die","Explosive Potion"],"campfire_rested":6,"item_purchase_floors":[12,12,21,21,21,29,29,39,41],"current_hp_per_floor":[68,68,68,68,68,68,68,77,77,77,77,77,77,66,77,73,77,77,77,77,77,77,77,77,67,67,65,44,44,44,39,62,56,77,77,67,51,51,51,74,74,74,74,77,77,75,52,52,75,67],"gold":100,"neow_bonus":"TEN_PERCENT_HP_BONUS","is_daily":false,"chose_seed":false,"campfire_upgraded":1,"win_rate":0.0,"timestamp":1612963953,"path_taken":["M","M","?","?","?","E","?","R","T","M","M","?","R","?","R","BOSS","M","M","M","$","?","E","?","M","T","E","M","?","?","?","R","BOSS","M","?","?","M","$","R","?","?","T","R","E","?","E","$","R","BOSS"],"items_purchased_type":["Card","Relic","Card","Potion","Potion","Relic","Relic","Card","Potion"],"build_version":"2020-12-22","purchased_purges":0,"victory":true,"max_hp_per_floor":[77,77,77,77,77,77,77,77,77,77,77,77,77,77,77,77,77,77,77,77,77,77,77,77,77,77,77,77,77,77,77,77,77,77,77,77,77,77,77,77,77,77,77,77,77,77,77,77,77,77],"card_choices":[{"not_picked":["Deadly Poison","Poisoned Stab"],"picked":"Slice","floor":1},{"not_picked":["Choke","Prepared"],"picked":"Skewer","floor":2},{"not_picked":["Prepared","Quick Slash"],"picked":"Deflect","floor":4},{"not_picked":["Expertise","Acrobatics"],"picked":"Dash","floor":6},{"not_picked":["Backflip","Acrobatics"],"picked":"Endless Agony","floor":7},{"not_picked":["Terror","Outmaneuver"],"picked":"Masterful Stab","floor":10},{"not_picked":["Dodge and Roll","Poisoned Stab"],"picked":"Calculated Gamble","floor":11},{"not_picked":["A Thousand Cuts","Doppelganger"],"picked":"Envenom","floor":16},{"not_picked":["Dodge and Roll","Tactician"],"picked":"Quick Slash+1","floor":18},{"not_picked":["Footwork","Leg Sweep"],"picked":"Blade Dance","floor":19},{"not_picked":["Dash","Expertise"],"picked":"Backstab+1","floor":20},{"not_picked":["Tactician+1","Skewer+1"],"picked":"Bouncing Flask","floor":23},{"not_picked":["Glass Knife","Backflip+1"],"picked":"Calculated Gamble+1","floor":25},{"not_picked":["PiercingWail","Backflip"],"picked":"Blade Dance","floor":27},{"not_picked":["Tactician","Quick Slash"],"picked":"Slice","floor":28},{"not_picked":["Blur","Acrobatics"],"picked":"Noxious Fumes+1","floor":31},{"not_picked":["Burst","Die Die Die"],"picked":"Doppelganger","floor":33},{"not_picked":["Blur+1","Skewer"],"picked":"Terror","floor":35},{"not_picked":["Blind","Secret Technique"],"picked":"Panacea","floor":36},{"not_picked":["Sadistic Nature","Thinking Ahead"],"picked":"Violence","floor":36},{"not_picked":["Secret Weapon","PanicButton"],"picked":"Panacea","floor":36},{"not_picked":["Dodge and Roll","Slice+1"],"picked":"Underhanded Strike+1","floor":37},{"not_picked":["Sucker Punch+1","Choke"],"picked":"Blade Dance+1","floor":38},{"not_picked":["Well Laid Plans","Calculated Gamble+1"],"picked":"Doppelganger","floor":45},{"not_picked":["Dagger Throw+1","Blur"],"picked":"Flechettes","floor":46},{"not_picked":["Backflip+1","Dagger Throw+1"],"picked":"Leg Sweep+1","floor":47}],"player_experience":401,"relics_obtained":[{"floor":6,"key":"MawBank"},{"floor":9,"key":"Ornamental Fan"},{"floor":23,"key":"Anchor"},{"floor":26,"key":"Meat on the Bone"},{"floor":27,"key":"Old Coin"},{"floor":34,"key":"Ancient Tea Set"},{"floor":34,"key":"Sundial"},{"floor":34,"key":"StoneCalendar"},{"floor":37,"key":"Thread and Needle"},{"floor":43,"key":"HornCleat"},{"floor":45,"key":"Boot"},{"floor":47,"key":"Bottled Flame"}],"event_choices":[{"damage_healed":0,"gold_gain":0,"player_choice":"2 cards matched","damage_taken":0,"max_hp_gain":0,"max_hp_loss":0,"event_name":"Match and Keep!","floor":3,"gold_loss":0,"cards_obtained":["Phantasmal Killer","Neutralize"]},{"damage_healed":0,"gold_gain":0,"player_choice":"Slimed","damage_taken":11,"max_hp_gain":0,"max_hp_loss":0,"event_name":"betterThird:BetterGoop","floor":14,"gold_loss":42},{"damage_healed":0,"gold_gain":0,"player_choice":"Opened","damage_taken":0,"relics_obtained":["Calipers"],"max_hp_gain":0,"max_hp_loss":0,"event_name":"The Mausoleum","floor":22,"gold_loss":0},{"damage_healed":0,"gold_gain":0,"player_choice":"Madness","damage_taken":0,"relics_obtained":["betterThird:NestCultRelic"],"max_hp_gain":0,"max_hp_loss":0,"event_name":"betterThird:BetterNest","floor":24,"gold_loss":0},{"damage_healed":0,"gold_gain":0,"player_choice":"Cursed","damage_taken":0,"max_hp_gain":0,"max_hp_loss":0,"event_name":"Wheel of Change","floor":30,"gold_loss":0,"cards_obtained":["Decay"]},{"damage_healed":0,"gold_gain":0,"player_choice":"Memory 3","damage_taken":10,"max_hp_gain":0,"max_hp_loss":0,"event_name":"SensoryStone","floor":36,"gold_loss":0},{"damage_healed":0,"gold_gain":0,"player_choice":"Fight","damage_taken":0,"max_hp_gain":0,"max_hp_loss":0,"event_name":"MindBloom","floor":37,"gold_loss":0},{"damage_healed":0,"gold_gain":0,"player_choice":"Ignored","damage_taken":0,"max_hp_gain":0,"max_hp_loss":0,"event_name":"NoteForYourself","floor":42,"gold_loss":0}],"is_beta":false,"boss_relics":[{"not_picked":["Coffee Dripper","Velvet Choker"],"picked":"WristBlade"},{"not_picked":["SlaversCollar","Runic Pyramid"],"picked":"Calling Bell"}],"items_purged_floors":[],"is_endless":false,"potions_floor_spawned":[2,10,11,16,18,23,27,28,33,37,38,47],"ascension_level":0}}