{"host":"4kmvpqjeiacgn1pr","time":1612978195,"event":{"mods":["A Penny For Your Troubles","AchievementEnabler","AlwaysNeverKeys","Aspiration","BaseMod","Bestiary","Better Altar","Better Match","Better Note","Better Sensory Stone","Better Skull","Better Third Choice","Better Vampires","BetterRewards","Colored Map","Colored Powertips","Conspire","Curses Come First","Downfall","Halation","Highlight Path","Infinite Spire","Minty Spire (QoL Compilation)","Permanent Neow","Quick Restart","Rare Cards Sparkle","Relic Sorter","Relic Stats","Replay The Spire","Reworked Bosses","Shop Mod","Smile Girya","Spicy Shops","Spikes Relics","StSLib","Waifu the Spire"],"gold_per_floor":[13,32,32,50,50,50,78,78,78,3,3,3,22,32,32,129,129,143,161,436,448,474,505,505,505],"floor_reached":24,"language":"ENG","playtime":1521,"items_purged":["Strike_G"],"score":362,"play_id":"04163a9e-be35-4fd3-93d6-7ac2f9ad394e","local_time":"20210210122955","is_ascension_mode":true,"campfire_choices":[{"data":"Replay:Dark Deal","floor":6,"key":"SMITH"},{"data":"Jack Of All Trades","floor":8,"key":"SMITH"},{"data":"Distraction","floor":12,"key":"SMITH"},{"data":"Draining Mist","floor":15,"key":"SMITH"}],"circlet_count":0,"master_deck":["AscendersBane","Strike_G","Strike_G","Strike_G","Strike_G","Defend_G","Defend_G","Defend_G","Defend_G","Defend_G","Survivor","Neutralize","Replay:Dark Deal+1","InfectiousVector","Sneak Up","Jack Of All Trades+1","Crippling Poison","Distraction+1","Dagger Throw","Draining Mist+1","Die Die Die","Dodge and Roll+1","Poisoned Stab","Regret","Masterful Stab","Blade Dance+1","Escape Plan"],"relics":["Ring of the Snake","halation:PinkSoulGem","Pen Nib","Meat on the Bone","CultistMask","aspiration:PoetsPen_weak","Red Mask","halation:SelfBoilingWater"],"acts_visited":["Exordium","TheCity"],"potions_floor_usage":[7,16,16,19,21,21,24,24],"damage_taken":[{"damage":0,"enemies":"2 Louse","floor":1,"turns":3},{"damage":0,"enemies":"Jaw Worm","floor":2,"turns":1},{"damage":6,"enemies":"Small Slimes","floor":4,"turns":3},{"damage":31,"enemies":"3 Sentries","floor":7,"turns":12},{"damage":0,"enemies":"3 Louse","floor":13,"turns":3},{"damage":2,"enemies":"Red Slaver","floor":14,"turns":3},{"damage":35,"enemies":"The Guardian","floor":16,"turns":11},{"damage":11,"enemies":"Spheric Guardian","floor":18,"turns":3},{"damage":5,"enemies":"2 Thieves","floor":19,"turns":4},{"damage":22,"enemies":"Shelled Parasite and Fungi","floor":21,"turns":3},{"damage":14,"enemies":"Masked Bandits","floor":22,"turns":3},{"damage":26,"enemies":"Nightmare","floor":23,"turns":6},{"damage":28,"enemies":"Snecko","floor":24,"turns":3}],"seed_played":"-2646427571979507364","potions_obtained":[{"floor":1,"key":"Adrenaline Potion"},{"floor":7,"key":"Reflective Coating"},{"floor":13,"key":"GamblersBrew"},{"floor":18,"key":"Weak Potion"},{"floor":22,"key":"FearPotion"},{"floor":23,"key":"DuplicationPotion"}],"is_trial":false,"path_per_floor":["M","M","?","M","?","R","E","R","T","$","?","R","M","M","R_BF","B",null,"M","M","?","M","?","NM","M"],"character_chosen":"THE_SILENT","items_purchased":[],"campfire_rested":0,"item_purchase_floors":[],"current_hp_per_floor":[63,63,63,57,57,57,26,26,26,26,26,26,38,36,36,13,56,45,40,40,30,28,14,0,0],"gold":505,"neow_bonus":"RANDOM_COLORLESS_2","is_daily":false,"chose_seed":false,"campfire_upgraded":4,"win_rate":0.0,"timestamp":1612978195,"path_taken":["M","M","?","M","?","R","E","R","T","?","?","R","M","?","R_BF","BOSS","M","M","?","?","?","NM","M"],"items_purchased_type":[],"build_version":"2020-12-22","purchased_purges":1,"victory":false,"max_hp_per_floor":[70,70,70,70,70,70,70,70,70,70,70,70,70,70,70,70,70,70,70,70,70,70,70,70,70],"relic_stats":{"counters":[13,58],"Pen Nib":[8],"obtain_stats":[{"Pen Nib":7,"CultistMask":11,"aspiration:PoetsPen_weak":17,"Red Mask":22,"halation:PinkSoulGem":5,"halation:SelfBoilingWater":23,"Ring of the Snake":0,"Meat on the Bone":9},{"Pen Nib":4,"CultistMask":4,"aspiration:PoetsPen_weak":7,"Red Mask":11,"halation:PinkSoulGem":3,"halation:SelfBoilingWater":12,"Ring of the Snake":0,"Meat on the Bone":4},{"Pen Nib":19,"CultistMask":19,"aspiration:PoetsPen_weak":36,"Red Mask":49,"halation:PinkSoulGem":7,"halation:SelfBoilingWater":55,"Ring of the Snake":0,"Meat on the Bone":19}],"Ring of the Snake":[26],"Meat on the Bone":60},"card_choices":[{"not_picked":["Metamorphosis","Poisoned Strike"],"picked":"Replay:Dark Deal","floor":0},{"not_picked":["Outmaneuver","ShadowRift"],"picked":"InfectiousVector","floor":1},{"not_picked":["Deadly Poison","Quick Slash"],"picked":"Sneak Up","floor":2},{"not_picked":["Trip","ReplayTheSpireMod:Trickstab"],"picked":"Jack Of All Trades","floor":3},{"not_picked":["Flying Knee","Night Terror"],"picked":"Crippling Poison","floor":4},{"not_picked":["Flying Knee","Heel Hook"],"picked":"Distraction","floor":7},{"not_picked":["Flechettes","Tactician"],"picked":"Dagger Throw","floor":13},{"not_picked":["Quick Slash","Replay:Poison Smokescreen"],"picked":"Draining Mist","floor":14},{"not_picked":["Adrenaline","Tools of the Trade"],"picked":"Die Die Die","floor":16},{"not_picked":["Blade Dance","Skewer+1"],"picked":"Dodge and Roll+1","floor":18},{"not_picked":["InfectiousVector","Deflect"],"picked":"Poisoned Stab","floor":19},{"not_picked":["Prepared","Dodge and Roll"],"picked":"Masterful Stab","floor":21},{"not_picked":["Dodge and Roll+1","Distraction"],"picked":"Blade Dance+1","floor":22},{"not_picked":["Sucker Punch","PiercingWail"],"picked":"Escape Plan","floor":23}],"player_experience":460346,"relics_obtained":[{"floor":7,"key":"Pen Nib"},{"floor":9,"key":"Meat on the Bone"},{"floor":22,"key":"Red Mask"},{"floor":23,"key":"halation:SelfBoilingWater"}],"event_choices":[{"damage_healed":0,"gold_gain":1,"player_choice":"1","damage_taken":0,"max_hp_gain":0,"max_hp_loss":0,"event_name":"betterStone:BetterStone","floor":3,"gold_loss":0},{"damage_healed":0,"gold_gain":0,"player_choice":"Trade","damage_taken":0,"relics_obtained":["CultistMask"],"max_hp_gain":0,"max_hp_loss":0,"event_name":"FaceTrader","floor":11,"gold_loss":0},{"damage_healed":0,"gold_gain":275,"player_choice":"Desecrate","damage_taken":0,"max_hp_gain":0,"max_hp_loss":0,"event_name":"Golden Shrine","floor":20,"gold_loss":0,"cards_obtained":["Regret"]},{"damage_healed":0,"gold_gain":0,"player_choice":"Fought Bandits","damage_taken":0,"max_hp_gain":0,"max_hp_loss":0,"event_name":"Masked Bandits","floor":22,"gold_loss":0}],"is_beta":false,"boss_relics":[{"not_picked":["halation:CatFaceCupcake","conspire:RunicOctahedron"],"picked":"aspiration:PoetsPen_weak"}],"items_purged_floors":[10],"is_endless":true,"potions_floor_spawned":[1,7,13,18,22,23],"killed_by":"Snecko","ascension_level":10}}