{"host":"am551fa6890rb9vo","time":1612980073,"event":{"mods":["BaseMod","DeckTracker","Minty Spire (QoL Compilation)","Morshu Shopkeeper - ENHANCED","Rare Cards Sparkle","Relic Stats","Smile Girya","StSLib","The IronCluck","everything is the same but u backflip on backflip","slay the spire mod where everything is the same but ironclad has a cowboy hat"],"gold_per_floor":[114,5,5,24,24,52,52,52,52,52,88,112,132,170,170,298,298,313,46,90,90,90,90,130,155,178,226,263,295,323,335,347,487,499,534,421,437,53,68,112,112,145,145,166,166,189,189,203,203,203,203,203,23,62,62,62],"floor_reached":55,"language":"ENG","playtime":3194,"items_purged":["Strike_G","Strike_G","Flechettes+1","Phantasmal Killer"],"score":900,"play_id":"c4480b2c-2fcc-486b-98c3-f1652e65a5df","local_time":"20210210180113","is_ascension_mode":true,"campfire_choices":[{"data":"Neutralize","floor":7,"key":"SMITH"},{"data":"Footwork","floor":15,"key":"SMITH"},{"data":"Master of Strategy","floor":23,"key":"SMITH"},{"data":"Adrenaline","floor":32,"key":"SMITH"},{"floor":41,"key":"RECALL"},{"data":"Bullet Time","floor":49,"key":"SMITH"},{"data":"Tools of the Trade","floor":52,"key":"SMITH"}],"circlet_count":0,"master_deck":["Defend_G+1","Defend_G","Defend_G+1","Defend_G","Survivor","Neutralize+1","Dagger Spray","Backstab","Predator","Bullet Time+1","Riddle With Holes","Predator","Footwork+1","Tools of the Trade+1","Master of Strategy+1","Adrenaline+1","Choke+1","Footwork+1","Predator+1","Secret Technique"],"relics":["Ring of the Snake","NeowsBlessing","Pantograph","Golden Idol","Letter Opener","Tiny Chest","Eternal Feather","Black Star","Red Mask","Molten Egg 2","Strawberry","MawBank","White Beast Statue","Ice Cream","Pen Nib","Empty Cage","PreservedInsect","Bag of Preparation","Anchor","Ninja Scroll","Juzu Bracelet","Bronze Scales","Nunchaku","Lantern"],"acts_visited":["Exordium","TheCity","TheBeyond","TheEnding"],"potions_floor_usage":[14,20,27,27,33,33,39,42,42,42,44,48,55,55,55],"damage_taken":[{"damage":0,"enemies":"Cultist","floor":1,"turns":1},{"damage":0,"enemies":"Jaw Worm","floor":4,"turns":1},{"damage":0,"enemies":"Gremlin Nob","floor":6,"turns":1},{"damage":10,"enemies":"Lagavulin","floor":11,"turns":7},{"damage":0,"enemies":"Small Slimes","floor":12,"turns":2},{"damage":2,"enemies":"Looter","floor":13,"turns":2},{"damage":1,"enemies":"3 Sentries","floor":14,"turns":3},{"damage":27,"enemies":"Hexaghost","floor":16,"turns":12},{"damage":18,"enemies":"3 Byrds","floor":18,"turns":5},{"damage":11,"enemies":"Masked Bandits","floor":20,"turns":5},{"damage":11,"enemies":"Gremlin Leader","floor":24,"turns":8},{"damage":0,"enemies":"Chosen","floor":25,"turns":3},{"damage":19,"enemies":"Book of Stabbing","floor":27,"turns":6},{"damage":1,"enemies":"Centurion and Healer","floor":29,"turns":4},{"damage":0,"enemies":"Cultist and Chosen","floor":30,"turns":3},{"damage":8,"enemies":"Automaton","floor":33,"turns":10},{"damage":8,"enemies":"3 Darklings","floor":35,"turns":3},{"damage":2,"enemies":"Orb Walker","floor":37,"turns":3},{"damage":0,"enemies":"4 Shapes","floor":39,"turns":3},{"damage":0,"enemies":"Giant Head","floor":40,"turns":5},{"damage":0,"enemies":"Reptomancer","floor":42,"turns":2},{"damage":15,"enemies":"Transient","floor":44,"turns":5},{"damage":8,"enemies":"Maw","floor":46,"turns":4},{"damage":5,"enemies":"Writhing Mass","floor":48,"turns":3},{"damage":35,"enemies":"Donu and Deca","floor":50,"turns":10},{"damage":0,"enemies":"Shield and Spear","floor":54,"turns":3},{"damage":96,"enemies":"The Heart","floor":55,"turns":9}],"seed_played":"-2498973713590208180","potions_obtained":[{"floor":1,"key":"Swift Potion"},{"floor":11,"key":"Dexterity Potion"},{"floor":14,"key":"Poison Potion"},{"floor":18,"key":"Block Potion"},{"floor":20,"key":"SpeedPotion"},{"floor":27,"key":"EssenceOfSteel"},{"floor":29,"key":"SneckoOil"},{"floor":33,"key":"Fire Potion"},{"floor":35,"key":"SkillPotion"},{"floor":39,"key":"Dexterity Potion"},{"floor":40,"key":"Swift Potion"},{"floor":42,"key":"SkillPotion"},{"floor":44,"key":"FearPotion"},{"floor":46,"key":"FearPotion"},{"floor":48,"key":"Energy Potion"},{"floor":54,"key":"Weak Potion"}],"is_trial":false,"path_per_floor":["M","$","?","M","$","E","R","?","T","?","E","M","M","E","R","B",null,"M","$","?","$","?","R","E","M","T","E","T","M","M","?","R","B",null,"M","$","M","$","M","E","R","E","T","M","?","M","T","M","R","B",null,"R","$","E","B"],"character_chosen":"THE_SILENT","items_purchased":["Backstab","Master of Strategy","PreservedInsect","Predator+1","Secret Technique"],"campfire_rested":0,"item_purchase_floors":[2,19,38,38,53],"current_hp_per_floor":[70,70,63,63,63,63,63,63,63,50,40,40,38,37,46,38,65,47,47,36,36,36,45,41,41,41,22,22,21,21,45,57,64,72,64,64,62,62,62,62,71,71,71,56,56,48,48,43,52,37,72,72,72,72,0,0],"gold":62,"neow_bonus":"THREE_ENEMY_KILL","is_daily":false,"chose_seed":false,"campfire_upgraded":6,"win_rate":0.0,"timestamp":1612980073,"path_taken":["M","?","?","M","$","E","R","?","T","?","E","M","?","E","R","BOSS","M","$","?","$","?","R","E","M","T","E","?","M","?","?","R","BOSS","M","$","M","$","M","E","R","E","T","M","?","M","?","M","R","BOSS","R","$","E","BOSS"],"items_purchased_type":["Card","Card","Relic","Card","Card"],"build_version":"2020-12-22","purchased_purges":4,"victory":false,"max_hp_per_floor":[70,70,70,70,70,70,70,65,65,65,65,65,65,65,65,65,65,65,65,65,65,65,65,72,72,72,72,72,72,72,72,72,72,72,72,72,72,72,72,72,72,72,72,72,72,72,72,72,72,72,72,72,72,72,72,72],"relic_stats":{"counters":[27,123],"Golden Idol":187,"Eternal Feather":48,"Pen Nib":[21],"PreservedInsect":251,"Bag of Preparation":[2],"Juzu Bracelet":0,"Letter Opener":[446],"MawBank":120,"Nunchaku":[2],"Pantograph":54,"Bronze Scales":[174],"Tiny Chest":2,"Black Star":5,"obtain_stats":[{"Ice Cream":27,"Lantern":54,"NeowsBlessing":0,"Golden Idol":8,"Eternal Feather":14,"Pen Nib":28,"PreservedInsect":38,"Bag of Preparation":40,"Juzu Bracelet":42,"Letter Opener":9,"MawBank":26,"Empty Cage":34,"White Beast Statue":27,"Anchor":40,"Nunchaku":54,"Ninja Scroll":42,"Pantograph":6,"Strawberry":24,"Bronze Scales":47,"Tiny Chest":11,"Molten Egg 2":24,"Black Star":17,"Red Mask":20,"Ring of the Snake":0},{"Ice Cream":13,"Lantern":26,"NeowsBlessing":0,"Golden Idol":3,"Eternal Feather":7,"Pen Nib":13,"PreservedInsect":18,"Bag of Preparation":20,"Juzu Bracelet":21,"Letter Opener":3,"MawBank":12,"Empty Cage":16,"White Beast Statue":13,"Anchor":20,"Nunchaku":26,"Ninja Scroll":21,"Pantograph":3,"Strawberry":11,"Bronze Scales":23,"Tiny Chest":4,"Molten Egg 2":11,"Black Star":8,"Red Mask":10,"Ring of the Snake":0},{"Ice Cream":56,"Lantern":114,"NeowsBlessing":0,"Golden Idol":3,"Eternal Feather":17,"Pen Nib":56,"PreservedInsect":79,"Bag of Preparation":87,"Juzu Bracelet":89,"Letter Opener":3,"MawBank":50,"Empty Cage":73,"White Beast Statue":56,"Anchor":87,"Nunchaku":114,"Ninja Scroll":89,"Pantograph":3,"Strawberry":47,"Bronze Scales":98,"Tiny Chest":10,"Molten Egg 2":47,"Black Star":29,"Red Mask":39,"Ring of the Snake":0}],"Ring of the Snake":[54]},"card_choices":[{"not_picked":["Tactician","Underhanded Strike"],"picked":"Dagger Spray","floor":1},{"not_picked":["Deadly Poison","Bouncing Flask"],"picked":"Predator","floor":4},{"not_picked":["Quick Slash","Deflect"],"picked":"Bullet Time","floor":6},{"not_picked":["Tactician","Noxious Fumes"],"picked":"Riddle With Holes","floor":11},{"not_picked":["Acrobatics","Masterful Stab"],"picked":"Predator","floor":12},{"not_picked":["Deadly Poison","Deflect"],"picked":"Footwork","floor":13},{"not_picked":["Cloak And Dagger","Choke","Dagger Throw"],"picked":"SKIP","floor":14},{"not_picked":["Doppelganger","After Image"],"picked":"Tools of the Trade","floor":16},{"not_picked":["Deadly Poison+1","Slice","Underhanded Strike"],"picked":"SKIP","floor":18},{"not_picked":["Dagger Throw+1","Underhanded Strike+1"],"picked":"Adrenaline","floor":24},{"not_picked":["Slice+1","Cloak And Dagger"],"picked":"Choke+1","floor":25},{"not_picked":["Bane+1","Backflip","Accuracy"],"picked":"SKIP","floor":27},{"not_picked":["Flechettes+1","Blur","Crippling Poison"],"picked":"SKIP","floor":29},{"not_picked":["Accuracy","Cloak And Dagger"],"picked":"Flechettes+1","floor":30},{"not_picked":["Venomology","Die Die Die+1"],"picked":"Phantasmal Killer","floor":33},{"not_picked":["Dodge and Roll","Dagger Throw+1","Deflect+1"],"picked":"SKIP","floor":35},{"not_picked":["Dagger Spray+1","Skewer+1"],"picked":"Footwork+1","floor":37},{"not_picked":["PiercingWail+1","Tactician+1","Cloak And Dagger"],"picked":"SKIP","floor":39},{"not_picked":["Choke+1","Deadly Poison","Bane+1"],"picked":"SKIP","floor":40},{"not_picked":["Skewer+1","Tactician+1","Dagger Throw+1"],"picked":"SKIP","floor":42},{"not_picked":["Blur","Bullet Time","Footwork"],"picked":"SKIP","floor":44},{"not_picked":["Tactician","Cloak And Dagger","Dagger Spray+1"],"picked":"SKIP","floor":46},{"not_picked":["Deadly Poison","Terror","Dagger Throw+1"],"picked":"SKIP","floor":48},{"not_picked":["Catalyst","Distraction+1","Underhanded Strike+1"],"picked":"SKIP","floor":54}],"player_experience":91245,"relics_obtained":[{"floor":6,"key":"Pantograph"},{"floor":9,"key":"Letter Opener"},{"floor":11,"key":"Tiny Chest"},{"floor":14,"key":"Eternal Feather"},{"floor":20,"key":"Red Mask"},{"floor":24,"key":"Molten Egg 2"},{"floor":24,"key":"Strawberry"},{"floor":26,"key":"MawBank"},{"floor":27,"key":"White Beast Statue"},{"floor":27,"key":"Ice Cream"},{"floor":28,"key":"Pen Nib"},{"floor":40,"key":"Bag of Preparation"},{"floor":40,"key":"Anchor"},{"floor":42,"key":"Ninja Scroll"},{"floor":42,"key":"Juzu Bracelet"},{"floor":47,"key":"Bronze Scales"},{"floor":54,"key":"Nunchaku"},{"floor":54,"key":"Lantern"}],"event_choices":[{"cards_removed":["Strike_G"],"damage_healed":0,"gold_gain":0,"player_choice":"Card Removal","damage_taken":7,"max_hp_gain":0,"max_hp_loss":0,"event_name":"Golden Wing","floor":3,"gold_loss":0},{"damage_healed":0,"gold_gain":0,"player_choice":"Lose Max HP","damage_taken":0,"relics_obtained":["Golden Idol"],"max_hp_gain":0,"max_hp_loss":5,"event_name":"Golden Idol","floor":8,"gold_loss":0},{"damage_healed":0,"gold_gain":0,"player_choice":"Entered Light","damage_taken":13,"max_hp_gain":0,"max_hp_loss":0,"event_name":"Shining Light","floor":10,"gold_loss":0,"cards_upgraded":["Defend_G","Defend_G"]},{"damage_healed":0,"gold_gain":0,"player_choice":"Fought Bandits","damage_taken":0,"max_hp_gain":0,"max_hp_loss":0,"event_name":"Masked Bandits","floor":20,"gold_loss":0},{"cards_removed":["Strike_G"],"damage_healed":0,"gold_gain":0,"player_choice":"Purged","damage_taken":0,"max_hp_gain":0,"max_hp_loss":0,"event_name":"Purifier","floor":22,"gold_loss":0},{"damage_healed":24,"gold_gain":0,"player_choice":"Heal","damage_taken":0,"max_hp_gain":0,"max_hp_loss":0,"event_name":"The Library","floor":31,"gold_loss":0},{"damage_healed":0,"gold_gain":0,"player_choice":"Ignored","damage_taken":0,"max_hp_gain":0,"max_hp_loss":0,"event_name":"Mysterious Sphere","floor":45,"gold_loss":0}],"is_beta":false,"boss_relics":[{"not_picked":["Runic Pyramid","Fusion Hammer"],"picked":"Black Star"},{"not_picked":["Tiny House","SlaversCollar"],"picked":"Empty Cage"}],"items_purged_floors":[2,19,36,38],"is_endless":false,"potions_floor_spawned":[1,11,14,18,20,27,29,30,33,35,37,39,40,42,44,46,48,54],"killed_by":"The Heart","ascension_level":1}}