{"host":"it04jaz8eul1eh3d","time":1612935817,"event":{"mods":["AchievementEnabler","BaseMod","Colored Map","DeckTracker","Keyboard Shortcuts","Minty Spire (QoL Compilation)","SuperFastMode"],"gold_per_floor":[114,189,189,189,189,529,529,552,552,394,429,429,453,472,472,472,600,600,615,615,447,461,47,47,67,67,67,67,67,88,6,6,6,129,129,153,216,216,549,89,118,131,94,94,94,94],"floor_reached":45,"language":"KOR","playtime":1207,"items_purged":["Injury","Strike_R","Strike_R+1"],"score":570,"play_id":"e287ac9f-f878-4b75-8772-197967329144","local_time":"20210210144337","is_ascension_mode":false,"campfire_choices":[{"floor":7,"key":"REST"},{"floor":16,"key":"REST"},{"floor":24,"key":"REST"},{"data":"Seeing Red","floor":26,"key":"SMITH"},{"data":"Demon Form","floor":28,"key":"SMITH"},{"data":"Rupture","floor":33,"key":"SMITH"}],"circlet_count":0,"master_deck":["Strike_R+1","Strike_R+1","Strike_R+1","Defend_R+1","Defend_R+1","Defend_R+1","Impervious+1","Blood for Blood","Finesse","Blood for Blood","Flame Barrier","Demon Form+1","Combust+1","Metallicize","Rupture+1","Flash of Steel","Seeing Red+1","Blood for Blood","Feed","Reaper","Demon Form","Blood for Blood","Limit Break","Inflame"],"relics":["Black Blood","War Paint","Old Coin","Paper Frog","PreservedInsect","Regal Pillow","FaceOfCleric","Self Forming Clay","Strawberry","Empty Cage","Shovel","Pear","Question Card"],"acts_visited":["Exordium","TheCity","TheBeyond"],"potions_floor_usage":[30,42,45,45],"damage_taken":[{"damage":3,"enemies":"Small Slimes","floor":1,"turns":3},{"damage":30,"enemies":"Gremlin Nob","floor":6,"turns":7},{"damage":0,"enemies":"Cultist","floor":8,"turns":3},{"damage":27,"enemies":"3 Sentries","floor":11,"turns":11},{"damage":3,"enemies":"Jaw Worm","floor":13,"turns":4},{"damage":22,"enemies":"Exordium Wildlife","floor":14,"turns":8},{"damage":49,"enemies":"Hexaghost","floor":17,"turns":15},{"damage":22,"enemies":"Shell Parasite","floor":19,"turns":9},{"damage":37,"enemies":"2 Thieves","floor":22,"turns":4},{"damage":23,"enemies":"3 Cultists","floor":25,"turns":5},{"damage":19,"enemies":"Sentry and Sphere","floor":30,"turns":8},{"damage":50,"enemies":"Automaton","floor":34,"turns":8},{"damage":26,"enemies":"3 Shapes","floor":36,"turns":6},{"damage":35,"enemies":"Mind Bloom Boss Battle","floor":37,"turns":8},{"damage":44,"enemies":"Nemesis","floor":41,"turns":5},{"damage":42,"enemies":"3 Darklings","floor":42,"turns":5},{"damage":20,"enemies":"Jaw Worm Horde","floor":45,"turns":4}],"seed_played":"-1493021108323521431","potions_obtained":[{"floor":1,"key":"PowerPotion"},{"floor":8,"key":"AttackPotion"},{"floor":14,"key":"BlessingOfTheForge"},{"floor":22,"key":"AttackPotion"},{"floor":30,"key":"Fruit Juice"},{"floor":36,"key":"Fire Potion"}],"is_trial":false,"path_per_floor":["M","?","?","?","?","E","R","M","T","$","E","?","M","M","M","R","B",null,"M","?","$","M","$","R","M","R","T","R","?","M","$","?","R","B",null,"M","?","?","?","$","E","M","$","T","M"],"character_chosen":"IRONCLAD","items_purchased":["Finesse","Metallicize","Rupture","Self Forming Clay","Flash of Steel","Blood for Blood","Demon Form","Blood for Blood","Limit Break","Inflame"],"campfire_rested":3,"item_purchase_floors":[10,21,23,23,23,31,40,40,40,43],"current_hp_per_floor":[80,69,69,53,53,29,53,59,59,59,38,38,41,25,25,64,21,80,70,70,70,46,46,81,71,71,78,78,78,77,77,77,77,40,96,86,64,64,64,64,46,44,44,44,24,24],"gold":94,"neow_bonus":"ONE_RANDOM_RARE_CARD","is_daily":false,"chose_seed":false,"campfire_upgraded":3,"win_rate":0.0,"timestamp":1612935817,"path_taken":["M","?","?","?","?","E","R","?","T","?","E","?","M","M","M","R","BOSS","M","?","$","M","$","R","?","R","T","R","?","M","$","?","R","BOSS","M","?","?","?","$","E","M","?","T","M"],"items_purchased_type":["Card","Card","Card","Relic","Card","Card","Card","Card","Card","Card"],"build_version":"2020-12-22","purchased_purges":3,"victory":false,"max_hp_per_floor":[80,80,80,80,80,80,80,80,80,80,80,80,80,80,80,80,80,80,80,80,80,81,81,81,82,82,89,89,89,95,95,95,95,96,96,100,101,101,101,101,115,116,116,116,116,116],"card_choices":[{"not_picked":["True Grit","Clash"],"picked":"Entrench","floor":1},{"not_picked":["Cleave","Clash","Sentinel"],"picked":"SKIP","floor":6},{"not_picked":["Searing Blow","Iron Wave"],"picked":"Blood for Blood","floor":8},{"not_picked":["Wild Strike","True Grit"],"picked":"Blood for Blood","floor":11},{"not_picked":["Twin Strike","Burning Pact","Thunderclap"],"picked":"SKIP","floor":13},{"not_picked":["Flex","Havoc"],"picked":"Flame Barrier","floor":14},{"not_picked":["Impervious","Double Tap"],"picked":"Demon Form","floor":17},{"not_picked":["Body Slam","Flex"],"picked":"Combust+1","floor":19},{"not_picked":["Flame Barrier","Evolve","Pommel Strike"],"picked":"SKIP","floor":22},{"not_picked":["Flex","Headbutt"],"picked":"Seeing Red","floor":25},{"not_picked":["Thunderclap","Infernal Blade","Second Wind"],"picked":"SKIP","floor":30},{"not_picked":["Bludgeon","Offering"],"picked":"Feed","floor":34},{"not_picked":["Clothesline","Wild Strike+1","Thunderclap+1"],"picked":"SKIP","floor":36},{"not_picked":["Thunderclap+1","Iron Wave+1"],"picked":"Reaper","floor":37},{"not_picked":["Shrug It Off","Seeing Red","Pommel Strike"],"picked":"SKIP","floor":41},{"not_picked":["Pummel+1","Anger+1","True Grit"],"picked":"SKIP","floor":42}],"player_experience":150826,"relics_obtained":[{"floor":6,"key":"Old Coin"},{"floor":9,"key":"Paper Frog"},{"floor":11,"key":"PreservedInsect"},{"floor":27,"key":"Strawberry"},{"floor":37,"key":"Shovel"},{"floor":41,"key":"Pear"},{"floor":44,"key":"Question Card"}],"event_choices":[{"damage_healed":0,"gold_gain":75,"player_choice":"Gather Gold","damage_taken":11,"max_hp_gain":0,"max_hp_loss":0,"event_name":"World of Goop","floor":2,"gold_loss":0},{"damage_healed":0,"gold_gain":0,"player_choice":"Take Wound","damage_taken":0,"relics_obtained":["Golden Idol"],"max_hp_gain":0,"max_hp_loss":0,"event_name":"Golden Idol","floor":3,"gold_loss":0,"cards_obtained":["Injury"]},{"damage_healed":0,"gold_gain":0,"player_choice":"Entered Light","damage_taken":16,"max_hp_gain":0,"max_hp_loss":0,"event_name":"Shining Light","floor":4,"gold_loss":0,"cards_upgraded":["Impervious","Defend_R"]},{"damage_healed":0,"gold_gain":0,"player_choice":"Gave Potion","damage_taken":0,"relics_obtained":["War Paint"],"max_hp_gain":0,"max_hp_loss":0,"event_name":"WeMeetAgain","floor":5,"gold_loss":0},{"damage_healed":0,"gold_gain":0,"player_choice":"Searched \u00272\u0027 times","damage_taken":0,"relics_obtained":["Regal Pillow"],"max_hp_gain":0,"max_hp_loss":0,"event_name":"Dead Adventurer","floor":12,"gold_loss":0},{"damage_healed":0,"gold_gain":0,"player_choice":"Trade","damage_taken":0,"relics_obtained":["FaceOfCleric"],"max_hp_gain":0,"max_hp_loss":0,"event_name":"FaceTrader","floor":20,"gold_loss":0},{"damage_healed":0,"gold_gain":0,"player_choice":"Simplicity","damage_taken":0,"max_hp_gain":0,"max_hp_loss":0,"event_name":"Back to Basics","floor":29,"gold_loss":0,"cards_upgraded":["Strike_R","Strike_R","Strike_R","Strike_R","Defend_R"]},{"damage_healed":0,"gold_gain":0,"player_choice":"Ignored","damage_taken":0,"max_hp_gain":0,"max_hp_loss":0,"event_name":"Vampires","floor":32,"gold_loss":0},{"damage_healed":0,"gold_gain":0,"player_choice":"Fight","damage_taken":0,"max_hp_gain":0,"max_hp_loss":0,"event_name":"MindBloom","floor":37,"gold_loss":0},{"cards_removed":["Defend_R"],"damage_healed":0,"gold_gain":0,"player_choice":"Removed Skill","damage_taken":0,"max_hp_gain":0,"max_hp_loss":0,"event_name":"Falling","floor":38,"gold_loss":0},{"damage_healed":0,"gold_gain":333,"player_choice":"Gave Idol","damage_taken":0,"max_hp_gain":0,"max_hp_loss":0,"event_name":"The Moai Head","floor":39,"relics_lost":["Golden Idol"],"gold_loss":0}],"is_beta":false,"boss_relics":[{"not_picked":["Coffee Dripper","Tiny House"],"picked":"Black Blood"},{"not_picked":["Pandora\u0027s Box","Sozu"],"picked":"Empty Cage"}],"items_purged_floors":[10,21,40],"is_endless":false,"potions_floor_spawned":[1,8,14,22,30,36],"killed_by":"Jaw Worm Horde","ascension_level":0}}