{"host":"8lgo2trwv2o0qyml","time":1612987396,"event":{"mods":["BaseMod","Colored Map","Colored Powertips","DeckTracker","Highlight Path","Hubris","Infinite Spire","Minty Spire (QoL Compilation)","Quick Restart","Random Character Button","Relic Sorter","Replay The Spire","StSLib","SuperFastMode","Synergy Search"],"gold_per_floor":[144,144,144,144,68,167,167,266,266,320,374,374,473,497,497,806,806,860,869,923,977,1031,1031,1081,1135,1160,248,293,347,401,455,455,764,773,827,32,32,57,111,111,165,219,219,219,219],"floor_reached":44,"playtime":3379,"items_purged":["Writhe"],"score":582,"play_id":"e9512384-5bd8-4462-8c43-7a56d0221a0d","local_time":"20210210150316","daily_mods":["SealedDeck","Purple Cards","Midas"],"is_ascension_mode":false,"campfire_choices":[{"floor":7,"key":"REST"},{"floor":15,"key":"REST"},{"floor":23,"key":"REST"},{"floor":32,"key":"REST"},{"floor":40,"key":"REST"}],"circlet_count":0,"master_deck":["ReplayTheSpireMod:The Works","hubris:TrickCloak","Tactician","Reflex","Blur","Dagger Throw","Bane","Replay:Poison Smokescreen","Deflect+1","Blade Dance","Cloak And Dagger","ReplayTheSpireMod:Uncanny Aura","Dodge and Roll","Deadly Poison","Consecrate","Noxious Fumes","Fasting2","Devotion","Quick Slash","TalkToTheHand","Prostrate","Slice","All Out Attack","Study","WaveOfTheHand","Caltrops","Replay:Vibes","ReplayUltimateDefense","Cloak And Dagger","Poisoned Stab","Swivel+1","Tools of the Trade","Collect","Chrysalis","Bouncing Flask","Deflect","Meditate","Evaluate","Perseverance","Flying Knee+1","JustLucky+1","Backflip","Blur+1","A Thousand Cuts"],"relics":["Ring of the Snake","hubris:Towel","CeramicFish","CultistMask","Letter Opener","Replay:Wax Seal","Snake Skull","Tiny Chest","Odd Mushroom","Fusion Hammer","Strawberry","Happy Flower","Lee\u0027s Waffle","Replay:Bottled Steam","Omamori","Replay:Ancient Bell","Gremlin Food","The Courier","Torii","Oddly Smooth Stone","Vajra","Orrery","infinitespire:BottledMercury","infinitespire:Beetle Shell","infinitespire:Magic Flask"],"acts_visited":["Exordium","TheCity","TheBeyond"],"potions_floor_usage":[6,18,33,33,44],"damage_taken":[{"damage":1,"enemies":"Jaw Worm","floor":1,"turns":3},{"damage":12,"enemies":"Gremlin Nob","floor":6,"turns":4},{"damage":12,"enemies":"3 Sentries","floor":8,"turns":5},{"damage":0,"enemies":"Small Slimes","floor":10,"turns":3},{"damage":0,"enemies":"Cultist","floor":11,"turns":2},{"damage":0,"enemies":"Gremlin Nob","floor":13,"turns":3},{"damage":14,"enemies":"The Mushroom Lair","floor":14,"turns":3},{"damage":33,"enemies":"Hexaghost","floor":16,"turns":8},{"damage":10,"enemies":"3 Byrds","floor":18,"turns":4},{"damage":15,"enemies":"Spheric Guardian","floor":20,"turns":5},{"damage":21,"enemies":"Shelled Parasite and Fungi","floor":21,"turns":5},{"damage":5,"enemies":"Centurion and Healer","floor":22,"turns":7},{"damage":21,"enemies":"3 Cultists","floor":25,"turns":5},{"damage":13,"enemies":"Snecko","floor":28,"turns":6},{"damage":26,"enemies":"Sentry and Sphere","floor":29,"turns":5},{"damage":9,"enemies":"Cultist and Chosen","floor":30,"turns":4},{"damage":12,"enemies":"3 Cultists","floor":31,"turns":5},{"damage":48,"enemies":"Automaton","floor":33,"turns":11},{"damage":31,"enemies":"Orb Walker","floor":35,"turns":6},{"damage":0,"enemies":"3 Shapes","floor":39,"turns":5},{"damage":11,"enemies":"3 Darklings","floor":41,"turns":5},{"damage":6,"enemies":"4 Shapes","floor":42,"turns":9},{"damage":75,"enemies":"2 Orb Walkers","floor":44,"turns":5}],"seed_played":"-5810517303651203205","potions_obtained":[{"floor":1,"key":"Adrenaline Potion"},{"floor":8,"key":"Milkshake"},{"floor":11,"key":"FearPotion"},{"floor":13,"key":"PowerPotion"},{"floor":16,"key":"Block Potion"},{"floor":21,"key":"Dexterity Potion"},{"floor":31,"key":"GhostInAJar"},{"floor":33,"key":"SteroidPotion"},{"floor":41,"key":"Strength Potion"},{"floor":42,"key":"PowerPotion"}],"is_trial":false,"path_per_floor":["M","?","?","?","$","E","R","E","T","M","M","?","E","?","R","B",null,"M","?","M","M","M","R","T","M","T","$","M","M","M","M","R","B",null,"M","$","?","T","M","R","M","M","T","?"],"character_chosen":"THE_SILENT","items_purchased":["ReplayTheSpireMod:Uncanny Aura","Lee\u0027s Waffle","Replay:Bottled Steam","WaveOfTheHand","Omamori","Caltrops","Replay:Vibes","ReplayUltimateDefense","Oddly Smooth Stone","Vajra","Chrysalis","Bouncing Flask","Deflect","Orrery","infinitespire:BottledMercury"],"campfire_rested":5,"item_purchase_floors":[5,27,27,27,27,27,27,27,36,36,36,36,36,36,36],"current_hp_per_floor":[69,69,57,57,57,45,66,54,54,54,54,54,54,40,61,28,70,60,60,45,24,19,40,47,26,26,84,71,45,36,24,49,1,84,53,53,53,53,53,78,67,61,61,0,0],"gold":219,"neow_bonus":"","is_daily":true,"chose_seed":false,"campfire_upgraded":0,"win_rate":0.0,"timestamp":1612987396,"path_taken":["M","?","?","?","$","E","R","E","T","?","M","?","E","?","R","BOSS","M","?","?","M","M","R","?","?","T","$","M","M","?","M","R","BOSS","M","$","?","?","M","R","M","M","T","?"],"items_purchased_type":["Card","Relic","Relic","Card","Relic","Card","Card","Card","Relic","Relic","Card","Card","Card","Relic","Relic"],"build_version":"2020-12-22","purchased_purges":1,"victory":false,"max_hp_per_floor":[70,70,70,70,70,70,70,70,70,70,70,70,70,70,70,70,70,70,70,70,70,70,70,77,77,77,84,84,84,84,84,84,84,84,84,84,84,84,84,84,84,84,84,84,84],"card_choices":[{"not_picked":["Underhanded Strike","Poisoned Stab"],"picked":"Cloak And Dagger","floor":1},{"not_picked":["Prostrate","ReplayTheSpireMod:Necrosis"],"picked":"Dodge and Roll","floor":6},{"not_picked":["Sucker Punch","PiercingWail"],"picked":"Protect","floor":8},{"not_picked":["Finisher","Underhanded Strike"],"picked":"Deadly Poison","floor":10},{"not_picked":["PiercingWail","Deflect"],"picked":"Consecrate","floor":11},{"not_picked":["Replay:Battleflow","FollowUp"],"picked":"Noxious Fumes","floor":13},{"not_picked":["SignatureMove","JustLucky"],"picked":"Fasting2","floor":14},{"not_picked":["DeusExMachina","Alpha"],"picked":"Devotion","floor":16},{"not_picked":["FearNoEvil","Finisher"],"picked":"Quick Slash","floor":18},{"not_picked":["Poisoned Stab","Deflect"],"picked":"Prostrate","floor":20},{"not_picked":["ConjureBlade","Conclude"],"picked":"Slice","floor":21},{"not_picked":["JustLucky","ClearTheMind"],"picked":"All Out Attack","floor":22},{"not_picked":["JustLucky","Adaptation"],"picked":"Study","floor":25},{"not_picked":["ClearTheMind","EmptyBody","BowlingBash"],"picked":"SKIP","floor":28},{"not_picked":["Fasting2","FlyingSleeves+1"],"picked":"Cloak And Dagger","floor":29},{"not_picked":["Judgement","TalkToTheHand"],"picked":"Poisoned Stab","floor":30},{"not_picked":["Evaluate+1","Blade Dance"],"picked":"Swivel+1","floor":31},{"not_picked":["SpiritShield","Atom Bomb"],"picked":"Tools of the Trade","floor":33},{"not_picked":["Delirium","Replay:Hysterical Blindness"],"picked":"hubris:Lust","floor":34},{"not_picked":["Decay","ReplayTheSpireMod:IOU"],"picked":"Amnesia","floor":34},{"not_picked":["Shame","Regret"],"picked":"Writhe","floor":34},{"not_picked":["All Out Attack","Judgement"],"picked":"Collect","floor":35},{"not_picked":["ReplayTheSpireMod:Tripwire","PiercingWail"],"picked":"Meditate","floor":36},{"not_picked":["Dagger Spray","Backflip"],"picked":"Evaluate","floor":36},{"not_picked":["Terror+1","Tantrum"],"picked":"Perseverance","floor":36},{"not_picked":["ClearTheMind+1","Outmaneuver"],"picked":"Flying Knee+1","floor":36},{"not_picked":["Bullet Time","ClearTheMind"],"picked":"JustLucky+1","floor":36},{"not_picked":["Crescendo+1","Sanctity"],"picked":"Backflip","floor":39},{"not_picked":["FlurryOfBlows+1","Prepared"],"picked":"Blur+1","floor":41},{"not_picked":["Nirvana+1","EmptyBody"],"picked":"A Thousand Cuts","floor":42}],"player_experience":130894,"relics_obtained":[{"floor":6,"key":"Letter Opener"},{"floor":8,"key":"Replay:Wax Seal"},{"floor":9,"key":"Snake Skull"},{"floor":13,"key":"Tiny Chest"},{"floor":14,"key":"Odd Mushroom"},{"floor":24,"key":"Strawberry"},{"floor":26,"key":"Happy Flower"},{"floor":38,"key":"infinitespire:Beetle Shell"},{"floor":43,"key":"infinitespire:Magic Flask"}],"event_choices":[{"damage_healed":0,"gold_gain":0,"player_choice":"Success","damage_taken":12,"relics_obtained":["CeramicFish"],"max_hp_gain":0,"max_hp_loss":0,"event_name":"Scrap Ooze","floor":3,"gold_loss":0},{"damage_healed":0,"gold_gain":0,"player_choice":"Trade","damage_taken":0,"relics_obtained":["CultistMask"],"max_hp_gain":0,"max_hp_loss":0,"event_name":"FaceTrader","floor":4,"gold_loss":0},{"damage_healed":0,"gold_gain":0,"player_choice":"Fought Mushrooms","damage_taken":0,"max_hp_gain":0,"max_hp_loss":0,"event_name":"Mushrooms","floor":14,"gold_loss":0},{"damage_healed":0,"gold_gain":0,"cards_transformed":["Protect"],"player_choice":"Transformed","damage_taken":0,"max_hp_gain":0,"max_hp_loss":0,"event_name":"Transmorgrifier","floor":19,"gold_loss":0,"cards_obtained":["TalkToTheHand"]},{"damage_healed":0,"gold_gain":0,"player_choice":"Fight","damage_taken":0,"max_hp_gain":0,"max_hp_loss":0,"event_name":"Mysterious Sphere","floor":44,"gold_loss":0}],"is_beta":false,"boss_relics":[{"not_picked":["Philosopher\u0027s Stone","Velvet Choker"],"picked":"Fusion Hammer"},{"not_picked":["Runic Pyramid","SacredBark"],"picked":"Replay:Ancient Bell"},{"not_picked":["Orichalcum","MawBank"],"picked":"Gremlin Food"},{"not_picked":["Replay:Bottled Flurry","infinitespire:Midas Blood"],"picked":"The Courier"},{"not_picked":["infinitespire:Lychee Nut","CaptainsWheel"],"picked":"Torii"}],"items_purged_floors":[36],"is_endless":false,"potions_floor_spawned":[1,8,11,13,16,21,25,30,31,33,41,42],"killed_by":"2 Orb Walkers","ascension_level":0}}