{"host":"YagamiMirai","time":1612984094,"event":{"mods":["Act Like it!","Alarm Clock","BaseMod","Downfall","Hermit","Lobotomy","Minty Spire (QoL Compilation)","Reliquary","Replay The Spire","Robot Space Explorer","Spicy Shops","StSLib","The Dragon Tamer","The Gatherer","The Mystic","TheHeartMod","Wide Potions","¡¾ÒÅÎï¿¨ÅÆ¡¿REMEMod","óô»ðÖ¸ÄÏ"],"gold_per_floor":[99,146,321,128,128,128,128,128,187,240,125,125,144,154,174,269,269,269,269],"floor_reached":17,"language":"ZHS","playtime":972,"items_purged":["REME_CurseOfMatryoshka","Languid"],"score":153,"play_id":"2861e6cd-2bd9-46c0-8745-f8725e595812","local_time":"20210211030814","is_ascension_mode":false,"campfire_choices":[{"data":"ParadiseLost","floor":1,"key":"SMITH"},{"data":"bronze:InfiniteBeams","floor":8,"key":"SMITH"},{"floor":12,"key":"RECALL"}],"circlet_count":0,"master_deck":["bronze:Strike","bronze:Strike","bronze:Strike","bronze:Strike","bronze:Defend","bronze:Defend","bronze:Defend","bronze:Defend","bronze:Replicate","bronze:Goto","ParadiseLost+1","bronze:InfiniteBeams+1","bronze:CutThrough","downfall:Malfunctioning","bronze:DelayedGuard","bronze:DelayedSlice+1","bronze:DelayedSlice+1","bronze:ForceShield","bronze:Flail+1","bronze:WildBeam+1","bronze:Library"],"relics":["bronze:BronzeCore","REME_ComplimentaryCards","ReplayTheSpireMod:CursedCoin","Molten Egg 2","downfall:ExtraCursedKey","FossilizedHelix","Replay:Bottled Flurry","Odd Mushroom","Busted Crown"],"acts_visited":["Exordium","TheCity"],"potions_floor_usage":[2,10,14],"damage_taken":[{"damage":0,"enemies":"Small Slimes","floor":2,"turns":3},{"damage":0,"enemies":"downfall:FleeingMerchant","floor":4,"turns":4},{"damage":18,"enemies":"Lagavulin","floor":9,"turns":6},{"damage":13,"enemies":"The Mushroom Lair","floor":10,"turns":5},{"damage":12,"enemies":"downfall:FleeingMerchant","floor":11,"turns":4},{"damage":0,"enemies":"2 Louse","floor":13,"turns":2},{"damage":0,"enemies":"Jaw Worm","floor":14,"turns":2},{"damage":0,"enemies":"Exordium Thugs","floor":15,"turns":2},{"damage":31,"enemies":"IC_STATUS_ARCHETYPE","floor":16,"turns":7}],"seed_played":"5146784713442627197","potions_obtained":[{"floor":0,"key":"Slimebound:ThreeZeroPotion"},{"floor":0,"key":"REME_GoldPotion"},{"floor":0,"key":"Fire Potion"},{"floor":9,"key":"REME_GoldPotion"},{"floor":13,"key":"Fire Potion"},{"floor":14,"key":"Fruit Juice"},{"floor":16,"key":"Toxic Potion"}],"is_trial":false,"path_per_floor":["R","M","?","$","?","?","T","R","E","?","$","R","M","M","M","B",null],"character_chosen":"THE_AUTOMATON","items_purchased":["ReplayTheSpireMod:CursedCoin","Molten Egg 2"],"campfire_rested":0,"item_purchase_floors":[4,4],"current_hp_per_floor":[70,70,70,70,70,70,70,70,52,39,27,27,27,32,32,1,75,75,75],"gold":269,"neow_bonus":"THREE_SMALL_POTIONS","is_daily":false,"chose_seed":false,"campfire_upgraded":2,"win_rate":0.0,"timestamp":1612984094,"path_taken":["R","M","?","$","?","?","T","R","E","?","?","R","?","M","M","BOSS"],"items_purchased_type":["Relic","Relic"],"build_version":"2020-12-18","purchased_purges":2,"victory":false,"max_hp_per_floor":[70,70,70,70,70,70,70,70,70,70,70,70,70,75,75,75,75,75,75],"card_choices":[{"not_picked":["bronze:NullPointer","bronze:Shell"],"picked":"bronze:InfiniteBeams","floor":2},{"not_picked":["bronze:Shield","bronze:ItsAFeature"],"picked":"bronze:CutThrough","floor":4},{"not_picked":["bronze:BugBarrage+1","bronze:ForLoop"],"picked":"bronze:DelayedGuard","floor":9},{"not_picked":["bronze:Shell","bronze:OilSpill+1"],"picked":"bronze:DelayedSlice+1","floor":10},{"not_picked":["bronze:Shield","bronze:Deprecate"],"picked":"bronze:DelayedSlice+1","floor":11},{"not_picked":["bronze:Branch+1","bronze:BugBarrage+1"],"picked":"bronze:ForceShield","floor":13},{"not_picked":["bronze:Turbo","bronze:ForceShield"],"picked":"bronze:Flail+1","floor":14},{"not_picked":["bronze:FindAndReplace","bronze:BronzeArmor"],"picked":"bronze:WildBeam+1","floor":15},{"not_picked":["bronze:FindAndReplace","bronze:Assembly"],"picked":"bronze:Library","floor":16}],"player_experience":971537,"relics_obtained":[{"floor":7,"key":"FossilizedHelix"},{"floor":9,"key":"Replay:Bottled Flurry"},{"floor":10,"key":"Odd Mushroom"}],"event_choices":[{"cards_removed":["Doubt"],"damage_healed":0,"gold_gain":0,"player_choice":"Card Removal","damage_taken":0,"max_hp_gain":0,"max_hp_loss":0,"event_name":"The Cleric","floor":5,"gold_loss":0},{"damage_healed":0,"gold_gain":0,"player_choice":"Fought Mushrooms","damage_taken":0,"max_hp_gain":0,"max_hp_loss":0,"event_name":"Mushrooms","floor":10,"gold_loss":0}],"is_beta":true,"boss_relics":[{"not_picked":["Velvet Choker","reliquary:WritOfMandamus"],"picked":"Busted Crown"}],"items_purged_floors":[4,11],"is_endless":false,"potions_floor_spawned":[9,13,14,16],"ascension_level":0}}