{"host":"g520aj7wy7fyc13m","time":1612936013,"event":{"mods":["2.2 Compatiblity","AlwaysNeverKeys","Aspiration","BaseMod","Better Sensory Stone","Better Third Choice","Colored Powertips","Downfall","Hermit","Jorbs\u0027s Wanderer Trilogy","Minty Spire (QoL Compilation)","Permanent Neow","Quick Restart","Random Character Button","Reliquary","StSLib","The Disciple","The Runesmith","egg"],"gold_per_floor":[99,99,99,99,99,128,210,222,237,1,18,51,51,64,81,179,179,79,99,112,97,97,111,135,20,38,51,51,51,51],"floor_reached":28,"language":"ENG","playtime":2309,"items_purged":["bronze:ForceShield","bronze:Replicate+1"],"score":255,"play_id":"95cb238b-fae0-4b9e-8b6a-9e800339668c","local_time":"20210210054653","is_ascension_mode":false,"campfire_choices":[{"data":"bronze:Replicate","floor":1,"key":"SMITH"},{"floor":13,"key":"REST"},{"data":"bronze:Verify","floor":18,"key":"SMITH"}],"circlet_count":0,"master_deck":["bronze:Strike","bronze:Strike","bronze:Strike","bronze:Strike","bronze:Defend","bronze:Defend","bronze:Defend","bronze:Defend","bronze:Goto","bronze:Shell","bronze:FineTuning","bronze:FineTuning","bronze:Verify+1","bronze:Iterate","bronze:DelayedGuard","bronze:HardenedForm","bronze:Iterate","bronze:Optimize","Master of Strategy","Dramatic Entrance"],"relics":["bronze:BronzeCore","downfall:HeartsMalice","bronze:BottledCode","Juzu Bracelet","Ornamental Fan","Tiny Chest","reliquary:Knoch","Velvet Choker","downfall:HeartBlessingGreen","reliquary:PartyBalloon"],"acts_visited":["Exordium","TheCity"],"potions_floor_usage":[11,14,27],"damage_taken":[{"damage":0,"enemies":"Cultist","floor":2,"turns":1},{"damage":0,"enemies":"2 Louse","floor":5,"turns":1},{"damage":0,"enemies":"3 Sentries","floor":6,"turns":1},{"damage":1,"enemies":"Jaw Worm","floor":8,"turns":5},{"damage":0,"enemies":"2 Fungi Beasts","floor":9,"turns":7},{"damage":6,"enemies":"downfall:FleeingMerchant","floor":10,"turns":4},{"damage":8,"enemies":"3 Louse","floor":11,"turns":4},{"damage":42,"enemies":"Gremlin Nob","floor":12,"turns":6},{"damage":5,"enemies":"Exordium Wildlife","floor":14,"turns":4},{"damage":5,"enemies":"Blue Slaver","floor":15,"turns":5},{"damage":8,"enemies":"DF_ARCHETYPE_STREAMLINE","floor":16,"turns":11},{"damage":4,"enemies":"Shell Parasite","floor":19,"turns":4},{"damage":4,"enemies":"Spheric Guardian","floor":20,"turns":5},{"damage":3,"enemies":"downfall:FleeingMerchant","floor":21,"turns":4},{"damage":2,"enemies":"Snecko","floor":23,"turns":7},{"damage":12,"enemies":"downfall:FleeingMerchant","floor":25,"turns":4},{"damage":15,"enemies":"Snake Plant","floor":26,"turns":6},{"damage":10,"enemies":"Centurion and Healer","floor":27,"turns":22}],"seed_played":"-2563031102871905039","potions_obtained":[{"floor":6,"key":"Explosive Potion"},{"floor":8,"key":"bronze:FreeFunctionsPotion"},{"floor":11,"key":"bronze:BurnAndBuffPotion"},{"floor":12,"key":"DistilledChaos"},{"floor":26,"key":"SteroidPotion"},{"floor":27,"key":"EntropicBrew"}],"is_trial":false,"path_per_floor":["R","M","?","?","M","E","T","M","M","$","M","E","R","M","M","B",null,"R","M","M","$","?","M","T","$","M","M","?"],"character_chosen":"THE_AUTOMATON","items_purchased":["Tiny Chest"],"campfire_rested":1,"item_purchase_floors":[10],"current_hp_per_floor":[70,70,60,60,60,60,60,59,59,53,45,3,21,16,11,3,60,60,56,52,49,49,47,47,35,20,10,0,0,0],"gold":51,"neow_bonus":"THREE_ENEMY_KILL","is_daily":false,"chose_seed":false,"campfire_upgraded":2,"win_rate":0.0,"timestamp":1612936013,"path_taken":["R","?","?","?","M","E","T","M","M","$","M","E","R","M","M","BOSS","R","M","M","$","?","M","T","$","M","M","?"],"items_purchased_type":["Relic"],"build_version":"2020-12-22","purchased_purges":2,"victory":false,"max_hp_per_floor":[70,70,60,60,60,60,60,60,60,60,60,60,60,60,60,60,60,60,60,60,60,60,60,60,60,60,60,60,60,60],"card_choices":[{"not_picked":["bronze:Frontload","bronze:OilSpill"],"picked":"bronze:ForceShield","floor":2},{"not_picked":["bronze:Invalidate","bronze:Turbo","bronze:BitShift"],"picked":"SKIP","floor":5},{"not_picked":["bronze:CloningBeam","bronze:Deprecate"],"picked":"bronze:Shell","floor":6},{"not_picked":["bronze:ChosenStrike","bronze:DelayedSlice"],"picked":"bronze:FineTuning","floor":8},{"not_picked":["bronze:Turbo","bronze:CutThrough"],"picked":"bronze:FineTuning","floor":9},{"not_picked":["bronze:Assembly","bronze:DelayedSlice"],"picked":"bronze:Verify","floor":10},{"not_picked":["bronze:Shell","bronze:DelayedSlice","bronze:Overheat"],"picked":"SKIP","floor":11},{"not_picked":["bronze:Turbo","bronze:Optimize","bronze:Overheat"],"picked":"SKIP","floor":12},{"not_picked":["bronze:BronzeOrb","bronze:WhirlingStrike"],"picked":"bronze:Iterate","floor":14},{"not_picked":["bronze:DigitalCarnage","bronze:FineTuning"],"picked":"bronze:DelayedGuard","floor":15},{"not_picked":["bronze:Virus","bronze:SpaghettiCode"],"picked":"bronze:HardenedForm","floor":16},{"not_picked":["bronze:WildBeam","bronze:Backtrace"],"picked":"bronze:Iterate","floor":19},{"not_picked":["bronze:Iterate","bronze:BuggyMess","bronze:Boost"],"picked":"SKIP","floor":20},{"not_picked":["bronze:AlphaBuild","bronze:Shield"],"picked":"bronze:Optimize","floor":21},{"not_picked":["Impatience","Madness"],"picked":"Master of Strategy","floor":22},{"not_picked":["Discovery","Madness"],"picked":"Dramatic Entrance","floor":22},{"not_picked":["bronze:WildBeam","bronze:Overload","bronze:BugBarrage"],"picked":"SKIP","floor":23},{"not_picked":["bronze:CloningBeam","bronze:WhirlingStrike","bronze:Overload"],"picked":"SKIP","floor":25},{"not_picked":["bronze:WildBeam","bronze:DelayedGuard","bronze:CutThrough"],"picked":"SKIP","floor":26},{"not_picked":["bronze:BronzeOrb","bronze:Shield+1","bronze:DigitalCarnage"],"picked":"SKIP","floor":27}],"player_experience":585414,"relics_obtained":[{"floor":6,"key":"Juzu Bracelet"},{"floor":7,"key":"Ornamental Fan"},{"floor":12,"key":"reliquary:Knoch"},{"floor":24,"key":"reliquary:PartyBalloon"}],"event_choices":[{"damage_healed":0,"gold_gain":2,"player_choice":"1","damage_taken":0,"max_hp_gain":0,"max_hp_loss":0,"event_name":"betterStone:BetterStone","floor":22,"gold_loss":0}],"is_beta":false,"boss_relics":[{"not_picked":["aspiration:FutureDiary","reliquary:WritOfMandamus"],"picked":"Velvet Choker"}],"items_purged_floors":[10,25],"is_endless":false,"potions_floor_spawned":[6,8,11,12,26,27],"ascension_level":0}}