{"host":"qm1va34thld9e1ze","time":1612961565,"event":{"mods":["BaseMod","BetterRewards","Colored Powertips","Downfall","Hubris","Infinite Spire","Minty Spire (QoL Compilation)","Quick Restart","Replay The Spire","StSLib","everything is the same but u backflip on backflip"],"gold_per_floor":[117,117,131,149,159,159,177,33,33,110,126,126,126,146,146,243,243,261,216,216,227,78,78,78,78],"floor_reached":24,"language":"ENG","playtime":5091,"items_purged":[],"score":288,"play_id":"e80d2d47-5e23-47b4-83c3-d9fc32fb79fd","local_time":"20210210135245","is_ascension_mode":false,"campfire_choices":[{"floor":6.0,"key":"REST"},{"floor":12,"key":"REST"},{"floor":15,"key":"REST"},{"floor":23,"key":"REST"}],"circlet_count":0,"master_deck":["Strike_B","Strike_B+1","Strike_B","Strike_B","Defend_B","Defend_B+1","Defend_B","Defend_B","Zap","Dualcast","Gash+1","Stack","Glacier","Glacier","Leap","Hologram","Ball Lightning","Leap","Ball Lightning","Auto Shields","Seek","CurseOfTheBell","Cold Snap","Conserve Battery","Rebound"],"relics":["Cracked Core","Simple Rune","hubris:MysteriousPyramids","infinitespire:Satchel","Calling Bell","Toy Ornithopter","Replay:Bottled Flurry","FaceOfCleric","PrismaticShard"],"acts_visited":["Exordium","TheCity"],"potions_floor_usage":[11,16,21,21],"damage_taken":[{"damage":7.0,"enemies":"2 Louse","floor":1.0,"turns":2.0},{"damage":0.0,"enemies":"Cultist","floor":3.0,"turns":3.0},{"damage":2.0,"enemies":"Jaw Worm","floor":4.0,"turns":5.0},{"damage":13.0,"enemies":"Gremlin Gang","floor":5.0,"turns":5.0},{"damage":2.0,"enemies":"Exordium Wildlife","floor":7.0,"turns":7.0},{"damage":10,"enemies":"Lots of Slimes","floor":11,"turns":4},{"damage":1,"enemies":"2 Fungi Beasts","floor":14,"turns":4},{"damage":12,"enemies":"The Guardian","floor":16,"turns":15},{"damage":2,"enemies":"Spheric Guardian","floor":18,"turns":6},{"damage":23,"enemies":"Chosen","floor":21,"turns":7},{"damage":116,"enemies":"Nightmare","floor":24,"turns":14}],"seed_played":"-3842320159894773116","potions_obtained":[{"floor":1.0,"key":"Explosive Potion"},{"floor":7.0,"key":"DistilledChaos"},{"floor":10.0,"key":"FairyPotion"},{"floor":11,"key":"hexamod:SoulburnPotion"},{"floor":16,"key":"Reflective Coating"},{"floor":18,"key":"infinitespire:BlackPotion"},{"floor":21,"key":"Swift Potion"}],"is_trial":false,"path_per_floor":["M","?","M","M","M","R","M","$","T","?","M","R","?","M","R","B",null,"M","$","?","M","$","R","NM"],"character_chosen":"DEFECT","items_purchased":["Gash","Doom and Gloom","Simple Rune","Conserve Battery","PrismaticShard"],"campfire_rested":4,"item_purchase_floors":[0,0,8,19,22],"current_hp_per_floor":[68,68,68,66,53,75,73,73,73,43,33,55,55,54,75,63,75,73,73,73,58,58,76,0,0],"gold":78,"neow_bonus":"","is_daily":false,"chose_seed":false,"campfire_upgraded":0,"win_rate":0.0,"timestamp":1612961565,"path_taken":["M","?","M","?","M","R","M","$","T","?","M","R","?","M","R","BOSS","M","$","?","?","$","R","NM"],"items_purchased_type":["Card","Card","Relic","Card","Relic"],"build_version":"2020-12-22","purchased_purges":0,"victory":false,"max_hp_per_floor":[75,75,75,75,75,75,75,75,75,75,75,75,75,75,75,75,75,75,75,75,76,76,76,76,76],"card_choices":[{"not_picked":["Steam","Time Bomb"],"picked":"Stack","floor":1.0},{"not_picked":["Coolheaded","Hello World"],"picked":"Glacier","floor":3.0},{"not_picked":["Time Bomb","Steam"],"picked":"Glacier","floor":4.0},{"not_picked":["Hello World","Lockon"],"picked":"Leap","floor":5.0},{"not_picked":["Steam Power","Capacitor"],"picked":"Hologram","floor":7.0},{"not_picked":["Creative AI","Hologram"],"picked":"Ball Lightning","floor":10.0},{"not_picked":["Compile Driver","BasicCrystalCard"],"picked":"Leap","floor":10.0},{"not_picked":["Steam Power","Leap"],"picked":"Ball Lightning","floor":11},{"not_picked":["Steam","ReplayTheSpireMod:Calculation Training"],"picked":"Auto Shields","floor":14},{"not_picked":["All For One","Reboot"],"picked":"Seek","floor":16},{"not_picked":["ReplayTheSpireMod:Calculation Training","Storm"],"picked":"Cold Snap","floor":18},{"not_picked":["Steam+1","ReplayGash"],"picked":"Rebound","floor":21}],"player_experience":256309,"relics_obtained":[{"floor":9.0,"key":"hubris:MysteriousPyramids"},{"floor":10.0,"key":"infinitespire:Satchel"},{"floor":17,"key":"Toy Ornithopter"},{"floor":17,"key":"Replay:Bottled Flurry"}],"event_choices":[{"cards_removed":["Doom and Gloom"],"damage_healed":0.0,"max_hp_gain":0.0,"max_hp_loss":0.0,"gold_gain":0.0,"event_name":"Purifier","player_choice":"Purged","floor":2.0,"gold_loss":0.0,"damage_taken":0.0},{"damage_healed":0,"gold_gain":0,"player_choice":"Trade","damage_taken":0,"relics_obtained":["FaceOfCleric"],"max_hp_gain":0,"max_hp_loss":0,"event_name":"FaceTrader","floor":20,"gold_loss":0}],"is_beta":false,"boss_relics":[{"not_picked":["Philosopher\u0027s Stone","Coffee Dripper"],"picked":"Calling Bell"}],"items_purged_floors":[],"is_endless":false,"potions_floor_spawned":[1,7,11,16,18,21],"killed_by":"Nightmare","ascension_level":0}}