{"host":"qustdn0y8cxl4low","time":1612996682,"event":{"mods":["Act Like it!","Ascension Reborn","BaseMod","Bestiary","BetterRewards","Colored Powertips","Downfall","Gensokyo","Lobotomy","Minty Spire (QoL Compilation)","Permanent Neow","Remilia（蕾米莉亚）","Replay The Spire","RumiaBox-露米娅的神秘盒子","Ryuuou龙王","Shop Mod","Spicy Shops","StSLib","TestMod","The Blue Laboratory","The Gatherer","Thieving Mod","Yakumo Yukari mod","Yuyuko","everything is the same but u backflip on backflip","noobMod","篝火指南"],"gold_per_floor":[139,158,171,70,88,88,105,155,155,166,200,137,99,99,99,210,210,229,237,255,282,380,49,81,92,178,189,214,260,66,101,14,137,471,506,525,563,597,608,26,61,13,50,46,99,119,176,54,4,5,5],"floor_reached":52,"language":"ZHS","playtime":2715,"items_purged":["Delirium","Writhe","Delirium","Delirium","Regret"],"score":889,"play_id":"feda75c8-3eee-405d-abbc-88faae15a03e","local_time":"20210211063802","is_ascension_mode":true,"campfire_choices":[{"data":"EighthInstrument_OneDividesIntoTwo_purple","floor":6,"key":"SMITH"},{"data":"Observe_purple_1","floor":15,"key":"SMITH"}],"circlet_count":0,"master_deck":["AT_purpleEX","AT_purpleEX+1","AT_purpleEX","Defend_purpleEX+1","Defend_purpleEX","Defend_purpleEX","Defend_purpleEX","Observe_purple_1+1","Observe_purple_2","Fantasy_PerpetualMotionMachine_purple","Worldmountain_purple","StateErode_purple","testmod-Reflect","testmod-Reflect","EighthInstrument_OneDividesIntoTwo_purple+1","AdvanceAttack_purple","WorldDissolvedintheRealm_purple","Extrememeaning_purpleEX","GluttonyofRealm_purpleEX","EighthInstrument_OneDividesIntoTwo_purple+1","RuptureOfTimeAndSpace_purple+1","WatchEChange_purple+1","Mirror_FormAndEmptin_purple","downfall:Icky","Apotheosis","RealityDreamConfluencek_purple","Know_ledgeAbilityRealm_purple","ReplayTheSpireMod:Faulty Equipment","Worldmountain_purple+1","RuleDissolution_purple+1","Anti_communist_purple+1","testmod-ShutDown+1","Umbrella_purple+1","Boundary_LightAndDark_purple+1","DimensionStaggered_purple+1","testmod-TemporaryDeletion","ReplayTheSpireMod:Brewmster+1"],"relics":["Boundary_crack","Memoryfragments_purpleEX","ice","testmod-TestBox","testmod-SaigiyounoYou","MerchantsRug","testmod-Charity","Blue Doll","Replay:Bottled Flurry","Pen Nib","Toolbox","CeramicFish","testmod-DeterminationOfClimber","Snack Pack","Membership Card","Medical Kit","testmod-Acrobat","Parasol_purpleEX","ReplayTheSpireMod:CursedCoin","Sling","testmod-LifeArmor","MagicDraw4","TheEssenceOfRealm","Mummified Hand","ZombieArmy","Strange Spoon","Darkstone Periapt","testmod-Antiphasic","Replay:Rubber Ducky","Antimatter_spacedebris","Bottled Tornado","Pondfish Scales","Nunchaku"],"acts_visited":["Exordium","TheCity","TheBeyond"],"potions_floor_usage":[11,35,42],"damage_taken":[{"damage":5,"enemies":"Cultist","floor":1,"turns":5},{"damage":0,"enemies":"Small Slimes","floor":2,"turns":3},{"damage":9,"enemies":"2 Louse","floor":3,"turns":3},{"damage":13,"enemies":"Large Slime","floor":5,"turns":5},{"damage":14,"enemies":"Looter","floor":7,"turns":3},{"damage":13,"enemies":"2 Fungi Beasts","floor":10,"turns":3},{"damage":9,"enemies":"Slime Boss","floor":16,"turns":7},{"damage":15,"enemies":"3 Byrds","floor":18,"turns":4},{"damage":5,"enemies":"Spheric Guardian","floor":20,"turns":3},{"damage":50,"enemies":"Shelled Parasite and Fungi","floor":21,"turns":5},{"damage":20,"enemies":"Centurion and Healer","floor":24,"turns":4},{"damage":0,"enemies":"Snake Plant","floor":28,"turns":4},{"damage":53,"enemies":"Gremlin Leader","floor":29,"turns":4},{"damage":19,"enemies":"Sentry and Sphere","floor":31,"turns":4},{"damage":18,"enemies":"Collector","floor":33,"turns":5},{"damage":9,"enemies":"3 Darklings","floor":35,"turns":2},{"damage":40,"enemies":"3 Shapes","floor":37,"turns":3},{"damage":19,"enemies":"Maw","floor":38,"turns":5},{"damage":8,"enemies":"Sphere and 2 Shapes","floor":41,"turns":3},{"damage":10,"enemies":"Jaw Worm Horde","floor":46,"turns":3},{"damage":15,"enemies":"2 Orb Walkers","floor":47,"turns":2},{"damage":0,"enemies":"Donu and Deca","floor":50,"turns":3}],"seed_played":"7403738714631256844","potions_obtained":[{"floor":2,"key":"Dexterity Potion"},{"floor":5,"key":"champ:CounterPotion"},{"floor":7,"key":"blueLaboratory:FruitPunch"},{"floor":11,"key":"testmod-SpacePotion"},{"floor":29,"key":"blueLaboratory:EnragingPotion"},{"floor":31,"key":"Weak Potion"},{"floor":33,"key":"blueLaboratory:NullPotion"},{"floor":46,"key":"BlessingOfTheForge"}],"is_trial":false,"path_per_floor":["M","M","M","$","M","R","M","T","T","M","?","R","$","?","R","B",null,"M","?","M","M","?","R","M","?","T","R","M","E","R","M","R","B",null,"M","?","M","M","?","R","M","R","T","$","T","M","?","$","R","B",null,null],"character_chosen":"Youkari","items_purchased":["MerchantsRug","testmod-Charity","Blue Doll","testmod-Reflect","Toolbox","CeramicFish","Membership Card","MawBank","Medical Kit","testmod-Acrobat","Parasol_purpleEX","ReplayTheSpireMod:CursedCoin","Apotheosis","Sling","RealityDreamConfluencek_purple","TheEssenceOfRealm","Mummified Hand","testmod-ShutDown+1","ZombieArmy","Strange Spoon","Darkstone Periapt","testmod-Antiphasic","testmod-SpacePotion","Antimatter_spacedebris","Bottled Tornado","testmod-TemporaryDeletion","ReplayTheSpireMod:Brewmster+1","Nunchaku"],"campfire_rested":0,"item_purchase_floors":[0,0,0,4,12,13,23,23,23,30,30,32,32,32,32,40,40,40,40,40,40,42,42,44,44,48,49,49],"current_hp_per_floor":[47,59,59,60,70,70,68,69,69,67,37,38,39,27,27,65,84,89,90,95,77,78,78,96,97,99,100,117,85,87,108,115,174,179,192,194,206,234,235,237,254,256,258,263,264,279,290,291,293,321,321],"gold":5,"neow_bonus":"","is_daily":false,"chose_seed":false,"campfire_upgraded":2,"win_rate":0.0,"timestamp":1612996682,"path_taken":["M","M","M","$","M","R","M","?","T","M","?","R","$","?","R","BOSS","M","?","M","M","?","R","M","?","T","R","?","E","R","M","R","BOSS","M","?","M","M","?","R","M","R","T","$","?","?","?","$","R","BOSS"],"items_purchased_type":["Relic","Relic","Relic","Card","Relic","Relic","Relic","Relic","Relic","Relic","Relic","Relic","Card","Relic","Card","Relic","Relic","Card","Relic","Relic","Relic","Relic","Potion","Relic","Relic","Card","Card","Relic"],"build_version":"2020-12-22","purchased_purges":5,"victory":true,"max_hp_per_floor":[71,72,73,74,75,75,77,78,78,79,80,81,82,82,82,84,84,89,90,95,102,103,103,110,111,113,114,117,123,125,145,152,174,179,192,194,210,234,235,237,254,256,258,263,264,279,290,291,293,321,321],"card_choices":[{"not_picked":["RuleDissolution_purple","Line_surface_state_purple"],"picked":"Fantasy_PerpetualMotionMachine_purple","floor":1},{"not_picked":["Line_surface_state_purple","Anti_communist_purple"],"picked":"Worldmountain_purple","floor":2},{"not_picked":["AdvanceAttack_purple","Bait_Toxicbait_purple"],"picked":"StateErode_purple","floor":3},{"not_picked":["WeekHit_purple","Charmbait_purple"],"picked":"EighthInstrument_OneDividesIntoTwo_purple","floor":5},{"not_picked":["StateDuplicate_purple","SfantasyHide_purple"],"picked":"AdvanceAttack_purple","floor":7},{"not_picked":["SharpContractionReality_purple","Realm_recovery_purpleEX"],"picked":"WorldDissolvedintheRealm_purple","floor":10},{"not_picked":["Yakumo_Ran_purple","Mirror_FormAndEmptin_purple"],"picked":"Extrememeaning_purpleEX","floor":11},{"not_picked":["Know_ledgeAbilityRealm_purple","Human_Monster_Realm_purple"],"picked":"GluttonyofRealm_purpleEX","floor":16},{"not_picked":["Mirror_Drifter_purple","SfantasyHide_purple"],"picked":"EighthInstrument_OneDividesIntoTwo_purple+1","floor":18},{"not_picked":["Mirror_FourBoundary_purple","AdvanceAttack_purple","Boundary_LightAndDark_purple"],"picked":"SKIP","floor":20},{"not_picked":["Realm_recovery_purpleEX","Mirror_FormAndEmptin_purple"],"picked":"RuptureOfTimeAndSpace_purple+1","floor":21},{"not_picked":["Boundary_DynamicStaticEquilibrium_purple+1","MetroBOOM_purple"],"picked":"WatchEChange_purple+1","floor":24},{"not_picked":["DarkRealmRedLine_purple","StateDuplicate_purple","Boundary_ObjectiveBoundary_purple"],"picked":"SKIP","floor":28},{"not_picked":["WeekHit_purple","Boundary_of_Extermination_purpleEX","MNeedle_purple"],"picked":"SKIP","floor":29},{"not_picked":["SfantasyHide_purple","MeetDecomposer_purple"],"picked":"Mirror_FormAndEmptin_purple","floor":31},{"not_picked":["Price_of_realm_purpleEX","Boundary_LifeAndDeath_purple"],"picked":"Know_ledgeAbilityRealm_purple","floor":33},{"not_picked":["Gluttony_TH","downfall:Malfunctioning"],"picked":"ReplayTheSpireMod:Faulty Equipment","floor":34},{"not_picked":["ReplayTheSpireMod:Restless Dread","ReplayTheSpireMod:Splinters"],"picked":"Delirium","floor":34},{"not_picked":["ReplayTheSpireMod:Splinters","downfall:Aged"],"picked":"Delirium","floor":34},{"not_picked":["Photoelasticity_Doppler_Effect_purple+1","StateDuplicate_purple+1"],"picked":"Worldmountain_purple+1","floor":35},{"not_picked":["StretchesForeverDream_purple","Boundary_of_Extermination_purpleEX+1"],"picked":"RuleDissolution_purple+1","floor":37},{"not_picked":["PurpleNeedle_purple+1","RuptureOfTimeAndSpace_purple"],"picked":"Anti_communist_purple+1","floor":38},{"not_picked":["Mirror_FormAndEmptin_purple+1","StateErode_purple+1"],"picked":"Umbrella_purple+1","floor":41},{"not_picked":["Charmbait_purple","StretchesForeverDream_purple"],"picked":"Boundary_LightAndDark_purple+1","floor":46},{"not_picked":["MetroBOOM_purple+1","Human_Monster_Realm_purple"],"picked":"DimensionStaggered_purple+1","floor":47}],"player_experience":220716,"relics_obtained":[{"floor":8,"key":"testmod-OneHitWonder"},{"floor":9,"key":"Replay:Bottled Flurry"},{"floor":11,"key":"Pen Nib"},{"floor":26,"key":"Pantograph"},{"floor":29,"key":"Replay:Mystery Machine"},{"floor":43,"key":"Replay:Rubber Ducky"},{"floor":45,"key":"Art of War"},{"floor":47,"key":"Pondfish Scales"}],"event_choices":[{"damage_healed":0,"gold_gain":99,"player_choice":"Stole From Cult","damage_taken":0,"max_hp_gain":0,"max_hp_loss":0,"event_name":"Nest","floor":22,"gold_loss":0},{"cards_removed":["AT_purpleEX"],"damage_healed":0,"gold_gain":0,"player_choice":"Purged","damage_taken":0,"max_hp_gain":0,"max_hp_loss":0,"event_name":"Purifier","floor":25,"gold_loss":0},{"damage_healed":0,"gold_gain":0,"player_choice":"Swap Relic","damage_taken":0,"relics_obtained":["Simple Rune"],"max_hp_gain":0,"max_hp_loss":0,"event_name":"给自己的盒子","floor":39,"relics_lost":["Simple Rune"],"gold_loss":0},{"damage_healed":0,"gold_gain":0,"player_choice":"Fight","damage_taken":0,"max_hp_gain":0,"max_hp_loss":0,"event_name":"Mysterious Sphere","floor":47,"gold_loss":0}],"is_beta":false,"boss_relics":[{"not_picked":["Astrolabe","Snecko Eye"],"picked":"testmod-DeterminationOfClimber"},{"not_picked":["ReplayTheSpireMod:DimensionalGlitch","SoulBox"],"picked":"Replay:Ancient Bell"},{"not_picked":["Boot","Regal Pillow"],"picked":"testmod-LifeArmor"},{"not_picked":["testmod-ArcanaOfDestiny","Ornamental Fan"],"picked":"MagicDraw4"},{"not_picked":["Girya","CaptainsWheel"],"picked":"Old Coin"}],"items_purged_floors":[23,32,40,44,48],"is_endless":false,"potions_floor_spawned":[2,5,7,29,31,33,46],"ascension_level":0}}