{"host":"rjbqai8ni6dsiu37","time":1612996911,"event":{"mods":["100% Spire Juice","BaseMod","CapriCore","GungeonMod","Marisa£¨Ùöéë¡¡Øª×âÞÞ£©","Minty Spire (QoL Compilation)","Replay The Spire","Shop Mod","StSLib","Td1madao Mod","The Cursed","The Jungle","The Poker Player","WarShipGirlsR/??á´Ò³R mod"],"gold_per_floor":[109,123,123,48,48,48,76,88,88,106,134,134,199,5,5,76,76,96,96,107,117,117,117],"floor_reached":22,"language":"KOR","playtime":762,"items_purged":["Writhe"],"score":511,"play_id":"c546e01f-ebc3-422c-80dd-d8a5bc165b80","local_time":"20210211074151","is_ascension_mode":true,"campfire_choices":[{"data":"rmod:openingtorpedo","floor":6.0,"key":"SMITH"},{"data":"rmod:smokecover","floor":12.0,"key":"SMITH"},{"data":"rmod:supriseattacks","floor":15.0,"key":"SMITH"}],"circlet_count":0,"master_deck":["AscendersBane","rmod:strick","rmod:strick","rmod:strick","rmod:strick","rmod:defend","rmod:defend","rmod:defend","rmod:defend","rmod:basicallowance","rmod:maingunfire","rmod:openingtorpedo+1","rmod:smokecover+1","rmod:supriseattacks+1","rmod:wife","rmod:highspeedmaneuver","AbeCurse","rmod:seals","rmod:fuelsupply","rmod:aviationdawn"],"relics":["rmod:firstchargereward","NeowsBlessing","ReplayTheSpireMod:Ring of Addiction","SacredBark","Chameleon Ring","Ring of Searing","DemoMod:GreenGuonStone","Replay:Accelerometer","White Beast Statue","Singing Bowl","Blood Vial","DemoMod:GnawedKey","Abe\u0027s Treasure","DemoMod:GlassGuonStoneRelic"],"acts_visited":["Exordium","TheCity"],"potions_floor_usage":[20,21,21],"damage_taken":[{"damage":0.0,"enemies":"Small Slimes","floor":1.0,"turns":1.0},{"damage":0.0,"enemies":"2 Louse","floor":2.0,"turns":1.0},{"damage":0.0,"enemies":"Lagavulin","floor":7.0,"turns":1.0},{"damage":0.0,"enemies":"Jaw Worm","floor":8.0,"turns":2.0},{"damage":0.0,"enemies":"Blue Slaver","floor":10.0,"turns":3.0},{"damage":0.0,"enemies":"Gremlin Nob","floor":11.0,"turns":2.0},{"damage":0.0,"enemies":"3 Sentries","floor":13.0,"turns":9.0},{"damage":2.0,"enemies":"Fading Forest","floor":16.0,"turns":11.0},{"damage":25.0,"enemies":"Spheric Guardian","floor":18.0,"turns":6.0},{"damage":0,"enemies":"Chosen","floor":20,"turns":2},{"damage":23,"enemies":"Snake Plant","floor":21,"turns":4},{"damage":0,"enemies":"3 Cultists","floor":22,"turns":1}],"seed_played":"4751431042016868634","potions_obtained":[{"floor":3.0,"key":"Dexterity Potion"},{"floor":3.0,"key":"AttackPotion"},{"floor":8.0,"key":"Ancient Potion"},{"floor":10.0,"key":"ColorlessPotion"},{"floor":11.0,"key":"SkillPotion"},{"floor":13.0,"key":"Elixir"},{"floor":16.0,"key":"SteroidPotion"},{"floor":18.0,"key":"Energy Potion"},{"floor":20,"key":"DuplicationPotion"},{"floor":21,"key":"EntropicBrew"}],"is_trial":false,"path_per_floor":["M","M","?","$","?","R","E","M","T","M","E","R","?","$","R","B",null,"M","?","M","M","M"],"character_chosen":"PRAEFECT","items_purchased":["DemoMod:GnawedKey","rmod:wife"],"campfire_rested":0,"item_purchase_floors":[14,14],"current_hp_per_floor":[63,63,63,63,37,37,37,37,37,37,39,39,39,39,39,49,65,50,50,52,37,39,39],"gold":117,"neow_bonus":"THREE_ENEMY_KILL","is_daily":false,"chose_seed":false,"campfire_upgraded":3,"win_rate":0.0,"timestamp":1612996911,"path_taken":["M","M","?","$","?","R","E","M","T","M","E","R","?","?","R","BOSS","M","?","?","M","M"],"items_purchased_type":["Relic","Card"],"build_version":"2020-12-22","purchased_purges":1,"victory":false,"max_hp_per_floor":[70,70,70,70,70,70,68,68,68,68,70,70,70,70,70,70,70,72,72,72,72,72,72],"card_choices":[{"not_picked":["rmod:luckystar","rmod:gendarmerie"],"picked":"rmod:openingtorpedo","floor":1.0},{"not_picked":["rmod:wife","rmod:generalist","rmod:steelsupply"],"picked":"SKIP","floor":2.0},{"not_picked":["rmod:firesupport","rmod:fuelsupply","rmod:slowdown"],"picked":"SKIP","floor":7.0},{"not_picked":["rmod:capitalist","rmod:overbreakdown","rmod:steelsupply"],"picked":"SKIP","floor":8.0},{"not_picked":["rmod:aggressivemary","rmod:aluminumsupply"],"picked":"rmod:smokecover","floor":10.0},{"not_picked":["rmod:bulid","rmod:victimresponsibility","rmod:ammunitionsupply"],"picked":"Singing Bowl","floor":11.0},{"not_picked":["rmod:supportescort","rmod:highspeedshooting"],"picked":"rmod:supriseattacks","floor":13.0},{"not_picked":["rmod:windflower","rmod:fletcher"],"picked":"rmod:highspeedmaneuver","floor":16.0},{"not_picked":["rmod:supportescort","rmod:chargemoney","rmod:steelsupply"],"picked":"Singing Bowl","floor":18.0},{"not_picked":[],"picked":"rmod:seals","floor":19.0},{"not_picked":["rmod:combined","rmod:unsinkable"],"picked":"rmod:fuelsupply","floor":20},{"not_picked":["rmod:gendarmerie","rmod:fuelsupply"],"picked":"rmod:aviationdawn","floor":21}],"player_experience":264179,"relics_obtained":[{"floor":3.0,"key":"ReplayTheSpireMod:Ring of Addiction"},{"floor":3.0,"key":"SacredBark"},{"floor":3.0,"key":"Chameleon Ring"},{"floor":3.0,"key":"Ring of Searing"},{"floor":7.0,"key":"Replay:Accelerometer"},{"floor":9.0,"key":"White Beast Statue"},{"floor":11.0,"key":"Singing Bowl"},{"floor":13.0,"key":"Blood Vial"}],"event_choices":[{"damage_healed":0.0,"max_hp_gain":0.0,"max_hp_loss":0.0,"gold_gain":0.0,"event_name":"Scrap Ooze","player_choice":"Success","floor":5.0,"gold_loss":0.0,"damage_taken":26.0,"relics_obtained":["DemoMod:GreenGuonStone"]},{"damage_healed":0.0,"max_hp_gain":0.0,"max_hp_loss":0.0,"gold_gain":0.0,"event_name":"Dead Adventurer","player_choice":"Searched \u00272\u0027 times","floor":13.0,"gold_loss":0.0,"damage_taken":0.0}],"is_beta":false,"boss_relics":[{"not_picked":["Philosopher\u0027s Stone","Pandora\u0027s Box"],"picked":"Abe\u0027s Treasure"}],"items_purged_floors":[4],"is_endless":false,"potions_floor_spawned":[8,10,11,13,16,18,20,21],"killed_by":"3 Cultists","ascension_level":18}}