{"host":"xp27heuvanyklt0b","time":1612977864,"event":{"mods":["100% Spire Juice","BaseMod","Lobotomy","Minty Spire (QoL Compilation)","StSLib"],"gold_per_floor":[113,113,44,44,61,88,99,115,115,188,203,222,222,232,232,332,332,346,244,3,3,21,21,31,37,64,64,34,34,34],"floor_reached":29,"language":"KOR","playtime":2933,"items_purged":[],"score":322,"play_id":"4a0c9949-30cf-4740-9877-383185e33e24","local_time":"20210211022424","is_ascension_mode":false,"campfire_choices":[{"floor":13,"key":"REST"}],"circlet_count":0,"master_deck":["WhiteNight","SpecialBullet","SpecialBullet","SpecialBullet","SpecialBullet","SpecialBullet","SpecialBullet","SpecialBullet","SecurityCode","InformationCode","ControlCode","Reverberation+1","PunishingBird","CherryBlossom","CUTE","TT2Protocol","QueenOfHatred","GoldRush","OSAHOGD","TodaysExpression","BeautyBeast","Loneliness","ScreamingWedge","UniverseFragment","RapturousDream","Lamp+3","SummonCall","DreamingCurrent","SomewhereSpear","ParadiseLost","Freischutz","RedEyes","Penitence","RedShoes","Regret_ego","DisciplinaryCode","FieryBird","TheSmile","LittlePrince","Soda","SolemnVow"],"relics":["CogitoBucket","RabbitCall","Dream Catcher","Smiling Mask","LuminousBracelet","SlaversCollar","HellTrain","Eternal Feather","Question Card","DeathAngel"],"acts_visited":["Exordium","TheCity"],"potions_floor_usage":[11,19,28],"damage_taken":[{"damage":7,"enemies":"2 Louse","floor":1,"turns":2},{"damage":12,"enemies":"Jaw Worm","floor":5,"turns":2},{"damage":12,"enemies":"3 Sentries","floor":6,"turns":4},{"damage":1,"enemies":"Small Slimes","floor":7,"turns":2},{"damage":1,"enemies":"Exordium Wildlife","floor":8,"turns":2},{"damage":78,"enemies":"Gremlin Gang","floor":11,"turns":7},{"damage":28,"enemies":"3 Louse","floor":12,"turns":3},{"damage":7,"enemies":"2 Fungi Beasts","floor":14,"turns":2},{"damage":90,"enemies":"The Guardian","floor":16,"turns":14},{"damage":118,"enemies":"3 Byrds","floor":18,"turns":9},{"damage":225,"enemies":"Chosen","floor":19,"turns":18},{"damage":101,"enemies":"Snake Plant","floor":22,"turns":5},{"damage":52,"enemies":"Book of Stabbing","floor":24,"turns":6},{"damage":39,"enemies":"3 Cultists","floor":25,"turns":5},{"damage":192,"enemies":"Chosen and Byrds","floor":28,"turns":16},{"damage":99,"enemies":"Chosen and Byrds","floor":29,"turns":3}],"seed_played":"8769917974490149519","potions_obtained":[{"floor":5,"key":"FearPotion"},{"floor":6,"key":"ColorlessPotion"},{"floor":7,"key":"Energy Potion"},{"floor":19,"key":"Ancient Potion"},{"floor":28,"key":"SpeedPotion"}],"is_trial":false,"path_per_floor":["M","?","$","?","M","E","M","M","T","?","M","M","R","M","R","B",null,"M","M","$","?","M","R","E","M","T","R","M","M"],"character_chosen":"Angela","items_purchased":["Ecstasy","Eternal Feather"],"campfire_rested":1,"item_purchase_floors":[3,20],"current_hp_per_floor":[70,70,70,75,71,68,75,75,75,75,29,14,41,42,42,90,90,90,90,90,90,41,62,60,71,71,90,66,0,0],"gold":34,"neow_bonus":"THREE_CARDS","is_daily":false,"chose_seed":false,"campfire_upgraded":0,"win_rate":0.0,"timestamp":1612977864,"path_taken":["M","?","$","?","M","E","M","M","T","?","M","M","R","M","R","BOSS","M","M","$","?","M","R","E","M","T","R","M","?"],"items_purchased_type":["Card","Relic"],"build_version":"2020-12-22","purchased_purges":0,"victory":false,"max_hp_per_floor":[70,70,70,75,75,75,75,75,75,75,90,90,90,90,90,90,90,90,90,90,90,90,90,90,90,90,90,90,90,90],"card_choices":[{"not_picked":["Amita","Horn"],"picked":"Reverberation","floor":0},{"not_picked":["DreamingCurrent","Laetitia"],"picked":"PunishingBird","floor":1},{"not_picked":["Tough"],"picked":"CherryBlossom","floor":1},{"not_picked":["OSAHOGD","QueenOfHatred"],"picked":"Bloodbath","floor":5},{"not_picked":["CherryBlossom"],"picked":"CUTE","floor":5},{"not_picked":["Variant","CherryBlossoms"],"picked":"QueenOfHatred","floor":6},{"not_picked":["CUTE"],"picked":"GoldRush","floor":6},{"not_picked":["MHz","LittlePrince"],"picked":"OSAHOGD","floor":7},{"not_picked":["Noise"],"picked":"TodaysExpression","floor":7},{"not_picked":["MeltingLove","Murderer"],"picked":"BeautyBeast","floor":8},{"not_picked":["Lantern"],"picked":"Loneliness","floor":8},{"not_picked":["SomewhereSpear"],"picked":"ScreamingWedge","floor":11},{"not_picked":["Murderer","Scorched"],"picked":"UniverseFragment","floor":11},{"not_picked":["LifeForTheDareDevil"],"picked":"RapturousDream","floor":12},{"not_picked":["CENSORED_ego"],"picked":"Lamp","floor":13},{"not_picked":["Scorched","FairyFestival"],"picked":"DreamingCurrent","floor":14},{"not_picked":["Diffraction"],"picked":"SomewhereSpear","floor":14},{"not_picked":["FieryBird","CherryBlossoms"],"picked":"PlagueDoctor","floor":16},{"not_picked":["TheSmile"],"picked":"ParadiseLost","floor":16},{"not_picked":["Laetitia","GalaxyChild"],"picked":"Freischutz","floor":18},{"not_picked":["Amita"],"picked":"RedEyes","floor":18},{"not_picked":["SwordSharpenedByTears"],"picked":"Penitence","floor":19},{"not_picked":["FairyFestival","ShyLook"],"picked":"RedShoes","floor":22},{"not_picked":["Lantern"],"picked":"Regret_ego","floor":22},{"not_picked":["Scarecrow","WhitesApple"],"picked":"FieryBird","floor":24},{"not_picked":["Regret_ego"],"picked":"TheSmile","floor":24},{"not_picked":["Woodsman","FairyFestival"],"picked":"LittlePrince","floor":25},{"not_picked":["ScreamingWedge","RedEyes"],"picked":"Soda","floor":25},{"not_picked":["Loneliness+1","Noise"],"picked":"SolemnVow","floor":28}],"player_experience":211766,"relics_obtained":[{"floor":6,"key":"Dream Catcher"},{"floor":9,"key":"Smiling Mask"},{"floor":24,"key":"Question Card"},{"floor":28,"key":"DeathAngel"}],"event_choices":[{"damage_healed":0,"gold_gain":0,"player_choice":"Grow","damage_taken":0,"max_hp_gain":0,"max_hp_loss":0,"event_name":"Living Wall","floor":2,"gold_loss":0,"cards_upgraded":["Reverberation"]},{"damage_healed":0,"gold_gain":0,"player_choice":"Donut","damage_taken":0,"max_hp_gain":5,"max_hp_loss":0,"event_name":"Big Fish","floor":4,"gold_loss":0},{"damage_healed":0,"gold_gain":73,"player_choice":"Gained Gold","damage_taken":0,"max_hp_gain":0,"max_hp_loss":0,"event_name":"Golden Wing","floor":10,"gold_loss":0},{"damage_healed":0,"gold_gain":0,"player_choice":"Leave","damage_taken":0,"max_hp_gain":0,"max_hp_loss":0,"event_name":"FaceTrader","floor":21,"gold_loss":0}],"is_beta":false,"boss_relics":[{"not_picked":["Velvet Choker","Fusion Hammer"],"picked":"SlaversCollar"}],"items_purged_floors":[],"is_endless":false,"potions_floor_spawned":[5,6,7,8,19,28],"killed_by":"Chosen and Byrds","ascension_level":0}}