{"host":"i9h64q9gphvrup4n","time":1612997932,"event":{"mods":["2.2 Compatiblity","AchievementEnabler","Aspiration","Astrologer","Bard","BaseMod","Beaked The Cultist","BetterRewards","Colored Powertips","Conspire","Downfall","Gremlin Mod","Hermit","Hubris","Infinite Spire","Jorbs\u0027s Wanderer Trilogy","Minty Spire (QoL Compilation)","Replay The Spire","Shop Mod","StSLib","SuperFastMode","The Blackbeard","The Bladedancer","The Bug Knight","The Construct","The Cursed","The Disciple","The Hierophant","The Jungle","The Necromancer","The Runesmith","The Wild Card","slay the spire mod where everything is the same but ironclad has a cowboy hat"],"gold_per_floor":[112,287,287,287,130,161,161,173,173,206,221,238,238,249,249,346,346,360,360,360,209,209,242,262,272,272,272,20,37,37,37,37,137,137,157,212,231,231,243,270,321,371,371,441,490,538,579,602,602,622,622],"floor_reached":50,"language":"ENG","playtime":1785,"items_purged":["Doubt"],"score":659,"play_id":"8523c639-e87a-4caa-a7ae-26055cd78382","local_time":"20210210165852","is_ascension_mode":false,"campfire_choices":[{"data":"WindmillStrike","floor":13,"key":"SMITH"},{"floor":15,"key":"RECALL"},{"data":"Devotion","floor":27,"key":"SMITH"},{"data":"WindmillStrike","floor":30,"key":"SMITH"},{"data":"PathToVictory","floor":49,"key":"SMITH"}],"circlet_count":0,"master_deck":["Strike_P+1","Strike_P+1","Strike_P+1","Strike_P+1","Defend_P+1","Defend_P+1","Defend_P+1","Defend_P+1","Eruption+1","Vigilance+1","Consecrate+1","Flash of Steel+1","BowlingBash+1","WindmillStrike+1","Replay:Anticipation+1","Weave+1","Tantrum","Consecrate+1","LessonLearned+1","JustLucky+1","PathToVictory+1","WindmillStrike+1","ReachHeaven+1","Devotion+1","JustLucky","Prostrate+1","Prostrate+1","Halt+1","Halt+1","Worship+1","PathToVictory","Replay:Anticipation+1","Prostrate+1","BowlingBash","Ragnarok","PathToVictory+1","JustLucky+1"],"relics":["PureWater","NeowsBlessing","infinitespire:FocusingShard","aspiration:StickyExplosives_weak","hubris:Icosahedron","Iron Hammer","GoldenEye","SacredBark","Orrery","Meat on the Bone","conspire:Boomerang","aspiration:FrozenJewel","construct:WeddingRing","construct:BoolHorns","Replay:Bandana","hubris:Spice","Replay:WaspNest"],"acts_visited":["Exordium","TheCity","TheBeyond"],"potions_floor_usage":[16,24,33,36,42,48,50,50],"damage_taken":[{"damage":0,"enemies":"Cultist","floor":1,"turns":1},{"damage":0,"enemies":"HollowMod:MossKnight","floor":6,"turns":1},{"damage":0,"enemies":"Jaw Worm","floor":8,"turns":1},{"damage":3,"enemies":"3 Sentries","floor":10,"turns":3},{"damage":0,"enemies":"2 Louse","floor":11,"turns":2},{"damage":0,"enemies":"Large Slime","floor":12,"turns":3},{"damage":0,"enemies":"Looter","floor":14,"turns":2},{"damage":13,"enemies":"Hexaghost","floor":16,"turns":7},{"damage":0,"enemies":"3 Byrds","floor":18,"turns":3},{"damage":0,"enemies":"Gremlin Leader","floor":23,"turns":3},{"damage":0,"enemies":"Chosen","floor":24,"turns":2},{"damage":0,"enemies":"Sentry and Sphere","floor":25,"turns":2},{"damage":2,"enemies":"Centurion and Healer","floor":29,"turns":3},{"damage":32,"enemies":"hubris:MusketHawk","floor":33,"turns":6},{"damage":5,"enemies":"3 Darklings","floor":35,"turns":3},{"damage":10,"enemies":"2 Orb Walkers","floor":36,"turns":4},{"damage":13,"enemies":"Orb Walker","floor":37,"turns":3},{"damage":10,"enemies":"4 Shapes","floor":39,"turns":3},{"damage":22,"enemies":"Giant Head","floor":40,"turns":6},{"damage":0,"enemies":"3 Darklings","floor":41,"turns":3},{"damage":23,"enemies":"R_Hoarder","floor":42,"turns":5},{"damage":0,"enemies":"Mind Bloom Boss Battle","floor":44,"turns":4},{"damage":0,"enemies":"Sphere and 2 Shapes","floor":45,"turns":3},{"damage":0,"enemies":"Transient","floor":46,"turns":5},{"damage":0,"enemies":"Maw","floor":47,"turns":6},{"damage":0,"enemies":"Jaw Worm Horde","floor":48,"turns":2},{"damage":56,"enemies":"conspire:OrnateMirror","floor":50,"turns":1}],"seed_played":"3107161046493612461","potions_obtained":[{"floor":1,"key":"Languid Potion"},{"floor":8,"key":"Strength Potion"},{"floor":14,"key":"Strength Potion"},{"floor":16,"key":"SpeedPotion"},{"floor":23,"key":"BottledMiracle"},{"floor":37,"key":"Explosive Potion"},{"floor":39,"key":"Ancient Potion"},{"floor":40,"key":"PowerPotion"},{"floor":42,"key":"SteroidPotion"}],"is_trial":false,"path_per_floor":["M","?","?","?","$","E","?","M","T","E","M","M","R","M","R","B",null,"M","?","?","$","T","E","M","M","T","R","$","M","R","$","R","B",null,"M","?","M","?","M","E","M","E","T","?","M","M","M","M","R","B"],"character_chosen":"WATCHER","items_purchased":["Flash of Steel","Orrery","aspiration:FrozenJewel"],"campfire_rested":0,"item_purchase_floors":[5,21,28],"current_hp_per_floor":[72,72,72,72,72,72,72,72,72,69,69,69,69,69,69,56,72,72,72,72,72,72,72,72,72,72,72,72,70,70,70,72,40,72,67,57,44,44,46,36,48,45,45,53,53,53,53,53,53,0,0],"gold":622,"neow_bonus":"THREE_ENEMY_KILL","is_daily":false,"chose_seed":false,"campfire_upgraded":4,"win_rate":0.0,"timestamp":1612997932,"path_taken":["M","?","?","?","?","E","?","M","T","E","?","M","R","M","R","BOSS","M","?","?","$","?","E","M","M","T","R","$","M","R","?","R","BOSS","M","?","M","?","?","E","M","E","T","?","M","M","M","M","R","BOSS"],"items_purchased_type":["Card","Relic","Relic"],"build_version":"2020-12-22","purchased_purges":1,"victory":false,"max_hp_per_floor":[72,72,72,72,72,72,72,72,72,72,72,72,72,72,72,72,72,72,72,72,72,72,72,72,72,72,72,72,72,72,72,72,72,72,72,72,72,72,72,72,72,80,80,88,88,88,88,88,88,88,88],"card_choices":[{"not_picked":["Replay:Battleflow","SignatureMove"],"picked":"Consecrate","floor":1},{"not_picked":["Replay:BluntJabs","Replay:Hum"],"picked":"BowlingBash","floor":6},{"not_picked":["FlurryOfBlows","Evaluate"],"picked":"WindmillStrike","floor":8},{"not_picked":["Replay:Hum","Evaluate"],"picked":"Replay:Anticipation","floor":10},{"not_picked":["Nirvana","FearNoEvil"],"picked":"Weave","floor":11},{"not_picked":["Replay:ManipulateFuture","Protect"],"picked":"Tantrum","floor":12},{"not_picked":["Prostrate","Replay:ManipulateFuture"],"picked":"Consecrate","floor":14},{"not_picked":["Devotion","Establishment"],"picked":"LessonLearned","floor":16},{"not_picked":["Replay:ManipulateFuture","EmptyBody"],"picked":"JustLucky+1","floor":18},{"not_picked":["Replay:DivineShield","FearNoEvil+1"],"picked":"PathToVictory+1","floor":21},{"not_picked":["Indignation","Evaluate+1"],"picked":"WindmillStrike","floor":21},{"not_picked":["Collect","EmptyFist"],"picked":"ReachHeaven+1","floor":21},{"not_picked":["Perseverance+1","BowlingBash"],"picked":"Devotion","floor":21},{"not_picked":["Replay:AtTheReady","Replay:BluntJabs"],"picked":"JustLucky","floor":21},{"not_picked":["Vault","SashWhip"],"picked":"Prostrate+1","floor":23},{"not_picked":["WaveOfTheHand","Evaluate+1","SashWhip"],"picked":"SKIP","floor":24},{"not_picked":["Blasphemy","FearNoEvil+1","ClearTheMind"],"picked":"SKIP","floor":25},{"not_picked":["DeceiveReality+1","CutThroughFate"],"picked":"Prostrate","floor":29},{"not_picked":["SashWhip+1","FlyingSleeves+1"],"picked":"Halt","floor":35},{"not_picked":["DeceiveReality","TalkToTheHand","Sanctity+1"],"picked":"SKIP","floor":37},{"not_picked":["EmptyFist","EmptyBody"],"picked":"Halt+1","floor":39},{"not_picked":["SashWhip+1","Omniscience"],"picked":"Worship+1","floor":40},{"not_picked":["Pray","CutThroughFate"],"picked":"PathToVictory","floor":41},{"not_picked":["Protect","ThirdEye+1"],"picked":"Replay:Anticipation+1","floor":42},{"not_picked":["TalkToTheHand+1","BattleHymn+1"],"picked":"Prostrate+1","floor":44},{"not_picked":["Adaptation","hubris:SpiceAddiction"],"picked":"BowlingBash","floor":45},{"not_picked":["Replay:ManipulateFuture","FlyingSleeves+1"],"picked":"Ragnarok","floor":46},{"not_picked":["Study+1","ReachHeaven+1"],"picked":"PathToVictory","floor":47},{"not_picked":["hubris:SpiceAddiction","Replay:ManipulateFuture+1"],"picked":"JustLucky+1","floor":48}],"player_experience":748072,"relics_obtained":[{"floor":3,"key":"infinitespire:FocusingShard"},{"floor":6,"key":"aspiration:StickyExplosives_weak"},{"floor":9,"key":"Iron Hammer"},{"floor":10,"key":"GoldenEye"},{"floor":23,"key":"Meat on the Bone"},{"floor":26,"key":"conspire:Boomerang"},{"floor":36,"key":"construct:BoolHorns"},{"floor":40,"key":"Replay:Bandana"},{"floor":42,"key":"hubris:Spice"},{"floor":43,"key":"Replay:WaspNest"},{"floor":44,"key":"hubris:Spice"}],"event_choices":[{"damage_healed":0,"gold_gain":175,"player_choice":"AGREE","damage_taken":0,"max_hp_gain":0,"max_hp_loss":0,"event_name":"Liars Game","floor":2,"gold_loss":0,"cards_obtained":["Doubt"]},{"damage_healed":0,"gold_gain":0,"player_choice":"Grow","damage_taken":0,"max_hp_gain":0,"max_hp_loss":0,"event_name":"Living Wall","floor":4,"gold_loss":0,"cards_upgraded":["Consecrate"]},{"damage_healed":0,"gold_gain":0,"player_choice":"Simplicity","damage_taken":0,"max_hp_gain":0,"max_hp_loss":0,"event_name":"Back to Basics","floor":19,"gold_loss":0,"cards_upgraded":["Strike_P","Strike_P","Strike_P","Strike_P","Defend_P","Defend_P","Defend_P","Defend_P"]},{"damage_healed":0,"gold_gain":0,"player_choice":"Ignored","damage_taken":0,"max_hp_gain":0,"max_hp_loss":0,"event_name":"The Mausoleum","floor":20,"gold_loss":0},{"damage_healed":0,"gold_gain":0,"player_choice":"Fight","damage_taken":0,"max_hp_gain":0,"max_hp_loss":0,"event_name":"Mysterious Sphere","floor":36,"gold_loss":0},{"damage_healed":0,"gold_gain":0,"player_choice":"Forge","damage_taken":0,"max_hp_gain":0,"max_hp_loss":0,"event_name":"Accursed Blacksmith","floor":38,"gold_loss":0,"cards_upgraded":["Replay:Anticipation"]},{"damage_healed":0,"gold_gain":0,"player_choice":"Fight","damage_taken":0,"max_hp_gain":0,"max_hp_loss":0,"event_name":"MindBloom","floor":44,"gold_loss":0}],"is_beta":false,"boss_relics":[{"not_picked":["Calling Bell","hubris:BlackHole"],"picked":"SacredBark"},{"not_picked":["Busted Crown","beaked:MawFillet"],"picked":"construct:WeddingRing"}],"items_purged_floors":[5],"is_endless":false,"potions_floor_spawned":[1,8,14,16,18,23,37,39,40,42,46],"killed_by":"conspire:OrnateMirror","ascension_level":0}}