{"host":"0luxfixkkfk9wck3","time":1612930752,"event":{"mods":["BaseMod","DeckTracker","Downfall","Highlight Path","Minty Spire (QoL Compilation)","StSLib"],"gold_per_floor":[99,113,59,59,73,21,21,41,54,54,54,79,79,109,128,231,231,131,150,163,178,19,19,44,44,64,64,64,64,84,95,95,95,95],"floor_reached":32,"language":"ENG","playtime":2997,"items_purged":["Regret"],"score":413,"play_id":"720156d6-a9b1-4e22-a703-9a20bf0d25d6","local_time":"20210209221912","is_ascension_mode":true,"campfire_choices":[{"data":"sneckomod:TailWhip","floor":1,"key":"SMITH"},{"data":"Discovery","floor":13,"key":"SMITH"},{"floor":25,"key":"REST"}],"circlet_count":0,"master_deck":["AscendersBane","sneckomod:Defend","sneckomod:Defend","sneckomod:Defend","sneckomod:TailWhip+1","sneckomod:SnekBite","sneckomod:Unknown","Flash of Steel","sneckomod:UnknownUncommonAttack+1","sneckomod:PureSnecko+1","sneckomod:SerpentMind","sneckomod:DefensiveFlair","sneckomod:UnknownVulnerable","sneckomod:UnknownX","sneckomod:UnknownUncommonAttack","sneckomod:UnendingSupply","Discovery+1","sneckomod:UnknownBlock","sneckomod:UnknownBoss","Flame Barrier","sneckomod:UnknownUncommonPower","Immolate","sneckomod:UnknownClassHEXA_GHOST_PURPLE","sneckomod:UnknownClassRED","sneckomod:Unknown0Cost","Body Slam","RitualDagger+1","sneckomod:QuickMove+1"],"relics":["sneckomod:SneckoSoul","Odd Mushroom","Mummified Hand","Art of War","SlaversCollar","downfall:HeartBlessingBlue","downfall:RedIOU"],"acts_visited":["Exordium","TheCity"],"potions_floor_usage":[14,30,32],"damage_taken":[{"damage":0,"enemies":"2 Louse","floor":2,"turns":2},{"damage":0,"enemies":"downfall:FleeingMerchant","floor":3,"turns":4},{"damage":0,"enemies":"Cultist","floor":5,"turns":3},{"damage":3,"enemies":"downfall:FleeingMerchant","floor":6,"turns":4},{"damage":28,"enemies":"The Mushroom Lair","floor":8,"turns":5},{"damage":0,"enemies":"Small Slimes","floor":9,"turns":4},{"damage":3,"enemies":"Lagavulin","floor":12,"turns":6},{"damage":1,"enemies":"Gremlin Nob","floor":14,"turns":1},{"damage":7,"enemies":"3 Louse","floor":15,"turns":2},{"damage":23,"enemies":"WA_ARCHETYPE_RETAIN","floor":16,"turns":6},{"damage":0,"enemies":"3 Byrds","floor":19,"turns":4},{"damage":28,"enemies":"Centurion and Healer","floor":20,"turns":5},{"damage":11,"enemies":"Cultist and Chosen","floor":21,"turns":7},{"damage":16,"enemies":"downfall:FleeingMerchant","floor":22,"turns":4},{"damage":12,"enemies":"Snecko","floor":26,"turns":3},{"damage":34,"enemies":"Shelled Parasite and Fungi","floor":30,"turns":8},{"damage":12,"enemies":"Sentry and Sphere","floor":31,"turns":6},{"damage":9,"enemies":"Centurion and Healer","floor":32,"turns":2}],"seed_played":"4434414389336760153","potions_obtained":[{"floor":5,"key":"SneckoOil"},{"floor":8,"key":"ColorlessPotion"},{"floor":9,"key":"Guardian:BlockOnCardUsePotion"},{"floor":22,"key":"SkillPotion"},{"floor":28,"key":"CultistPotion"},{"floor":30,"key":"EssenceOfSteel"}],"is_trial":false,"path_per_floor":["R","M","$","?","M","$","T","?","M","?","R","E","R","E","M","B",null,"R","M","M","M","$","?","T","R","M","R","?","?","M","M","M"],"character_chosen":"THE_SNECKO","items_purchased":["sneckomod:UnknownColorless","sneckomod:UnknownUncommonAttack","sneckomod:Unknown0Cost"],"campfire_rested":1,"item_purchase_floors":[3,6,22],"current_hp_per_floor":[81,81,81,81,85,82,82,54,54,54,54,51,51,50,43,20,73,83,83,55,44,28,28,35,67,55,55,55,55,21,9,0,0,0],"gold":95,"neow_bonus":"RANDOM_COLORLESS","is_daily":false,"chose_seed":false,"campfire_upgraded":2,"win_rate":0.0,"timestamp":1612930752,"path_taken":["R","M","$","?","?","$","T","?","M","?","R","E","R","E","M","BOSS","R","M","M","M","$","?","T","R","M","R","?","?","?","?","M"],"items_purchased_type":["Card","Card","Card"],"build_version":"2020-12-22","purchased_purges":1,"victory":false,"max_hp_per_floor":[90,90,90,90,90,90,90,90,90,90,90,90,90,90,90,90,90,100,100,100,100,100,100,107,107,107,107,107,107,107,107,107,107,107],"card_choices":[{"not_picked":["Trip","Madness"],"picked":"Flash of Steel","floor":0},{"not_picked":["sneckomod:RainOfDice","sneckomod:SoulRoll"],"picked":"sneckomod:UnknownUncommonAttack","floor":2},{"not_picked":["sneckomod:QuickBite","sneckomod:SoulRoll"],"picked":"sneckomod:Unknown2Cost","floor":3},{"not_picked":["sneckomod:IronFang","sneckomod:Restock"],"picked":"sneckomod:UnknownVulnerable","floor":5},{"not_picked":["sneckomod:SoulRoll","sneckomod:SoulDraw"],"picked":"sneckomod:UnknownX","floor":6},{"not_picked":["sneckomod:QuickBite","sneckomod:MasterEye"],"picked":"sneckomod:UnendingSupply","floor":9},{"not_picked":["sneckomod:UnknownCommonSkill","sneckomod:DiceBlock"],"picked":"sneckomod:UnknownBlock","floor":12},{"not_picked":["sneckomod:RainOfDice","sneckomod:QuickMove","sneckomod:IronFang"],"picked":"SKIP","floor":14},{"not_picked":["sneckomod:Transmogrify","sneckomod:UnendingSupply"],"picked":"sneckomod:UnknownBlock","floor":15},{"not_picked":["sneckomod:UnknownRareSkill","sneckomod:UnknownRareAttack"],"picked":"sneckomod:UnknownBoss","floor":16},{"not_picked":["sneckomod:Nope","sneckomod:IronFang"],"picked":"sneckomod:UnknownUncommonPower","floor":19},{"not_picked":["sneckomod:DiceBoulder","sneckomod:DiceBlock"],"picked":"sneckomod:UnknownClassHEXA_GHOST_PURPLE","floor":20},{"not_picked":["sneckomod:RainOfDice","sneckomod:DiceCrush","sneckomod:SoulRoll"],"picked":"SKIP","floor":21},{"not_picked":["sneckomod:UnknownClassSLIMEBOUND","sneckomod:Unknown1Cost"],"picked":"sneckomod:UnknownClassRED","floor":22},{"not_picked":["sneckomod:Unknown1Cost","sneckomod:CheapStock","sneckomod:Transmogrify"],"picked":"SKIP","floor":26},{"not_picked":["sneckomod:UnknownStrike","sneckomod:DiceBlock","sneckomod:QuickMove"],"picked":"SKIP","floor":30},{"not_picked":["sneckomod:QuickMove+1","sneckomod:WideSting","sneckomod:DiceCrush"],"picked":"SKIP","floor":31},{"not_picked":["sneckomod:WideSting","sneckomod:DiceCrush"],"picked":"sneckomod:QuickMove+1","floor":31}],"player_experience":11747612,"relics_obtained":[{"floor":8,"key":"Odd Mushroom"},{"floor":12,"key":"Mummified Hand"},{"floor":14,"key":"Art of War"},{"floor":24,"key":"Strawberry"}],"event_choices":[{"damage_healed":0,"gold_gain":0,"player_choice":"Fought Mushrooms","damage_taken":0,"max_hp_gain":0,"max_hp_loss":0,"event_name":"Mushrooms","floor":8,"gold_loss":0}],"is_beta":false,"boss_relics":[{"not_picked":["Velvet Choker","Philosopher\u0027s Stone"],"picked":"SlaversCollar"}],"items_purged_floors":[22],"is_endless":false,"potions_floor_spawned":[5,8,9,12,26,30,31],"killed_by":"Centurion and Healer","ascension_level":11}}