{"host":"Rich","time":1612992084,"event":{"mods":["AchievementEnabler","BaseMod","Highlight Path","Minty Spire (QoL Compilation)","Relic Stats"],"gold_per_floor":[110,110,35,35,35,35,75,75,98,129,150,184,184,198,198,296,296,321,345,545,445,458,501,501,551,551,551,551],"floor_reached":27,"language":"ENG","playtime":765,"items_purged":["Defend_G","Strike_G"],"score":594,"play_id":"3550e590-8530-48d3-bcca-a93ca2cc7cc4","local_time":"20210210162124","is_ascension_mode":true,"campfire_choices":[{"data":"Crippling Poison","floor":6,"key":"SMITH"},{"data":"Neutralize","floor":8,"key":"SMITH"},{"floor":13,"key":"REST"},{"data":"Catalyst","floor":15,"key":"SMITH"},{"floor":24,"key":"REST"}],"circlet_count":0,"master_deck":["AscendersBane","Strike_G","Strike_G","Strike_G","Defend_G","Defend_G","Defend_G","Defend_G","Survivor","Neutralize+1","Crippling Poison+1","Setup","Riddle With Holes","Backstab","Deadly Poison","Blade Dance","Catalyst+1","Envenom","Noxious Fumes","Leg Sweep","Blade Dance+1","Backflip"],"relics":["Ring of the Snake","NeowsBlessing","Golden Idol","Ginger","Omamori","Pen Nib","Lantern","Happy Flower","Runic Pyramid","Girya","Toxic Egg 2"],"acts_visited":["Exordium","TheCity"],"potions_floor_usage":[23],"damage_taken":[{"damage":0,"enemies":"Jaw Worm","floor":1,"turns":1},{"damage":0,"enemies":"3 Sentries","floor":7,"turns":2},{"damage":0,"enemies":"Lagavulin","floor":10,"turns":1},{"damage":0,"enemies":"2 Louse","floor":11,"turns":2},{"damage":21,"enemies":"3 Sentries","floor":12,"turns":10},{"damage":0,"enemies":"Cultist","floor":14,"turns":2},{"damage":14,"enemies":"Hexaghost","floor":16,"turns":8},{"damage":0,"enemies":"3 Byrds","floor":18,"turns":3},{"damage":18,"enemies":"Shell Parasite","floor":19,"turns":4},{"damage":27,"enemies":"Shelled Parasite and Fungi","floor":22,"turns":4},{"damage":31,"enemies":"Slavers","floor":23,"turns":6},{"damage":29,"enemies":"Cultist and Chosen","floor":27,"turns":3}],"seed_played":"-8627868026003470080","potions_obtained":[{"floor":11,"key":"FairyPotion"},{"floor":18,"key":"Weak Potion"}],"is_trial":false,"path_per_floor":["M","?","$","?","?","R","E","R","T","E","M","E","R","M","R","B",null,"M","M","?","$","M","E","R","?","T","M"],"character_chosen":"THE_SILENT","items_purchased":[],"campfire_rested":2,"item_purchase_floors":[],"current_hp_per_floor":[59,36,36,36,25,25,25,25,25,25,25,4,23,23,23,9,52,52,34,34,34,7,4,23,23,23,0,0],"gold":551,"neow_bonus":"THREE_ENEMY_KILL","is_daily":false,"chose_seed":false,"campfire_upgraded":3,"win_rate":0.0,"timestamp":1612992084,"path_taken":["M","?","$","?","?","R","E","R","T","E","M","E","R","?","R","BOSS","M","M","?","?","?","E","R","?","T","M"],"items_purchased_type":[],"build_version":"2020-12-18","purchased_purges":2,"victory":false,"max_hp_per_floor":[66,66,66,66,66,66,66,66,66,66,66,66,66,66,66,66,66,66,66,66,66,66,66,66,66,66,66,66],"relic_stats":{"Happy Flower":[10],"counters":[12,46],"Golden Idol":70,"Pen Nib":[8],"Ginger":[7],"obtain_stats":[{"Girya":23,"Lantern":10,"NeowsBlessing":0,"Happy Flower":12,"Golden Idol":2,"Pen Nib":9,"Omamori":7,"Ginger":5,"Toxic Egg 2":26,"Ring of the Snake":0,"Runic Pyramid":17},{"Girya":11,"Lantern":3,"NeowsBlessing":0,"Happy Flower":5,"Golden Idol":1,"Pen Nib":2,"Omamori":2,"Ginger":1,"Toxic Egg 2":11,"Ring of the Snake":0,"Runic Pyramid":7},{"Girya":43,"Lantern":4,"NeowsBlessing":0,"Happy Flower":16,"Golden Idol":1,"Pen Nib":3,"Omamori":3,"Ginger":1,"Toxic Egg 2":43,"Ring of the Snake":0,"Runic Pyramid":26}],"Ring of the Snake":[24]},"card_choices":[{"not_picked":["Backflip","Infinite Blades"],"picked":"Crippling Poison","floor":1},{"not_picked":["Prepared","Terror"],"picked":"Riddle With Holes","floor":7},{"not_picked":["Flechettes","Expertise"],"picked":"Backstab","floor":10},{"not_picked":["Prepared","Backflip"],"picked":"Deadly Poison","floor":11},{"not_picked":["Riddle With Holes","Leg Sweep"],"picked":"Blade Dance","floor":12},{"not_picked":["Dagger Spray","Masterful Stab"],"picked":"Catalyst","floor":14},{"not_picked":["Storm of Steel","Adrenaline"],"picked":"Envenom","floor":16},{"not_picked":["Caltrops","Deadly Poison"],"picked":"Noxious Fumes","floor":18},{"not_picked":["Deflect","Dagger Throw"],"picked":"Leg Sweep","floor":19},{"not_picked":["Dagger Throw","Acrobatics"],"picked":"Blade Dance+1","floor":22},{"not_picked":["Tactician","Dagger Throw"],"picked":"Backflip","floor":23}],"player_experience":2023579,"relics_obtained":[{"floor":7,"key":"Omamori"},{"floor":9,"key":"Pen Nib"},{"floor":10,"key":"Lantern"},{"floor":12,"key":"Happy Flower"},{"floor":23,"key":"Girya"},{"floor":26,"key":"Toxic Egg 2"}],"event_choices":[{"damage_healed":0,"gold_gain":0,"player_choice":"Take Damage","damage_taken":23,"relics_obtained":["Golden Idol"],"max_hp_gain":0,"max_hp_loss":0,"event_name":"Golden Idol","floor":2,"gold_loss":0},{"damage_healed":0,"gold_gain":0,"cards_transformed":["Strike_G"],"player_choice":"Change","damage_taken":0,"max_hp_gain":0,"max_hp_loss":0,"event_name":"Living Wall","floor":4,"gold_loss":0,"cards_obtained":["Setup"]},{"damage_healed":0,"gold_gain":0,"player_choice":"Success","damage_taken":11,"relics_obtained":["Ginger"],"max_hp_gain":0,"max_hp_loss":0,"event_name":"Scrap Ooze","floor":5,"gold_loss":0},{"damage_healed":0,"gold_gain":250,"player_choice":"Bet on Owner","damage_taken":0,"max_hp_gain":0,"max_hp_loss":0,"event_name":"The Joust","floor":20,"gold_loss":50},{"damage_healed":0,"gold_gain":50,"player_choice":"Pray","damage_taken":0,"max_hp_gain":0,"max_hp_loss":0,"event_name":"Golden Shrine","floor":25,"gold_loss":0}],"is_beta":true,"boss_relics":[{"not_picked":["Velvet Choker","Black Star"],"picked":"Runic Pyramid"}],"items_purged_floors":[3,21],"is_endless":false,"potions_floor_spawned":[11,18,19],"killed_by":"Cultist and Chosen","ascension_level":20}}