{"host":"8is2j71l4wmybkoi","time":1612957979,"event":{"mods":["AchievementEnabler","BaseMod","Colored Map","Minty Spire (QoL Compilation)","Rare Cards Sparkle","StSLib","SuperFastMode"],"gold_per_floor":[114,128,128,140,157,157,176,176,176,101,133,133,133,133],"floor_reached":13,"language":"KOR","playtime":355,"items_purged":["Strike_R"],"score":170,"play_id":"d038fa1c-8f41-47ed-a8d0-1c69dad754bc","local_time":"20210210205259","daily_mods":["Chimera","Diverse","Heirloom"],"is_ascension_mode":true,"campfire_choices":[{"data":"Eruption","floor":6,"key":"SMITH"},{"data":"Adaptation","floor":8,"key":"SMITH"}],"circlet_count":0,"master_deck":["AscendersBane","Bash","Survivor","Zap","Eruption+1","Strike_G","Strike_B","Defend_R","Defend_G","Defend_P","Anger","Adaptation+1","Backflip","Flying Knee","Footwork+1","Feed"],"relics":["Burning Blood","WingedGreaves","Boot","Omamori","Bottled Lightning"],"acts_visited":["Exordium"],"potions_floor_usage":[5,11],"damage_taken":[{"damage":12,"enemies":"Small Slimes","floor":1,"turns":4},{"damage":12,"enemies":"Jaw Worm","floor":2,"turns":2},{"damage":0,"enemies":"Cultist","floor":4,"turns":2},{"damage":0,"enemies":"2 Fungi Beasts","floor":5,"turns":2},{"damage":4,"enemies":"Looter","floor":7,"turns":3},{"damage":16,"enemies":"3 Sentries","floor":11,"turns":5},{"damage":68,"enemies":"Gremlin Nob","floor":13,"turns":3}],"seed_played":"-4274681040006017790","potions_obtained":[{"floor":2,"key":"Fire Potion"},{"floor":4,"key":"BlessingOfTheForge"},{"floor":5,"key":"ColorlessPotion"}],"is_trial":true,"path_per_floor":["M","M","?","M","M","R","M","R","T","$","E","?","E"],"character_chosen":"IRONCLAD","items_purchased":[],"campfire_rested":0,"item_purchase_floors":[],"current_hp_per_floor":[62,56,30,36,42,42,44,44,44,44,34,34,0,0],"gold":133,"neow_bonus":"","is_daily":false,"chose_seed":false,"campfire_upgraded":2,"win_rate":0.0,"timestamp":1612957979,"path_taken":["M","M","?","M","M","R","M","R","T","$","E","?","E"],"items_purchased_type":[],"build_version":"2020-12-22","purchased_purges":1,"victory":false,"max_hp_per_floor":[75,75,75,75,75,75,75,75,75,75,75,75,75,75],"card_choices":[{"not_picked":["Metallicize","WreathOfFlame"],"picked":"Anger","floor":1},{"not_picked":["WaveOfTheHand","Quick Slash"],"picked":"Adaptation","floor":2},{"not_picked":["Redo","Conserve Battery"],"picked":"Backflip","floor":4},{"not_picked":["Consume","Coolheaded"],"picked":"Flying Knee","floor":5},{"not_picked":["Cleave","SignatureMove"],"picked":"Footwork","floor":7},{"not_picked":["Genetic Algorithm","Go for the Eyes"],"picked":"Feed","floor":11}],"player_experience":1107146,"relics_obtained":[{"floor":9,"key":"Omamori"},{"floor":11,"key":"Bottled Lightning"}],"event_choices":[{"damage_healed":0,"gold_gain":0,"player_choice":"Success","damage_taken":26,"relics_obtained":["Boot"],"max_hp_gain":0,"max_hp_loss":0,"event_name":"Scrap Ooze","floor":3,"gold_loss":0},{"damage_healed":0,"gold_gain":0,"player_choice":"Upgraded","damage_taken":0,"max_hp_gain":0,"max_hp_loss":0,"event_name":"Upgrade Shrine","floor":12,"gold_loss":0,"cards_upgraded":["Footwork"]}],"is_beta":false,"boss_relics":[],"items_purged_floors":[10],"is_endless":false,"potions_floor_spawned":[2,4,5],"killed_by":"Gremlin Nob","ascension_level":20}}