{"host":"idjwbq71yrpkph1r","time":1612978739,"event":{"mods":["Alarm Clock","BaseMod","Block Reminder","Colored Map","Colored Powertips","Conspire","Curses Come First","Dark Map","Displayed Cursed Tome","Hermit","Hubris","Minty Spire (QoL Compilation)","Monster B Gone","Morshu Shopkeeper","Rare Cards Sparkle","Relic Stats","StS++","StSLib","Swap Starting Deck Mod","The Blue Laboratory","everything is the same but u backflip on backflip"],"gold_per_floor":[113,132,156,166,184,217,231,259,285,299,309,326,354,364,364,464,464,479,494,3,19,36,68,68,68,68,68,45,65,65,83,83,186,186,197,197,213,69,69,104,154,154,154,202,221,232,7,42,42,42],"floor_reached":51,"language":"ENG","playtime":2578,"items_purged":["hermit:Strike_Hermit"],"score":898,"play_id":"4b20928b-9215-42c6-a519-a0ebcdc909a5","local_time":"20210210183859","is_ascension_mode":false,"campfire_choices":[{"data":"hermit:DeadMansHand","floor":15,"key":"SMITH"},{"floor":25,"key":"REST"},{"floor":27,"key":"REST"},{"floor":30,"key":"REST"},{"floor":32,"key":"REST"},{"floor":42,"key":"REST"},{"floor":49,"key":"REST"}],"circlet_count":0,"master_deck":["hermit:Strike_Hermit","hermit:Strike_Hermit","hermit:Strike_Hermit","hermit:Defend_Hermit","hermit:Defend_Hermit","hermit:Defend_Hermit","hermit:Malice+1","hermit:Manifest+1","hermit:EternalForm+1","hermit:NoHoldsBarred","hermit:Manifest","hermit:Roulette","hermit:ItchyTrigger","hermit:RoundhouseKick","hermit:GhostlyPresence","hermit:Enervate","hermit:NoHoldsBarred","hermit:DeadMansHand+1","hermit:HeroicBravado","hermit:Combo","hermit:TakeAim","hermit:NoHoldsBarred+1","hermit:Determination","hermit:Shortfuse","hermit:NoHoldsBarred","hermit:NoHoldsBarred","hermit:BodyArmor+1","hermit:Glare+1","hermit:Glare","hermit:Brawl","hermit:Roughhouse","hermit:Manifest","hermit:Brawl"],"relics":["Astrolabe","Vajra","conspire:BottledYoYo","Sundial","Blood Vial","hubris:RunicObelisk","Strange Spoon","Dead Branch","StSpp:TwinEgg","hubris:Icosahedron","InkBottle","Ornamental Fan","hubris:Backtick","Bottled Tornado","Oddly Smooth Stone","Letter Opener","hubris:MedicalManual","Pear","StSpp:GiftCard","Centennial Puzzle"],"acts_visited":["Exordium","TheCity","TheBeyond"],"potions_floor_usage":[6],"damage_taken":[{"damage":0,"enemies":"Cultist","floor":1,"turns":4},{"damage":0,"enemies":"2 Louse","floor":2,"turns":3},{"damage":0,"enemies":"Jaw Worm","floor":4,"turns":2},{"damage":0,"enemies":"Looter","floor":5,"turns":3},{"damage":4,"enemies":"Gremlin Nob","floor":6,"turns":4},{"damage":3,"enemies":"Large Slime","floor":7,"turns":5},{"damage":9,"enemies":"3 Sentries","floor":8,"turns":3},{"damage":13,"enemies":"3 Louse","floor":10,"turns":2},{"damage":7,"enemies":"Blue Slaver","floor":11,"turns":2},{"damage":0,"enemies":"Looter","floor":12,"turns":2},{"damage":0,"enemies":"Lagavulin","floor":13,"turns":4},{"damage":0,"enemies":"Large Slime","floor":14,"turns":5},{"damage":0,"enemies":"Slime Boss","floor":16,"turns":4},{"damage":0,"enemies":"3 Byrds","floor":18,"turns":2},{"damage":6,"enemies":"Chosen","floor":19,"turns":3},{"damage":22,"enemies":"Shelled Parasite and Fungi","floor":21,"turns":4},{"damage":8,"enemies":"Centurion and Healer","floor":22,"turns":3},{"damage":20,"enemies":"Book of Stabbing","floor":23,"turns":5},{"damage":33,"enemies":"Slavers","floor":28,"turns":4},{"damage":16,"enemies":"Snake Plant","floor":29,"turns":4},{"damage":0,"enemies":"3 Cultists","floor":31,"turns":2},{"damage":11,"enemies":"Automaton","floor":33,"turns":6},{"damage":0,"enemies":"3 Shapes","floor":35,"turns":2},{"damage":0,"enemies":"Orb Walker","floor":37,"turns":2},{"damage":27,"enemies":"Nemesis","floor":40,"turns":5},{"damage":10,"enemies":"Mind Bloom Boss Battle","floor":41,"turns":3},{"damage":35,"enemies":"2 Orb Walkers","floor":44,"turns":3},{"damage":7,"enemies":"Sphere and 2 Shapes","floor":45,"turns":2},{"damage":0,"enemies":"Transient","floor":46,"turns":5},{"damage":0,"enemies":"Reptomancer","floor":48,"turns":5},{"damage":39,"enemies":"Awakened One","floor":50,"turns":10}],"seed_played":"5452117151442257964","potions_obtained":[{"floor":1,"key":"blueLaboratory:NullPotion"},{"floor":5,"key":"blueLaboratory:StoneskinPotion"},{"floor":10,"key":"PowerPotion"},{"floor":12,"key":"ColorlessPotion"},{"floor":16,"key":"blueLaboratory:PhilterOfMotion"},{"floor":21,"key":"Weak Potion"},{"floor":23,"key":"hermit:Tonic"},{"floor":37,"key":"Regen Potion"},{"floor":41,"key":"blueLaboratory:BottleOfVodka"}],"is_trial":false,"path_per_floor":["M","M","T","M","M","E","M","E","T","M","M","M","E","M","R","B",null,"M","M","$","M","M","E","?","R","T","R","E","M","R","M","R","B",null,"M","?","M","$","?","E","?","R","T","?","M","M","$","E","R","B",null],"character_chosen":"HERMIT","items_purchased":["hermit:TakeAim","Strange Spoon","Dead Branch","Oddly Smooth Stone","hermit:Roughhouse","hermit:Manifest"],"campfire_rested":6,"item_purchase_floors":[20,20,20,38,47,47],"current_hp_per_floor":[75,75,75,75,75,71,68,59,59,46,39,39,39,41,41,43,75,75,69,69,49,43,25,25,47,47,69,38,24,46,48,70,61,75,75,75,75,75,75,48,40,62,72,39,34,36,36,38,63,26],"gold":42,"neow_bonus":"BOSS_RELIC","is_daily":false,"chose_seed":false,"campfire_upgraded":1,"win_rate":0.0,"timestamp":1612978739,"path_taken":["M","M","?","M","M","E","?","E","T","?","M","M","E","M","R","BOSS","M","M","$","M","M","E","?","R","T","R","E","M","R","M","R","BOSS","M","?","M","$","?","E","?","R","T","?","M","?","$","E","R","BOSS"],"items_purchased_type":["Card","Relic","Relic","Relic","Card","Card"],"build_version":"2020-12-22","purchased_purges":1,"victory":true,"max_hp_per_floor":[75,75,75,75,75,75,75,75,75,75,75,75,75,75,75,75,75,75,75,75,75,75,75,75,75,75,75,75,75,75,75,75,75,75,75,75,75,75,75,75,75,75,85,85,85,85,85,85,85,85],"relic_stats":{"Blood Vial":30,"Strange Spoon":[8],"Centennial Puzzle":[3],"counters":[31,113],"Sundial":[4],"Ornamental Fan":[100],"Astrolabe":["hermit:Malice","hermit:Manifest","hermit:EternalForm"],"Dead Branch":[22],"Letter Opener":[41],"obtain_stats":[{"Pear":43,"Astrolabe":0,"Dead Branch":20,"Vajra":3,"Oddly Smooth Stone":38,"hubris:MedicalManual":41,"Letter Opener":40,"StSpp:GiftCard":44,"hubris:RunicObelisk":17,"Bottled Tornado":34,"Blood Vial":13,"Strange Spoon":20,"Centennial Puzzle":48,"hubris:Icosahedron":24,"hubris:Backtick":34,"Sundial":8,"Ornamental Fan":28,"StSpp:TwinEgg":23,"conspire:BottledYoYo":6,"hermit:Momento":0,"InkBottle":26},{"Pear":26,"Astrolabe":0,"Dead Branch":15,"Vajra":2,"Oddly Smooth Stone":24,"hubris:MedicalManual":26,"Letter Opener":25,"StSpp:GiftCard":27,"hubris:RunicObelisk":13,"Bottled Tornado":22,"Blood Vial":11,"Strange Spoon":15,"Centennial Puzzle":30,"hubris:Icosahedron":18,"hubris:Backtick":22,"Sundial":7,"Ornamental Fan":19,"StSpp:TwinEgg":18,"conspire:BottledYoYo":5,"hermit:Momento":0,"InkBottle":18},{"Pear":88,"Astrolabe":0,"Dead Branch":48,"Vajra":7,"Oddly Smooth Stone":80,"hubris:MedicalManual":88,"Letter Opener":85,"StSpp:GiftCard":91,"hubris:RunicObelisk":43,"Bottled Tornado":76,"Blood Vial":34,"Strange Spoon":48,"Centennial Puzzle":103,"hubris:Icosahedron":60,"hubris:Backtick":76,"Sundial":24,"Ornamental Fan":64,"StSpp:TwinEgg":60,"conspire:BottledYoYo":16,"hermit:Momento":0,"InkBottle":60}],"InkBottle":[24]},"card_choices":[{"not_picked":["hermit:BigShot","hermit:Manifest"],"picked":"hermit:NoHoldsBarred","floor":1},{"not_picked":["hermit:SprayPray","hermit:LoneWolf"],"picked":"hermit:Manifest","floor":2},{"not_picked":["hermit:Desperado","hermit:CalledShot","hermit:Headshot"],"picked":"SKIP","floor":4},{"not_picked":["hermit:TrackingShot","hermit:Glare"],"picked":"hermit:Roulette","floor":5},{"not_picked":["hermit:Virtue","hermit:Showdown"],"picked":"hermit:ItchyTrigger","floor":6},{"not_picked":["hermit:LuckOfTheDraw","hermit:Gestalt"],"picked":"hermit:RoundhouseKick","floor":7},{"not_picked":["hermit:LowProfile","hermit:EyeOfTheStorm"],"picked":"hermit:GhostlyPresence","floor":8},{"not_picked":["hermit:Horror","hermit:Gestalt"],"picked":"hermit:Enervate","floor":10},{"not_picked":["hermit:Dive","hermit:ItchyTrigger"],"picked":"hermit:NoHoldsBarred","floor":11},{"not_picked":["hermit:HighCaliber","hermit:Headshot","hermit:Snipe"],"picked":"SKIP","floor":12},{"not_picked":["hermit:WideOpen","hermit:DeadOrAlive","hermit:HoleUp"],"picked":"SKIP","floor":13},{"not_picked":["hermit:Desperado","hermit:Headshot"],"picked":"hermit:DeadMansHand","floor":14},{"not_picked":["hermit:HighNoon","hermit:FatalDesire"],"picked":"hermit:HeroicBravado","floor":16},{"not_picked":["hermit:GhostlyPresence","hermit:Gestalt","hermit:FullyLoaded+1"],"picked":"SKIP","floor":18},{"not_picked":["hermit:PistolWhip+1","hermit:Headshot"],"picked":"hermit:Combo","floor":19},{"not_picked":["hermit:Ricochet+1","hermit:CalledShot"],"picked":"hermit:NoHoldsBarred+1","floor":21},{"not_picked":["hermit:Headshot","hermit:DeadMansHand+1"],"picked":"hermit:Determination","floor":22},{"not_picked":["hermit:HighCaliber","hermit:Glare+1"],"picked":"hermit:Shortfuse","floor":23},{"not_picked":["hermit:Magnum","hermit:Coalescence+1"],"picked":"hermit:NoHoldsBarred","floor":28},{"not_picked":["hermit:Feint+1","hermit:Horror+1","hermit:Deadeye"],"picked":"SKIP","floor":29},{"not_picked":["hermit:Vantage+1","hermit:SprayPray","hermit:Midnight"],"picked":"SKIP","floor":31},{"not_picked":["hermit:Virtue","hermit:CalledShot+1","hermit:Quickdraw+1"],"picked":"SKIP","floor":35},{"not_picked":["hermit:Horror","hermit:Feint+1","hermit:Vantage+1"],"picked":"SKIP","floor":37},{"not_picked":["hermit:Dive+1","hermit:Gestalt"],"picked":"hermit:BodyArmor+1","floor":40},{"not_picked":["hermit:Malice+1","hermit:PistolWhip"],"picked":"hermit:Glare+1","floor":41},{"not_picked":["hermit:Feint","hermit:Gestalt+1"],"picked":"hermit:Glare","floor":44},{"not_picked":["hermit:Glare+1","hermit:Dive+1"],"picked":"hermit:Brawl","floor":45},{"not_picked":["hermit:CursedWeapon","hermit:FatalDesire","hermit:Snipe+1"],"picked":"SKIP","floor":46},{"not_picked":["hermit:TakeAim","hermit:Feint+1"],"picked":"hermit:Brawl","floor":48}],"player_experience":348457,"relics_obtained":[{"floor":3,"key":"Vajra"},{"floor":6,"key":"conspire:BottledYoYo"},{"floor":8,"key":"Sundial"},{"floor":13,"key":"Blood Vial"},{"floor":23,"key":"StSpp:TwinEgg"},{"floor":26,"key":"InkBottle"},{"floor":28,"key":"Ornamental Fan"},{"floor":40,"key":"Letter Opener"},{"floor":41,"key":"hubris:MedicalManual"},{"floor":43,"key":"Pear"},{"floor":44,"key":"StSpp:GiftCard"},{"floor":48,"key":"Centennial Puzzle"}],"event_choices":[{"damage_healed":0,"gold_gain":0,"player_choice":"Leave","damage_taken":0,"max_hp_gain":0,"max_hp_loss":0,"event_name":"conspire:Investor","floor":36,"gold_loss":0},{"damage_healed":0,"gold_gain":0,"player_choice":"Fight","damage_taken":0,"max_hp_gain":0,"max_hp_loss":0,"event_name":"MindBloom","floor":41,"gold_loss":0},{"damage_healed":0,"gold_gain":0,"player_choice":"Fight","damage_taken":0,"max_hp_gain":0,"max_hp_loss":0,"event_name":"Mysterious Sphere","floor":44,"gold_loss":0}],"is_beta":false,"boss_relics":[{"not_picked":["hubris:CrackedHourglass","StSpp:Magatama"],"picked":"hubris:RunicObelisk"},{"not_picked":["Philosopher\u0027s Stone","hermit:BartenderGlass"],"picked":"hubris:Backtick"}],"items_purged_floors":[47],"is_endless":false,"potions_floor_spawned":[1,5,10,12,16,21,23,29,37,40,41],"ascension_level":0}}