{"host":"hcfgv6p6h0ubjkk0","time":1612994677,"event":{"mods":["AchievementEnabler","BaseMod","Highlight Path","Minty Spire (QoL Compilation)","Quick Restart","Replay The Spire","StSLib"],"gold_per_floor":[115,115,115,130,141,141,176,176,176,251,264,283,297,317,317,317,317],"floor_reached":16,"language":"ENG","playtime":781,"items_purged":["Pain"],"score":125,"play_id":"af124255-0d5e-46fb-96de-17cf82927c09","local_time":"20210210220437","is_ascension_mode":true,"campfire_choices":[{"data":"ReplayTheSpireMod:Strike From Hell","floor":6,"key":"SMITH"},{"data":"Burning Pact","floor":8,"key":"SMITH"},{"data":"ReplayTheSpireMod:Strike From Hell","floor":15,"key":"SMITH"}],"circlet_count":0,"master_deck":["Strike_R","Strike_R","Strike_R","Strike_R","Defend_R","Defend_R","Defend_R","Defend_R","Bash","Spreading Infection","Burning Pact+1","Impervious+1","ReplayTheSpireMod:Strike From Hell+1","Languid","ReplayTheSpireMod:Strike From Hell+1","Reaper","Shrug It Off"],"relics":["Burning Blood","Thread and Needle","WarpedTongs","Quantum Egg","Dream Catcher","ReplayTheSpireMod:CursedCoin"],"acts_visited":["Exordium"],"potions_floor_usage":[11,11,11,11,16,16],"damage_taken":[{"damage":2,"enemies":"Jaw Worm","floor":1,"turns":5},{"damage":2,"enemies":"2 Louse","floor":4,"turns":4},{"damage":1,"enemies":"Cultist","floor":5,"turns":3},{"damage":20,"enemies":"Lagavulin","floor":7,"turns":9},{"damage":3,"enemies":"Lots of Slimes","floor":11,"turns":4},{"damage":29,"enemies":"Exordium Thugs","floor":12,"turns":6},{"damage":4,"enemies":"Blue Slaver","floor":13,"turns":5},{"damage":0,"enemies":"Exordium Wildlife","floor":14,"turns":5},{"damage":20,"enemies":"Slime Boss","floor":16,"turns":15}],"seed_played":"-1776727616123395909","potions_obtained":[{"floor":4,"key":"SteroidPotion"},{"floor":5,"key":"EssenceOfSteel"},{"floor":7,"key":"EntropicBrew"},{"floor":11,"key":"Milkshake"}],"is_trial":false,"path_per_floor":["M","?","?","M","M","R","E","R","T","$","M","M","M","M","R","B"],"character_chosen":"IRONCLAD","items_purchased":["ReplayTheSpireMod:CursedCoin"],"campfire_rested":0,"item_purchase_floors":[10],"current_hp_per_floor":[80,80,80,80,80,80,66,66,66,66,80,57,59,65,65,49,49],"gold":317,"neow_bonus":"ONE_RARE_RELIC","is_daily":false,"chose_seed":false,"campfire_upgraded":3,"win_rate":0.0,"timestamp":1612994677,"path_taken":["M","?","?","M","M","R","E","R","T","$","M","?","M","?","R","BOSS"],"items_purchased_type":["Relic"],"build_version":"2020-12-22","purchased_purges":1,"victory":false,"max_hp_per_floor":[80,80,80,80,80,80,80,80,80,80,80,80,80,80,80,80,80],"card_choices":[{"not_picked":["Warcry","Clash"],"picked":"Burning Pact","floor":1},{"not_picked":["Rage","Havoc"],"picked":"ReplayTheSpireMod:Strike From Hell","floor":4},{"not_picked":["Whirlwind","Sever Soul","Wild Strike"],"picked":"SKIP","floor":5},{"not_picked":["Bloodletting","Headbutt","Pummel"],"picked":"SKIP","floor":7},{"not_picked":["Wild Strike","Defy Death"],"picked":"ReplayTheSpireMod:Strike From Hell","floor":11},{"not_picked":["Run Through","Combust"],"picked":"Reaper","floor":12},{"not_picked":["Replay:Undeath\u0027s Touch","Cleave"],"picked":"Shrug It Off","floor":13},{"not_picked":["Heavy Blade","Thunderclap","Rampage"],"picked":"SKIP","floor":14}],"player_experience":191835,"relics_obtained":[{"floor":7,"key":"Quantum Egg"},{"floor":9,"key":"Dream Catcher"}],"event_choices":[{"damage_healed":0,"gold_gain":0,"player_choice":"Rummage","damage_taken":0,"relics_obtained":["WarpedTongs"],"max_hp_gain":0,"max_hp_loss":0,"event_name":"Accursed Blacksmith","floor":3,"gold_loss":0,"cards_obtained":["Pain"]}],"is_beta":false,"boss_relics":[],"items_purged_floors":[10],"is_endless":false,"potions_floor_spawned":[4,5,7,11],"killed_by":"Slime Boss","ascension_level":4}}