{"host":"uv5ws9rdk87e8i5k","time":1612962959,"event":{"mods":["AchievementEnabler","BaseMod","Colored Map","Minty Spire (QoL Compilation)","Permanent Neow","Quick Restart","StSLib","SuperFastMode","The Necromancer"],"gold_per_floor":[110,124,138,149,164,192,192,192,192,225,245,245,279,295,295,295,295],"floor_reached":16,"language":"ENG","playtime":287,"items_purged":[],"score":231,"play_id":"29e09ac8-a7b7-4467-9a5f-1d04d6461ea0","local_time":"20210210071559","is_ascension_mode":true,"campfire_choices":[{"data":"Hemokinesis","floor":8.0,"key":"SMITH"},{"data":"Infernal Blade","floor":12.0,"key":"SMITH"},{"floor":15.0,"key":"DIG"}],"circlet_count":0,"master_deck":["AscendersBane","Strike_R","Strike_R+1","Strike_R","Strike_R","Strike_R","Defend_R","Defend_R","Defend_R","Defend_R","Bash","Double Tap","Heavy Blade+1","Flame Barrier","Hemokinesis+1","Battle Trance","Headbutt","Pain","Infernal Blade+1","Shrug It Off","Pommel Strike","Reaper"],"relics":["Burning Blood","Ginger","WarpedTongs","Thread and Needle","Kunai","Shovel","Whetstone"],"acts_visited":["Exordium"],"potions_floor_usage":[],"damage_taken":[{"damage":9.0,"enemies":"Jaw Worm","floor":1.0,"turns":3.0},{"damage":1.0,"enemies":"Cultist","floor":2.0,"turns":3.0},{"damage":6.0,"enemies":"Small Slimes","floor":3.0,"turns":4.0},{"damage":4.0,"enemies":"3 Louse","floor":4.0,"turns":4.0},{"damage":13.0,"enemies":"Blue Slaver","floor":5.0,"turns":3.0},{"damage":27.0,"enemies":"3 Sentries","floor":6.0,"turns":6.0},{"damage":11.0,"enemies":"Gremlin Nob","floor":10.0,"turns":3.0},{"damage":0.0,"enemies":"Looter","floor":11.0,"turns":2.0},{"damage":2.0,"enemies":"Lagavulin","floor":13.0,"turns":4.0},{"damage":3.0,"enemies":"Large Slime","floor":14.0,"turns":3.0},{"damage":0,"enemies":"The Guardian","floor":16,"turns":1}],"seed_played":"3200385233146384359","potions_obtained":[{"floor":5.0,"key":"EntropicBrew"},{"floor":11.0,"key":"SteroidPotion"},{"floor":13.0,"key":"SpeedPotion"}],"is_trial":false,"path_per_floor":["M","M","M","M","M","E","?","R","T","E","M","R","E","M","R","B"],"character_chosen":"IRONCLAD","items_purchased":[],"campfire_rested":0,"item_purchase_floors":[],"current_hp_per_floor":[69,74,74,76,69,48,48,48,48,43,49,49,53,56,56,56,56],"gold":295,"neow_bonus":"ONE_RANDOM_RARE_CARD","is_daily":false,"chose_seed":false,"campfire_upgraded":2,"win_rate":0.0,"timestamp":1612962959,"path_taken":["M","M","M","M","M","E","?","R","T","E","M","R","E","?","R","BOSS"],"items_purchased_type":[],"build_version":"2020-12-22","purchased_purges":0,"victory":false,"max_hp_per_floor":[80,80,80,80,80,80,80,80,80,80,80,80,80,80,80,80,80],"card_choices":[{"not_picked":["Sword Boomerang","Blood for Blood"],"picked":"Heavy Blade","floor":1.0},{"not_picked":["Disarm","Sever Soul"],"picked":"Flame Barrier","floor":2.0},{"not_picked":["Clash","Havoc"],"picked":"Hemokinesis","floor":3.0},{"not_picked":["Wild Strike","Dropkick"],"picked":"Battle Trance","floor":4.0},{"not_picked":["Battle Trance","Twin Strike"],"picked":"Headbutt","floor":5.0},{"not_picked":["Clash","Evolve","Sword Boomerang"],"picked":"SKIP","floor":6.0},{"not_picked":["Iron Wave","Rampage"],"picked":"Infernal Blade","floor":10.0},{"not_picked":["Twin Strike","True Grit"],"picked":"Shrug It Off","floor":11.0},{"not_picked":["Carnage","Sever Soul"],"picked":"Pommel Strike","floor":13.0},{"not_picked":["Clothesline","Thunderclap"],"picked":"Reaper","floor":14.0}],"player_experience":156798,"relics_obtained":[{"floor":6.0,"key":"Ginger"},{"floor":9.0,"key":"Thread and Needle"},{"floor":10.0,"key":"Kunai"},{"floor":13.0,"key":"Shovel"},{"floor":15.0,"key":"Whetstone"}],"event_choices":[{"damage_healed":0.0,"max_hp_gain":0.0,"max_hp_loss":0.0,"gold_gain":0.0,"event_name":"Accursed Blacksmith","player_choice":"Rummage","floor":7.0,"gold_loss":0.0,"damage_taken":0.0,"relics_obtained":["WarpedTongs"],"cards_obtained":["Pain"]}],"is_beta":false,"boss_relics":[],"items_purged_floors":[],"is_endless":false,"potions_floor_spawned":[5,11,13],"killed_by":"The Guardian","ascension_level":11}}