{"host":"ris23a35wgbcqmkd","time":1612995099,"event":{"mods":["AchievementEnabler","BaseMod","BetterRewards","Colored Map","Colored Powertips","Downfall","Duelist Mod","Hermit","Minty Spire (QoL Compilation)","Rare Cards Sparkle","Shop Mod","StSLib","SuperFastMode","The Cursed","The Necromancer","The Wild Card"],"gold_per_floor":[144,144,161,176,106,106,139,139,139,414,424,424,444,458,458,562,562,562],"floor_reached":17,"language":"ENG","playtime":721,"items_purged":[],"score":182,"play_id":"7c9a528d-2ca5-4dad-9edb-b491fb5d2043","local_time":"20210210221139","is_ascension_mode":false,"campfire_choices":[{"data":"theDuelist:InfernoFireBlast","floor":6,"key":"SMITH"},{"data":"theDuelist:InfernoFireBlast+1","floor":12,"key":"SMITH"},{"floor":15,"key":"REST"}],"circlet_count":0,"master_deck":["theDuelist:BeaverWarrior+1","theDuelist:BeaverWarrior+1","theDuelist:CastleWalls","theDuelist:CastleWalls","theDuelist:FinalFlame","theDuelist:GiantSoldier","theDuelist:GiantSoldier","theDuelist:ScrapFactory","theDuelist:Sparks","theDuelist:BigFire","theDuelist:SevenCompleted","theDuelist:RainbowNeos","theDuelist:InfernoFireBlast+2","theDuelist:UnderworldCannon","Regret","Regret","theDuelist:Invigoration+1","theDuelist:RainbowNeos","theDuelist:SpiritHarp","theDuelist:PowerKaishin","theDuelist:YamiForm+1"],"relics":["theDuelist:MillenniumPuzzle","theDuelist:CardPoolRelic","theDuelist:CardPoolBasicRelic","theDuelist:BoosterPackPoolRelic","theDuelist:CardPoolAddRelic","theDuelist:CardPoolMinusRelic","theDuelist:CardPoolSaveRelic","theDuelist:CardPoolOptionsRelic","NeowsBlessing","theDuelist:BoosterPackSpellEgg","Dream Catcher","Whetstone","Inserter"],"acts_visited":["Exordium","TheCity"],"potions_floor_usage":[],"damage_taken":[{"damage":0,"enemies":"Jaw Worm","floor":1,"turns":1},{"damage":0,"enemies":"Cultist","floor":3,"turns":1},{"damage":0,"enemies":"Small Slimes","floor":4,"turns":1},{"damage":0,"enemies":"3 Sentries","floor":7,"turns":4},{"damage":2,"enemies":"Looter","floor":11,"turns":2},{"damage":0,"enemies":"Gremlin Gang","floor":13,"turns":2},{"damage":2,"enemies":"Exordium Wildlife","floor":14,"turns":2},{"damage":28,"enemies":"The Guardian","floor":16,"turns":9}],"seed_played":"7074946503839098070","potions_obtained":[{"floor":1,"key":"theDuelist:LavaBottle"},{"floor":4,"key":"theDuelist:BigOrbBottle"},{"floor":14,"key":"SmokeBomb"}],"is_trial":false,"path_per_floor":["M","?","M","M","$","R","E","?","T","?","M","R","M","M","R","B",null],"character_chosen":"THE_DUELIST","items_purchased":["theDuelist:InfernoFireBlast"],"campfire_rested":1,"item_purchase_floors":[5],"current_hp_per_floor":[80,80,80,80,80,80,80,80,80,80,78,78,78,76,80,52,80,80],"gold":562,"neow_bonus":"THREE_ENEMY_KILL","is_daily":false,"chose_seed":false,"campfire_upgraded":2,"win_rate":0.0,"timestamp":1612995099,"path_taken":["M","?","?","M","$","R","E","?","T","?","M","R","M","M","R","BOSS"],"items_purchased_type":["Card"],"build_version":"2020-12-22","purchased_purges":0,"victory":false,"max_hp_per_floor":[80,80,80,80,80,80,80,80,80,80,80,80,80,80,80,80,80,80],"card_choices":[{"not_picked":["theDuelist:Tuningware","theDuelist:RainbowNeos","theDuelist:SpellShatteringArrow","theDuelist:MeteorDestruction"],"picked":"theDuelist:BigFire","floor":1},{"not_picked":["theDuelist:SwordsRevealing","theDuelist:GridRod"],"picked":"theDuelist:SevenCompleted","floor":3},{"not_picked":["theDuelist:MythicalBeast","theDuelist:WhiteMagicalHat","theDuelist:SpiritHarp","theDuelist:WormApocalypse"],"picked":"theDuelist:RainbowNeos","floor":4},{"not_picked":["theDuelist:CoreBlaster","theDuelist:BigFire","theDuelist:EgoBoost","theDuelist:AfterTheStorm"],"picked":"theDuelist:UnderworldCannon","floor":7},{"not_picked":["theDuelist:CoreBlaster+1","theDuelist:EgoBoost+1","theDuelist:RainbowNeos","theDuelist:Electrowhip+1"],"picked":"theDuelist:Invigoration+1","floor":11},{"not_picked":["theDuelist:HappyLover","theDuelist:Eva","theDuelist:RainbowKuriboh","theDuelist:RainbowOverdragon"],"picked":"theDuelist:RainbowNeos","floor":13},{"not_picked":["theDuelist:MythicalBeast","theDuelist:FrontierWiseman","theDuelist:RainbowNeos","theDuelist:HappyLover"],"picked":"theDuelist:SpiritHarp","floor":14},{"not_picked":["theDuelist:SangaEarth","theDuelist:Hinotama"],"picked":"theDuelist:PowerKaishin","floor":15},{"not_picked":["theDuelist:LightLaser+1","theDuelist:InstantFusion+1","theDuelist:AmuletAmbition+1","theDuelist:Mathematician"],"picked":"theDuelist:YamiForm+1","floor":16}],"player_experience":266467,"relics_obtained":[{"floor":7,"key":"theDuelist:BoosterPackSpellEgg"},{"floor":9,"key":"Whetstone"}],"event_choices":[{"cards_removed":["theDuelist:Sparks"],"damage_healed":0,"gold_gain":0,"player_choice":"Card Removal","damage_taken":0,"max_hp_gain":0,"max_hp_loss":0,"event_name":"Wheel of Change","floor":2,"gold_loss":0},{"damage_healed":0,"gold_gain":0,"player_choice":"Box","damage_taken":0,"relics_obtained":["Dream Catcher"],"max_hp_gain":0,"max_hp_loss":0,"event_name":"Big Fish","floor":8,"gold_loss":0,"cards_obtained":["Regret"]},{"damage_healed":0,"gold_gain":275,"player_choice":"Desecrate","damage_taken":0,"max_hp_gain":0,"max_hp_loss":0,"event_name":"Golden Shrine","floor":10,"gold_loss":0,"cards_obtained":["Regret"]}],"is_beta":false,"boss_relics":[{"not_picked":["Sozu","Tiny House"],"picked":"Inserter"}],"items_purged_floors":[],"is_endless":false,"potions_floor_spawned":[1,4,14],"ascension_level":0}}