{"host":"5rycm1ajjg5acc5q","time":1612966139,"event":{"mods":["BaseMod","Better Third Choice","Downfall","Highlight Path","Minty Spire (QoL Compilation)","Replay The Spire","StSLib"],"gold_per_floor":[99,118,130,13,23,23,102,102,202,42,42,76,76,176,192,288,288,288,298,21,37,50,66,138,158,158,187,197,212,12,36,60,164,164,64,87,87,2,27,27,27,27,85,85,116,154,321,321,359,359,359,411,51,51,51,51,51,51],"floor_reached":56,"language":"ENG","playtime":33590,"items_purged":["hexamod:Defend"],"score":876,"play_id":"25012ed4-2b46-49b8-af22-915a52ccfa0f","local_time":"20210210080859","is_ascension_mode":false,"campfire_choices":[{"floor":1.0,"key":"RECALL"},{"data":"hexamod:CatchUp","floor":6.0,"key":"SMITH"},{"data":"hexamod:NecessarySacrifice","floor":8.0,"key":"SMITH"},{"data":"hexamod:Haunt","floor":13.0,"key":"SMITH"},{"data":"hexamod:TimeWarp","floor":18.0,"key":"SMITH"},{"data":"hexamod:RainOfEmbers","floor":26.0,"key":"SMITH"},{"data":"hexamod:TurnItUp","floor":30.0,"key":"SMITH"},{"data":"hexamod:GiftsFromTheDead","floor":35,"key":"SMITH"},{"data":"hexamod:VolcanoVisage","floor":42,"key":"SMITH"},{"data":"hexamod:PhantomCloak","floor":44,"key":"SMITH"},{"data":"hexamod:CatchUp","floor":54,"key":"SMITH"}],"circlet_count":0,"master_deck":["hexamod:Defend","hexamod:Sear","hexamod:Float+1","hexamod:FlamesFromBeyond+1","hexamod:Haunt+1","hexamod:NecessarySacrifice+1","hexamod:FirstSeal","hexamod:Hexaguard+1","hexamod:CatchUp+1","hexamod:ThirdSeal","hexamod:FastForward","hexamod:NecessarySacrifice+1","hexamod:NecessarySacrifice+1","hexamod:TimeWarp+1","hexamod:WildfireWeapon","hexamod:GhostShield+1","hexamod:HeatShield+1","hexamod:Incineration","hexamod:Firestarter+1","hexamod:RainOfEmbers+1","hexamod:SkipABeat+1","hexamod:TurnItUp+1","hexamod:NightmareGuise","hexamod:ExtraCrispy","hexamod:SpectersWail","hexamod:FlamesFromBeyond+1","hexamod:GhostShield","hexamod:ExtraCrispy","hexamod:BurningTouch+1","hexamod:GhostflameBarrier+1","hexamod:FourthSeal","hexamod:Incineration","hexamod:SecondSeal","hexamod:PhantomCloak+1","hexamod:Hexaguard","hexamod:SpectersWail","hexamod:NightmareGuise","hexamod:GiftsFromTheDead+1","hexamod:VolcanoVisage+1","hexamod:CatchUp+1","hexamod:GhostLash+1","hexamod:RadiantFlame","hexamod:DynamicBlow","hexamod:HauntingEcho+1","hexamod:Incineration","hexamod:SpectersWail+1","hexamod:Hexaguard","hexamod:SixthSeal","hexamod:PhantomCloak","hexamod:Hexaguard+1","hexamod:HeatCrush","hexamod:PhantomFireball+1","hexamod:PowerFromBeyond+1","hexamod:UnleashSpirits","hexamod:SpectralAdrenaline","hexamod:RainOfEmbers+1","hexamod:Incineration+1","hexamod:PhantomCloak","hexamod:PhantomCloak"],"relics":["hexamod:SpiritBrand","ClockworkSouvenir","Replay:Bottled Flurry","hexamod:IceCube","Omamori","Replay:Bottled Eggs","Toy Ornithopter","downfall:HeartBlessingRed","downfall:HeartBlessingBlue","Replay:Grab Bag","Coffee Dripper","Replay:Bronze Core","Kintsugi","downfall:HeartBlessingGreen","Gremlin Horn","CeramicFish","ReplayFunnel","Lizard Tail","ReplayTheSpireMod:Shallot"],"acts_visited":["Exordium","TheCity","TheBeyond","TheEnding"],"potions_floor_usage":[39,43,45,46,46,50,55,56],"damage_taken":[{"damage":0.0,"enemies":"Cultist","floor":2.0,"turns":3.0},{"damage":0.0,"enemies":"2 Louse","floor":3.0,"turns":3.0},{"damage":0.0,"enemies":"downfall:FleeingMerchant","floor":4.0,"turns":4.0},{"damage":0.0,"enemies":"Small Slimes","floor":5.0,"turns":3.0},{"damage":0.0,"enemies":"downfall:FleeingMerchant","floor":10.0,"turns":4.0},{"damage":19.0,"enemies":"Gremlin Nob","floor":12.0,"turns":3.0},{"damage":0.0,"enemies":"3 Louse","floor":15.0,"turns":3.0},{"damage":6.0,"enemies":"SI_SHIV_ARCHETYPE","floor":16.0,"turns":5.0},{"damage":0.0,"enemies":"Spheric Guardian","floor":19.0,"turns":4.0},{"damage":15.0,"enemies":"downfall:FleeingMerchant","floor":20.0,"turns":4.0},{"damage":10.0,"enemies":"Snake Plant","floor":21.0,"turns":4.0},{"damage":1.0,"enemies":"Cultist and Chosen","floor":22.0,"turns":4.0},{"damage":8.0,"enemies":"Shelled Parasite and Fungi","floor":23.0,"turns":5.0},{"damage":11.0,"enemies":"Centurion and Healer","floor":25.0,"turns":4.0},{"damage":17.0,"enemies":"Gremlin Leader","floor":27.0,"turns":5.0},{"damage":6.0,"enemies":"Snake Plant","floor":28.0,"turns":5.0},{"damage":14.0,"enemies":"3 Cultists","floor":29.0,"turns":5.0},{"damage":0.0,"enemies":"Sentry and Sphere","floor":31.0,"turns":5.0},{"damage":0.0,"enemies":"Snecko","floor":32.0,"turns":4.0},{"damage":43.0,"enemies":"IC_MUSHROOM_ARCHETYPE","floor":33.0,"turns":8.0},{"damage":12,"enemies":"Orb Walker","floor":36,"turns":4},{"damage":0,"enemies":"downfall:FleeingMerchant","floor":38,"turns":4},{"damage":29,"enemies":"3 Darklings","floor":39,"turns":6},{"damage":36,"enemies":"Nemesis","floor":43,"turns":7},{"damage":22,"enemies":"Jaw Worm Horde","floor":45,"turns":4},{"damage":24,"enemies":"Writhing Mass","floor":46,"turns":5},{"damage":0,"enemies":"downfall:FleeingMerchant","floor":47,"turns":1},{"damage":25,"enemies":"Transient","floor":49,"turns":5},{"damage":44,"enemies":"DF_ARCHETYPE_ORBS","floor":50,"turns":9},{"damage":69,"enemies":"downfall:CharBossMerchant","floor":52,"turns":8},{"damage":66,"enemies":"downfall:NeowBoss","floor":55,"turns":15},{"damage":85,"enemies":"downfall:NeowBossFinal","floor":56,"turns":8}],"seed_played":"-7336434828406134910","potions_obtained":[{"floor":12.0,"key":"LifebloodPotion"},{"floor":15.0,"key":"Fire Potion"},{"floor":16.0,"key":"Weak Potion"},{"floor":19.0,"key":"BlessingOfTheForge"},{"floor":23.0,"key":"FairyPotion"},{"floor":27.0,"key":"FearPotion"},{"floor":28.0,"key":"EssenceOfSteel"},{"floor":29.0,"key":"AttackPotion"},{"floor":31.0,"key":"Block Potion"},{"floor":32.0,"key":"Adrenaline Potion"},{"floor":33.0,"key":"Regen Potion"},{"floor":39,"key":"ColorlessPotion"},{"floor":43,"key":"Weak Potion"},{"floor":43,"key":"BlessingOfTheForge"},{"floor":45,"key":"champ:CounterPotion"},{"floor":46,"key":"BlessingOfTheForge"},{"floor":52,"key":"Doom Potion"}],"is_trial":false,"path_per_floor":["R","M","M","$","M","R","T","R","?","$","?","E","R","?","M","B",null,"R","M","$","M","M","M","T","M","R","E","M","M","R","M","M","B",null,"R","M","?","$","M","?","T","R","E","R","M","M","$","?","M","B",null,"E","$","R","B","B"],"character_chosen":"THE_SPIRIT","items_purchased":["hexamod:FirstSeal","hexamod:Hexaguard+1","ClockworkSouvenir","Omamori","hexamod:RainOfEmbers","hexamod:SkipABeat+1","hexamod:DynamicBlow","hexamod:PhantomFireball","hexamod:PowerFromBeyond","hexamod:PhantomCloak","ReplayTheSpireMod:Shallot","Regen Potion"],"campfire_rested":0,"item_purchase_floors":[4,4,10,20,20,20,38,47,47,53,53,53],"current_hp_per_floor":[70,70,70,70,70,70,70,70,70,70,70,58,58,58,65,59,70,70,70,62,59,65,64,64,60,60,50,51,49,59,71,80,44,80,80,68,68,68,58,58,58,58,34,34,24,10,10,90,65,26,90,28,28,28,21,0,0,0],"gold":51,"neow_bonus":"UPGRADE_CARD","is_daily":false,"chose_seed":false,"campfire_upgraded":10,"win_rate":0.0,"timestamp":1612966139,"path_taken":["R","M","M","?","M","R","T","R","?","$","?","E","R","?","M","BOSS","R","M","$","M","M","M","T","M","R","E","?","M","R","M","M","BOSS","R","M","?","$","M","?","T","R","E","R","M","M","$","?","M","BOSS","E","$","R","BOSS","BOSS"],"items_purchased_type":["Card","Card","Relic","Relic","Card","Card","Card","Card","Card","Card","Relic","Potion"],"build_version":"2020-12-22","purchased_purges":1,"victory":false,"max_hp_per_floor":[70,70,70,70,70,70,70,70,70,70,70,70,70,70,70,70,70,70,70,70,70,70,70,70,70,70,70,70,70,80,80,80,80,80,80,80,80,80,80,80,80,80,80,80,80,80,80,90,90,90,90,90,90,90,90,90,90,90],"card_choices":[{"not_picked":["hexamod:GhostShield","hexamod:SpectersWail"],"picked":"hexamod:FlamesFromBeyond","floor":2.0},{"not_picked":["hexamod:BacktrackSmack","hexamod:HeatMetal"],"picked":"hexamod:Haunt","floor":3.0},{"not_picked":["hexamod:ChargedBarrage","hexamod:Hexaguard"],"picked":"hexamod:NecessarySacrifice","floor":4.0},{"not_picked":["hexamod:ThermalTransfer","hexamod:BurningTouch"],"picked":"hexamod:CatchUp","floor":5.0},{"not_picked":["hexamod:NightmareGuise","hexamod:InspiringFlames"],"picked":"hexamod:ThirdSeal","floor":10.0},{"not_picked":["hexamod:Firestarter","hexamod:BurningTouch"],"picked":"hexamod:FastForward","floor":12.0},{"not_picked":["hexamod:GhostShield","hexamod:WildfireWeapon"],"picked":"hexamod:NecessarySacrifice","floor":15.0},{"not_picked":["hexamod:SwordOfDarkness","hexamod:HeatCrush"],"picked":"hexamod:NecessarySacrifice","floor":15.0},{"not_picked":["hexamod:GhostflameInferno","hexamod:SearingWound"],"picked":"hexamod:TimeWarp","floor":16.0},{"not_picked":["hexamod:TurnItUp","hexamod:GhostflameInferno"],"picked":"hexamod:WildfireWeapon","floor":16.0},{"not_picked":["hexamod:GhostOfSpirePast","hexamod:NightmareStrike"],"picked":"hexamod:GhostShield+1","floor":19.0},{"not_picked":["hexamod:Firestarter","hexamod:HeatCrush"],"picked":"hexamod:HeatShield+1","floor":19.0},{"not_picked":["hexamod:ThirdSeal","hexamod:SwordOfDarkness"],"picked":"hexamod:Incineration","floor":20.0},{"not_picked":["hexamod:AdvancingGuard","hexamod:SwordOfDarkness"],"picked":"hexamod:Firestarter+1","floor":20.0},{"not_picked":["hexamod:Firestarter","hexamod:HeatShield"],"picked":"hexamod:TurnItUp","floor":21.0},{"not_picked":["hexamod:NightmareStrike","hexamod:SpectralAdrenaline"],"picked":"hexamod:NightmareGuise","floor":21.0},{"not_picked":["hexamod:HeatMetal","hexamod:BacktrackSmack+1"],"picked":"hexamod:ExtraCrispy","floor":22.0},{"not_picked":["hexamod:SpectralAdrenaline","hexamod:GhostLash"],"picked":"hexamod:SpectersWail","floor":22.0},{"not_picked":["hexamod:GhostShield","hexamod:ShieldOfDarkness"],"picked":"hexamod:FlamesFromBeyond+1","floor":23.0},{"not_picked":["hexamod:BurningTouch","hexamod:ThermalTransfer"],"picked":"hexamod:GhostShield","floor":23.0},{"not_picked":["hexamod:FirstSeal","hexamod:GhostLash"],"picked":"hexamod:TurnItUp","floor":25.0},{"not_picked":["hexamod:ShieldOfDarkness","hexamod:InspiringFlames"],"picked":"hexamod:ExtraCrispy","floor":25.0},{"not_picked":["hexamod:BacktrackSmack+1","hexamod:ShieldOfDarkness"],"picked":"hexamod:BurningTouch+1","floor":27.0},{"not_picked":["hexamod:DynamicBlow+1","hexamod:RetreatToShadows+1"],"picked":"hexamod:GhostflameBarrier+1","floor":27.0},{"not_picked":["hexamod:GhostflameInferno","hexamod:AdvancingGuard"],"picked":"hexamod:FourthSeal","floor":28.0},{"not_picked":["hexamod:HauntingEcho","hexamod:ShieldOfDarkness+1"],"picked":"hexamod:Incineration","floor":28.0},{"not_picked":["hexamod:HauntingEcho","hexamod:FourthSeal"],"picked":"hexamod:SecondSeal","floor":29.0},{"not_picked":["hexamod:BurningTouch+1","hexamod:HeatMetal"],"picked":"hexamod:PhantomCloak","floor":31.0},{"not_picked":["hexamod:RetreatToShadows+1","hexamod:BurningTouch"],"picked":"hexamod:Hexaguard","floor":31.0},{"not_picked":["hexamod:FastForward","hexamod:SwordOfDarkness"],"picked":"hexamod:SpectersWail","floor":32.0},{"not_picked":["hexamod:NightmareStrike","hexamod:BurningTouch"],"picked":"hexamod:NightmareGuise","floor":32.0},{"not_picked":["hexamod:ParanormalForm","hexamod:TimeOfNeed"],"picked":"hexamod:GiftsFromTheDead","floor":33.0},{"not_picked":["hexamod:WildfireWeapon","hexamod:TurnItUp"],"picked":"hexamod:VolcanoVisage","floor":33.0},{"not_picked":["hexamod:HauntingEcho+1","hexamod:FastForward+1"],"picked":"hexamod:CatchUp","floor":36},{"not_picked":["hexamod:NightmareGuise+1","hexamod:ParanormalForm"],"picked":"hexamod:GhostLash+1","floor":38},{"not_picked":["hexamod:SecondSeal","hexamod:GhostShield"],"picked":"hexamod:RadiantFlame","floor":38},{"not_picked":["hexamod:FirstSeal","hexamod:GhostOfSpireFuture+1"],"picked":"hexamod:HauntingEcho+1","floor":39},{"not_picked":["hexamod:InspiringFlames+1","hexamod:GhostShield+1"],"picked":"hexamod:Incineration","floor":39},{"not_picked":["hexamod:GhostShield+1","hexamod:Hexaguard"],"picked":"hexamod:SpectersWail+1","floor":43},{"not_picked":["hexamod:NightmareStrike","hexamod:CatchUp"],"picked":"hexamod:Hexaguard","floor":43},{"not_picked":["hexamod:PhantomCloak+1","hexamod:FlamesFromBeyond+1"],"picked":"hexamod:SixthSeal","floor":45},{"not_picked":["hexamod:ShieldOfDarkness","hexamod:Incineration+1"],"picked":"hexamod:PhantomCloak","floor":46},{"not_picked":["hexamod:HeatMetal+1","hexamod:FlamesFromBeyond"],"picked":"hexamod:Hexaguard","floor":46},{"not_picked":["hexamod:NightmareStrike+1","hexamod:SwordOfDarkness"],"picked":"hexamod:HeatCrush","floor":47},{"not_picked":["hexamod:FastForward","hexamod:NightmareGuise"],"picked":"hexamod:UnleashSpirits","floor":49},{"not_picked":["hexamod:ThirdSeal","hexamod:BurningTouch+1"],"picked":"hexamod:SpectralAdrenaline","floor":49},{"not_picked":["hexamod:Hexaguard+1","hexamod:SkipABeat"],"picked":"hexamod:RainOfEmbers+1","floor":52},{"not_picked":["hexamod:SearingWound","hexamod:AdvancingGuard+1"],"picked":"hexamod:Incineration+1","floor":52}],"player_experience":394612,"relics_obtained":[{"floor":12.0,"key":"Replay:Bottled Flurry"},{"floor":24.0,"key":"Replay:Bottled Eggs"},{"floor":27.0,"key":"Toy Ornithopter"},{"floor":37,"key":"Gremlin Horn"},{"floor":41,"key":"CeramicFish"},{"floor":43,"key":"ReplayFunnel"},{"floor":52,"key":"Lizard Tail"}],"event_choices":[{"damage_healed":0.0,"max_hp_gain":0.0,"max_hp_loss":0.0,"gold_gain":100.0,"event_name":"Wheel of Change","player_choice":"Gold","floor":14.0,"gold_loss":0.0,"damage_taken":0.0},{"cards_removed":["hexamod:TurnItUp"],"damage_healed":70,"gold_gain":0,"player_choice":"Offered Rare","damage_taken":0,"max_hp_gain":10,"max_hp_loss":0,"event_name":"Bonfire Elementals","floor":48,"gold_loss":0}],"is_beta":false,"boss_relics":[{"not_picked":["Replay:Wanted Poster","Painkiller Herb"],"picked":"hexamod:IceCube"},{"not_picked":["SacredBark","SlaversCollar"],"picked":"Replay:Grab Bag"},{"not_picked":["ReplayTheSpireMod:DimensionalGlitch","Runic Dome"],"picked":"Coffee Dripper"},{"not_picked":["Busted Crown","Fusion Hammer"],"picked":"Replay:Bronze Core"},{"not_picked":["Snecko Eye","Ring of Chaos"],"picked":"Kintsugi"}],"items_purged_floors":[47],"is_endless":false,"potions_floor_spawned":[12,15,16,19,23,27,28,29,32,43,45,46],"killed_by":"downfall:NeowBossFinal","ascension_level":0}}