{"host":"dojadh45vvs5q3bn","time":1612966108,"event":{"mods":["100% Spire Juice","Abigail Mod","Act Like it!","BaseMod","Colored Powertips","Friendly Minions","Gensokyo","Minty Spire (QoL Compilation)","Prisma Mod","StSLib","The Alterego","The Animator","The Senshi"],"gold_per_floor":[113,63,63,15,115,115,140,152,152,152,170,183,183,213,213,312,312,328,328,328],"floor_reached":19,"language":"ENG","playtime":760,"items_purged":[],"score":215,"play_id":"cf64227a-7568-4692-ad17-6d608f5265b7","local_time":"20210210150828","is_ascension_mode":false,"campfire_choices":[{"data":"Moonworks:DeployBits","floor":6.0,"key":"SMITH"},{"floor":10.0,"key":"REST"},{"data":"Moonworks:DeployBits","floor":13.0,"key":"SMITH"},{"floor":15.0,"key":"REST"}],"circlet_count":0,"master_deck":["Moonworks:Strike","Moonworks:Strike","Moonworks:Strike","Moonworks:Defend","Moonworks:Defend","Moonworks:Defend+1","Moonworks:Defend+1","Moonworks:Ambush","Moonworks:LongDistanceShot","Moonworks:DeployBits+1","Moonworks:ImOnFire","Moonworks:ReflectiveShell+1","Moonworks:SakisCookie","Moonworks:AngelHand","Moonworks:DeployBits+1","Moonworks:LeapThroughSpace+1","Moonworks:ForcedRevival"],"relics":["Moonworks:BrokenBomb","Moonworks:Homemark","Frozen Egg 2","SacredBark"],"acts_visited":["Exordium","TheCity"],"potions_floor_usage":[],"damage_taken":[{"damage":1.0,"enemies":"Jaw Worm","floor":1.0,"turns":3.0},{"damage":45.0,"enemies":"Lagavulin","floor":7.0,"turns":8.0},{"damage":0.0,"enemies":"Small Slimes","floor":8.0,"turns":3.0},{"damage":0.0,"enemies":"2 Louse","floor":11.0,"turns":2.0},{"damage":6.0,"enemies":"Lots of Slimes","floor":12.0,"turns":6.0},{"damage":0.0,"enemies":"Slime Boss","floor":16.0,"turns":8.0},{"damage":34,"enemies":"Spheric Guardian","floor":18,"turns":5},{"damage":54,"enemies":"3 Byrds","floor":19,"turns":3}],"seed_played":"-4643980964427647091","potions_obtained":[{"floor":7.0,"key":"BlessingOfTheForge"},{"floor":8.0,"key":"Weak Potion"},{"floor":16.0,"key":"Ancient Potion"}],"is_trial":false,"path_per_floor":["M","?","?","$","?","R","E","M","T","R","M","M","R","?","R","B",null,"M","M"],"character_chosen":"THE_STARBREAKER","items_purchased":["Moonworks:ImOnFire"],"campfire_rested":2,"item_purchase_floors":[4],"current_hp_per_floor":[65,65,52,52,52,52,7,7,7,26,26,20,20,20,39,39,66,32,0,0],"gold":328,"neow_bonus":"TEN_PERCENT_HP_BONUS","is_daily":false,"chose_seed":false,"campfire_upgraded":2,"win_rate":0.0,"timestamp":1612966108,"path_taken":["M","?","?","?","?","R","E","M","T","R","M","?","R","?","R","BOSS","M","M"],"items_purchased_type":["Card"],"build_version":"2020-12-22","purchased_purges":0,"victory":false,"max_hp_per_floor":[66,66,66,66,66,66,66,66,66,66,66,66,66,66,66,66,66,66,66,66],"card_choices":[{"not_picked":["Moonworks:Assault","Moonworks:BigMagnum"],"picked":"Moonworks:DeployBits","floor":1.0},{"not_picked":["Moonworks:TreasureThief","Moonworks:BindingChains"],"picked":"Moonworks:ReflectiveShell+1","floor":7.0},{"not_picked":["Moonworks:SealedMemories","Moonworks:IndiscriminateFireSupport"],"picked":"Moonworks:SakisCookie","floor":8.0},{"not_picked":["Moonworks:BigMagnum","Moonworks:RagingMadness+1"],"picked":"Moonworks:AngelHand","floor":11.0},{"not_picked":["Moonworks:MiracleRedBeanIceCream","Moonworks:ReproductionOfRecords"],"picked":"Moonworks:DeployBits","floor":12.0},{"not_picked":["Moonworks:AccelHyper","Moonworks:Accelerator+1"],"picked":"Moonworks:LeapThroughSpace+1","floor":16.0},{"not_picked":["Moonworks:CloudOfSeagulls+1","Moonworks:IndiscriminateFireSupport"],"picked":"Moonworks:ForcedRevival","floor":18}],"player_experience":428257,"relics_obtained":[{"floor":7.0,"key":"Frozen Egg 2"}],"event_choices":[{"cards_removed":["Moonworks:Strike"],"damage_healed":0.0,"max_hp_gain":0.0,"max_hp_loss":0.0,"gold_gain":0.0,"event_name":"The Cleric","player_choice":"Card Removal","floor":2.0,"gold_loss":50.0,"damage_taken":0.0},{"damage_healed":0.0,"max_hp_gain":0.0,"max_hp_loss":0.0,"gold_gain":0.0,"event_name":"Shining Light","player_choice":"Entered Light","floor":3.0,"gold_loss":0.0,"damage_taken":13.0,"cards_upgraded":["Moonworks:Defend","Moonworks:Defend"]},{"damage_healed":0.0,"max_hp_gain":0.0,"max_hp_loss":0.0,"gold_gain":100.0,"event_name":"Golden Shrine","player_choice":"Pray","floor":5.0,"gold_loss":0.0,"damage_taken":0.0},{"damage_healed":0.0,"max_hp_gain":0.0,"max_hp_loss":0.0,"gold_gain":30.0,"event_name":"Dead Adventurer","player_choice":"Searched \u00272\u0027 times","floor":14.0,"gold_loss":0.0,"damage_taken":0.0}],"is_beta":false,"boss_relics":[{"not_picked":["Pandora\u0027s Box","Busted Crown"],"picked":"SacredBark"}],"items_purged_floors":[],"is_endless":false,"potions_floor_spawned":[7,8,16],"killed_by":"3 Byrds","ascension_level":0}}