{"host":"52lujqhsyicpcskq","time":1612981167,"event":{"mods":["BaseMod","Colored Map","Minty Spire (QoL Compilation)","Permanent Neow","StSLib","SuperFastMode","everything is the same but u backflip on backflip"],"gold_per_floor":[11,22,22,40,54,54,54,54,54,84,98,131,131,141,141,245,245,264,264,278,298,298,298],"floor_reached":22,"language":"KOR","playtime":655,"items_purged":[],"score":317,"play_id":"f75ddc19-65d0-489d-9449-502715c83c6a","local_time":"20210211031927","is_ascension_mode":true,"campfire_choices":[{"data":"Fiend Fire","floor":6,"key":"SMITH"},{"data":"Inflame","floor":8,"key":"SMITH"},{"data":"Bash","floor":15,"key":"SMITH"}],"circlet_count":0,"master_deck":["AscendersBane","Strike_R","Strike_R","Strike_R","Strike_R","Defend_R","Defend_R","Defend_R","Defend_R","Bash+1","Fiend Fire+1","Inflame+1","Headbutt","Sword Boomerang","Power Through","Demon Form","Heavy Blade","Clothesline","Limit Break","Twin Strike","Pummel"],"relics":["Black Blood","Singing Bowl","Matryoshka","Pen Nib","Enchiridion"],"acts_visited":["Exordium","TheCity"],"potions_floor_usage":[10,10,16,21],"damage_taken":[{"damage":0,"enemies":"Cultist","floor":1,"turns":2},{"damage":1,"enemies":"2 Louse","floor":2,"turns":2},{"damage":10,"enemies":"Small Slimes","floor":4,"turns":3},{"damage":10,"enemies":"3 Louse","floor":5,"turns":4},{"damage":20,"enemies":"Lagavulin","floor":10,"turns":3},{"damage":15,"enemies":"Lots of Slimes","floor":11,"turns":5},{"damage":32,"enemies":"Gremlin Nob","floor":12,"turns":4},{"damage":4,"enemies":"Exordium Thugs","floor":14,"turns":4},{"damage":21,"enemies":"Hexaghost","floor":16,"turns":7},{"damage":36,"enemies":"2 Thieves","floor":18,"turns":4},{"damage":0,"enemies":"Chosen","floor":20,"turns":4},{"damage":35,"enemies":"Snake Plant","floor":21,"turns":5},{"damage":0,"enemies":"Shelled Parasite and Fungi","floor":22,"turns":2}],"seed_played":"-1613906842440520477","potions_obtained":[{"floor":1,"key":"ColorlessPotion"},{"floor":2,"key":"LiquidMemories"},{"floor":4,"key":"Swift Potion"},{"floor":10,"key":"ColorlessPotion"},{"floor":16,"key":"Strength Potion"},{"floor":20,"key":"BlessingOfTheForge"}],"is_trial":false,"path_per_floor":["M","M","$","M","M","R","?","R","T","E","M","E","$","M","R","B",null,"M","?","M","M","M"],"character_chosen":"IRONCLAD","items_purchased":[],"campfire_rested":0,"item_purchase_floors":[],"current_hp_per_floor":[78,80,80,76,72,72,72,72,72,60,51,25,25,27,27,12,65,41,25,37,16,16,16],"gold":298,"neow_bonus":"THREE_RARE_CARDS","is_daily":false,"chose_seed":false,"campfire_upgraded":3,"win_rate":0.0,"timestamp":1612981167,"path_taken":["M","M","?","M","M","R","?","R","T","E","?","E","$","M","R","BOSS","M","?","M","M","M"],"items_purchased_type":[],"build_version":"2020-12-22","purchased_purges":0,"victory":false,"max_hp_per_floor":[80,80,80,80,80,80,80,80,80,82,82,82,82,82,82,82,82,82,82,82,84,84,84],"card_choices":[{"not_picked":["Double Tap","Corruption"],"picked":"Fiend Fire","floor":0},{"not_picked":["Flex","Second Wind"],"picked":"Inflame","floor":1},{"not_picked":["Searing Blow","Warcry"],"picked":"Headbutt","floor":2},{"not_picked":["True Grit","Headbutt"],"picked":"Sword Boomerang","floor":4},{"not_picked":["Entrench","Whirlwind"],"picked":"Power Through","floor":5},{"not_picked":["Carnage","Clash","Warcry"],"picked":"Singing Bowl","floor":10},{"not_picked":["Sentinel","Headbutt"],"picked":"Demon Form","floor":11},{"not_picked":["Spot Weakness","Hemokinesis"],"picked":"Heavy Blade","floor":12},{"not_picked":["Anger","Clash"],"picked":"Clothesline","floor":14},{"not_picked":["Offering","Exhume"],"picked":"Limit Break","floor":16},{"not_picked":["Sword Boomerang","Blood for Blood"],"picked":"Twin Strike","floor":18},{"not_picked":["Headbutt+1","Reckless Charge"],"picked":"Pummel","floor":20},{"not_picked":["Warcry","Armaments","Bloodletting"],"picked":"Singing Bowl","floor":21}],"player_experience":778365,"relics_obtained":[{"floor":9,"key":"Singing Bowl"},{"floor":10,"key":"Matryoshka"},{"floor":12,"key":"Pen Nib"},{"floor":19,"key":"Enchiridion"}],"event_choices":[{"cards_removed":["Strike_R"],"damage_healed":0,"gold_gain":0,"player_choice":"Purged","damage_taken":0,"max_hp_gain":0,"max_hp_loss":0,"event_name":"Purifier","floor":7,"gold_loss":0},{"damage_healed":0,"gold_gain":0,"player_choice":"Obtained Book","damage_taken":16,"max_hp_gain":0,"max_hp_loss":0,"event_name":"Cursed Tome","floor":19,"gold_loss":0}],"is_beta":false,"boss_relics":[{"not_picked":["Busted Crown","Coffee Dripper"],"picked":"Black Blood"}],"items_purged_floors":[],"is_endless":false,"potions_floor_spawned":[1,2,4,10,16,20],"killed_by":"Shelled Parasite and Fungi","ascension_level":12}}