{"host":"bz6w3lfmpwgz81o3","time":1612919339,"event":{"mods":["BaseMod","Downfall","Hermit","Minty Spire (QoL Compilation)","StSLib"],"gold_per_floor":[99,110,130,144,46,46,72,86,86,120,132,132,143,153,169,169,169,169],"floor_reached":16,"language":"ENG","playtime":848,"items_purged":[],"score":106,"play_id":"248c3216-8cb4-4550-a40f-4fa6c11d0e4a","local_time":"20210210020859","is_ascension_mode":false,"campfire_choices":[{"data":"bronze:Assembly","floor":1,"key":"SMITH"},{"data":"bronze:Boost","floor":6,"key":"SMITH"}],"circlet_count":0,"master_deck":["bronze:Strike","bronze:Strike","bronze:Defend","bronze:Defend","bronze:Defend","bronze:Defend","bronze:Replicate","bronze:Goto","bronze:Assembly+1","bronze:Branch","bronze:Boost+1","bronze:Iterate","bronze:Separator","bronze:InfiniteBeams","bronze:DigitalCarnage","bronze:Separator","bronze:ChosenStrike","bronze:DelayedGuard","bronze:Return"],"relics":["bronze:BronzeCore","bronze:BottledCode","bronze:DecasWashers"],"acts_visited":["Exordium"],"potions_floor_usage":[11,11,16],"damage_taken":[{"damage":1,"enemies":"Cultist","floor":2,"turns":3},{"damage":9,"enemies":"2 Louse","floor":3,"turns":4},{"damage":3,"enemies":"Jaw Worm","floor":4,"turns":2},{"damage":2,"enemies":"downfall:FleeingMerchant","floor":5,"turns":4},{"damage":3,"enemies":"Large Slime","floor":8,"turns":2},{"damage":5,"enemies":"Lagavulin","floor":10,"turns":4},{"damage":0,"enemies":"Exordium Wildlife","floor":11,"turns":3},{"damage":2,"enemies":"3 Louse","floor":13,"turns":2},{"damage":14,"enemies":"2 Fungi Beasts","floor":14,"turns":3},{"damage":13,"enemies":"Lots of Slimes","floor":15,"turns":4},{"damage":19,"enemies":"DF_ARCHETYPE_STREAMLINE","floor":16,"turns":3}],"seed_played":"-6648018139974557849","potions_obtained":[{"floor":4,"key":"PowerPotion"},{"floor":8,"key":"Swift Potion"},{"floor":10,"key":"EssenceOfSteel"},{"floor":13,"key":"hexamod:SoulburnPotion"},{"floor":14,"key":"Explosive Potion"}],"is_trial":false,"path_per_floor":["R","M","M","M","$","R","T","M","?","E","M","?","M","M","M","B"],"character_chosen":"THE_AUTOMATON","items_purchased":["bronze:Separator","bronze:InfiniteBeams"],"campfire_rested":0,"item_purchase_floors":[5,5],"current_hp_per_floor":[70,69,60,57,55,55,55,52,52,47,47,47,45,31,18,0,0,0],"gold":169,"neow_bonus":"TRANSFORM_CARD","is_daily":false,"chose_seed":false,"campfire_upgraded":2,"win_rate":0.0,"timestamp":1612919339,"path_taken":["R","M","M","M","$","R","T","?","?","E","M","?","M","M","M","BOSS"],"items_purchased_type":["Card","Card"],"build_version":"2020-12-22","purchased_purges":0,"victory":false,"max_hp_per_floor":[70,70,70,70,70,70,70,70,60,60,60,60,60,60,60,60,60,60],"card_choices":[{"not_picked":["bronze:Invalidate","bronze:Repulsor","bronze:Philosophize"],"picked":"SKIP","floor":2},{"not_picked":["bronze:NullPointer","bronze:WildBeam"],"picked":"bronze:Branch","floor":3},{"not_picked":["bronze:Frontload","bronze:Philosophize"],"picked":"bronze:Boost","floor":4},{"not_picked":["bronze:BronzeArmor","bronze:Shell"],"picked":"bronze:Iterate","floor":5},{"not_picked":["bronze:BuggyMess","bronze:Overheat","bronze:BugBarrage"],"picked":"SKIP","floor":8},{"not_picked":["bronze:Overheat","bronze:TinkerersToolbox"],"picked":"bronze:DigitalCarnage","floor":10},{"not_picked":["bronze:DigitalCarnage","bronze:Turbo"],"picked":"bronze:Separator","floor":11},{"not_picked":["bronze:Branch","bronze:Invalidate","bronze:OilSpill"],"picked":"SKIP","floor":13},{"not_picked":["bronze:Separator","bronze:Frontload"],"picked":"bronze:DelayedGuard","floor":14},{"not_picked":["bronze:Safeguard","bronze:WildBeam"],"picked":"bronze:Return","floor":15}],"player_experience":29249,"relics_obtained":[{"floor":10,"key":"bronze:DecasWashers"}],"event_choices":[],"is_beta":false,"boss_relics":[],"items_purged_floors":[],"is_endless":false,"potions_floor_spawned":[4,8,10,13,14],"killed_by":"DF_ARCHETYPE_STREAMLINE","ascension_level":0}}