{"host":"xg4r5pv6chpuampg","time":1612969376,"event":{"mods":["AchievementEnabler","BaseMod","Googly Eyes","Minty Spire (QoL Compilation)"],"gold_per_floor":[118,18,34,34,34,60,60,38,38,58,72,72,87,116,116,212,212,228,143,143,71,101,29,29,41,41,41,41,57,68,68,68,168,168,184,198,213,263,117,117,129,129,129,139,139,139,139,152,152,152,152,152,2,34,34,34],"floor_reached":55,"language":"ENG","playtime":2616,"items_purged":[],"score":675,"play_id":"943c4429-7ed8-4f44-a179-9d8e5c4d9c4e","local_time":"20210210180256","is_ascension_mode":false,"campfire_choices":[{"floor":15,"key":"REST"},{"floor":28,"key":"RECALL"},{"data":"Buffer","floor":32,"key":"SMITH"},{"data":"Storm","floor":40,"key":"SMITH"},{"data":"Redo","floor":42,"key":"SMITH"},{"floor":46,"key":"REST"},{"floor":49,"key":"REST"},{"data":"Loop","floor":52,"key":"SMITH"}],"circlet_count":0,"master_deck":["Strike_B","Defend_B","Defend_B","Defend_B","Defend_B","Zap","Dualcast","Ball Lightning","Storm+1","Redo+1","Rebound","Genetic Algorithm","Gash","Static Discharge","Gash+1","Glacier+1","Buffer+1","Lockon","Loop+1","Force Field+1","Defragment","Barrage+1","Streamline+1","FTL","Heatsinks","White Noise+1","Redo+1"],"relics":["Cracked Core","NeowsBlessing","Torii","Toxic Egg 2","Bird Faced Urn","Pantograph","Whetstone","Busted Crown","Mercury Hourglass","Red Mask","Ginger","SacredBark","WingedGreaves","Sling","Ornamental Fan","Art of War"],"acts_visited":["Exordium","TheCity","TheBeyond","TheEnding"],"potions_floor_usage":[6,29,50,50],"damage_taken":[{"damage":0,"enemies":"2 Louse","floor":1,"turns":1},{"damage":0,"enemies":"Jaw Worm","floor":3,"turns":1},{"damage":0,"enemies":"Lagavulin","floor":6,"turns":1},{"damage":1,"enemies":"Cultist","floor":10,"turns":4},{"damage":8,"enemies":"Blue Slaver","floor":11,"turns":3},{"damage":17,"enemies":"Large Slime","floor":13,"turns":5},{"damage":34,"enemies":"Gremlin Nob","floor":14,"turns":5},{"damage":43,"enemies":"Hexaghost","floor":16,"turns":9},{"damage":7,"enemies":"Shell Parasite","floor":18,"turns":7},{"damage":22,"enemies":"Masked Bandits","floor":22,"turns":4},{"damage":18,"enemies":"2 Thieves","floor":25,"turns":4},{"damage":6,"enemies":"Centurion and Healer","floor":29,"turns":9},{"damage":7,"enemies":"Snake Plant","floor":30,"turns":5},{"damage":70,"enemies":"Automaton","floor":33,"turns":13},{"damage":24,"enemies":"3 Shapes","floor":35,"turns":4},{"damage":8,"enemies":"Orb Walker","floor":36,"turns":4},{"damage":3,"enemies":"Writhing Mass","floor":37,"turns":5},{"damage":17,"enemies":"Mind Bloom Boss Battle","floor":38,"turns":8},{"damage":17,"enemies":"Jaw Worm Horde","floor":41,"turns":4},{"damage":33,"enemies":"Spire Growth","floor":44,"turns":4},{"damage":3,"enemies":"4 Shapes","floor":48,"turns":4},{"damage":71,"enemies":"Time Eater","floor":50,"turns":11},{"damage":94,"enemies":"Shield and Spear","floor":54,"turns":6},{"damage":86,"enemies":"The Heart","floor":55,"turns":6}],"seed_played":"8732038137509909172","potions_obtained":[{"floor":6,"key":"Fruit Juice"},{"floor":11,"key":"Weak Potion"},{"floor":16,"key":"FairyPotion"},{"floor":18,"key":"Fire Potion"},{"floor":33,"key":"BlessingOfTheForge"},{"floor":35,"key":"LiquidMemories"},{"floor":44,"key":"DuplicationPotion"}],"is_trial":false,"path_per_floor":["M","$","M","?","?","E","T","$","T","M","M","?","M","E","R","B",null,"M","?","?","$","?","$","?","M","T","$","R","M","M","?","R","B",null,"M","M","M","?","$","R","M","R","T","M","?","R","T","M","R","B",null,"R","$","E","B"],"character_chosen":"DEFECT","items_purchased":["Storm","Redo","Gash","Loop","Defragment","Sling","Heatsinks","White Noise+1"],"campfire_rested":3,"item_purchase_floors":[2,2,8,21,23,39,53,53],"current_hp_per_floor":[75,75,75,68,73,78,78,78,78,79,73,73,60,30,55,41,85,84,84,84,84,66,66,66,58,58,58,58,62,63,63,63,17,85,67,65,72,76,76,76,69,69,69,44,44,69,69,74,85,16,85,85,85,51,0,0],"gold":34,"neow_bonus":"THREE_ENEMY_KILL","is_daily":false,"chose_seed":false,"campfire_upgraded":4,"win_rate":0.0,"timestamp":1612969376,"path_taken":["M","$","M","?","?","E","?","$","T","?","M","?","?","E","R","BOSS","M","?","?","$","?","$","?","M","T","?","R","M","?","?","R","BOSS","M","M","?","?","?","R","?","R","T","M","?","R","?","?","R","BOSS","R","$","E","BOSS"],"items_purchased_type":["Card","Card","Card","Card","Card","Relic","Card","Card"],"build_version":"2020-12-22","purchased_purges":0,"victory":false,"max_hp_per_floor":[75,75,75,75,80,85,85,85,85,85,85,85,85,85,85,85,85,85,85,85,85,85,85,85,85,85,85,85,85,85,85,85,85,85,85,85,85,85,85,85,85,85,85,85,85,85,85,85,85,85,85,85,85,85,85,85],"card_choices":[{"not_picked":["Undo","Compile Driver"],"picked":"Ball Lightning","floor":1},{"not_picked":["Redo","Gash"],"picked":"Rebound","floor":3},{"not_picked":["Go for the Eyes","Undo"],"picked":"Genetic Algorithm","floor":6},{"not_picked":["Turbo+1","Beam Cell","Steam+1"],"picked":"SKIP","floor":10},{"not_picked":["Coolheaded+1","Steam+1"],"picked":"Static Discharge","floor":11},{"not_picked":["Go for the Eyes","Stack+1"],"picked":"Gash","floor":13},{"not_picked":["Blizzard","Chill+1"],"picked":"Glacier+1","floor":14},{"not_picked":["All For One","Fission+1"],"picked":"Buffer","floor":16},{"not_picked":[],"picked":"Lockon","floor":18},{"not_picked":[],"picked":"Force Field+1","floor":22},{"not_picked":["Beam Cell"],"picked":"SKIP","floor":25},{"not_picked":["Beam Cell"],"picked":"SKIP","floor":29},{"not_picked":["Go for the Eyes"],"picked":"SKIP","floor":30},{"not_picked":[],"picked":"Barrage+1","floor":35},{"not_picked":[],"picked":"Streamline+1","floor":36},{"not_picked":["Barrage+1"],"picked":"SKIP","floor":37},{"not_picked":["Streamline"],"picked":"SKIP","floor":41},{"not_picked":[],"picked":"FTL","floor":44},{"not_picked":["Coolheaded+1"],"picked":"SKIP","floor":48},{"not_picked":[],"picked":"Redo+1","floor":54}],"player_experience":103870,"relics_obtained":[{"floor":6,"key":"Torii"},{"floor":7,"key":"Toxic Egg 2"},{"floor":9,"key":"Bird Faced Urn"},{"floor":14,"key":"Whetstone"},{"floor":22,"key":"Red Mask"},{"floor":26,"key":"Ginger"},{"floor":38,"key":"WingedGreaves"},{"floor":47,"key":"Ornamental Fan"},{"floor":54,"key":"Art of War"}],"event_choices":[{"cards_removed":["Strike_B"],"damage_healed":0,"gold_gain":0,"player_choice":"Card Removal","damage_taken":7,"max_hp_gain":0,"max_hp_loss":0,"event_name":"Golden Wing","floor":4,"gold_loss":0},{"damage_healed":0,"gold_gain":0,"player_choice":"Donut","damage_taken":0,"max_hp_gain":5,"max_hp_loss":0,"event_name":"Big Fish","floor":5,"gold_loss":0},{"damage_healed":0,"gold_gain":0,"player_choice":"Gave Potion","damage_taken":0,"relics_obtained":["Pantograph"],"max_hp_gain":0,"max_hp_loss":0,"event_name":"WeMeetAgain","floor":12,"gold_loss":0},{"damage_healed":0,"gold_gain":0,"player_choice":"Obtained Relic","damage_taken":0,"relics_obtained":["Mercury Hourglass"],"max_hp_gain":0,"max_hp_loss":0,"event_name":"Addict","floor":19,"gold_loss":85},{"damage_healed":0,"gold_gain":0,"player_choice":"Ignored","damage_taken":0,"max_hp_gain":0,"max_hp_loss":0,"event_name":"Ghosts","floor":20,"gold_loss":0},{"damage_healed":0,"gold_gain":0,"player_choice":"Fought Bandits","damage_taken":0,"max_hp_gain":0,"max_hp_loss":0,"event_name":"Masked Bandits","floor":22,"gold_loss":0},{"damage_healed":0,"gold_gain":0,"player_choice":"Ignored","damage_taken":0,"max_hp_gain":0,"max_hp_loss":0,"event_name":"Cursed Tome","floor":24,"gold_loss":0},{"cards_removed":["Strike_B"],"damage_healed":0,"gold_gain":0,"player_choice":"Purged","damage_taken":0,"max_hp_gain":0,"max_hp_loss":0,"event_name":"Purifier","floor":31,"gold_loss":0},{"damage_healed":0,"gold_gain":0,"player_choice":"Fight","damage_taken":0,"max_hp_gain":0,"max_hp_loss":0,"event_name":"MindBloom","floor":38,"gold_loss":0},{"cards_removed":["Strike_B"],"damage_healed":0,"gold_gain":0,"player_choice":"Removed Attack","damage_taken":0,"max_hp_gain":0,"max_hp_loss":0,"event_name":"Falling","floor":45,"gold_loss":0}],"is_beta":false,"boss_relics":[{"not_picked":["Sozu","Pandora\u0027s Box"],"picked":"Busted Crown"},{"not_picked":["Tiny House","Calling Bell"],"picked":"SacredBark"}],"items_purged_floors":[],"is_endless":false,"potions_floor_spawned":[6,11,16,18,33,35,36,38,44],"killed_by":"The Heart","ascension_level":0}}