{"host":"Alvar","time":1612974065,"event":{"mods":["AchievementEnabler","BaseMod","Minty Spire (QoL Compilation)","StSLib"],"gold_per_floor":[112,112,130,148,118,150,150,165,165,179,13,13,28,58,58,137,137,156,156,156,156,198,198,198,198],"floor_reached":24,"language":"ENG","playtime":965,"items_purged":[],"score":450,"play_id":"0ed671e6-de80-4011-b4f8-b0a21f09c8d7","local_time":"20210210232105","is_ascension_mode":true,"campfire_choices":[{"data":"TalkToTheHand","floor":7.0,"key":"SMITH"},{"floor":12.0,"key":"REST"},{"floor":15,"key":"REST"},{"floor":23,"key":"REST"}],"circlet_count":0,"master_deck":["AscendersBane","Strike_P","Strike_P+1","Strike_P","Strike_P+1","Defend_P","Defend_P","Defend_P","Defend_P","Eruption","Vigilance","Vault","FlurryOfBlows","CutThroughFate","WheelKick","TalkToTheHand+1","Wireheading","FollowUp","Consecrate","FlurryOfBlows","MentalFortress","Wish","WaveOfTheHand","Ghostly","Ghostly","Ghostly","RitualDagger","EmptyBody","SandsOfTime"],"relics":["PureWater","Dream Catcher","Shuriken","Bag of Preparation","Ice Cream","SlaversCollar"],"acts_visited":["Exordium","TheCity"],"potions_floor_usage":[16],"damage_taken":[{"damage":0.0,"enemies":"2 Louse","floor":1.0,"turns":3.0},{"damage":5.0,"enemies":"Cultist","floor":3.0,"turns":6.0},{"damage":3.0,"enemies":"Small Slimes","floor":4.0,"turns":3.0},{"damage":26.0,"enemies":"3 Sentries","floor":6.0,"turns":7.0},{"damage":10.0,"enemies":"3 Louse","floor":8.0,"turns":4.0},{"damage":0.0,"enemies":"Large Slime","floor":10.0,"turns":2.0},{"damage":17.0,"enemies":"Gremlin Gang","floor":13.0,"turns":4.0},{"damage":0,"enemies":"Gremlin Nob","floor":14,"turns":3},{"damage":34,"enemies":"The Guardian","floor":16,"turns":11},{"damage":24,"enemies":"Spheric Guardian","floor":18,"turns":6},{"damage":14,"enemies":"Shell Parasite","floor":22,"turns":7},{"damage":39,"enemies":"Book of Stabbing","floor":24,"turns":4}],"seed_played":"-2881930032713210033","potions_obtained":[{"floor":1.0,"key":"SneckoOil"},{"floor":4.0,"key":"SmokeBomb"},{"floor":5.0,"key":"ColorlessPotion"},{"floor":5.0,"key":"Regen Potion"},{"floor":10.0,"key":"Block Potion"},{"floor":16,"key":"Dexterity Potion"}],"is_trial":false,"path_per_floor":["M","?","M","M","?","E","R","M","T","M","$","R","M","E","R","B",null,"M","?","?","?","M","R","E"],"character_chosen":"WATCHER","items_purchased":["Bag of Preparation"],"campfire_rested":3,"item_purchase_floors":[11],"current_hp_per_floor":[61,41,36,33,33,22,22,12,12,12,12,32,15,15,35,1,51,27,27,21,21,7,17,0,0],"gold":198,"neow_bonus":"ONE_RANDOM_RARE_CARD","is_daily":false,"chose_seed":false,"campfire_upgraded":1,"win_rate":0.0,"timestamp":1612974065,"path_taken":["M","?","M","M","?","E","R","M","T","?","$","R","M","E","R","BOSS","M","?","?","?","M","R","E"],"items_purchased_type":["Relic"],"build_version":"2020-12-18","purchased_purges":0,"victory":false,"max_hp_per_floor":[68,68,68,68,68,68,68,68,68,68,68,68,68,68,68,68,68,68,34,34,34,34,34,34,34],"card_choices":[{"not_picked":["WaveOfTheHand","EmptyBody"],"picked":"FlurryOfBlows","floor":1.0},{"not_picked":["LikeWater","Protect"],"picked":"CutThroughFate","floor":3.0},{"not_picked":["BowlingBash","PathToVictory"],"picked":"WheelKick","floor":4.0},{"not_picked":["Wireheading","Sanctity"],"picked":"TalkToTheHand","floor":6.0},{"not_picked":["WheelKick","ThirdEye"],"picked":"Wireheading","floor":8.0},{"not_picked":["Protect","EmptyBody"],"picked":"FollowUp","floor":10.0},{"not_picked":["Protect","EmptyFist"],"picked":"Consecrate","floor":12.0},{"not_picked":["WindmillStrike","Study","Collect"],"picked":"SKIP","floor":13.0},{"not_picked":["Consecrate","ThirdEye"],"picked":"FlurryOfBlows","floor":14},{"not_picked":["JustLucky","Prostrate"],"picked":"MentalFortress","floor":15},{"not_picked":["Establishment","DeusExMachina"],"picked":"Wish","floor":16},{"not_picked":["EmptyBody","Weave"],"picked":"WaveOfTheHand","floor":18},{"not_picked":["ReachHeaven","FlurryOfBlows"],"picked":"EmptyBody","floor":22},{"not_picked":["Protect","CarveReality+1"],"picked":"SandsOfTime","floor":23}],"player_experience":810108,"relics_obtained":[{"floor":6.0,"key":"Dream Catcher"},{"floor":9.0,"key":"Shuriken"},{"floor":14,"key":"Ice Cream"}],"event_choices":[{"damage_healed":0.0,"max_hp_gain":0.0,"max_hp_loss":0.0,"gold_gain":0.0,"event_name":"Shining Light","player_choice":"Entered Light","floor":2.0,"gold_loss":0.0,"damage_taken":20.0,"cards_upgraded":["Strike_P","Strike_P"]},{"damage_healed":0.0,"max_hp_gain":0.0,"max_hp_loss":0.0,"gold_gain":0.0,"event_name":"The Woman in Blue","player_choice":"Bought 2 Potions","floor":5.0,"gold_loss":0.0,"damage_taken":0.0},{"damage_healed":0,"gold_gain":0,"player_choice":"Became a Ghost","damage_taken":0,"max_hp_gain":0,"max_hp_loss":34,"event_name":"Ghosts","floor":19,"gold_loss":0,"cards_obtained":["Ghostly","Ghostly","Ghostly"]},{"damage_healed":0,"gold_gain":0,"player_choice":"Joined the Cult","damage_taken":6,"max_hp_gain":0,"max_hp_loss":0,"event_name":"Nest","floor":20,"gold_loss":0,"cards_obtained":["RitualDagger"]},{"damage_healed":0,"gold_gain":0,"player_choice":"0 cards matched","damage_taken":0,"max_hp_gain":0,"max_hp_loss":0,"event_name":"Match and Keep!","floor":21,"gold_loss":0,"cards_obtained":[]}],"is_beta":true,"boss_relics":[{"not_picked":["Runic Dome","Philosopher\u0027s Stone"],"picked":"SlaversCollar"}],"items_purged_floors":[],"is_endless":false,"potions_floor_spawned":[1,4,10,16],"killed_by":"Book of Stabbing","ascension_level":19}}