{"host":"gzsdmyo07u314vug","time":1612973804,"event":{"mods":["2.2 Compatiblity","Astrologer","BaseMod","Colored Powertips","GifTheSpireLib","Gremlin Mod","Hermit","Jorbs\u0027s Wanderer Trilogy","Minty Spire (QoL Compilation)","Quick Restart","Rare Cards Sparkle","Relic Stats","Replay The Spire","Robot Space Explorer","Shop Mod","StSLib","The Bladedancer","The Bug Knight","The Construct","The Cursed","The Elementalist","The Hierophant","The IronCluck","The Marked","The Necromancer","The Runesmith","The Servant 0.9.4","Unceasing Turn Reminder","everything is the same but u backflip on backflip","slay the spire mod where everything is the same but ironclad has a cowboy hat"],"gold_per_floor":[212,212,59,74,93,93,122,122,122,122,132,142,67,129,129,230,230,247,247,444,457,127,127,142,17,17,30,47,47,47,58,58,160,160,178,178,28,28,45,45,45],"floor_reached":40,"language":"ENG","playtime":4203,"items_purged":["HollowMod:NailStrikeStart","HollowMod:NailStrikeStart","HollowMod:NailStrikeStart","HollowMod:QuickDashStart"],"score":556,"play_id":"402f0f20-5252-4d3f-bae9-a78e0f862232","local_time":"20210210131644","is_ascension_mode":true,"campfire_choices":[{"data":"HollowMod:HerrahsAnger","floor":6,"key":"SMITH"},{"data":"HollowMod:CornifersMapStart","floor":8,"key":"SMITH"},{"data":"HollowMod:PogoStrike","floor":10,"key":"SMITH"},{"data":"HollowMod:CycloneSlash","floor":15,"key":"SMITH"},{"data":"HollowMod:MidwifesHunger","floor":23,"key":"SMITH"},{"data":"Impatience","floor":30,"key":"SMITH"},{"floor":32,"key":"REST"}],"circlet_count":0,"master_deck":["HollowMod:QuickDashStart","HollowMod:QuickDashStart","HollowMod:QuickDashStart","HollowMod:FocusHealStart+1","HollowMod:PogoStrike+1","HollowMod:LifebloodCocoon+1","HollowMod:PogoStrike","HollowMod:HerrahsAnger+1","HollowMod:CornifersMapStart+1","HollowMod:CornifersMapStart","HollowMod:CycloneSlash+1","HollowMod:theNailsmith","AbeCurse","HollowMod:PureVessel","HollowMod:MidwifesHunger+1","Impatience+1","HollowMod:DoubleDash+1","HollowMod:NewLittleFool","HollowMod:SoulMaster","HollowMod:ZotesMagnificence","HollowMod:QuirrelsAssistance","HollowMod:MawleksShell+1"],"relics":["HollowMod:VesselMask","DollysMirror","Sundial","Oddly Smooth Stone","Question Card","Abe\u0027s Treasure","Nunchaku","Runic Pyramid"],"acts_visited":["Exordium","TheCity","TheBeyond"],"potions_floor_usage":[14,18,24,28,35],"damage_taken":[{"damage":6,"enemies":"2 Louse","floor":1,"turns":4},{"damage":6,"enemies":"Jaw Worm","floor":4,"turns":5},{"damage":0,"enemies":"Small Slimes","floor":5,"turns":5},{"damage":0,"enemies":"HollowMod:MossKnight","floor":7,"turns":11},{"damage":1,"enemies":"3 Louse","floor":11,"turns":4},{"damage":9,"enemies":"Blue Slaver","floor":12,"turns":4},{"damage":2,"enemies":"3 Sentries","floor":14,"turns":10},{"damage":0,"enemies":"HollowMod:FalseKnight","floor":16,"turns":8},{"damage":20,"enemies":"2 Thieves","floor":18,"turns":4},{"damage":6,"enemies":"Shell Parasite","floor":21,"turns":5},{"damage":8,"enemies":"Shelled Parasite and Fungi","floor":24,"turns":6},{"damage":7,"enemies":"Centurion and Healer","floor":27,"turns":10},{"damage":29,"enemies":"Cultist and Chosen","floor":28,"turns":9},{"damage":39,"enemies":"Snecko","floor":31,"turns":10},{"damage":3,"enemies":"Automaton","floor":33,"turns":7},{"damage":0,"enemies":"Orb Walker","floor":35,"turns":4},{"damage":5,"enemies":"3 Shapes","floor":36,"turns":4},{"damage":69,"enemies":"Writhing Mass","floor":39,"turns":10},{"damage":29,"enemies":"Nemesis","floor":40,"turns":2}],"seed_played":"-5531009276932273981","potions_obtained":[{"floor":5,"key":"DistilledChaos"},{"floor":12,"key":"EssenceOfSteel"},{"floor":16,"key":"LifebloodPotion"},{"floor":18,"key":"LiquidMemories"},{"floor":28,"key":"Elixir"},{"floor":31,"key":"Elixir"},{"floor":33,"key":"SkillPotion"},{"floor":35,"key":"SpeedPotion"},{"floor":39,"key":"CultistPotion"}],"is_trial":false,"path_per_floor":["M","?","$","M","M","R","E","R","T","R","M","M","$","?","R","B",null,"M","?","?","M","$","R","M","$","T","M","M","$","R","M","R","B",null,"M","M","$","?","M","E"],"character_chosen":"THE_BUGKNIGHT","items_purchased":["DollysMirror","HollowMod:MidwifesHunger","Impatience"],"campfire_rested":1,"item_purchase_floors":[3,22,22],"current_hp_per_floor":[75,60,60,64,70,70,75,75,75,75,74,71,71,75,75,75,75,61,61,43,43,43,43,47,47,47,52,35,35,35,2,24,33,75,75,75,75,75,18,0,0],"gold":45,"neow_bonus":"HUNDRED_GOLD","is_daily":false,"chose_seed":false,"campfire_upgraded":6,"win_rate":0.0,"timestamp":1612973804,"path_taken":["M","?","$","M","M","R","E","R","T","R","M","M","$","?","R","BOSS","M","?","?","M","$","R","M","$","T","M","M","?","R","M","R","BOSS","M","M","$","?","M","E"],"items_purchased_type":["Relic","Card","Card"],"build_version":"2020-12-22","purchased_purges":4,"victory":false,"max_hp_per_floor":[75,75,75,75,75,75,75,75,75,75,75,75,75,75,75,75,75,75,75,75,75,75,75,75,75,75,75,75,75,75,75,75,75,75,75,75,75,75,75,75,75],"relic_stats":{"Nunchaku":[18],"counters":[19,122],"Sundial":[42],"Question Card":12,"obtain_stats":[{"Nunchaku":26,"DollysMirror":3,"Sundial":7,"Oddly Smooth Stone":9,"HollowMod:VesselMask":0,"Question Card":14,"Abe\u0027s Treasure":17,"Runic Pyramid":34},{"Nunchaku":11,"DollysMirror":1,"Sundial":4,"Oddly Smooth Stone":4,"HollowMod:VesselMask":0,"Question Card":7,"Abe\u0027s Treasure":8,"Runic Pyramid":15},{"Nunchaku":66,"DollysMirror":4,"Sundial":25,"Oddly Smooth Stone":25,"HollowMod:VesselMask":0,"Question Card":43,"Abe\u0027s Treasure":51,"Runic Pyramid":102}]},"card_choices":[{"not_picked":["HollowMod:DoubleDash","HollowMod:SiblingsSouls"],"picked":"HollowMod:LifebloodCocoon","floor":1},{"not_picked":["HollowMod:ChannelNail","HollowMod:InfectedCysts"],"picked":"HollowMod:HerrahsAnger","floor":4},{"not_picked":["HollowMod:NewJinnsSoul","HollowMod:SharpenedShadows"],"picked":"HollowMod:CornifersMapStart","floor":5},{"not_picked":["HollowMod:HerrahsAnger","HollowMod:InfectedCysts","HollowMod:RecoilStrike"],"picked":"SKIP","floor":7},{"not_picked":["HollowMod:FastStrike","HollowMod:InfectedAttack"],"picked":"HollowMod:CornifersMapStart","floor":11},{"not_picked":["HollowMod:WraithStrike","HollowMod:NewJinnsSoul","HollowMod:VengefulSpirit"],"picked":"SKIP","floor":12},{"not_picked":["HollowMod:InfectedCysts","HollowMod:HeavyBlow"],"picked":"HollowMod:CycloneSlash","floor":14},{"not_picked":["HollowMod:LifebloodCore","HollowMod:LordofShades","HollowMod:NewInfectedGuardian"],"picked":"HollowMod:theNailsmith","floor":16},{"not_picked":["HollowMod:MothsMistake","HollowMod:CornifersMapStart","HollowMod:HeavyBlow","HollowMod:GreatSlash+1"],"picked":"SKIP","floor":18},{"not_picked":["HollowMod:HowlingWraiths","HollowMod:LuriensSpire","HollowMod:NewGlowingWomb"],"picked":"HollowMod:PureVessel","floor":21},{"not_picked":["HollowMod:SoulEater+1","HollowMod:SoulStrike","HollowMod:ChannelNail"],"picked":"HollowMod:DoubleDash+1","floor":24},{"not_picked":["HollowMod:DungDefenderAura","HollowMod:RecoilStrike","HollowMod:MonomonsArchive+1","HollowMod:NewJinnsSoul+1"],"picked":"SKIP","floor":27},{"not_picked":["HollowMod:DashSlash+1","HollowMod:ShadowDash","HollowMod:SharpenedNail+1"],"picked":"HollowMod:NewLittleFool","floor":28},{"not_picked":["HollowMod:GrimmsGift+1","HollowMod:CrystalDash","HollowMod:AbyssShriek"],"picked":"HollowMod:SoulMaster","floor":31},{"not_picked":["HollowMod:PaleKingsBlessing","HollowMod:MidwifesHunger","HollowMod:Hiveblood"],"picked":"HollowMod:ZotesMagnificence","floor":33},{"not_picked":["HollowMod:WraithStrike","HollowMod:InfectedAttack+1","HollowMod:SharpenedShadows+1"],"picked":"HollowMod:QuirrelsAssistance","floor":35},{"not_picked":["HollowMod:TaintedHusks+1","HollowMod:DescendingDark+1","HollowMod:SiblingsSouls","HollowMod:SharpenedNail+1"],"picked":"SKIP","floor":36},{"not_picked":["HollowMod:ChannelNail+1","HollowMod:VengefulSpirit","HollowMod:DashSlash"],"picked":"HollowMod:MawleksShell+1","floor":39}],"player_experience":848121,"relics_obtained":[{"floor":7,"key":"Sundial"},{"floor":9,"key":"Oddly Smooth Stone"},{"floor":14,"key":"Question Card"},{"floor":26,"key":"Nunchaku"}],"event_choices":[{"damage_healed":0,"gold_gain":0,"player_choice":"Entered Light","damage_taken":15,"max_hp_gain":0,"max_hp_loss":0,"event_name":"Shining Light","floor":2,"gold_loss":0,"cards_upgraded":["HollowMod:FocusHealStart","HollowMod:LifebloodCocoon"]},{"damage_healed":0,"gold_gain":0,"player_choice":"Searched \u00272\u0027 times","damage_taken":0,"max_hp_gain":0,"max_hp_loss":0,"event_name":"Dead Adventurer","floor":14,"gold_loss":0},{"cards_removed":["HollowMod:NailStrikeStart"],"damage_healed":0,"gold_gain":0,"player_choice":"Elegance","damage_taken":0,"max_hp_gain":0,"max_hp_loss":0,"event_name":"Back to Basics","floor":19,"gold_loss":0}],"is_beta":false,"boss_relics":[{"not_picked":["Black Star","construct:WeddingRing"],"picked":"Abe\u0027s Treasure"},{"not_picked":["Cursed Key","Kintsugi"],"picked":"Runic Pyramid"}],"items_purged_floors":[13,22,25,37],"is_endless":false,"potions_floor_spawned":[5,12,16,18,28,31,33,35,39],"killed_by":"Nemesis","ascension_level":4}}