{"host":"kqjncq1jgqa58i7s","time":1612949824,"event":{"mods":["AchievementEnabler","BaseMod","Colored Map","Minty Spire (QoL Compilation)","Relic Stats"],"gold_per_floor":[112,112,130,141,66,66,101,112,136,36,56,56,74,74,74,145,145,155,28,28,78,91,91,111,111,162,162,191,191,191,208,208,280,280,293,306,15,30,30,30,30,30,30,30,63,63,77,91,91,91,91],"floor_reached":50,"language":"ENG","playtime":6058,"items_purged":["Pain","Devotion","Eruption"],"score":1030,"play_id":"3159ccf3-6d9a-4795-b5ea-ee405063cbbd","local_time":"20210210103704","is_ascension_mode":true,"campfire_choices":[{"floor":6.0,"key":"REST"},{"data":"Wireheading","floor":12.0,"key":"SMITH"},{"data":"Nirvana","floor":15.0,"key":"SMITH"},{"data":"Nirvana","floor":23.0,"key":"SMITH"},{"data":"Scrawl","floor":25.0,"key":"SMITH"},{"data":"SpiritShield","floor":29.0,"key":"SMITH"},{"floor":32.0,"key":"REST"},{"floor":40.0,"key":"REST"},{"data":"Omniscience","floor":42.0,"key":"SMITH"},{"floor":44.0,"key":"REST"},{"data":"TalkToTheHand","floor":46.0,"key":"SMITH"},{"floor":49.0,"key":"REST"}],"circlet_count":0,"master_deck":["AscendersBane","Nirvana+1","SpiritShield+1","InnerPeace","Protect","Establishment","Nirvana+1","Vengeance","WheelKick","CutThroughFate","JustLucky","Wireheading+1","CutThroughFate","Scrawl+1","DeceiveReality","Weave","ThirdEye","ClearTheMind","Perseverance","CutThroughFate","Omniscience+1","TalkToTheHand+1","Indignation","Wireheading","Adaptation"],"relics":["Pandora\u0027s Box","WarpedTongs","Ancient Tea Set","Omamori","Sozu","Strawberry","Orichalcum","InkBottle","Runic Pyramid","Turnip","Potion Belt"],"acts_visited":["Exordium","TheCity","TheBeyond"],"potions_floor_usage":[50],"damage_taken":[{"damage":10.0,"enemies":"Small Slimes","floor":1.0,"turns":6.0},{"damage":15.0,"enemies":"Cultist","floor":3.0,"turns":3.0},{"damage":15.0,"enemies":"Jaw Worm","floor":4.0,"turns":4.0},{"damage":0.0,"enemies":"Gremlin Nob","floor":7.0,"turns":3.0},{"damage":6.0,"enemies":"Exordium Thugs","floor":8.0,"turns":4.0},{"damage":0.0,"enemies":"Large Slime","floor":11.0,"turns":6.0},{"damage":10.0,"enemies":"Blue Slaver","floor":13.0,"turns":4.0},{"damage":15.0,"enemies":"Hexaghost","floor":16.0,"turns":10.0},{"damage":0.0,"enemies":"Chosen","floor":18.0,"turns":5.0},{"damage":14.0,"enemies":"Shell Parasite","floor":22.0,"turns":4.0},{"damage":0.0,"enemies":"Shelled Parasite and Fungi","floor":24.0,"turns":3.0},{"damage":24.0,"enemies":"Slavers","floor":28.0,"turns":10.0},{"damage":13.0,"enemies":"3 Cultists","floor":31.0,"turns":7.0},{"damage":6.0,"enemies":"Collector","floor":33.0,"turns":11.0},{"damage":0.0,"enemies":"3 Shapes","floor":35.0,"turns":5.0},{"damage":6.0,"enemies":"3 Darklings","floor":36.0,"turns":6.0},{"damage":39.0,"enemies":"Jaw Worm Horde","floor":38.0,"turns":6.0},{"damage":6.0,"enemies":"Nemesis","floor":45.0,"turns":9.0},{"damage":10.0,"enemies":"Spire Growth","floor":47.0,"turns":6.0},{"damage":15.0,"enemies":"Transient","floor":48.0,"turns":6.0},{"damage":54,"enemies":"Awakened One","floor":50,"turns":3}],"seed_played":"-7586147718829277118","potions_obtained":[{"floor":1.0,"key":"AttackPotion"},{"floor":3.0,"key":"PowerPotion"},{"floor":8.0,"key":"LiquidBronze"}],"is_trial":false,"path_per_floor":["M","?","M","M","$","R","E","M","T","$","M","R","M","$","R","B",null,"M","$","?","?","M","R","M","R","T","?","E","R","T","M","R","B",null,"M","M","$","M","?","R","$","R","T","R","E","R","M","M","R","B"],"character_chosen":"WATCHER","items_purchased":["Weave","ThirdEye","Indignation","Wireheading"],"campfire_rested":5,"item_purchase_floors":[19,19,37,37],"current_hp_per_floor":[51,51,36,21,21,41,41,35,35,35,35,35,25,25,25,10,54,54,54,54,54,40,40,40,40,47,47,23,23,23,10,32,26,63,63,57,57,18,18,40,40,40,40,62,56,56,46,31,53,0,0],"gold":91,"neow_bonus":"BOSS_RELIC","is_daily":false,"chose_seed":false,"campfire_upgraded":7,"win_rate":0.0,"timestamp":1612949824,"path_taken":["M","?","M","M","$","R","E","M","T","$","?","R","M","?","R","BOSS","M","$","?","?","?","R","M","R","T","?","E","R","?","?","R","BOSS","M","M","$","M","?","R","?","R","T","R","E","R","M","M","R","BOSS"],"items_purchased_type":["Card","Card","Card","Card"],"build_version":"2020-12-22","purchased_purges":3,"victory":false,"max_hp_per_floor":[68,68,68,68,68,68,68,68,68,68,68,68,68,68,68,68,68,68,68,68,68,68,68,68,68,75,75,75,75,75,75,75,75,75,75,75,75,75,75,75,75,75,75,75,75,75,75,75,75,75,75],"relic_stats":{"Sozu":6,"counters":[21,121],"Pandora\u0027s Box":["Nirvana","SpiritShield","InnerPeace","Protect","Establishment","Nirvana","Vengeance","Devotion"],"Turnip":[0],"Orichalcum":[18],"obtain_stats":[{"Sozu":17,"Potion Belt":45,"Strawberry":26,"Pandora\u0027s Box":0,"Turnip":43,"Omamori":9,"PureWater":0,"Orichalcum":28,"Ancient Tea Set":7,"InkBottle":30,"WarpedTongs":2,"Runic Pyramid":34},{"Sozu":8,"Potion Belt":18,"Strawberry":11,"Pandora\u0027s Box":0,"Turnip":17,"Omamori":5,"PureWater":0,"Orichalcum":12,"Ancient Tea Set":4,"InkBottle":12,"WarpedTongs":1,"Runic Pyramid":14},{"Sozu":40,"Potion Belt":106,"Strawberry":52,"Pandora\u0027s Box":0,"Turnip":97,"Omamori":20,"PureWater":0,"Orichalcum":62,"Ancient Tea Set":16,"InkBottle":62,"WarpedTongs":6,"Runic Pyramid":80}],"InkBottle":[30],"WarpedTongs":[112]},"card_choices":[{"not_picked":["WaveOfTheHand","ClearTheMind"],"picked":"WheelKick","floor":1.0},{"not_picked":["ThirdEye","ReachHeaven"],"picked":"CutThroughFate","floor":3.0},{"not_picked":["Halt","BowlingBash"],"picked":"JustLucky","floor":4.0},{"not_picked":["Pray","Evaluate","Halt"],"picked":"SKIP","floor":7.0},{"not_picked":["Evaluate","JustLucky","WindmillStrike"],"picked":"SKIP","floor":8.0},{"not_picked":["EmptyFist","ClearTheMind"],"picked":"Wireheading","floor":11.0},{"not_picked":["Brilliance","Consecrate"],"picked":"CutThroughFate","floor":13.0},{"not_picked":["DeusExMachina","ConjureBlade"],"picked":"Scrawl","floor":16.0},{"not_picked":["FollowUp","Collect"],"picked":"DeceiveReality","floor":18.0},{"not_picked":["MentalFortress","Tantrum+1"],"picked":"ClearTheMind","floor":22.0},{"not_picked":["Evaluate","MentalFortress"],"picked":"Perseverance","floor":24.0},{"not_picked":["Crescendo","FollowUp","FlurryOfBlows"],"picked":"SKIP","floor":28.0},{"not_picked":["SashWhip+1","BattleHymn"],"picked":"CutThroughFate","floor":31.0},{"not_picked":["SpiritShield","MasterReality"],"picked":"Omniscience","floor":33.0},{"not_picked":["Perseverance","InnerPeace"],"picked":"TalkToTheHand","floor":35.0},{"not_picked":["SandsOfTime","FollowUp","CarveReality"],"picked":"SKIP","floor":36.0},{"not_picked":["BowlingBash","PathToVictory","Halt"],"picked":"SKIP","floor":38.0},{"not_picked":["EmptyBody","Scrawl","CrushJoints"],"picked":"SKIP","floor":45.0},{"not_picked":["Evaluate+1","Crescendo","MentalFortress"],"picked":"SKIP","floor":47.0},{"not_picked":["PathToVictory","Wallop+1","MentalFortress"],"picked":"SKIP","floor":48.0}],"player_experience":1666075,"relics_obtained":[{"floor":7.0,"key":"Ancient Tea Set"},{"floor":9.0,"key":"Omamori"},{"floor":26.0,"key":"Strawberry"},{"floor":28.0,"key":"Orichalcum"},{"floor":30.0,"key":"InkBottle"},{"floor":43.0,"key":"Turnip"},{"floor":45.0,"key":"Potion Belt"}],"event_choices":[{"damage_healed":0.0,"max_hp_gain":0.0,"max_hp_loss":0.0,"gold_gain":0.0,"event_name":"Accursed Blacksmith","player_choice":"Rummage","floor":2.0,"gold_loss":0.0,"damage_taken":0.0,"relics_obtained":["WarpedTongs"],"cards_obtained":["Pain"]},{"damage_healed":0.0,"max_hp_gain":0.0,"max_hp_loss":0.0,"gold_gain":0.0,"event_name":"Cursed Tome","player_choice":"Ignored","floor":20.0,"gold_loss":0.0,"damage_taken":0.0},{"damage_healed":0.0,"max_hp_gain":0.0,"max_hp_loss":0.0,"gold_gain":50.0,"event_name":"Nest","player_choice":"Stole From Cult","floor":21.0,"gold_loss":0.0,"damage_taken":0.0},{"damage_healed":0.0,"max_hp_gain":0.0,"max_hp_loss":0.0,"gold_gain":0.0,"event_name":"Vampires","player_choice":"Ignored","floor":27.0,"gold_loss":0.0,"damage_taken":0.0},{"damage_healed":0.0,"max_hp_gain":0.0,"max_hp_loss":0.0,"gold_gain":0.0,"cards_transformed":["Vigilance"],"event_name":"Transmorgrifier","player_choice":"Transformed","floor":39.0,"gold_loss":0.0,"damage_taken":0.0,"cards_obtained":["Adaptation"]}],"is_beta":false,"boss_relics":[{"not_picked":["Busted Crown","Ectoplasm"],"picked":"Sozu"},{"not_picked":["Astrolabe","SlaversCollar"],"picked":"Runic Pyramid"}],"items_purged_floors":[5,10,37],"is_endless":false,"potions_floor_spawned":[1,3,8,18,22,31,36,45,48],"killed_by":"Awakened One","ascension_level":20}}