{"host":"kh91mfnoze99ny0y","time":1612959640,"event":{"mods":["Act Like it!","BaseMod","Downfall","Gensokyo","KinomotoSakuraMod(Ä¾Ö®±¾Ó£)","Lobotomy","LobotomyExtend","Minty Spire (QoL Compilation)","StSLib","The Bug Knight","The Cursed"],"gold_per_floor":[116,291,301,316,106,106,106],"floor_reached":6,"language":"ZHS","playtime":291,"items_purged":["Doubt"],"score":36,"play_id":"691f6cf6-62c7-4649-9666-e0634dd098a5","local_time":"20210210202040","is_ascension_mode":false,"campfire_choices":[],"circlet_count":0,"master_deck":["ClowCardTheSword","ClowCardTheSword","ClowCardTheSword","ClowCardTheSword","ClowCardTheShield","ClowCardTheShield","ClowCardTheShield","ClowCardTheShield","SpellCardSeal","SpellCardRelease","Murderer","ClowCardTheFreeze","CherryBlossoms","ClowCardTheWatery","MeatLantern","ClowCardTheStorm","ClowCardTheDark"],"relics":["KSMOD_SealedBook","KSMOD_SealedWand","CogitoBucket","LetterFromLob"],"acts_visited":["Exordium"],"potions_floor_usage":[],"damage_taken":[{"damage":0,"enemies":"Small Slimes","floor":1,"turns":2},{"damage":11,"enemies":"Jaw Worm","floor":3,"turns":5},{"damage":5,"enemies":"2 Louse","floor":4,"turns":3},{"damage":63,"enemies":"Lagavulin","floor":6,"turns":2}],"seed_played":"-2984367224620246928","potions_obtained":[{"floor":3,"key":"Regen Potion"},{"floor":4,"key":"Fire Potion"}],"is_trial":false,"path_per_floor":["M","?","M","M","$","E"],"character_chosen":"KINOMOTOSAKURA","items_purchased":["ClowCardTheDark"],"campfire_rested":0,"item_purchase_floors":[5],"current_hp_per_floor":[70,70,59,54,54,0,0],"gold":106,"neow_bonus":"","is_daily":false,"chose_seed":false,"campfire_upgraded":0,"win_rate":0.0,"timestamp":1612959640,"path_taken":["M","?","M","M","?","E"],"items_purchased_type":["Card"],"build_version":"2020-12-22","purchased_purges":1,"victory":false,"max_hp_per_floor":[70,70,70,70,70,70,70],"card_choices":[{"not_picked":["SpiderBud","PunishingBird"],"picked":"Murderer","floor":1},{"not_picked":["ClowCardTheSilent","ClowCardThePower"],"picked":"ClowCardTheFreeze","floor":1},{"not_picked":["VoidDream","OldLady"],"picked":"CherryBlossoms","floor":3},{"not_picked":["ClowCardTheSong","ClowCardTheShadow"],"picked":"ClowCardTheWatery","floor":3},{"not_picked":["DespairKnight","SnowQueen"],"picked":"MeatLantern","floor":4},{"not_picked":["ClowCardTheCloud","ClowCardTheSand"],"picked":"ClowCardTheStorm","floor":4}],"player_experience":161832,"relics_obtained":[{"floor":1,"key":"LetterFromLob"}],"event_choices":[{"damage_healed":0,"gold_gain":175,"player_choice":"AGREE","damage_taken":0,"max_hp_gain":0,"max_hp_loss":0,"event_name":"Liars Game","floor":2,"gold_loss":0,"cards_obtained":["Doubt"]}],"is_beta":false,"boss_relics":[],"items_purged_floors":[5],"is_endless":false,"potions_floor_spawned":[3,4],"killed_by":"Lagavulin","ascension_level":0}}