{"host":"nxma0dbhh74lxenq","time":1612972357,"event":{"mods":["Astrologer","BaseMod","Beaked The Cultist","CapriCore","Colored Map","DeckTracker","Gremlin Mod","Highlight Path","HololiveMod","Koishi","Mad Scientist","Minty Spire (QoL Compilation)","StSLib","SuperFastMode","The Bladedancer","The Cursed","The Immortal","The Mystic","YoumuÅiç∞ÈÆódöÎÅj"],"gold_per_floor":[327,345,345,345,375,421,433,474,511,523,553,565,634,664,676,761,773,795,827,839,901,759,793,381,392,470,470,498,524,524,542,542,616,616,635,648,648,659,659,1060,1100,1110,1110,582,582,582],"floor_reached":45,"language":"JPN","playtime":1874,"items_purged":["Hololive_Strike","Hololive_Defend"],"score":1261,"play_id":"e2408b83-32e2-4e01-81bd-e7035b829579","local_time":"20210211005237","is_ascension_mode":true,"campfire_choices":[{"data":"Hololive_CallOmaruPolka","floor":7,"key":"SMITH"},{"data":"Hololive_CallCivia","floor":15,"key":"SMITH"},{"data":"Hololive_CandyCastle","floor":27,"key":"SMITH"},{"data":"Hololive_CandyCastle","floor":30,"key":"SMITH"},{"data":"Hololive_CallHimemoriLuna","floor":32,"key":"SMITH"}],"circlet_count":0,"master_deck":["AscendersBane","Hololive_Defend+1","Hololive_Rebound","Hololive_CallAkaiHaato","Hololive_CallCivia+1","Hololive_CallTokoyamiTowa","Hololive_CallCivia","Hololive_CallTsunomakiWatame","Hololive_CallOmaruPolka+1","Hololive_CallKiryuuCoco","Hololive_CocoNews","Hololive_CallArtia","Hololive_Psychosis","Hololive_FlyingPonyTail","Hololive_StarCraft","Hololive_CallMurasakiShion","Hololive_OvertimeWork+1","Hololive_CandyCastle+1","Hololive_CallHimemoriLuna+1","Hololive_CandyCastle+1","Hololive_StrengthChampion","Hololive_CallTokoyamiTowa+1","Hololive_CallSakuraMiko+1","Hololive_CallMoonaHoshinova+1","Hololive_Yoholoon","Hololive_CallHimemoriLuna+1","Hololive_CallOkamiMio+1","Hololive_CallUruhaRushia+1"],"relics":["Hololive_TheStar","MawBank","Toy Ornithopter","Matryoshka","Potion Belt","Bronze Scales","Singing Bowl","SacredBark","Pen Nib","Ice Cream","Frozen Egg 2","Sundial","Hololive_FriedShrimpLion","Red Mask","Black Star","Old Coin","Dead Branch","Prayer Wheel","PreservedInsect","OrangePellets"],"acts_visited":["Exordium","TheCity","TheBeyond"],"potions_floor_usage":[16,18,23,28,29,33,35,45],"damage_taken":[{"damage":0,"enemies":"Small Slimes","floor":1,"turns":3},{"damage":0,"enemies":"2 Louse","floor":2,"turns":3},{"damage":0,"enemies":"Cultist","floor":5,"turns":4},{"damage":12,"enemies":"3 Sentries","floor":6,"turns":13},{"damage":0,"enemies":"Gremlin Nob","floor":8,"turns":3},{"damage":0,"enemies":"Blue Slaver","floor":11,"turns":3},{"damage":0,"enemies":"Lagavulin Event","floor":13,"turns":6},{"damage":0,"enemies":"Large Slime","floor":14,"turns":6},{"damage":0,"enemies":"The Guardian","floor":16,"turns":8},{"damage":3,"enemies":"3 Byrds","floor":18,"turns":3},{"damage":0,"enemies":"Shell Parasite","floor":19,"turns":3},{"damage":0,"enemies":"Gremlin Leader","floor":23,"turns":4},{"damage":0,"enemies":"Snecko","floor":25,"turns":4},{"damage":10,"enemies":"Book of Stabbing","floor":28,"turns":6},{"damage":0,"enemies":"Masked Bandits","floor":29,"turns":3},{"damage":0,"enemies":"Snake Plant","floor":31,"turns":4},{"damage":24,"enemies":"Collector","floor":33,"turns":13},{"damage":33,"enemies":"3 Darklings","floor":35,"turns":9},{"damage":0,"enemies":"Orb Walker","floor":36,"turns":4},{"damage":0,"enemies":"Transient","floor":38,"turns":6},{"damage":0,"enemies":"Nemesis","floor":40,"turns":7},{"damage":0,"enemies":"Maw","floor":41,"turns":7},{"damage":3,"enemies":"3 Darklings","floor":42,"turns":4},{"damage":19,"enemies":"4 Shapes","floor":45,"turns":4}],"seed_played":"-7707487652630895958","potions_obtained":[{"floor":5,"key":"Block Potion"},{"floor":6,"key":"Fire Potion"},{"floor":11,"key":"PowerPotion"},{"floor":13,"key":"Explosive Potion"},{"floor":16,"key":"GamblersBrew"},{"floor":18,"key":"EssenceOfSteel"},{"floor":29,"key":"FearPotion"},{"floor":33,"key":"GamblersBrew"},{"floor":36,"key":"LiquidMemories"},{"floor":38,"key":"EssenceOfSteel"}],"is_trial":false,"path_per_floor":["M","M","?","?","M","E","R","E","T","$","M","?","?","M","R","B",null,"M","M","?","?","$","E","$","M","T","R","E","?","R","M","R","B",null,"M","M","?","M","?","E","M","M","T","$","M"],"character_chosen":"Hololive_HololiveCharacter","items_purchased":["Hololive_CandyCastle","Ice Cream","Hololive_CallHimemoriLuna","PreservedInsect","OrangePellets","Hololive_CallUruhaRushia+1"],"campfire_rested":0,"item_purchase_floors":[22,24,24,44,44,44],"current_hp_per_floor":[27,27,19,19,19,7,7,7,7,7,7,12,12,14,14,19,30,31,31,31,31,31,36,36,36,36,36,26,31,31,33,33,16,34,6,8,10,10,10,10,10,7,7,7,0,0],"gold":582,"neow_bonus":"TWO_FIFTY_GOLD","is_daily":false,"chose_seed":false,"campfire_upgraded":5,"win_rate":0.0,"timestamp":1612972357,"path_taken":["M","M","?","?","?","E","R","E","T","$","M","?","?","M","R","BOSS","M","M","?","?","$","E","$","M","T","R","E","?","R","?","R","BOSS","M","M","?","M","?","E","M","M","T","$","M"],"items_purchased_type":["Card","Relic","Card","Relic","Relic","Card"],"build_version":"2020-12-22","purchased_purges":2,"victory":false,"max_hp_per_floor":[27,27,27,27,27,27,27,27,27,27,27,32,32,34,34,34,34,34,34,34,34,34,36,36,36,36,36,36,36,36,38,38,40,40,40,42,44,44,42,42,42,42,42,42,42,42],"card_choices":[{"not_picked":["Hololive_Trident","Hololive_CallRosalyn","Hololive_BringToTrial"],"picked":"Hololive_CallOmaruPolka","floor":1},{"not_picked":["Hololive_LuckPotion","Hololive_Trident","Hololive_Drill","Hololive_Psychosis"],"picked":"SKIP","floor":2},{"not_picked":["Hololive_OvertimeWork","Hololive_Teleport","Hololive_Psychosis"],"picked":"Hololive_CallKiryuuCoco","floor":5},{"not_picked":["Hololive_ScarfAndHalo","Hololive_Teleport","Hololive_HuntDinosaur"],"picked":"Hololive_CocoNews","floor":6},{"not_picked":["Hololive_Drill","Hololive_RevenueBasedLive","Hololive_CallShiroganeNoel"],"picked":"Hololive_CallArtia","floor":8},{"not_picked":["Hololive_Sequa","Hololive_HuntDinosaur","Hololive_Trident"],"picked":"Hololive_Psychosis","floor":11},{"not_picked":["Hololive_Psychosis","Hololive_HuntDinosaur","Hololive_Breathe"],"picked":"Hololive_FlyingPonyTail","floor":13},{"not_picked":["Hololive_Watashimo","Hololive_Spy","Hololive_RevenueBasedLive","Hololive_Rebound"],"picked":"Singing Bowl","floor":14},{"not_picked":["Hololive_IdolExercise","Hololive_FlareMind","Hololive_ScarfAndHalo"],"picked":"Hololive_StarCraft","floor":16},{"not_picked":["Hololive_FlyingPonyTail+1","Hololive_Teleport","Hololive_Drill"],"picked":"Hololive_CallMurasakiShion","floor":18},{"not_picked":["Hololive_SummonFox","Hololive_Breathe","Hololive_Rebound"],"picked":"Hololive_OvertimeWork+1","floor":19},{"not_picked":["Hololive_DiamondStrike","Hololive_HuntDinosaur","Hololive_CallOmaruPolka","Hololive_Rebound"],"picked":"Singing Bowl","floor":23},{"not_picked":["Hololive_StrengthChampion","Hololive_HuntDinosaur","Hololive_FlyingPonyTail"],"picked":"Hololive_CandyCastle","floor":25},{"not_picked":["Hololive_Watashimo","Hololive_AWSL","Hololive_Sequa"],"picked":"Hololive_StrengthChampion","floor":28},{"not_picked":["Hololive_CallAiraniIofifteen+1","Hololive_SoulCatcher","Hololive_RevenueBasedLive"],"picked":"Hololive_CallTokoyamiTowa+1","floor":29},{"not_picked":["Hololive_RevenueBasedLive+1","Hololive_LuckPotion","Hololive_FlyingPonyTail","Hololive_CallAyundaRisu+1"],"picked":"Singing Bowl","floor":31},{"not_picked":["Hololive_Recruit","Hololive_ASMR","Hololive_IdolExercise","Hololive_HighAtkLowDef"],"picked":"Singing Bowl","floor":33},{"not_picked":["Hololive_CallNekomataOkayu+1","Hololive_RevenueBasedLive+1","Hololive_ILoveYou+1"],"picked":"Hololive_CallSakuraMiko+1","floor":35},{"not_picked":["Hololive_SoulCatcher","Hololive_CallArtia+1","Hololive_Rebound","Hololive_OvertimeWork"],"picked":"Singing Bowl","floor":36},{"not_picked":["Mayhem+1","Trip","Impatience","Purity"],"picked":"Singing Bowl","floor":37},{"not_picked":["Hololive_RevenueBasedLive","Hololive_Breathe","Hololive_Psychosis"],"picked":"Hololive_CallMoonaHoshinova+1","floor":38},{"not_picked":["Hololive_WolfAndLamb","Hololive_Drill","Hololive_CallHoshimachiSuisei+1"],"picked":"Hololive_Yoholoon","floor":40},{"not_picked":["Hololive_RevenueBasedLive","Hololive_CocoNews+1","Hololive_Drill"],"picked":"Hololive_CallHimemoriLuna+1","floor":41},{"not_picked":["Hololive_CallArtia+1","Hololive_Breathe","Hololive_FlyingPonyTail"],"picked":"Hololive_CallOkamiMio+1","floor":42}],"player_experience":584629,"relics_obtained":[{"floor":6,"key":"Toy Ornithopter"},{"floor":8,"key":"Matryoshka"},{"floor":9,"key":"Potion Belt"},{"floor":9,"key":"Bronze Scales"},{"floor":13,"key":"Singing Bowl"},{"floor":23,"key":"Pen Nib"},{"floor":26,"key":"Frozen Egg 2"},{"floor":26,"key":"Sundial"},{"floor":28,"key":"Hololive_FriedShrimpLion"},{"floor":29,"key":"Red Mask"},{"floor":40,"key":"Old Coin"},{"floor":40,"key":"Dead Branch"},{"floor":43,"key":"Prayer Wheel"}],"event_choices":[{"damage_healed":0,"gold_gain":0,"player_choice":"Entered Light","damage_taken":8,"max_hp_gain":0,"max_hp_loss":0,"event_name":"Shining Light","floor":3,"gold_loss":0,"cards_upgraded":["Hololive_Defend","Hololive_Strike"]},{"cards_removed":["Hololive_Strike"],"damage_healed":0,"gold_gain":0,"player_choice":"Gave Card","damage_taken":0,"relics_obtained":["MawBank"],"max_hp_gain":0,"max_hp_loss":0,"event_name":"WeMeetAgain","floor":4,"gold_loss":0},{"damage_healed":0,"gold_gain":0,"player_choice":"Donut","damage_taken":0,"max_hp_gain":5,"max_hp_loss":0,"event_name":"Big Fish","floor":12,"gold_loss":0},{"damage_healed":0,"gold_gain":0,"player_choice":"Searched \u00271\u0027 times","damage_taken":0,"max_hp_gain":0,"max_hp_loss":0,"event_name":"Dead Adventurer","floor":13,"gold_loss":0},{"damage_healed":0,"gold_gain":0,"player_choice":"Ignored","damage_taken":0,"max_hp_gain":0,"max_hp_loss":0,"event_name":"Vampires","floor":20,"gold_loss":0},{"damage_healed":0,"gold_gain":50,"player_choice":"Stole From Cult","damage_taken":0,"max_hp_gain":0,"max_hp_loss":0,"event_name":"Nest","floor":21,"gold_loss":0},{"damage_healed":0,"gold_gain":0,"player_choice":"Fought Bandits","damage_taken":0,"max_hp_gain":0,"max_hp_loss":0,"event_name":"Masked Bandits","floor":29,"gold_loss":0},{"damage_healed":0,"gold_gain":0,"player_choice":"Memory 1","damage_taken":0,"max_hp_gain":0,"max_hp_loss":0,"event_name":"SensoryStone","floor":37,"gold_loss":0},{"damage_healed":0,"gold_gain":0,"player_choice":"Max HP","damage_taken":0,"max_hp_gain":0,"max_hp_loss":2,"event_name":"Winding Halls","floor":39,"gold_loss":0}],"is_beta":false,"boss_relics":[{"not_picked":["Hololive_Finger","Philosopher\u0027s Stone"],"picked":"SacredBark"},{"not_picked":["Tiny House","Empty Cage"],"picked":"Black Star"}],"items_purged_floors":[22,44],"is_endless":false,"potions_floor_spawned":[5,6,11,13,16,18,29,33,36,38],"killed_by":"4 Shapes","ascension_level":20}}