{"host":"x000krxjblg8jdg4","time":1612985158,"event":{"mods":["BaseMod","Downfall","Hermit","Minty Spire (QoL Compilation)","StSLib","The Cursed","The Runesmith","The Servant 0.9.4"],"gold_per_floor":[110,110,185,210,13,52,52,88,88,112,127,4,4,19,19,145,145,176,211,223,258,270,282,282],"floor_reached":23,"language":"ENG","playtime":719,"items_purged":["Injury"],"score":251,"play_id":"ca8cbc3b-ae3c-4fa6-b3fc-9883ec4a7d96","local_time":"20210210172558","is_ascension_mode":false,"campfire_choices":[{"data":"Uppercut","floor":15,"key":"SMITH"}],"circlet_count":0,"master_deck":["Strike_R","Strike_R","Strike_R","Strike_R","Strike_R+1","Defend_R","Defend_R+1","Defend_R+1","Defend_R","Bash","Twin Strike","Uppercut+1","Dramatic Entrance","Shrug It Off","Clash","Thunderclap","Clash","Pommel Strike+1","Flex+1","Uppercut","Rampage+1","Berserk","CurseOfTheBell","Perfected Strike","Anger","Thunderclap+1"],"relics":["Burning Blood","NeowsBlessing","Golden Idol","Ornamental Fan","War Paint","Toxic Egg 2","Calling Bell","MawBank","Meat on the Bone","Runesmith:Locket"],"acts_visited":["Exordium","TheCity"],"potions_floor_usage":[8,16,16,16,21],"damage_taken":[{"damage":0,"enemies":"2 Louse","floor":1,"turns":1},{"damage":0,"enemies":"Small Slimes","floor":4,"turns":1},{"damage":0,"enemies":"Gremlin Nob","floor":6,"turns":1},{"damage":0,"enemies":"Lagavulin","floor":8,"turns":4},{"damage":0,"enemies":"Jaw Worm","floor":10,"turns":2},{"damage":2,"enemies":"Blue Slaver","floor":11,"turns":2},{"damage":0,"enemies":"Exordium Wildlife","floor":14,"turns":1},{"damage":27,"enemies":"Hexaghost","floor":16,"turns":9},{"damage":10,"enemies":"3 Byrds","floor":18,"turns":6},{"damage":0,"enemies":"Spheric Guardian","floor":19,"turns":1},{"damage":20,"enemies":"Snecko","floor":21,"turns":4},{"damage":70,"enemies":"Gremlin Leader","floor":23,"turns":4}],"seed_played":"-125714908464895758","potions_obtained":[{"floor":1,"key":"BlessingOfTheForge"},{"floor":6,"key":"DistilledChaos"},{"floor":8,"key":"AttackPotion"},{"floor":14,"key":"SteroidPotion"},{"floor":19,"key":"DistilledChaos"}],"is_trial":false,"path_per_floor":["M","?","?","M","$","E","$","E","T","M","M","$","?","M","R","B",null,"M","M","?","M","$","E"],"character_chosen":"IRONCLAD","items_purchased":["Dramatic Entrance","Shrug It Off","Flex+1","Uppercut"],"campfire_rested":0,"item_purchase_floors":[5,5,12,12],"current_hp_per_floor":[80,80,69,75,75,80,80,80,80,80,80,80,64,70,70,49,80,76,80,80,66,66,0,0],"gold":282,"neow_bonus":"THREE_ENEMY_KILL","is_daily":false,"chose_seed":false,"campfire_upgraded":1,"win_rate":0.0,"timestamp":1612985158,"path_taken":["M","?","?","M","?","E","?","E","T","?","M","$","?","M","R","BOSS","M","M","?","M","$","E"],"items_purchased_type":["Card","Card","Card","Card"],"build_version":"2020-12-22","purchased_purges":1,"victory":false,"max_hp_per_floor":[80,80,80,80,80,80,80,80,80,80,80,80,80,80,80,80,80,80,80,80,80,80,80,80],"card_choices":[{"not_picked":["Flame Barrier","Clothesline"],"picked":"Twin Strike","floor":1},{"not_picked":["Clothesline","Pommel Strike"],"picked":"Uppercut","floor":4},{"not_picked":["Evolve","Rupture"],"picked":"Clash","floor":6},{"not_picked":["Clothesline","Sentinel"],"picked":"Thunderclap","floor":8},{"not_picked":["Body Slam","Sword Boomerang"],"picked":"Clash","floor":10},{"not_picked":["Perfected Strike","Iron Wave"],"picked":"Pommel Strike","floor":11},{"not_picked":["Iron Wave","Uppercut"],"picked":"Rampage","floor":14},{"not_picked":["Impervious+1","Offering+1"],"picked":"Berserk","floor":16},{"not_picked":["Body Slam","Metallicize"],"picked":"Perfected Strike","floor":18},{"not_picked":["Sword Boomerang","Wild Strike"],"picked":"Anger","floor":19},{"not_picked":["Heavy Blade","Combust"],"picked":"Thunderclap+1","floor":21}],"player_experience":107472,"relics_obtained":[{"floor":6,"key":"Ornamental Fan"},{"floor":8,"key":"War Paint"},{"floor":9,"key":"Toxic Egg 2"},{"floor":17,"key":"MawBank"},{"floor":17,"key":"Meat on the Bone"},{"floor":17,"key":"Runesmith:Locket"}],"event_choices":[{"damage_healed":0,"gold_gain":0,"player_choice":"Take Wound","damage_taken":0,"relics_obtained":["Golden Idol"],"max_hp_gain":0,"max_hp_loss":0,"event_name":"Golden Idol","floor":2,"gold_loss":0,"cards_obtained":["Injury"]},{"damage_healed":0,"gold_gain":75,"player_choice":"Gather Gold","damage_taken":11,"max_hp_gain":0,"max_hp_loss":0,"event_name":"World of Goop","floor":3,"gold_loss":0},{"damage_healed":0,"gold_gain":0,"player_choice":"Entered Light","damage_taken":16,"max_hp_gain":0,"max_hp_loss":0,"event_name":"Shining Light","floor":13,"gold_loss":0,"cards_upgraded":["Strike_R","Pommel Strike"]},{"damage_healed":0,"gold_gain":0,"player_choice":"Upgraded","damage_taken":0,"max_hp_gain":0,"max_hp_loss":0,"event_name":"Upgrade Shrine","floor":20,"gold_loss":0,"cards_upgraded":["Rampage"]}],"is_beta":false,"boss_relics":[{"not_picked":["Astrolabe","Velvet Choker"],"picked":"Calling Bell"}],"items_purged_floors":[5],"is_endless":false,"potions_floor_spawned":[1,6,8,14,19],"killed_by":"Gremlin Leader","ascension_level":0}}