{"host":"fc5kl670efuhtomy","time":1612969518,"event":{"mods":["AchievementEnabler","BaseMod","Colored Powertips","Downfall","Marisa（F雨　魔理沙）","Minty Spire (QoL Compilation)","Quick Restart","Rare Cards Sparkle","Relic Stats","Replay The Spire","StSLib","The Bug Knight","The Construct","The Cursed","The Servant 0.9.4","WarShipGirlsR/战舰少女R mod"],"gold_per_floor":[109,109,109,34,109,142,162,189,189,189,221,238,281,358,358,470,470,502,502,498,535,565,565,157,184,232,260,112,112,140,185,185,299,299,325,400,461,494,68,74,74,106,106,106,132,158,188,218,218,236,236,236,81,122,128,128],"floor_reached":55,"language":"ZHS","playtime":3988,"items_purged":["Decay","rmod:strick","rmod:strick"],"score":622,"play_id":"4bcae4fa-f3ab-4e4d-8060-2cf307da4398","local_time":"20210210230518","is_ascension_mode":false,"campfire_choices":[{"floor":10,"key":"REST"},{"floor":15,"key":"REST"},{"data":"1","floor":23,"key":"LIFT"},{"floor":29,"key":"REST"},{"data":"2","floor":32,"key":"LIFT"},{"data":"3","floor":41,"key":"LIFT"},{"floor":44,"key":"REST"},{"floor":49,"key":"RECALL"},{"floor":52,"key":"REST"}],"circlet_count":0,"master_deck":["rmod:strick","rmod:strick+1","rmod:defend+1","rmod:defend+1","rmod:defend","rmod:defend+1","rmod:basicallowance","rmod:maingunfire+1","rmod:victimresponsibility+1","OpenUniverse+1","Protect+1","IllusionStar","Slimebound:Grow+1","LessonLearned+1","sneckomod:UnknownDraw+1","expansioncontent:Hexaburn+1","sneckomod:Unknown1Cost+1","expansioncontent:DashGenerateEvil","rmod:firesupport+1","Sweeping Beam","construct:ShiftGuard+1","Juggernaut","Evolve","bronze:Shield+1","Steam+1","Pot Of Greed","Pot Of Greed","Pot Of Greed","Recycle+1","Prepared","sneckomod:QuickBite+1","construct:HeavyBolt","Outmaneuver","Juggernaut","BowlingBash+1"],"relics":["Fusion Hammer","PrismaticShard","construct:RocketBooster","Replay:Bandana","Girya","Odd Mushroom","Pocketwatch","SacredBark","Tiny Chest","Red Mask","Chemical X","Bag of Preparation","Oddly Smooth Stone","Blood Vial","Honey Jar","Replay:Bottled Steam","Replay:Towering Pillar of Hats","Akabeko","Grinning Jar","Pet Ghost","Pear","DollysMirror","HollowMod:StagPassRelic"],"acts_visited":["Exordium","TheCity","TheBeyond","TheEnding"],"potions_floor_usage":[13,18,22,22,22,37,40,45,48,55,55],"damage_taken":[{"damage":0,"enemies":"Cultist","floor":1,"turns":3},{"damage":13,"enemies":"HollowMod:MossKnight","floor":6,"turns":14},{"damage":0,"enemies":"2 Louse","floor":7,"turns":2},{"damage":40,"enemies":"Gremlin Nob","floor":8,"turns":5},{"damage":12,"enemies":"The Mushroom Lair","floor":11,"turns":6},{"damage":8,"enemies":"Small Slimes","floor":12,"turns":4},{"damage":0,"enemies":"HollowMod:MossKnight","floor":13,"turns":7},{"damage":10,"enemies":"Hexaghost","floor":16,"turns":8},{"damage":17,"enemies":"3 Byrds","floor":18,"turns":6},{"damage":14,"enemies":"2 Thieves","floor":20,"turns":4},{"damage":41,"enemies":"Masked Bandits","floor":21,"turns":7},{"damage":21,"enemies":"3 Cultists","floor":22,"turns":9},{"damage":5,"enemies":"Snake Plant","floor":25,"turns":5},{"damage":0,"enemies":"Sentry and Sphere","floor":27,"turns":3},{"damage":2,"enemies":"Shelled Parasite and Fungi","floor":30,"turns":3},{"damage":0,"enemies":"Centurion and Healer","floor":31,"turns":5},{"damage":7,"enemies":"Pondfish","floor":33,"turns":13},{"damage":0,"enemies":"3 Shapes","floor":35,"turns":4},{"damage":17,"enemies":"2 Orb Walkers","floor":37,"turns":4},{"damage":19,"enemies":"3 Darklings","floor":38,"turns":4},{"damage":13,"enemies":"Giant Head","floor":40,"turns":8},{"damage":13,"enemies":"Nemesis","floor":42,"turns":7},{"damage":2,"enemies":"Writhing Mass","floor":45,"turns":4},{"damage":0,"enemies":"Sphere and 2 Shapes","floor":46,"turns":4},{"damage":0,"enemies":"Maw","floor":47,"turns":7},{"damage":3,"enemies":"4 Shapes","floor":48,"turns":3},{"damage":20,"enemies":"Replay:Hell Engine","floor":50,"turns":10},{"damage":65,"enemies":"Shield and Spear","floor":54,"turns":10},{"damage":40,"enemies":"The Heart","floor":55,"turns":3}],"seed_played":"6945735344142690179","potions_obtained":[{"floor":7,"key":"Regen Potion"},{"floor":11,"key":"Doom Potion"},{"floor":13,"key":"Energy Potion"},{"floor":16,"key":"AttackPotion"},{"floor":21,"key":"FearPotion"},{"floor":25,"key":"Milkshake"},{"floor":27,"key":"DistilledChaos"},{"floor":35,"key":"SmokeBomb"},{"floor":37,"key":"Energy Potion"},{"floor":46,"key":"Ancient Potion"},{"floor":47,"key":"Explosive Potion"}],"is_trial":false,"path_per_floor":["M","?","?","$","?","E","M","E","T","R","?","M","E","T","R","B",null,"M","T","M","?","M","R","$","M","T","M","$","R","M","M","R","B",null,"M","T","?","M","$","E","R","E","T","R","M","M","M","M","R","B",null,"R","$","E","B"],"character_chosen":"PRAEFECT","items_purchased":["Chemical X","Bag of Preparation","Blood Vial","Akabeko","Grinning Jar","DollysMirror"],"campfire_rested":5,"item_purchase_floors":[24,24,28,39,39,53],"current_hp_per_floor":[75,75,75,75,64,51,51,11,11,33,21,13,13,13,35,25,75,58,58,44,3,34,34,34,29,29,29,29,51,51,53,53,48,75,75,75,58,41,41,30,30,19,29,54,54,56,58,57,57,39,85,85,85,20,0,0],"gold":128,"neow_bonus":"BOSS_RELIC","is_daily":false,"chose_seed":false,"campfire_upgraded":0,"win_rate":0.0,"timestamp":1612969518,"path_taken":["M","?","?","$","?","E","M","E","T","R","?","M","E","?","R","BOSS","M","?","M","?","M","R","$","M","T","M","?","R","M","?","R","BOSS","M","?","?","M","?","E","R","E","T","R","M","M","M","M","R","BOSS","R","$","E","BOSS"],"items_purchased_type":["Relic","Relic","Relic","Relic","Relic","Relic"],"build_version":"2020-12-22","purchased_purges":3,"victory":false,"max_hp_per_floor":[75,75,75,75,75,75,75,75,75,75,75,75,75,75,75,75,75,75,75,75,75,75,75,75,75,75,75,75,75,75,75,75,75,75,75,75,75,75,75,75,75,75,85,85,85,85,85,85,85,85,85,85,85,85,85,85],"relic_stats":{"Blood Vial":24,"counters":[29,172],"Tiny Chest":1,"Bag of Preparation":[34],"Chemical X":[1],"obtain_stats":[{"Girya":9,"construct:RocketBooster":6,"Pear":43,"Replay:Towering Pillar of Hats":37,"SacredBark":17,"Oddly Smooth Stone":26,"Bag of Preparation":24,"Odd Mushroom":11,"PrismaticShard":2,"HollowMod:StagPassRelic":54,"Akabeko":39,"Pet Ghost":42,"Blood Vial":28,"Replay:Bandana":8,"DollysMirror":53,"Honey Jar":34,"Tiny Chest":19,"Fusion Hammer":0,"rmod:firstchargereward":0,"Red Mask":21,"Chemical X":24,"Grinning Jar":39,"Pocketwatch":13,"Replay:Bottled Steam":36},{"Girya":4,"construct:RocketBooster":2,"Pear":22,"Replay:Towering Pillar of Hats":19,"SacredBark":8,"Oddly Smooth Stone":13,"Bag of Preparation":12,"Odd Mushroom":5,"PrismaticShard":1,"HollowMod:StagPassRelic":28,"Akabeko":20,"Pet Ghost":22,"Blood Vial":14,"Replay:Bandana":4,"DollysMirror":27,"Honey Jar":17,"Tiny Chest":9,"Fusion Hammer":0,"rmod:firstchargereward":0,"Red Mask":11,"Chemical X":12,"Grinning Jar":20,"Pocketwatch":7,"Replay:Bottled Steam":18},{"Girya":24,"construct:RocketBooster":17,"Pear":131,"Replay:Towering Pillar of Hats":112,"SacredBark":49,"Oddly Smooth Stone":80,"Bag of Preparation":75,"Odd Mushroom":30,"PrismaticShard":3,"HollowMod:StagPassRelic":169,"Akabeko":116,"Pet Ghost":131,"Blood Vial":83,"Replay:Bandana":24,"DollysMirror":159,"Honey Jar":104,"Tiny Chest":55,"Fusion Hammer":0,"rmod:firstchargereward":0,"Red Mask":66,"Chemical X":75,"Grinning Jar":116,"Pocketwatch":41,"Replay:Bottled Steam":108}],"Pocketwatch":[43]},"card_choices":[{"not_picked":["rmod:circuitoustactics","rmod:diamondstrike"],"picked":"rmod:victimresponsibility","floor":1},{"not_picked":["sneckomod:DefensiveFlair","Force Field"],"picked":"OpenUniverse","floor":6},{"not_picked":["rmod:punchline","sneckomod:UnknownClassCONSTRUCTMOD"],"picked":"Protect","floor":7},{"not_picked":["Replace","sneckomod:SerpentIdol","TheCursedMod:Stigma"],"picked":"SKIP","floor":8},{"not_picked":["BasicCrystalCard","Slimebound:SlimeSpikes"],"picked":"IllusionStar","floor":11},{"not_picked":["Panacea","6A"],"picked":"Slimebound:Grow","floor":12},{"not_picked":["Endless Agony","TheCursedMod:Neurasthenia","Replay:Vibes"],"picked":"SKIP","floor":13},{"not_picked":["TheCursedMod:ShockAndAwe","Replay:Many Hands"],"picked":"LessonLearned","floor":16},{"not_picked":["champ:EnGarde+1","HollowMod:DescendingDark"],"picked":"sneckomod:UnknownDraw","floor":18},{"not_picked":["Headbutt","CutThroughFate"],"picked":"expansioncontent:Hexaburn","floor":20},{"not_picked":["Reckless Charge+1","champ:BerserkersShout"],"picked":"sneckomod:Unknown1Cost+1","floor":21},{"not_picked":["Revamp","FlyingSleeves"],"picked":"expansioncontent:DashGenerateEvil","floor":22},{"not_picked":["FollowUp+1","TheCursedMod:SpitefulStrike"],"picked":"rmod:firesupport+1","floor":25},{"not_picked":["Guardian:Suspension","Alleviate"],"picked":"Sweeping Beam","floor":27},{"not_picked":["construct:Accumulate","champ:Haymaker"],"picked":"construct:ShiftGuard+1","floor":30},{"not_picked":["TheCursedMod:Evocation+1","Barrage","sneckomod:Memorize+1"],"picked":"SKIP","floor":31},{"not_picked":["Slimebound:PrepareCrush","TreasureHunter"],"picked":"Juggernaut","floor":33},{"not_picked":["6A","champ:BladeFlurry","champ:FocusedBerserking+1"],"picked":"Evolve","floor":35},{"not_picked":["Guardian:RollAttack","Slimebound:SplitLeeching+1","HollowMod:WraithStrike+1"],"picked":"bronze:Shield","floor":37},{"not_picked":["TheCursedMod:CircleOfWindfury","JA","Cleave+1"],"picked":"Steam+1","floor":38},{"not_picked":["Coolheaded","Turbo","HollowMod:FastStrike+1"],"picked":"Recycle+1","floor":42},{"not_picked":["hexamod:ShieldOfDarkness","SporeBomb","Warcry+1"],"picked":"Prepared","floor":45},{"not_picked":["HollowMod:QuirrelsAssistance+1","hexamod:ChargedBarrage+1","rmod:garrisonisland+1"],"picked":"sneckomod:QuickBite+1","floor":46},{"not_picked":["construct:Enhance+1","Slimebound:Chomp+1","expansioncontent:PolyBeam+1"],"picked":"construct:HeavyBolt","floor":47},{"not_picked":["sneckomod:RainOfDice+1","Steam Power","construct:Backfire"],"picked":"Outmaneuver","floor":48},{"not_picked":["Snipe+1","bronze:Iterate+1","Replay:AtTheReady+1"],"picked":"BowlingBash+1","floor":54}],"player_experience":203137,"relics_obtained":[{"floor":6,"key":"construct:RocketBooster"},{"floor":8,"key":"Replay:Bandana"},{"floor":9,"key":"Girya"},{"floor":11,"key":"Odd Mushroom"},{"floor":13,"key":"Pocketwatch"},{"floor":19,"key":"Tiny Chest"},{"floor":21,"key":"Red Mask"},{"floor":26,"key":"Oddly Smooth Stone"},{"floor":36,"key":"Replay:Bottled Steam"},{"floor":37,"key":"Replay:Towering Pillar of Hats"},{"floor":42,"key":"Pet Ghost"},{"floor":43,"key":"Pear"},{"floor":54,"key":"HollowMod:StagPassRelic"}],"event_choices":[{"damage_healed":0,"gold_gain":75,"player_choice":"Gather Gold","damage_taken":11,"max_hp_gain":0,"max_hp_loss":0,"event_name":"World of Goop","floor":5,"gold_loss":0},{"damage_healed":0,"gold_gain":0,"player_choice":"Fought Mushrooms","damage_taken":0,"max_hp_gain":0,"max_hp_loss":0,"event_name":"Mushrooms","floor":11,"gold_loss":0},{"damage_healed":0,"gold_gain":0,"player_choice":"Fought Bandits","damage_taken":0,"max_hp_gain":0,"max_hp_loss":0,"event_name":"Masked Bandits","floor":21,"gold_loss":0},{"damage_healed":0,"gold_gain":0,"player_choice":"Fight","damage_taken":0,"max_hp_gain":0,"max_hp_loss":0,"event_name":"Mysterious Sphere","floor":37,"gold_loss":0}],"is_beta":false,"boss_relics":[{"not_picked":["Ectoplasm","Painkiller Herb"],"picked":"SacredBark"},{"not_picked":["construct:ClawGrip","Pandora\u0027s Box"],"picked":"Honey Jar"}],"items_purged_floors":[4,24,39],"is_endless":false,"potions_floor_spawned":[7,11,13,16,21,25,27,35,37,46,47],"killed_by":"The Heart","ascension_level":0}}