{"host":"03szyvia947otbw5","time":1612978739,"event":{"mods":["Act Like it!","BaseMod","Better Note","Dota2Spire","Hallownest","Marisa£®ÏF”Í°°ƒß¿Ì…≥£©","Minty Spire (QoL Compilation)","Replay The Spire","Ryuuou¡˙Õı","Shop Mod","StSLib","The Blue Laboratory","The Bug Knight","The Runesmith","Thieving Mod","°æ“≈ŒÔø®≈∆°øREMEMod"],"gold_per_floor":[110,110,110,110,121,121,121,121,175,175,175,175,185,205,205,205,205],"floor_reached":16,"language":"ZHS","playtime":413,"items_purged":[],"score":113,"play_id":"a5bc5694-cb5b-4071-ab16-31ac8f1afffb","local_time":"20210211013859","daily_mods":["SealedDeck","Colorless Cards","Heirloom","Time Dilation","Flight"],"is_ascension_mode":false,"campfire_choices":[{"data":"DevaForm","floor":6,"key":"SMITH"},{"data":"Wraith Form v2","floor":7,"key":"SMITH"},{"data":"Echo Form","floor":8,"key":"SMITH"},{"data":"Replay:BasicMightCard","floor":10,"key":"SMITH"},{"data":"Heavy Blade","floor":11,"key":"SMITH"},{"data":"Heavy Blade","floor":12,"key":"SMITH"},{"floor":15,"key":"REST"}],"circlet_count":0,"master_deck":["Demon Form+1","Wraith Form v2+1","Echo Form+1","DevaForm+1","Runesmith:CreatorForm","Clash","Clash","Clash","ReplayReversal","Clash+1","Cleave","Heavy Blade+1","Inflame","Flex","Heavy Blade+1","Replay:BasicMightCard+1","Madness","Defy Death"],"relics":["Burning Blood","REME_ComplimentaryCards","Unceasing Top","Pondfish Scales","Strawberry"],"acts_visited":["Exordium"],"potions_floor_usage":[],"damage_taken":[{"damage":0,"enemies":"Small Slimes","floor":1,"turns":1},{"damage":11,"enemies":"Jaw Worm","floor":5,"turns":4},{"damage":24,"enemies":"2 Louse","floor":13,"turns":3},{"damage":31,"enemies":"Lots of Slimes","floor":14,"turns":4},{"damage":0,"enemies":"Hexaghost","floor":16,"turns":2}],"seed_played":"430111117237386412","potions_obtained":[{"floor":14,"key":"blueLaboratory:IronCompound"}],"is_trial":true,"path_per_floor":["M","?","?","T","M","R","R","R","T","R","R","R","M","M","R","B"],"character_chosen":"IRONCLAD","items_purchased":[],"campfire_rested":1,"item_purchase_floors":[],"current_hp_per_floor":[80,80,64,64,59,59,59,59,66,66,66,66,48,23,49,49,49],"gold":205,"neow_bonus":"","is_daily":false,"chose_seed":false,"campfire_upgraded":6,"win_rate":0.0,"timestamp":1612978739,"path_taken":["M","?","?","?","M","R","R","R","T","R","R","R","M","M","R","BOSS"],"items_purchased_type":[],"build_version":"2020-12-22","purchased_purges":0,"victory":false,"max_hp_per_floor":[80,80,80,80,80,80,80,80,87,87,87,87,87,87,87,87,87],"card_choices":[{"not_picked":["Rupture","Panacea","Sword Boomerang"],"picked":"SKIP","floor":1},{"not_picked":["Wild Strike","Flash of Steel"],"picked":"Replay:BasicMightCard","floor":5},{"not_picked":["Cleave","Clothesline"],"picked":"Madness","floor":13},{"not_picked":["REME_FirmDetermination","Body Slam"],"picked":"Defy Death","floor":14}],"player_experience":230827,"relics_obtained":[{"floor":4,"key":"Pondfish Scales"},{"floor":9,"key":"Strawberry"}],"event_choices":[{"damage_healed":0,"gold_gain":0,"player_choice":"Entered Light","damage_taken":16,"max_hp_gain":0,"max_hp_loss":0,"event_name":"Shining Light","floor":3,"gold_loss":0,"cards_upgraded":["Clash","Demon Form"]}],"is_beta":false,"boss_relics":[],"items_purged_floors":[],"is_endless":true,"potions_floor_spawned":[14],"killed_by":"Hexaghost","ascension_level":0}}