{"host":"h4lp0eeso8a0ssq0","time":1612925750,"event":{"mods":["2.2 Compatiblity","AchievementEnabler","BaseMod","CapriCore","Colored Map","Minty Spire (QoL Compilation)","StSLib","SuperFastMode"],"gold_per_floor":[117,117,42,42,57,92,92,120,144,70,100,13,13,29,29,119,119,138,138,154,21,21,21],"floor_reached":22,"language":"KOR","playtime":398,"items_purged":["Strike_G"],"score":428,"play_id":"256fd4aa-5076-485d-8b76-fd9c6caaab0e","local_time":"20210210115550","is_ascension_mode":true,"campfire_choices":[{"data":"Catalyst","floor":7,"key":"SMITH"},{"data":"Crippling Poison","floor":15,"key":"SMITH"}],"circlet_count":0,"master_deck":["AscendersBane","Strike_G+1","Defend_G+1","Defend_G","Defend_G","Defend_G","Defend_G","Survivor","Neutralize","PiercingWail","Catalyst+1","Flying Knee","Corpse Explosion","Bullet Time","Bouncing Flask","Blur","Crippling Poison+1","Deflect","Doppelganger","Noxious Fumes","Poisoned Stab"],"relics":["Ring of the Snake","NeowsBlessing","Nunchaku","MealTicket","MawBank","Blue Candle","Golden Idol","Philosopher\u0027s Stone"],"acts_visited":["Exordium","TheCity"],"potions_floor_usage":[8,16,16],"damage_taken":[{"damage":0,"enemies":"Small Slimes","floor":1,"turns":1},{"damage":0,"enemies":"Jaw Worm","floor":5,"turns":1},{"damage":0,"enemies":"Lagavulin","floor":6,"turns":1},{"damage":3,"enemies":"Gremlin Nob","floor":8,"turns":3},{"damage":9,"enemies":"Lagavulin","floor":11,"turns":5},{"damage":0,"enemies":"2 Louse","floor":14,"turns":1},{"damage":2,"enemies":"The Guardian","floor":16,"turns":6},{"damage":17,"enemies":"2 Thieves","floor":18,"turns":4},{"damage":21,"enemies":"Shell Parasite","floor":20,"turns":3},{"damage":36,"enemies":"Sentry and Sphere","floor":22,"turns":5}],"seed_played":"-2158582780769942760","potions_obtained":[{"floor":6,"key":"ColorlessPotion"},{"floor":8,"key":"PowerPotion"},{"floor":14,"key":"LiquidMemories"},{"floor":16,"key":"FearPotion"},{"floor":18,"key":"FearPotion"}],"is_trial":false,"path_per_floor":["M","?","?","?","M","E","R","E","T","$","E","$","?","M","R","B",null,"M","?","M","$","M"],"character_chosen":"THE_SILENT","items_purchased":["Bouncing Flask","Crippling Poison","Poisoned Stab"],"campfire_rested":0,"item_purchase_floors":[10,12,21],"current_hp_per_floor":[59,39,39,39,39,39,39,36,36,51,42,57,34,34,34,32,58,41,41,20,35,0,0],"gold":21,"neow_bonus":"THREE_ENEMY_KILL","is_daily":false,"chose_seed":false,"campfire_upgraded":2,"win_rate":0.0,"timestamp":1612925750,"path_taken":["M","?","?","?","M","E","R","E","T","$","E","$","?","M","R","BOSS","M","?","M","$","M"],"items_purchased_type":["Card","Card","Card"],"build_version":"2020-12-22","purchased_purges":1,"victory":false,"max_hp_per_floor":[66,66,66,66,66,66,66,66,66,66,66,66,66,66,66,66,66,66,66,66,66,66,66],"card_choices":[{"not_picked":["Tactician","Well Laid Plans"],"picked":"PiercingWail","floor":1},{"not_picked":["Finisher","Dodge and Roll"],"picked":"Flying Knee","floor":5},{"not_picked":["Dash","Expertise"],"picked":"Corpse Explosion","floor":6},{"not_picked":["Bane","Skewer"],"picked":"Bullet Time","floor":8},{"not_picked":["Dagger Throw","Acrobatics"],"picked":"Blur","floor":11},{"not_picked":["Tactician","Caltrops"],"picked":"Deflect","floor":14},{"not_picked":["Corpse Explosion","Tools of the Trade"],"picked":"Doppelganger","floor":16},{"not_picked":["Bane","Reflex+1"],"picked":"Noxious Fumes","floor":18},{"not_picked":["Bane","Infinite Blades","Deflect"],"picked":"SKIP","floor":20}],"player_experience":204862,"relics_obtained":[{"floor":6,"key":"Nunchaku"},{"floor":8,"key":"MealTicket"},{"floor":9,"key":"MawBank"},{"floor":11,"key":"Blue Candle"}],"event_choices":[{"damage_healed":0,"gold_gain":0,"player_choice":"Entered Light","damage_taken":20,"max_hp_gain":0,"max_hp_loss":0,"event_name":"Shining Light","floor":2,"gold_loss":0,"cards_upgraded":["Strike_G","Defend_G"]},{"cards_removed":["Strike_G"],"damage_healed":0,"gold_gain":0,"player_choice":"Card Removal","damage_taken":0,"max_hp_gain":0,"max_hp_loss":0,"event_name":"The Cleric","floor":3,"gold_loss":75},{"damage_healed":0,"gold_gain":0,"cards_transformed":["Strike_G"],"player_choice":"Change","damage_taken":0,"max_hp_gain":0,"max_hp_loss":0,"event_name":"Living Wall","floor":4,"gold_loss":0,"cards_obtained":["Catalyst"]},{"damage_healed":0,"gold_gain":0,"player_choice":"Take Damage","damage_taken":23,"relics_obtained":["Golden Idol"],"max_hp_gain":0,"max_hp_loss":0,"event_name":"Golden Idol","floor":13,"gold_loss":0},{"cards_removed":["Strike_G"],"damage_healed":0,"gold_gain":0,"player_choice":"Elegance","damage_taken":0,"max_hp_gain":0,"max_hp_loss":0,"event_name":"Back to Basics","floor":19,"gold_loss":0}],"is_beta":false,"boss_relics":[{"not_picked":["SacredBark","Velvet Choker"],"picked":"Philosopher\u0027s Stone"}],"items_purged_floors":[21],"is_endless":false,"potions_floor_spawned":[6,8,14,16,18],"killed_by":"Sentry and Sphere","ascension_level":18}}