{"host":"uv5ws9rdk87e8i5k","time":1612925972,"event":{"mods":["AchievementEnabler","BaseMod","Colored Map","Minty Spire (QoL Compilation)","Permanent Neow","Quick Restart","StSLib","SuperFastMode","The Necromancer"],"gold_per_floor":[117,132,143,156,156,182,196,221,291,351,49,78,78,96,96,96,96],"floor_reached":16,"language":"ENG","playtime":298,"items_purged":[],"score":183,"play_id":"9c11de36-f08b-4241-a8ec-b9ef1de7fc59","local_time":"20210209205932","is_ascension_mode":true,"campfire_choices":[{"data":"Immolate","floor":13,"key":"SMITH"},{"data":"True Grit","floor":15,"key":"SMITH"}],"circlet_count":0,"master_deck":["AscendersBane","Strike_R","Strike_R","Strike_R","Strike_R","Strike_R","Defend_R","Defend_R","Defend_R","Defend_R","Bash","Immolate+1","Pommel Strike","Cleave","Feed","Seeing Red","Burning Pact","Battle Trance","Inflame","True Grit+1","Heavy Blade","Pommel Strike"],"relics":["Burning Blood","PreservedInsect","Mercury Hourglass","Ornamental Fan","Prayer Wheel","Vajra","Orrery","Omamori"],"acts_visited":["Exordium"],"potions_floor_usage":[6,8,16],"damage_taken":[{"damage":1,"enemies":"Cultist","floor":1,"turns":4},{"damage":7,"enemies":"Jaw Worm","floor":2,"turns":2},{"damage":0,"enemies":"2 Louse","floor":3,"turns":1},{"damage":31,"enemies":"Exordium Thugs","floor":4,"turns":4},{"damage":35,"enemies":"Lagavulin","floor":6,"turns":7},{"damage":10,"enemies":"Large Slime","floor":7,"turns":6},{"damage":10,"enemies":"3 Sentries","floor":8,"turns":3},{"damage":4,"enemies":"Gremlin Nob","floor":10,"turns":3},{"damage":10,"enemies":"Gremlin Nob","floor":12,"turns":3},{"damage":2,"enemies":"2 Fungi Beasts","floor":14,"turns":2},{"damage":13,"enemies":"Hexaghost","floor":16,"turns":4}],"seed_played":"-4406685182480501173","potions_obtained":[{"floor":3,"key":"Dexterity Potion"},{"floor":7,"key":"DuplicationPotion"},{"floor":12,"key":"Block Potion"}],"is_trial":false,"path_per_floor":["M","M","M","M","?","E","M","E","T","?","$","E","R","M","R","B"],"character_chosen":"IRONCLAD","items_purchased":["Vajra","Orrery"],"campfire_rested":0,"item_purchase_floors":[11,11],"current_hp_per_floor":[72,71,72,47,71,42,41,37,37,39,39,35,35,39,39,26,26],"gold":96,"neow_bonus":"THREE_RARE_CARDS","is_daily":false,"chose_seed":false,"campfire_upgraded":2,"win_rate":0.0,"timestamp":1612925972,"path_taken":["M","M","M","M","?","E","M","E","T","?","?","E","R","M","R","BOSS"],"items_purchased_type":["Relic","Relic"],"build_version":"2020-12-22","purchased_purges":0,"victory":false,"max_hp_per_floor":[72,72,72,72,72,72,75,75,75,75,75,75,75,75,75,75,75],"card_choices":[{"not_picked":["Berserk","Bludgeon"],"picked":"Immolate","floor":0},{"not_picked":["Twin Strike","Entrench","Sword Boomerang"],"picked":"SKIP","floor":1},{"not_picked":["Flex","Thunderclap"],"picked":"Pommel Strike","floor":2},{"not_picked":["Rage","Sentinel"],"picked":"Cleave","floor":3},{"not_picked":["Searing Blow","Thunderclap","Perfected Strike"],"picked":"SKIP","floor":4},{"not_picked":["Barricade","Berserk"],"picked":"Feed","floor":6},{"not_picked":["Power Through","Armaments","Pummel"],"picked":"SKIP","floor":7},{"not_picked":["Disarm","Heavy Blade"],"picked":"Seeing Red","floor":8},{"not_picked":["Iron Wave","Sword Boomerang"],"picked":"Burning Pact","floor":10},{"not_picked":["Iron Wave","Perfected Strike"],"picked":"Battle Trance","floor":11},{"not_picked":["Clash","Rampage"],"picked":"Inflame","floor":11},{"not_picked":["Anger","Thunderclap"],"picked":"True Grit","floor":11},{"not_picked":["Clash","Armaments"],"picked":"Heavy Blade","floor":12},{"not_picked":["Thunderclap","Warcry"],"picked":"Pommel Strike","floor":14},{"not_picked":["Juggernaut","Iron Wave","Sentinel"],"picked":"SKIP","floor":14}],"player_experience":149534,"relics_obtained":[{"floor":6,"key":"PreservedInsect"},{"floor":8,"key":"Mercury Hourglass"},{"floor":9,"key":"Ornamental Fan"},{"floor":10,"key":"Prayer Wheel"},{"floor":12,"key":"Omamori"}],"event_choices":[{"damage_healed":24,"gold_gain":0,"player_choice":"Banana","damage_taken":0,"max_hp_gain":0,"max_hp_loss":0,"event_name":"Big Fish","floor":5,"gold_loss":0},{"damage_healed":0,"gold_gain":0,"player_choice":"Searched \u00272\u0027 times","damage_taken":0,"max_hp_gain":0,"max_hp_loss":0,"event_name":"Dead Adventurer","floor":10,"gold_loss":0}],"is_beta":false,"boss_relics":[],"items_purged_floors":[],"is_endless":false,"potions_floor_spawned":[3,7,12],"killed_by":"Hexaghost","ascension_level":10}}