{"host":"8d3fefv2347kqkpz","time":1612990788,"event":{"mods":["AchievementEnabler","Act Like it!","BaseMod","Better Vampires","Colored Map","Colored Powertips","Downfall","GifTheSpireLib","Highlight Path","Minty Spire (QoL Compilation)","Quick Restart","Rare Cards Sparkle","Relic Stats","Replay The Spire","Spicy Shops","StSLib","Waifu the Spire"],"gold_per_floor":[115,115,16,31,31,31,44,73,73,73,122,122,141,171,171,271,271,289,289,305,305,316,316,328,328,352,393,405,434,481,503,515,625,637,662,896,928,940,369,369,369,389,389,278,296,313,313,329,329,329],"floor_reached":51,"language":"ZHS","playtime":1901,"items_purged":["Replay:DivineShield","BattleHymn","Consecrate","Tantrum+1"],"score":617,"play_id":"df8efceb-429b-4610-8a1f-e150744a0ca0","local_time":"20210211045948","is_ascension_mode":false,"campfire_choices":[{"data":"Eruption","floor":6.0,"key":"SMITH"},{"floor":10.0,"key":"REST"},{"data":"Vigilance","floor":12.0,"key":"SMITH"},{"data":"Tantrum","floor":15.0,"key":"SMITH"},{"floor":23.0,"key":"REST"},{"floor":25.0,"key":"REST"},{"data":"Replay:AllIn","floor":28.0,"key":"SMITH"},{"data":"FlurryOfBlows","floor":32.0,"key":"SMITH"},{"data":"MentalFortress","floor":41.0,"key":"SMITH"},{"floor":47,"key":"REST"},{"floor":49,"key":"REST"}],"circlet_count":0,"master_deck":["Strike_P+1","Defend_P+1","Defend_P","Eruption+1","Vigilance+1","CrushJoints+1","Replay:AllIn+1","EmptyFist","Crescendo+1","FlurryOfBlows+1","FearNoEvil+1","FlurryOfBlows+1","MentalFortress+1","FlurryOfBlows","Replay:BluntJabs","Halt+1"],"relics":["PureWater","Odd Mushroom","Replay:Bottled Steam","Whetstone","ReplayTheSpireMod:Shallot","Empty Cage","MawBank","Happy Flower","Red Mask","Membership Card","Anchor","ReplayTheSpireMod:Lightbulb","InkBottle"],"acts_visited":["Exordium","TheCity","TheBeyond"],"potions_floor_usage":[48,50],"damage_taken":[{"damage":2.0,"enemies":"2 Louse","floor":1.0,"turns":5.0},{"damage":1.0,"enemies":"Jaw Worm","floor":4.0,"turns":4.0},{"damage":0.0,"enemies":"Small Slimes","floor":7.0,"turns":2.0},{"damage":10.0,"enemies":"The Mushroom Lair","floor":8.0,"turns":4.0},{"damage":0.0,"enemies":"3 Louse","floor":13.0,"turns":2.0},{"damage":0.0,"enemies":"Lagavulin","floor":14.0,"turns":3.0},{"damage":6.0,"enemies":"Fading Forest","floor":16.0,"turns":11.0},{"damage":0.0,"enemies":"Shell Parasite","floor":18.0,"turns":4.0},{"damage":25.0,"enemies":"Spheric Guardian","floor":20.0,"turns":6.0},{"damage":0.0,"enemies":"3 Cultists","floor":22.0,"turns":3.0},{"damage":8.0,"enemies":"Sentry and Sphere","floor":24.0,"turns":3.0},{"damage":0.0,"enemies":"Gremlin Leader","floor":27.0,"turns":4.0},{"damage":0.0,"enemies":"Cultist and Chosen","floor":29.0,"turns":4.0},{"damage":0.0,"enemies":"Masked Bandits","floor":30.0,"turns":2.0},{"damage":0.0,"enemies":"Snake Plant","floor":31.0,"turns":3.0},{"damage":49.0,"enemies":"Automaton","floor":33.0,"turns":8.0},{"damage":9.0,"enemies":"3 Darklings","floor":35.0,"turns":4.0},{"damage":0.0,"enemies":"Orb Walker","floor":37.0,"turns":2.0},{"damage":0.0,"enemies":"Transient","floor":42.0,"turns":5.0},{"damage":0.0,"enemies":"Jaw Worm Horde","floor":45.0,"turns":2.0},{"damage":19,"enemies":"Writhing Mass","floor":46,"turns":3},{"damage":32,"enemies":"Maw","floor":48,"turns":7},{"damage":22,"enemies":"Replay:Hell Engine","floor":50,"turns":8}],"seed_played":"9112713259043244214","potions_obtained":[{"floor":8.0,"key":"FearPotion"},{"floor":14.0,"key":"Fire Potion"},{"floor":16.0,"key":"Swift Potion"},{"floor":18.0,"key":"Toxic Potion"},{"floor":24.0,"key":"Reflective Coating"},{"floor":27.0,"key":"Elixir"},{"floor":29.0,"key":"Regen Potion"}],"is_trial":false,"path_per_floor":["M","?","$","M","?","R","M","?","T","R","T","R","M","E","R","B",null,"M","?","M","?","M","R","M","R","T","E","R","M","?","M","R","B",null,"M","?","M","?","$","?","R","M","T","$","M","M","R","M","R","B",null],"character_chosen":"WATCHER","items_purchased":["Consecrate","MentalFortress","Membership Card","Anchor","ReplayTheSpireMod:Lightbulb","Replay:BluntJabs"],"campfire_rested":5,"item_purchase_floors":[3,39,39,39,39,44],"current_hp_per_floor":[70,70,70,69,55,55,55,45,45,66,66,66,66,66,66,60,72,72,72,47,41,41,62,54,72,72,72,72,72,72,72,72,23,72,63,63,63,63,63,63,63,63,63,63,63,44,65,47,68,46],"gold":329,"neow_bonus":"REMOVE_CARD","is_daily":false,"chose_seed":false,"campfire_upgraded":6,"win_rate":0.0,"timestamp":1612990788,"path_taken":["M","?","$","M","?","R","M","?","T","R","?","R","M","E","R","BOSS","M","?","M","?","M","R","?","R","T","E","R","M","?","M","R","BOSS","M","?","M","?","$","?","R","M","T","$","M","M","R","M","R","BOSS"],"items_purchased_type":["Card","Card","Relic","Relic","Relic","Card"],"build_version":"2020-12-22","purchased_purges":4,"victory":true,"max_hp_per_floor":[72,72,72,72,72,72,72,72,72,72,72,72,72,72,72,72,72,72,72,72,72,72,72,72,72,72,72,72,72,72,72,72,72,72,72,72,72,72,72,72,72,72,72,72,72,72,72,72,72,72],"relic_stats":{"Happy Flower":[16],"counters":[23,99],"Whetstone":["Strike_P","Strike_P"],"MawBank":156,"obtain_stats":[{"Happy Flower":27,"Whetstone":11,"Odd Mushroom":8,"Empty Cage":17,"MawBank":26,"Anchor":39,"ReplayTheSpireMod:Shallot":14,"Red Mask":30,"Membership Card":39,"PureWater":0,"ReplayTheSpireMod:Lightbulb":39,"InkBottle":43,"Replay:Bottled Steam":9},{"Happy Flower":12,"Whetstone":4,"Odd Mushroom":4,"Empty Cage":7,"MawBank":11,"Anchor":18,"ReplayTheSpireMod:Shallot":6,"Red Mask":14,"Membership Card":18,"PureWater":0,"ReplayTheSpireMod:Lightbulb":18,"InkBottle":19,"Replay:Bottled Steam":4},{"Happy Flower":51,"Whetstone":15,"Odd Mushroom":15,"Empty Cage":31,"MawBank":47,"Anchor":74,"ReplayTheSpireMod:Shallot":20,"Red Mask":57,"Membership Card":74,"PureWater":0,"ReplayTheSpireMod:Lightbulb":74,"InkBottle":79,"Replay:Bottled Steam":15}],"InkBottle":[14]},"card_choices":[{"not_picked":["Prostrate","ThirdEye","Replay:AtTheReady"],"picked":"SKIP","floor":1.0},{"not_picked":["PathToVictory","Meditate"],"picked":"CrushJoints","floor":4.0},{"not_picked":["CarveReality","Replay:Anticipation","SignatureMove"],"picked":"SKIP","floor":7.0},{"not_picked":["Scrawl","ThirdEye"],"picked":"FlyingSleeves","floor":13.0},{"not_picked":["Devotion","Replay:DivineShield"],"picked":"Tantrum","floor":14.0},{"not_picked":["Replay:LoomingThreat","Ragnarok"],"picked":"Replay:AllIn","floor":16.0},{"not_picked":["EmptyBody+1","Replay:Vibes"],"picked":"EmptyMind","floor":18.0},{"not_picked":["Consecrate","Halt"],"picked":"Crescendo+1","floor":20.0},{"not_picked":["JustLucky","EmptyBody+1"],"picked":"FlurryOfBlows+1","floor":22.0},{"not_picked":["Protect","FlyingSleeves","Replay:ManipulateFuture+1"],"picked":"SKIP","floor":24.0},{"not_picked":["EmptyFist","SignatureMove+1"],"picked":"FearNoEvil+1","floor":27.0},{"not_picked":["Prostrate+1","LessonLearned","CarveReality"],"picked":"SKIP","floor":29.0},{"not_picked":["Protect+1","Wireheading+1"],"picked":"FlurryOfBlows","floor":30.0},{"not_picked":["Study","PathToVictory+1","ThirdEye"],"picked":"SKIP","floor":31.0},{"not_picked":["Study","PathToVictory+1","ThirdEye"],"picked":"SKIP","floor":31.0},{"not_picked":["TalkToTheHand+1","FlyingSleeves","ThirdEye"],"picked":"SKIP","floor":35.0},{"not_picked":["EmptyBody","Wallop","Replay:Battleflow+1"],"picked":"SKIP","floor":37.0},{"not_picked":["Pray","WindmillStrike+1"],"picked":"FlurryOfBlows","floor":42.0},{"not_picked":["Weave+1","CutThroughFate","ThirdEye+1"],"picked":"SKIP","floor":45.0},{"not_picked":["MasterReality","PathToVictory+1"],"picked":"Halt+1","floor":46},{"not_picked":["Protect+1","ReachHeaven+1","Prostrate+1"],"picked":"SKIP","floor":48}],"player_experience":341982,"relics_obtained":[{"floor":8.0,"key":"Odd Mushroom"},{"floor":9.0,"key":"Replay:Bottled Steam"},{"floor":11.0,"key":"Whetstone"},{"floor":14.0,"key":"ReplayTheSpireMod:Shallot"},{"floor":26.0,"key":"MawBank"},{"floor":27.0,"key":"Happy Flower"},{"floor":30.0,"key":"Red Mask"},{"floor":43.0,"key":"InkBottle"}],"event_choices":[{"damage_healed":0.0,"max_hp_gain":0.0,"max_hp_loss":0.0,"gold_gain":0.0,"cards_transformed":["Defend_P"],"event_name":"Living Wall","player_choice":"Change","floor":2.0,"gold_loss":0.0,"damage_taken":0.0,"cards_obtained":["Replay:DivineShield"]},{"damage_healed":0.0,"max_hp_gain":0.0,"max_hp_loss":0.0,"gold_gain":0.0,"event_name":"Shining Light","player_choice":"Entered Light","floor":5.0,"gold_loss":0.0,"damage_taken":14.0,"cards_upgraded":["Defend_P","CrushJoints"]},{"damage_healed":0.0,"max_hp_gain":0.0,"max_hp_loss":0.0,"gold_gain":0.0,"event_name":"Mushrooms","player_choice":"Fought Mushrooms","floor":8.0,"gold_loss":0.0,"damage_taken":0.0},{"damage_healed":0.0,"max_hp_gain":0.0,"max_hp_loss":0.0,"gold_gain":0.0,"cards_transformed":["Defend_P","EmptyMind"],"event_name":"Drug Dealer","player_choice":"Became Test Subject","floor":19.0,"gold_loss":0.0,"damage_taken":0.0,"cards_obtained":["BattleHymn","EmptyFist"]},{"damage_healed":0.0,"max_hp_gain":0.0,"max_hp_loss":0.0,"gold_gain":0.0,"event_name":"Knowing Skull","player_choice":"","floor":21.0,"potions_obtained":[],"gold_loss":0.0,"damage_taken":6.0,"cards_obtained":[]},{"damage_healed":0.0,"max_hp_gain":0.0,"max_hp_loss":0.0,"gold_gain":0.0,"event_name":"Masked Bandits","player_choice":"Fought Bandits","floor":30.0,"gold_loss":0.0,"damage_taken":0.0},{"damage_healed":0.0,"max_hp_gain":0.0,"max_hp_loss":0.0,"gold_gain":222.0,"event_name":"Tomb of Lord Red Mask","player_choice":"Wore Mask","floor":36.0,"gold_loss":0.0,"damage_taken":0.0},{"damage_healed":0.0,"max_hp_gain":0.0,"max_hp_loss":0.0,"gold_gain":0.0,"event_name":"Mysterious Sphere","player_choice":"Ignored","floor":38.0,"gold_loss":0.0,"damage_taken":0.0},{"cards_removed":["Strike_P"],"damage_healed":0.0,"max_hp_gain":0.0,"max_hp_loss":0.0,"gold_gain":0.0,"event_name":"Falling","player_choice":"Removed Attack","floor":40.0,"gold_loss":0.0,"damage_taken":0.0}],"is_beta":false,"boss_relics":[{"not_picked":["Replay:Drink Me","Runic Dome"],"picked":"Empty Cage"},{"not_picked":["Velvet Choker","Snecko Eye","Calling Bell"]}],"items_purged_floors":[3,39,39,44],"is_endless":false,"potions_floor_spawned":[8,14,16,18,24,27,29,30,37,42],"ascension_level":0}}