{"host":"htqwg582tjjtn9p7","time":1612991126,"event":{"mods":["2.2 Compatiblity","AchievementEnabler","Act Like it!","Aspiration","BaseMod","Better Third Choice","Colored Map","Conspire","Curses Come First","Displayed Cursed Tome","Energized Spire","Force Act Four","Fox Events","GifTheSpireLib","Hermit","Highlight Path","JesterMod","Mad Scientist","Minty Spire (QoL Compilation)","Pale of the Ancients","Permanent Neow","Random Character Button","Relic Stats","Reliquary","Replay The Spire","Robot Space Explorer","Somnambulant","Spicy Shops","Spikes Relics","StSLib","Stuff the Spire","The Blue Laboratory","The Bug Knight","The Forsaken","The Gatherer","The Judge","The Jungle","The Marked","The Runesmith","The Servant 0.9.4","Uncapped"],"gold_per_floor":[118,133,144,161,174,201,217,242,242,259,202,202,48,73,73,152,152,164,178,188,188,2,37,87,103,103,122,122,122,122,149,149,227,227,237,15,26,43,43,43,43],"floor_reached":40,"language":"ENG","playtime":2621,"items_purged":["Strike_R","Strike_R"],"score":820,"play_id":"e3756635-39d0-47b8-a808-5dd21f184040","local_time":"20210210220526","is_ascension_mode":true,"campfire_choices":[{"floor":12,"key":"REST"},{"floor":15,"key":"REST"},{"data":"Spot Weakness","floor":28,"key":"SMITH"},{"floor":30,"key":"REST"}],"circlet_count":0,"master_deck":["AscendersBane","Strike_R+1","Strike_R","Defend_R","Defend_R+1","Defend_R","Defend_R","Bash","Feed","Spot Weakness+1","Pommel Strike","Clothesline","Battle Trance","Flame Barrier","ReplayTheSpireMod:Stacked","StuffTheSpire:Slingshot","Cleave","Cleave","Replay:Undeath\u0027s Touch","StuffTheSpire:Slingshot","Reaper","Pummel","Shrug It Off","Dark Embrace","Impervious","Metallicize+1","Reaper+1","ReplayTheSpireMod:Stacked","conspire:Purge","Bloodletting","Armaments"],"relics":["Burning Blood","Anchor","Snack Pack","Simple Rune","betterThird:SlimedRelic","Orrery","Odd Mushroom","Snecko Eye","Ornamental Fan","Garlic","reliquary:Aerogel","Replay:Fungal Core"],"acts_visited":["Exordium","Exordium","TheBeyond"],"potions_floor_usage":[4,8,10,23,23,33,38],"damage_taken":[{"damage":7,"enemies":"Jaw Worm","floor":1,"turns":6},{"damage":3,"enemies":"2 Louse","floor":2,"turns":3},{"damage":6,"enemies":"Cultist","floor":3,"turns":3},{"damage":7,"enemies":"2 Fungi Beasts","floor":4,"turns":5},{"damage":24,"enemies":"Gremlin Gang","floor":5,"turns":5},{"damage":35,"enemies":"3 Sentries","floor":6,"turns":8},{"damage":1,"enemies":"Large Slime","floor":7,"turns":9},{"damage":35,"enemies":"Lagavulin","floor":8,"turns":10},{"damage":9,"enemies":"Blue Slaver","floor":10,"turns":4},{"damage":12,"enemies":"The Mushroom Lair","floor":14,"turns":4},{"damage":20,"enemies":"Hexaghost","floor":16,"turns":11},{"damage":16,"enemies":"theJungle:5_Spyders","floor":18,"turns":10},{"damage":5,"enemies":"theJungle:MUSHROOMGANG","floor":19,"turns":5},{"damage":22,"enemies":"theJungle:2_Flameangoes","floor":20,"turns":8},{"damage":52,"enemies":"theJungle:2_Phrogs","floor":23,"turns":8},{"damage":31,"enemies":"theJungle:2_Snecko_Cultists","floor":25,"turns":5},{"damage":0,"enemies":"theJungle:Snecko_Cultist_And_Trap","floor":27,"turns":11},{"damage":32,"enemies":"theJungle:MamaSnecko","floor":31,"turns":11},{"damage":14,"enemies":"theJungle:TotemBoss","floor":33,"turns":8},{"damage":3,"enemies":"3 Darklings","floor":35,"turns":7},{"damage":13,"enemies":"Orb Walker","floor":37,"turns":6},{"damage":41,"enemies":"4 Shapes","floor":38,"turns":10},{"damage":67,"enemies":"Giant Head","floor":40,"turns":9}],"seed_played":"-3644310370801903427","potions_obtained":[{"floor":1,"key":"SkillPotion"},{"floor":6,"key":"blueLaboratory:IronCompound"},{"floor":8,"key":"BlessingOfTheForge"},{"floor":14,"key":"blueLaboratory:BottleOfVodka"},{"floor":16,"key":"blueLaboratory:IronCompound"},{"floor":20,"key":"Block Potion"},{"floor":27,"key":"SneckoOil"},{"floor":31,"key":"blueLaboratory:BottleOfVodka"},{"floor":32,"key":"CultistPotion"},{"floor":32,"key":"Flashbang"},{"floor":33,"key":"Strength Potion"}],"is_trial":false,"path_per_floor":["M","M","M","M","M","E","M","E","T","M","?","R","$","?","R","B",null,"M","M","M","?","$","E","?","M","T","M","R","?","R","E","R_BF","B",null,"M","$","M","M","?","E"],"character_chosen":"IRONCLAD","items_purchased":["Orrery","Reaper+1","Bloodletting","Armaments"],"campfire_rested":3,"item_purchase_floors":[13,22,36,36],"current_hp_per_floor":[70,76,79,81,66,37,42,13,13,12,1,28,28,34,61,65,84,86,96,85,86,86,46,46,48,48,78,78,78,102,102,102,105,105,108,108,108,81,81,41,41],"gold":43,"neow_bonus":"ONE_RANDOM_RARE_CARD","is_daily":false,"chose_seed":false,"campfire_upgraded":1,"win_rate":0.0,"timestamp":1612991126,"path_taken":["M","M","M","M","M","E","M","E","T","M","?","R","$","?","R","BOSS","M","M","M","?","$","E","?","?","T","M","R","?","R","E","R_BF","BOSS","M","$","M","?","?","E"],"items_purchased_type":["Relic","Card","Card","Card"],"build_version":"2020-12-22","purchased_purges":2,"victory":false,"max_hp_per_floor":[78,81,84,87,90,90,90,90,90,90,90,90,90,90,90,90,90,93,96,99,99,99,99,99,99,99,102,102,102,102,102,102,105,105,108,108,108,111,111,111,111],"relic_stats":{"counters":[23,166],"Ornamental Fan":[96],"Snecko Eye":[250,224,178,194],"obtain_stats":[{"Anchor":6,"Replay:Fungal Core":34,"Ornamental Fan":23,"reliquary:Aerogel":31,"betterThird:SlimedRelic":11,"Orrery":13,"Snecko Eye":17,"Simple Rune":9,"Snack Pack":8,"Garlic":26,"Odd Mushroom":14,"Burning Blood":0},{"Anchor":6,"Replay:Fungal Core":19,"Ornamental Fan":15,"reliquary:Aerogel":18,"betterThird:SlimedRelic":9,"Orrery":9,"Snecko Eye":11,"Simple Rune":8,"Snack Pack":8,"Garlic":16,"Odd Mushroom":10,"Burning Blood":0},{"Anchor":30,"Replay:Fungal Core":134,"Ornamental Fan":99,"reliquary:Aerogel":126,"betterThird:SlimedRelic":53,"Orrery":53,"Snecko Eye":68,"Simple Rune":49,"Snack Pack":49,"Garlic":104,"Odd Mushroom":57,"Burning Blood":0}],"Burning Blood":102},"card_choices":[{"not_picked":["Armaments","Warcry"],"picked":"Spot Weakness","floor":1},{"not_picked":["StuffTheSpire:RockThrow","ReplayTheSpireMod:Corrosion Curse"],"picked":"Pommel Strike","floor":2},{"not_picked":["Heavy Blade","Cleave"],"picked":"Clothesline","floor":3},{"not_picked":["Dark Embrace","Shrug It Off"],"picked":"Battle Trance","floor":4},{"not_picked":["Wild Strike","Replay:Undeath\u0027s Touch"],"picked":"Flame Barrier","floor":5},{"not_picked":["Reckless Charge","StuffTheSpire:BloodClot"],"picked":"ReplayTheSpireMod:Stacked","floor":6},{"not_picked":["Limit Break","StuffTheSpire:RockThrow"],"picked":"StuffTheSpire:Slingshot","floor":7},{"not_picked":["Body Slam","Dark Embrace"],"picked":"Cleave","floor":8},{"not_picked":["Sword Boomerang","Infernal Blade"],"picked":"Cleave","floor":10},{"not_picked":["Rage","Flame Barrier"],"picked":"Replay:Undeath\u0027s Touch","floor":13},{"not_picked":["Clash","ReplayTheSpireMod:Strike From Hell"],"picked":"StuffTheSpire:Slingshot","floor":13},{"not_picked":["Warcry","Wild Strike"],"picked":"Reaper","floor":13},{"not_picked":["Flex","Clothesline"],"picked":"Pummel","floor":13},{"not_picked":["StuffTheSpire:Pyroclast","Corruption"],"picked":"Shrug It Off","floor":13},{"not_picked":["Body Slam","Burning Pact"],"picked":"Dark Embrace","floor":14},{"not_picked":["Hemogenesis","Fiend Fire"],"picked":"Impervious","floor":16},{"not_picked":["Anger","ReplayTheSpireMod:Strike From Hell"],"picked":"Metallicize+1","floor":18},{"not_picked":["Dark Embrace","Thunderclap","Heavy Blade"],"picked":"SKIP","floor":19},{"not_picked":["Warcry","ReplayReversal","Perfected Strike"],"picked":"SKIP","floor":20},{"not_picked":["Thunderclap","Clash+1","Pommel Strike"],"picked":"SKIP","floor":23},{"not_picked":["Flex","Twin Strike","conspire:HitWhereItHurts"],"picked":"SKIP","floor":25},{"not_picked":["Infernal Blade","Flex+1"],"picked":"ReplayTheSpireMod:Stacked","floor":27},{"not_picked":["Warcry+1","True Grit","Perfected Strike"],"picked":"SKIP","floor":31},{"not_picked":["Replay:Many Hands","Double Tap"],"picked":"conspire:Purge","floor":33},{"not_picked":["Whirlwind","Flex","Iron Wave"],"picked":"SKIP","floor":35},{"not_picked":["Clash","Twin Strike+1","Sever Soul"],"picked":"SKIP","floor":37},{"not_picked":["Clash","Searing Blow+1","Hemokinesis"],"picked":"SKIP","floor":38}],"player_experience":2017173,"relics_obtained":[{"floor":6,"key":"Anchor"},{"floor":8,"key":"Snack Pack"},{"floor":9,"key":"Simple Rune"},{"floor":14,"key":"Odd Mushroom"},{"floor":23,"key":"Ornamental Fan"},{"floor":26,"key":"Garlic"},{"floor":31,"key":"reliquary:Aerogel"}],"event_choices":[{"damage_healed":0,"gold_gain":0,"player_choice":"Slimed","damage_taken":11,"max_hp_gain":0,"max_hp_loss":0,"event_name":"betterThird:BetterGoop","floor":11,"gold_loss":57},{"damage_healed":0,"gold_gain":0,"player_choice":"Fought Mushrooms","damage_taken":0,"max_hp_gain":0,"max_hp_loss":0,"event_name":"Mushrooms","floor":14,"gold_loss":0},{"damage_healed":0,"gold_gain":50,"player_choice":"Pray","damage_taken":0,"max_hp_gain":0,"max_hp_loss":0,"event_name":"Golden Shrine","floor":24,"gold_loss":0},{"damage_healed":0,"gold_gain":0,"player_choice":"0 cards matched","damage_taken":0,"max_hp_gain":0,"max_hp_loss":0,"event_name":"Match and Keep!","floor":29,"gold_loss":0,"cards_obtained":[]}],"is_beta":false,"boss_relics":[{"not_picked":["SacredBark","Busted Crown"],"picked":"Snecko Eye"},{"not_picked":["StuffTheSpire:RunicHypercube","Replay:Grab Bag"],"picked":"Replay:Fungal Core"}],"items_purged_floors":[22,36],"is_endless":false,"potions_floor_spawned":[1,6,8,14,16,20,27,31,33],"killed_by":"Giant Head","ascension_level":15}}