{"host":"kg61lsvem4dxoat8","time":1612967586,"event":{"mods":["AchievementEnabler","BaseMod","Better Altar","Better Match","Better Sensory Stone","Better Skull","Block Reminder","Highlight Path","Minty Spire (QoL Compilation)","Quick Restart","Rare Cards Sparkle","Relic Sorter","Relic Stats","StSLib","Synergy Search","slay the spire mod where everything is the same but ironclad has a cowboy hat"],"gold_per_floor":[118,193,193,368,381,424,442,442,465,479,93,136,136,154,154,154,154],"floor_reached":16,"language":"ENG","playtime":408,"items_purged":["Doubt"],"score":203,"play_id":"76732bf1-d18f-4b94-8289-47ed0967701e","local_time":"20210210223306","is_ascension_mode":true,"campfire_choices":[{"data":"Bash","floor":8,"key":"SMITH"},{"data":"Dropkick","floor":13,"key":"SMITH"},{"data":"Dropkick","floor":15,"key":"SMITH"}],"circlet_count":0,"master_deck":["AscendersBane","Strike_R","Strike_R","Strike_R","Strike_R","Strike_R","Defend_R","Defend_R","Defend_R","Defend_R","Bash+1","Dropkick+1","Thunderclap","Combust","Ghostly Armor","Dropkick+1","True Grit+1","Reaper","Feel No Pain"],"relics":["Burning Blood","NeowsBlessing","Golden Idol","Oddly Smooth Stone","Happy Flower","Toxic Egg 2","Smiling Mask"],"acts_visited":["Exordium"],"potions_floor_usage":[12,16],"damage_taken":[{"damage":0,"enemies":"Jaw Worm","floor":1,"turns":1},{"damage":0,"enemies":"2 Louse","floor":5,"turns":1},{"damage":0,"enemies":"Lagavulin","floor":6,"turns":1},{"damage":12,"enemies":"Cultist","floor":7,"turns":4},{"damage":31,"enemies":"Exordium Thugs","floor":10,"turns":6},{"damage":11,"enemies":"3 Sentries","floor":12,"turns":5},{"damage":20,"enemies":"Gremlin Gang","floor":14,"turns":5},{"damage":31,"enemies":"The Guardian","floor":16,"turns":11}],"seed_played":"-83218729619008607","potions_obtained":[{"floor":7,"key":"AttackPotion"},{"floor":12,"key":"FearPotion"},{"floor":14,"key":"ElixirPotion"}],"is_trial":false,"path_per_floor":["M","?","?","?","M","E","M","R","T","M","$","E","R","M","R","B"],"character_chosen":"IRONCLAD","items_purchased":["Toxic Egg 2","True Grit+1"],"campfire_rested":0,"item_purchase_floors":[11,11],"current_hp_per_floor":[78,67,67,67,73,74,68,68,68,43,43,38,38,30,30,0,0],"gold":154,"neow_bonus":"THREE_ENEMY_KILL","is_daily":false,"chose_seed":false,"campfire_upgraded":3,"win_rate":0.0,"timestamp":1612967586,"path_taken":["M","?","?","?","M","E","M","R","T","M","$","E","R","M","R","BOSS"],"items_purchased_type":["Relic","Card"],"build_version":"2020-12-22","purchased_purges":1,"victory":false,"max_hp_per_floor":[80,80,74,74,74,74,74,74,74,74,74,74,74,74,74,74,74],"relic_stats":{"Happy Flower":[9],"counters":[8,34],"Golden Idol":32,"Smiling Mask":0,"obtain_stats":[{"NeowsBlessing":0,"Happy Flower":9,"Golden Idol":3,"Oddly Smooth Stone":6,"Toxic Egg 2":11,"Smiling Mask":12,"Burning Blood":0},{"NeowsBlessing":0,"Happy Flower":4,"Golden Idol":1,"Oddly Smooth Stone":3,"Toxic Egg 2":5,"Smiling Mask":6,"Burning Blood":0},{"NeowsBlessing":0,"Happy Flower":7,"Golden Idol":1,"Oddly Smooth Stone":3,"Toxic Egg 2":13,"Smiling Mask":18,"Burning Blood":0}],"Burning Blood":37},"card_choices":[{"not_picked":["Sword Boomerang","Iron Wave"],"picked":"Dropkick","floor":1},{"not_picked":["Warcry","Clothesline"],"picked":"Thunderclap","floor":5},{"not_picked":["Sword Boomerang","Intimidate"],"picked":"Combust","floor":6},{"not_picked":["Pommel Strike","Dual Wield"],"picked":"Ghostly Armor","floor":7},{"not_picked":["Clothesline","Cleave"],"picked":"Dropkick","floor":10},{"not_picked":["Anger","Rampage"],"picked":"Reaper","floor":12},{"not_picked":["Sword Boomerang","Iron Wave"],"picked":"Feel No Pain","floor":14}],"player_experience":1459146,"relics_obtained":[{"floor":6,"key":"Oddly Smooth Stone"},{"floor":9,"key":"Happy Flower"},{"floor":12,"key":"Smiling Mask"}],"event_choices":[{"damage_healed":0,"gold_gain":75,"player_choice":"Gather Gold","damage_taken":11,"max_hp_gain":0,"max_hp_loss":0,"event_name":"World of Goop","floor":2,"gold_loss":0},{"damage_healed":0,"gold_gain":0,"player_choice":"Lose Max HP","damage_taken":0,"relics_obtained":["Golden Idol"],"max_hp_gain":0,"max_hp_loss":6,"event_name":"Golden Idol","floor":3,"gold_loss":0},{"damage_healed":0,"gold_gain":175,"player_choice":"AGREE","damage_taken":0,"max_hp_gain":0,"max_hp_loss":0,"event_name":"Liars Game","floor":4,"gold_loss":0,"cards_obtained":["Doubt"]}],"is_beta":false,"boss_relics":[],"items_purged_floors":[11],"is_endless":false,"potions_floor_spawned":[7,12,14],"killed_by":"The Guardian","ascension_level":10}}