{"host":"n9gusi1v40na1f9y","time":1612967182,"event":{"mods":["AchievementEnabler","BaseMod","Colored Map","Colored Powertips","Downfall","Highlight Path","Minty Spire (QoL Compilation)","Rare Cards Sparkle","StSLib","The Bug Knight"],"gold_per_floor":[112,212,227,227,242,271,271,283,283,318,338,338,364,375,375,470,470,480,110,385,26,42,77,77,104,104,123,3,20,20,46,46,145,145,158,170,180,180,180,211,226,226,302,316,330,357,357,367,367,367],"floor_reached":51,"language":"ENG","playtime":3570,"items_purged":["Defend_R"],"score":1089,"play_id":"8704777a-9061-4977-8a0d-e5a147635584","local_time":"20210210142622","is_ascension_mode":true,"campfire_choices":[{"floor":7,"key":"REST"},{"data":"Heavy Blade","floor":12,"key":"SMITH"},{"data":"Perfected Strike","floor":15,"key":"SMITH"},{"floor":24,"key":"REST"},{"data":"Limit Break","floor":30,"key":"SMITH"},{"data":"Perfected Strike","floor":32,"key":"SMITH"},{"data":"Berserk","floor":42,"key":"SMITH"},{"floor":47,"key":"REST"},{"data":"Uppercut","floor":49,"key":"SMITH"}],"circlet_count":0,"master_deck":["Strike_R","Strike_R","Strike_R","Strike_R","Strike_R","Defend_R","Defend_R","Bash","Sever Soul","downfall:Haunted","Normality","Heavy Blade+1","Thunderclap","Twin Strike","Perfected Strike+1","Uppercut+1","Perfected Strike+1","Combust","Ghostly Armor","Limit Break+1","Cleave","Regret","Rampage","Pommel Strike","Battle Trance","downfall:Icky","Pommel Strike","Pommel Strike","Fire Breathing+1","Immolate","Shrug It Off","Pommel Strike+1","Seeing Red","downfall:Malfunctioning","Berserk+1","Heavy Blade+1","Twin Strike+1","Fiend Fire"],"relics":["Burning Blood","Ginger","Du-Vu Doll","Spirit Poop","Torii","Self Forming Clay","Eternal Feather","Incense Burner","Cursed Key","Ice Cream","Membership Card","Bag of Marbles","Pantograph","Sundial","Kunai","Potion Belt","HollowMod:LifeEnderRelic","Letter Opener","Black Star","Mummified Hand","Strawberry","Omamori","Toxic Egg 2","Frozen Egg 2","HollowMod:PaleOreRelic"],"acts_visited":["Exordium","TheCity","TheBeyond"],"potions_floor_usage":[6,23,40,50],"damage_taken":[{"damage":0.0,"enemies":"Small Slimes","floor":1.0,"turns":3.0},{"damage":0,"enemies":"Cultist","floor":3,"turns":3},{"damage":2,"enemies":"2 Louse","floor":5,"turns":2},{"damage":31,"enemies":"Lagavulin","floor":6,"turns":4},{"damage":0,"enemies":"2 Fungi Beasts","floor":8,"turns":2},{"damage":24,"enemies":"3 Sentries","floor":10,"turns":4},{"damage":0,"enemies":"Exordium Wildlife","floor":11,"turns":3},{"damage":23,"enemies":"Lagavulin","floor":13,"turns":5},{"damage":7,"enemies":"3 Louse","floor":14,"turns":3},{"damage":39,"enemies":"The Guardian","floor":16,"turns":9},{"damage":20,"enemies":"3 Byrds","floor":18,"turns":5},{"damage":9,"enemies":"Spheric Guardian","floor":22,"turns":3},{"damage":24,"enemies":"Slavers","floor":23,"turns":3},{"damage":2,"enemies":"HollowMod:Nosk","floor":25,"turns":4},{"damage":12,"enemies":"Cultist and Chosen","floor":27,"turns":3},{"damage":22,"enemies":"Shelled Parasite and Fungi","floor":29,"turns":3},{"damage":31,"enemies":"Slavers","floor":31,"turns":4},{"damage":28,"enemies":"Collector","floor":33,"turns":5},{"damage":16,"enemies":"Orb Walker","floor":35,"turns":2},{"damage":6,"enemies":"3 Shapes","floor":36,"turns":2},{"damage":31,"enemies":"Maw","floor":37,"turns":5},{"damage":11,"enemies":"Giant Head","floor":40,"turns":6},{"damage":7,"enemies":"Writhing Mass","floor":41,"turns":3},{"damage":32,"enemies":"3 Darklings","floor":44,"turns":4},{"damage":7,"enemies":"Transient","floor":45,"turns":5},{"damage":36,"enemies":"Nemesis","floor":46,"turns":3},{"damage":0,"enemies":"Jaw Worm Horde","floor":48,"turns":2},{"damage":48,"enemies":"Time Eater","floor":50,"turns":7}],"seed_played":"-7047354536080381577","potions_obtained":[{"floor":1.0,"key":"champ:CounterPotion"},{"floor":3,"key":"Explosive Potion"},{"floor":11,"key":"Weak Potion"},{"floor":14,"key":"Ancient Potion"},{"floor":23,"key":"bronze:BurnAndBuffPotion"},{"floor":29,"key":"sneckomod:MuddlingPotion"},{"floor":31,"key":"ElixirPotion"}],"is_trial":false,"path_per_floor":["M","?","M","?","M","E","R","M","T","E","M","R","E","M","R","B",null,"M","$","?","$","M","E","R","E","T","M","$","M","R","E","R","B",null,"M","M","M","T","?","E","M","R","T","M","M","E","R","M","R","B",null],"character_chosen":"IRONCLAD","items_purchased":["Ice Cream","Membership Card","Bag of Marbles","Pantograph","HollowMod:LifeEnderRelic"],"campfire_rested":3,"item_purchase_floors":[19,21,21,21,28],"current_hp_per_floor":[62,62,68,68,72,47,71,77,77,59,65,74,57,56,68,35,80,66,66,66,66,63,45,80,80,80,74,74,58,73,48,66,58,80,70,70,45,45,45,47,46,67,67,41,40,10,57,63,84,45],"gold":367,"neow_bonus":"ONE_RARE_RELIC","is_daily":false,"chose_seed":false,"campfire_upgraded":6,"win_rate":0.0,"timestamp":1612967182,"path_taken":["M","?","M","?","M","E","R","M","T","E","?","R","E","M","R","BOSS","M","$","?","?","M","E","R","E","T","M","$","M","R","E","R","BOSS","M","M","?","?","?","E","M","R","T","M","M","E","R","M","R","BOSS"],"items_purchased_type":["Relic","Relic","Relic","Relic","Relic"],"build_version":"2020-12-22","purchased_purges":1,"victory":true,"max_hp_per_floor":[80,80,80,80,80,80,80,80,80,80,80,80,80,80,80,80,80,80,80,80,80,80,80,80,80,80,80,80,80,80,80,80,80,80,80,80,80,80,80,87,87,87,87,87,87,87,87,87,87,87],"card_choices":[{"not_picked":["Dark Embrace","Perfected Strike"],"picked":"Sever Soul","floor":1.0},{"not_picked":["Flex","Sword Boomerang"],"picked":"Heavy Blade","floor":3},{"not_picked":["Headbutt","Havoc"],"picked":"Thunderclap","floor":5},{"not_picked":["Shockwave","Headbutt"],"picked":"Twin Strike","floor":6},{"not_picked":["Clash","Twin Strike"],"picked":"Perfected Strike","floor":8},{"not_picked":["Power Through","Sword Boomerang"],"picked":"Uppercut","floor":10},{"not_picked":["True Grit","Burning Pact"],"picked":"Perfected Strike","floor":11},{"not_picked":["Clothesline","Dropkick"],"picked":"Combust","floor":13},{"not_picked":["Warcry","Clash"],"picked":"Ghostly Armor","floor":14},{"not_picked":["Impervious","Fiend Fire"],"picked":"Limit Break","floor":16},{"not_picked":["Clothesline","Dual Wield"],"picked":"Cleave","floor":18},{"not_picked":["Pommel Strike","Havoc"],"picked":"Rampage","floor":22},{"not_picked":["Shockwave","Havoc"],"picked":"Pommel Strike","floor":23},{"not_picked":["Havoc","Body Slam"],"picked":"Battle Trance","floor":25},{"not_picked":["True Grit","Warcry"],"picked":"Pommel Strike","floor":27},{"not_picked":["Body Slam","True Grit+1"],"picked":"Pommel Strike","floor":29},{"not_picked":["Dual Wield+1","Twin Strike"],"picked":"Fire Breathing+1","floor":31},{"not_picked":["Demon Form","Exhume"],"picked":"Immolate","floor":33},{"not_picked":["Armaments","Clothesline"],"picked":"Shrug It Off","floor":35},{"not_picked":["Warcry+1","Sword Boomerang"],"picked":"Pommel Strike+1","floor":36},{"not_picked":["Sever Soul","Armaments+1"],"picked":"Seeing Red","floor":37},{"not_picked":["Flex","Shockwave+1","Clash+1"],"picked":"SKIP","floor":40},{"not_picked":["Metallicize","Headbutt"],"picked":"Berserk","floor":41},{"not_picked":["Searing Blow+1","Sever Soul","Headbutt+1"],"picked":"SKIP","floor":44},{"not_picked":["Perfected Strike","Sword Boomerang"],"picked":"Heavy Blade+1","floor":45},{"not_picked":["Clash","Power Through+1"],"picked":"Twin Strike+1","floor":46},{"not_picked":["Entrench+1","Seeing Red+1"],"picked":"Fiend Fire","floor":48}],"player_experience":63432,"relics_obtained":[{"floor":6,"key":"Torii"},{"floor":9,"key":"Self Forming Clay"},{"floor":10,"key":"Eternal Feather"},{"floor":13,"key":"Incense Burner"},{"floor":23,"key":"Sundial"},{"floor":25,"key":"Kunai"},{"floor":26,"key":"Potion Belt"},{"floor":31,"key":"Letter Opener"},{"floor":38,"key":"Mummified Hand"},{"floor":40,"key":"Strawberry"},{"floor":40,"key":"Omamori"},{"floor":43,"key":"Toxic Egg 2"},{"floor":46,"key":"Frozen Egg 2"},{"floor":46,"key":"HollowMod:PaleOreRelic"}],"event_choices":[{"cards_removed":["downfall:Haunted"],"damage_healed":0,"gold_gain":0,"player_choice":"Offered Curse","damage_taken":0,"relics_obtained":["Spirit Poop"],"max_hp_gain":0,"max_hp_loss":0,"event_name":"Bonfire Elementals","floor":4,"gold_loss":0},{"damage_healed":0,"gold_gain":275,"player_choice":"Desecrate","damage_taken":0,"max_hp_gain":0,"max_hp_loss":0,"event_name":"Golden Shrine","floor":20,"gold_loss":0,"cards_obtained":["Regret"]},{"cards_removed":["Defend_R"],"damage_healed":0,"gold_gain":0,"player_choice":"Removed Skill","damage_taken":0,"max_hp_gain":0,"max_hp_loss":0,"event_name":"Falling","floor":39,"gold_loss":0}],"is_beta":false,"boss_relics":[{"not_picked":["Snecko Eye","Runic Cube"],"picked":"Cursed Key"},{"not_picked":["Tiny House","Fusion Hammer"],"picked":"Black Star"}],"items_purged_floors":[19],"is_endless":false,"potions_floor_spawned":[1,3,11,14,23,29,31,33,35,36],"ascension_level":2}}