{"host":"vyjryxuuuxkt43k4","time":1612931811,"event":{"mods":["AchievementEnabler","BaseMod","Colored Map","DeckTracker","Keyboard Shortcuts","Minty Spire (QoL Compilation)","Permanent Neow","Quick Restart","StSLib","SuperFastMode","everything is the same but u backflip on backflip"],"gold_per_floor":[114,39,39,53,53,53,53,69,69,69,86,101,101,115,115,193,193,206,41,41,56,67,67,81,109,109,109,209,209,238,76,76,152,152,162,175,89,102,102,102,147,164,164,192,192,192,203,235,235,235,235,235,235,69,94,94],"floor_reached":57,"language":"KOR","playtime":7750,"items_purged":["Strike_R"],"score":3180,"play_id":"6f9d6966-314f-46c4-a471-6d5ff40007af","local_time":"20210210133651","is_ascension_mode":true,"campfire_choices":[{"data":"Barricade","floor":6.0,"key":"SMITH"},{"data":"Uppercut","floor":13.0,"key":"SMITH"},{"data":"Offering","floor":15.0,"key":"SMITH"},{"data":"Evolve","floor":23.0,"key":"SMITH"},{"floor":27.0,"key":"REST"},{"data":"Ghostly","floor":32.0,"key":"SMITH"},{"data":"Burning Pact","floor":40.0,"key":"SMITH"},{"floor":45.0,"key":"RECALL"},{"data":"Ghostly","floor":49.0,"key":"SMITH"},{"data":"Bloodletting","floor":53.0,"key":"SMITH"}],"circlet_count":0,"master_deck":["AscendersBane","Defend_R","Defend_R","Defend_R","Defend_R","Bash","Uppercut+1","Barricade+1","Iron Wave","Shrug It Off","Offering+1","Dropkick","Power Through","Impervious","Disarm","Burning Pact+1","Evolve+1","Bloodletting+1","Shrug It Off","Body Slam","Dark Embrace","Ghostly Armor","Ghostly+1","Ghostly","Ghostly+1","Feel No Pain","Offering","Sentinel","Havoc+1","Thinking Ahead","Bandage Up","Jack Of All Trades","Feel No Pain+1","Warcry"],"relics":["Burning Blood","Pear","Charon\u0027s Ashes","Bottled Tornado","Snecko Eye","Letter Opener","Gremlin Horn","FossilizedHelix","Eternal Feather","Dead Branch","Runic Dome","Calipers","Paper Frog","Mango","Shuriken"],"acts_visited":["Exordium","TheCity","TheBeyond","TheEnding"],"potions_floor_usage":[55,56],"damage_taken":[{"damage":9.0,"enemies":"2 Louse","floor":1.0,"turns":3.0},{"damage":4.0,"enemies":"Small Slimes","floor":4.0,"turns":4.0},{"damage":0.0,"enemies":"Cultist","floor":8.0,"turns":5.0},{"damage":22.0,"enemies":"3 Louse","floor":11.0,"turns":4.0},{"damage":6.0,"enemies":"Red Slaver","floor":12.0,"turns":5.0},{"damage":10.0,"enemies":"Blue Slaver","floor":14.0,"turns":3.0},{"damage":6.0,"enemies":"The Guardian","floor":16.0,"turns":18.0},{"damage":0.0,"enemies":"2 Thieves","floor":18.0,"turns":4.0},{"damage":6.0,"enemies":"Spheric Guardian","floor":21.0,"turns":7.0},{"damage":3.0,"enemies":"Centurion and Healer","floor":22.0,"turns":8.0},{"damage":6.0,"enemies":"3 Cultists","floor":24.0,"turns":8.0},{"damage":36.0,"enemies":"Book of Stabbing","floor":25.0,"turns":7.0},{"damage":6.0,"enemies":"Colosseum Slavers","floor":28.0,"turns":4.0},{"damage":32.0,"enemies":"Colosseum Nobs","floor":28.0,"turns":7.0},{"damage":18.0,"enemies":"Slavers","floor":30.0,"turns":4.0},{"damage":3.0,"enemies":"Collector","floor":33.0,"turns":10.0},{"damage":12.0,"enemies":"3 Darklings","floor":35.0,"turns":5.0},{"damage":1.0,"enemies":"3 Shapes","floor":36.0,"turns":3.0},{"damage":13.0,"enemies":"Maw","floor":38.0,"turns":8.0},{"damage":0.0,"enemies":"2 Orb Walkers","floor":41.0,"turns":2.0},{"damage":0.0,"enemies":"3 Darklings","floor":42.0,"turns":7.0},{"damage":9.0,"enemies":"Giant Head","floor":44.0,"turns":9.0},{"damage":12.0,"enemies":"Writhing Mass","floor":47.0,"turns":6.0},{"damage":3.0,"enemies":"Reptomancer","floor":48.0,"turns":4.0},{"damage":24.0,"enemies":"Donu and Deca","floor":50.0,"turns":5.0},{"damage":4.0,"enemies":"Awakened One","floor":51.0,"turns":6.0},{"damage":107,"enemies":"Shield and Spear","floor":55,"turns":12},{"damage":4,"enemies":"The Heart","floor":56,"turns":6}],"seed_played":"8888875069762813209","potions_obtained":[{"floor":14.0,"key":"BlessingOfTheForge"},{"floor":16.0,"key":"DistilledChaos"},{"floor":21.0,"key":"Block Potion"},{"floor":28.0,"key":"Regen Potion"},{"floor":30.0,"key":"Block Potion"},{"floor":42.0,"key":"Swift Potion"},{"floor":47.0,"key":"Block Potion"},{"floor":55,"key":"PowerPotion"}],"is_trial":false,"path_per_floor":["M","?","?","M","?","R","T","M","T","?","M","M","R","M","R","B",null,"M","$","?","M","M","R","M","E","T","R","?","?","E","$","R","B",null,"M","M","$","M","?","R","?","M","T","E","R","?","M","E","R","B","B",null,"R","$","E","B",null],"character_chosen":"IRONCLAD","items_purchased":["Burning Pact","Evolve","Feel No Pain","GamblersBrew","FairyPotion","BloodPotion"],"campfire_rested":1,"item_purchase_floors":[19,19,31,37,54,54],"current_hp_per_floor":[47,47,47,49,54,54,54,60,60,60,44,44,44,40,40,40,74,80,80,55,55,58,58,58,28,28,55,29,29,29,29,44,45,45,39,44,44,37,27,45,45,45,45,42,45,45,40,59,59,41,47,56,59,59,20,26],"gold":94,"neow_bonus":"TRANSFORM_TWO_CARDS","is_daily":false,"chose_seed":false,"campfire_upgraded":8,"win_rate":0.0,"timestamp":1612931811,"path_taken":["M","?","?","M","?","R","?","?","T","?","?","M","R","M","R","BOSS","M","$","?","M","M","R","M","E","T","R","?","?","E","$","R","BOSS","M","M","$","M","?","R","?","M","T","E","R","?","?","E","R","BOSS","BOSS","R","$","E","BOSS"],"items_purchased_type":["Card","Card","Card","Potion","Potion","Potion"],"build_version":"2020-12-22","purchased_purges":1,"victory":true,"max_hp_per_floor":[75,75,75,75,85,85,85,85,85,85,85,85,85,85,85,85,85,85,85,90,90,90,90,90,90,90,90,90,45,45,45,45,45,45,45,45,45,45,45,45,45,45,45,45,45,45,45,59,59,59,59,59,59,59,59,59],"card_choices":[{"not_picked":["Heavy Blade","Havoc","Perfected Strike"],"picked":"SKIP","floor":1.0},{"not_picked":["Havoc","Intimidate"],"picked":"Iron Wave","floor":4.0},{"not_picked":["Flex","True Grit"],"picked":"Shrug It Off","floor":8.0},{"not_picked":["Clash","Feed"],"picked":"Power Through","floor":11.0},{"not_picked":["Flex","Sword Boomerang","Clothesline"],"picked":"SKIP","floor":12.0},{"not_picked":["Clash","Cleave","Anger"],"picked":"SKIP","floor":14.0},{"not_picked":["Berserk","Demon Form"],"picked":"Impervious","floor":16.0},{"not_picked":["Wild Strike","Thunderclap"],"picked":"Disarm","floor":18.0},{"not_picked":["Rage","Rampage"],"picked":"Bloodletting","floor":21.0},{"not_picked":["Iron Wave","Thunderclap"],"picked":"Shrug It Off","floor":22.0},{"not_picked":["Power Through","Clash"],"picked":"Body Slam","floor":24.0},{"not_picked":["Wild Strike","Double Tap"],"picked":"Dark Embrace","floor":25.0},{"not_picked":["Whirlwind","Disarm"],"picked":"Ghostly Armor","floor":28.0},{"not_picked":["Clothesline","Heavy Blade","True Grit"],"picked":"SKIP","floor":30.0},{"not_picked":["Double Tap","Reaper"],"picked":"Offering","floor":33.0},{"not_picked":["Anger","Iron Wave+1","Shrug It Off"],"picked":"SKIP","floor":35.0},{"not_picked":["Clash+1","Flex"],"picked":"Sentinel","floor":36.0},{"not_picked":["Heavy Blade","Headbutt"],"picked":"Havoc+1","floor":38.0},{"not_picked":["Chrysalis","Dramatic Entrance"],"picked":"Thinking Ahead","floor":39.0},{"not_picked":["Flash of Steel","Secret Weapon"],"picked":"Bandage Up","floor":39.0},{"not_picked":["Blind","Madness"],"picked":"Jack Of All Trades","floor":39.0},{"not_picked":["Cleave","Heavy Blade"],"picked":"Feel No Pain+1","floor":41.0},{"not_picked":["Flex+1","Cleave+1","Combust"],"picked":"SKIP","floor":42.0},{"not_picked":["Clothesline+1","Headbutt+1","Armaments"],"picked":"SKIP","floor":44.0},{"not_picked":["Carnage","Warcry","Bloodletting"],"picked":"SKIP","floor":47.0},{"not_picked":["Anger","Bloodletting","Clash"],"picked":"SKIP","floor":48.0},{"not_picked":["Flex","Dual Wield","Rampage"],"picked":"SKIP","floor":55}],"player_experience":885296,"relics_obtained":[{"floor":7.0,"key":"Charon\u0027s Ashes"},{"floor":9.0,"key":"Bottled Tornado"},{"floor":25.0,"key":"Letter Opener"},{"floor":26.0,"key":"Gremlin Horn"},{"floor":28.0,"key":"FossilizedHelix"},{"floor":28.0,"key":"Eternal Feather"},{"floor":30.0,"key":"Dead Branch"},{"floor":41.0,"key":"Calipers"},{"floor":44.0,"key":"Paper Frog"},{"floor":48.0,"key":"Mango"},{"floor":55,"key":"Shuriken"}],"event_choices":[{"cards_removed":["Strike_R"],"damage_healed":0.0,"max_hp_gain":0.0,"max_hp_loss":0.0,"gold_gain":0.0,"event_name":"The Cleric","player_choice":"Card Removal","floor":2.0,"gold_loss":75.0,"damage_taken":0.0},{"cards_removed":["Strike_R"],"damage_healed":0.0,"max_hp_gain":0.0,"max_hp_loss":0.0,"gold_gain":0.0,"event_name":"Living Wall","player_choice":"Forget","floor":3.0,"gold_loss":0.0,"damage_taken":0.0},{"damage_healed":0.0,"max_hp_gain":0.0,"max_hp_loss":0.0,"gold_gain":0.0,"event_name":"Scrap Ooze","player_choice":"Success","floor":5.0,"gold_loss":0.0,"damage_taken":5.0,"relics_obtained":["Pear"]},{"damage_healed":0.0,"max_hp_gain":0.0,"max_hp_loss":0.0,"gold_gain":0.0,"event_name":"Match and Keep!","player_choice":"2 cards matched","floor":10.0,"gold_loss":0.0,"damage_taken":0.0,"cards_obtained":["Offering","Dropkick"]},{"damage_healed":0.0,"max_hp_gain":0.0,"max_hp_loss":0.0,"gold_gain":0.0,"event_name":"Match and Keep!","player_choice":"2 cards matched","floor":10.0,"gold_loss":0.0,"damage_taken":0.0,"cards_obtained":["Offering","Dropkick"]},{"damage_healed":0.0,"max_hp_gain":5.0,"max_hp_loss":0.0,"gold_gain":0.0,"event_name":"Forgotten Altar","player_choice":"Shed Blood","floor":20.0,"gold_loss":0.0,"damage_taken":30.0},{"damage_healed":0.0,"max_hp_gain":0.0,"max_hp_loss":0.0,"gold_gain":0.0,"event_name":"Colosseum","player_choice":"Fight","floor":28.0,"gold_loss":0.0,"damage_taken":0.0},{"damage_healed":0.0,"max_hp_gain":0.0,"max_hp_loss":0.0,"gold_gain":0.0,"event_name":"Colosseum","player_choice":"Fought Nobs","floor":28.0,"gold_loss":0.0,"damage_taken":0.0},{"damage_healed":0.0,"max_hp_gain":0.0,"max_hp_loss":45.0,"gold_gain":0.0,"event_name":"Ghosts","player_choice":"Became a Ghost","floor":29.0,"gold_loss":0.0,"damage_taken":0.0,"cards_obtained":["Ghostly","Ghostly","Ghostly"]},{"damage_healed":0.0,"max_hp_gain":0.0,"max_hp_loss":0.0,"gold_gain":0.0,"event_name":"SensoryStone","player_choice":"Memory 3","floor":39.0,"gold_loss":0.0,"damage_taken":10.0},{"damage_healed":0.0,"max_hp_gain":0.0,"max_hp_loss":0.0,"gold_gain":0.0,"event_name":"Mysterious Sphere","player_choice":"Fight","floor":41.0,"gold_loss":0.0,"damage_taken":0.0},{"damage_healed":0.0,"max_hp_gain":0.0,"max_hp_loss":0.0,"gold_gain":0.0,"event_name":"Match and Keep!","player_choice":"1 cards matched","floor":46.0,"gold_loss":0.0,"damage_taken":0.0,"cards_obtained":["Warcry"]}],"is_beta":false,"boss_relics":[{"not_picked":["Coffee Dripper","SacredBark"],"picked":"Snecko Eye"},{"not_picked":["Busted Crown","Fusion Hammer"],"picked":"Runic Dome"}],"items_purged_floors":[31],"is_endless":false,"potions_floor_spawned":[14,16,21,22,28,30,38,41,42,47,48,55],"ascension_level":20}}