{"host":"v4tuy5ykrbdcm9o9","time":1612924128,"event":{"mods":["BaseMod","Duelist Mod","Minty Spire (QoL Compilation)","Replay The Spire","StSLib"],"gold_per_floor":[116,127,127,127,143,143,176,189,189,27,27,63,84,84,84],"floor_reached":14,"language":"ENG","playtime":1048,"items_purged":[],"score":140,"play_id":"d13a52c8-0f8d-4b6d-b634-b344bd0c7b4a","local_time":"20210209212848","is_ascension_mode":true,"campfire_choices":[{"floor":6,"key":"RECALL"}],"circlet_count":0,"master_deck":["Strike_B","Strike_B","Strike_B","Strike_B","Defend_B","Defend_B","Defend_B","Defend_B","Zap","Dualcast","Gash","Gash+1","Rebound","Leap","Ball Lightning+1","Rebound+1","Mind Blast+1","Beam Cell+1","Go for the Eyes+1"],"relics":["Cracked Core","Golden Idol","Molten Egg 2","Mirror"],"acts_visited":["Exordium"],"potions_floor_usage":[8,12],"damage_taken":[{"damage":7,"enemies":"Jaw Worm","floor":1,"turns":3},{"damage":0,"enemies":"Small Slimes","floor":2,"turns":3},{"damage":0,"enemies":"Cultist","floor":5,"turns":3},{"damage":25,"enemies":"Lagavulin","floor":7,"turns":6},{"damage":21,"enemies":"Large Slime","floor":8,"turns":5},{"damage":16,"enemies":"3 Sentries","floor":12,"turns":5},{"damage":0,"enemies":"2 Fungi Beasts","floor":13,"turns":2},{"damage":6,"enemies":"Lagavulin","floor":14,"turns":3}],"seed_played":"6702424382350966736","potions_obtained":[{"floor":7,"key":"ColorlessPotion"},{"floor":8,"key":"Swift Potion"}],"is_trial":false,"path_per_floor":["M","M","?","?","M","R","E","M","T","$","?","E","M","E"],"character_chosen":"DEFECT","items_purchased":["Rebound+1","Mind Blast+1","FearPotion"],"campfire_rested":0,"item_purchase_floors":[10,10,10],"current_hp_per_floor":[68,68,68,68,68,68,43,22,22,22,22,6,6,0,0],"gold":84,"neow_bonus":"TEN_PERCENT_HP_BONUS","is_daily":false,"chose_seed":false,"campfire_upgraded":0,"win_rate":0.0,"timestamp":1612924128,"path_taken":["M","M","?","?","?","R","E","M","T","$","?","E","M","E"],"items_purchased_type":["Card","Card","Potion"],"build_version":"2020-12-22","purchased_purges":0,"victory":false,"max_hp_per_floor":[82,82,82,82,82,82,82,82,82,82,82,82,82,82,82],"card_choices":[{"not_picked":["BasicCrystalCard","Ball Lightning"],"picked":"Gash","floor":1},{"not_picked":["Streamline","Chill"],"picked":"Gash","floor":2},{"not_picked":["Recycle","Sweeping Beam"],"picked":"Rebound","floor":5},{"not_picked":["Hello World","Amplify"],"picked":"Leap","floor":7},{"not_picked":["Recycle","Stack"],"picked":"Ball Lightning+1","floor":8},{"not_picked":["ReplayTheSpireMod:GoodbyeWorld","ReplayTheSpireMod:System Scan"],"picked":"Beam Cell+1","floor":12},{"not_picked":["Hologram","Skim"],"picked":"Go for the Eyes+1","floor":13}],"player_experience":821253,"relics_obtained":[{"floor":7,"key":"Molten Egg 2"},{"floor":12,"key":"Mirror"}],"event_choices":[{"damage_healed":0,"gold_gain":0,"player_choice":"Take Wound","damage_taken":0,"relics_obtained":["Golden Idol"],"max_hp_gain":0,"max_hp_loss":0,"event_name":"Golden Idol","floor":3,"gold_loss":0,"cards_obtained":["Injury"]},{"cards_removed":["Injury"],"damage_healed":0,"gold_gain":0,"player_choice":"Purged","damage_taken":0,"max_hp_gain":0,"max_hp_loss":0,"event_name":"Purifier","floor":4,"gold_loss":0},{"damage_healed":0,"gold_gain":0,"player_choice":"Grow","damage_taken":0,"max_hp_gain":0,"max_hp_loss":0,"event_name":"Living Wall","floor":11,"gold_loss":0,"cards_upgraded":["Gash"]}],"is_beta":false,"boss_relics":[],"items_purged_floors":[],"is_endless":false,"potions_floor_spawned":[7,8],"killed_by":"Lagavulin","ascension_level":8}}