{"host":"v16t4fbv9yk4gg06","time":1612990681,"event":{"mods":["BaseMod","Bestiary","Bossed Relics","Dark Map","Displayed Cursed Tome","Fox Events","Minty Spire (QoL Compilation)","Robot Space Explorer","Spicy Shops","StSLib","Thieving Mod","Wide Potions"],"gold_per_floor":[118,133,52,69,69,19,48,48,48,77,95,95,107,29,29,133,210,228,228,228,228,240,275,110,128,228,257,271,271,271,288,288,390,467,486,536,549,58,73,73,73,73,150,150,150,178,194,205,205,205,205],"floor_reached":50,"language":"ENG","playtime":2036,"items_purged":[],"score":585,"play_id":"436d130f-8feb-4eca-8f1b-11c4803c22ba","local_time":"20210210215801","is_ascension_mode":false,"campfire_choices":[{"data":"Demon Form","floor":8,"key":"SMITH"},{"floor":12,"key":"REST"},{"data":"Feed","floor":15,"key":"SMITH"},{"floor":30,"key":"REST"},{"floor":32,"key":"REST"},{"data":"Whirlwind","floor":40,"key":"SMITH"},{"data":"1","floor":42,"key":"LIFT"},{"floor":49,"key":"REST"}],"circlet_count":0,"master_deck":["Defend_R","Defend_R","Defend_R","Defend_R","Bash","Anger","Twin Strike","Demon Form+1","Feed+1","Cleave","Dropkick","Reaper","Limit Break","Bite","Bite","Bite","Bite","Bite","Flex","Whirlwind+1","Clumsy","Sword Boomerang+1","Bludgeon","Immolate","Doubt","Thunderclap+1","Writhe","Madness","Madness","Double Tap","Inflame"],"relics":["Burning Blood","NeowsBlessing","Torii","Blue Candle","Centennial Puzzle","foxEvents:LuckyCharm","Cursed Key","PreservedInsect","Frozen Eye","Bag of Marbles","Singing Bowl","Mark of Pain","Prayer Wheel","Orichalcum","Girya","Anchor","Ornamental Fan","Meat on the Bone"],"acts_visited":["Exordium","TheCity","TheBeyond"],"potions_floor_usage":[10,27,27,28],"damage_taken":[{"damage":0,"enemies":"2 Louse","floor":1,"turns":1},{"damage":0,"enemies":"Small Slimes","floor":2,"turns":1},{"damage":0,"enemies":"Jaw Worm","floor":4,"turns":1},{"damage":45,"enemies":"Lagavulin","floor":7,"turns":6},{"damage":0,"enemies":"Colosseum Slavers","floor":10,"turns":1},{"damage":16,"enemies":"3 Louse","floor":11,"turns":4},{"damage":8,"enemies":"2 Fungi Beasts","floor":13,"turns":3},{"damage":32,"enemies":"Slime Boss","floor":16,"turns":7},{"damage":1,"enemies":"Chosen","floor":18,"turns":3},{"damage":21,"enemies":"Spheric Guardian","floor":22,"turns":4},{"damage":55,"enemies":"Gremlin Leader","floor":23,"turns":7},{"damage":21,"enemies":"Centurion and Healer","floor":25,"turns":4},{"damage":16,"enemies":"Book of Stabbing","floor":27,"turns":3},{"damage":16,"enemies":"Snake Plant","floor":28,"turns":4},{"damage":20,"enemies":"Colosseum Slavers","floor":29,"turns":5},{"damage":23,"enemies":"Cultist and Chosen","floor":31,"turns":5},{"damage":39,"enemies":"Collector","floor":33,"turns":6},{"damage":18,"enemies":"Orb Walker","floor":35,"turns":3},{"damage":0,"enemies":"Mind Bloom Boss Battle","floor":36,"turns":6},{"damage":34,"enemies":"3 Darklings","floor":37,"turns":3},{"damage":33,"enemies":"Maw","floor":39,"turns":8},{"damage":47,"enemies":"Nemesis","floor":46,"turns":5},{"damage":5,"enemies":"4 Shapes","floor":47,"turns":1},{"damage":1,"enemies":"3 Darklings","floor":48,"turns":1},{"damage":130,"enemies":"Donu and Deca","floor":50,"turns":6}],"seed_played":"-196895837815921825","potions_obtained":[{"floor":7,"key":"Fire Potion"},{"floor":13,"key":"Weak Potion"},{"floor":23,"key":"Fire Potion"},{"floor":27,"key":"EssenceOfSteel"},{"floor":31,"key":"EssenceOfSteel"},{"floor":48,"key":"Strength Potion"}],"is_trial":false,"path_per_floor":["M","M","$","M","?","?","E","R","T","?","M","R","M","$","R","B",null,"M","?","?","?","M","E","$","M","T","E","M","?","R","M","R","B",null,"M","?","M","$","M","R","$","R","T","?","?","E","M","M","R","B"],"character_chosen":"IRONCLAD","items_purchased":["Torii","Reaper","Frozen Eye","Whirlwind","Orichalcum","Girya","Immolate","Anchor"],"campfire_rested":4,"item_purchase_floors":[3,14,24,24,38,38,38,38],"current_hp_per_floor":[80,80,80,80,80,80,41,41,41,52,44,68,71,71,71,83,90,90,72,72,72,67,48,48,35,35,29,27,29,61,54,86,65,107,101,115,95,95,93,93,93,93,93,103,88,57,74,81,119,0,0],"gold":205,"neow_bonus":"THREE_ENEMY_KILL","is_daily":false,"chose_seed":false,"campfire_upgraded":3,"win_rate":0.0,"timestamp":1612990681,"path_taken":["M","M","$","M","?","?","E","R","T","?","M","R","M","$","R","BOSS","M","?","?","?","M","E","$","?","T","E","M","?","R","M","R","BOSS","M","?","M","$","M","R","$","R","T","?","?","E","?","M","R","BOSS"],"items_purchased_type":["Relic","Card","Relic","Card","Relic","Relic","Card","Relic"],"build_version":"2020-12-22","purchased_purges":0,"victory":false,"max_hp_per_floor":[80,80,80,80,80,80,80,80,80,83,83,83,86,86,86,90,90,90,95,95,95,95,99,99,99,99,101,103,107,107,107,107,107,107,109,115,119,119,121,121,121,121,121,121,121,121,125,127,127,127,127],"card_choices":[{"not_picked":["Body Slam","Dropkick"],"picked":"Anger","floor":1},{"not_picked":["Carnage","Uppercut"],"picked":"Twin Strike","floor":2},{"not_picked":["Rampage","Perfected Strike"],"picked":"Demon Form","floor":4},{"not_picked":["Body Slam","Perfected Strike"],"picked":"Feed","floor":7},{"not_picked":["Pummel","Perfected Strike"],"picked":"Cleave","floor":11},{"not_picked":["Armaments","Metallicize"],"picked":"Dropkick","floor":13},{"not_picked":["Exhume","Fiend Fire"],"picked":"Limit Break","floor":16},{"not_picked":["Clothesline","Armaments","Wild Strike"],"picked":"SKIP","floor":18},{"not_picked":["Ghostly Armor","Havoc"],"picked":"Flex","floor":22},{"not_picked":["Burning Pact","Armaments","Perfected Strike"],"picked":"SKIP","floor":23},{"not_picked":["Havoc","Armaments","Power Through"],"picked":"SKIP","floor":25},{"not_picked":["True Grit","Twin Strike+1","Whirlwind"],"picked":"Singing Bowl","floor":27},{"not_picked":["Battle Trance","Spot Weakness","Rage"],"picked":"Singing Bowl","floor":28},{"not_picked":["Perfected Strike","Flex"],"picked":"Sword Boomerang+1","floor":31},{"not_picked":["Limit Break","Corruption"],"picked":"Bludgeon","floor":33},{"not_picked":["Perfected Strike","Rage","Entrench+1"],"picked":"Singing Bowl","floor":35},{"not_picked":["Pummel","Heavy Blade+1","Iron Wave"],"picked":"Singing Bowl","floor":36},{"not_picked":["Anger+1","Ghostly Armor","Sword Boomerang"],"picked":"Singing Bowl","floor":37},{"not_picked":["Wild Strike+1","Anger+1","Iron Wave"],"picked":"Singing Bowl","floor":37},{"not_picked":["Shrug It Off","Dropkick+1","Havoc+1"],"picked":"Singing Bowl","floor":39},{"not_picked":["Rupture+1","Rage"],"picked":"Thunderclap+1","floor":39},{"not_picked":["Perfected Strike+1","Evolve"],"picked":"Double Tap","floor":46},{"not_picked":["Intimidate+1","Whirlwind","Dark Embrace"],"picked":"Singing Bowl","floor":47},{"not_picked":["Iron Wave+1","Flex+1","Blood for Blood"],"picked":"Singing Bowl","floor":47},{"not_picked":["Sword Boomerang+1","Heavy Blade+1"],"picked":"Inflame","floor":48},{"not_picked":["Flex","Infernal Blade","Bloodletting"],"picked":"Singing Bowl","floor":48}],"player_experience":289155,"relics_obtained":[{"floor":7,"key":"Blood Vial"},{"floor":9,"key":"Centennial Puzzle"},{"floor":10,"key":"foxEvents:LuckyCharm"},{"floor":23,"key":"PreservedInsect"},{"floor":26,"key":"Bag of Marbles"},{"floor":27,"key":"Singing Bowl"},{"floor":36,"key":"Prayer Wheel"},{"floor":43,"key":"Ornamental Fan"},{"floor":46,"key":"Meat on the Bone"}],"event_choices":[{"damage_healed":0,"gold_gain":0,"player_choice":"Box","damage_taken":0,"relics_obtained":["Blue Candle"],"max_hp_gain":0,"max_hp_loss":0,"event_name":"Big Fish","floor":5,"gold_loss":0,"cards_obtained":["Regret"]},{"cards_removed":["Regret"],"damage_healed":0,"gold_gain":0,"player_choice":"Card Removal","damage_taken":0,"max_hp_gain":0,"max_hp_loss":0,"event_name":"The Cleric","floor":6,"gold_loss":50},{"damage_healed":0,"gold_gain":0,"player_choice":"Shed Blood","damage_taken":23,"max_hp_gain":5,"max_hp_loss":0,"event_name":"Forgotten Altar","floor":19,"gold_loss":0},{"damage_healed":0,"gold_gain":0,"player_choice":"Became a vampire (Vial)","damage_taken":0,"max_hp_gain":0,"max_hp_loss":0,"event_name":"Vampires","floor":20,"relics_lost":["Blood Vial"],"gold_loss":0,"cards_obtained":["Bite","Bite","Bite","Bite","Bite"]},{"damage_healed":0,"gold_gain":0,"player_choice":"Ignored","damage_taken":0,"max_hp_gain":0,"max_hp_loss":0,"event_name":"Beggar","floor":21,"gold_loss":0},{"damage_healed":0,"gold_gain":0,"player_choice":"Fight","damage_taken":0,"max_hp_gain":0,"max_hp_loss":0,"event_name":"Colosseum","floor":29,"gold_loss":0},{"damage_healed":0,"gold_gain":0,"player_choice":"Fled From Nobs","damage_taken":0,"max_hp_gain":0,"max_hp_loss":0,"event_name":"Colosseum","floor":29,"gold_loss":0},{"damage_healed":0,"gold_gain":0,"player_choice":"Fight","damage_taken":0,"max_hp_gain":0,"max_hp_loss":0,"event_name":"MindBloom","floor":36,"gold_loss":0},{"damage_healed":0,"gold_gain":0,"player_choice":"Embrace Madness","damage_taken":15,"max_hp_gain":0,"max_hp_loss":0,"event_name":"Winding Halls","floor":45,"gold_loss":0,"cards_obtained":["Madness","Madness"]}],"is_beta":false,"boss_relics":[{"not_picked":["Astrolabe","Busted Crown"],"picked":"Cursed Key"},{"not_picked":["Pandora\u0027s Box","Fusion Hammer"],"picked":"Mark of Pain"}],"items_purged_floors":[],"is_endless":false,"potions_floor_spawned":[7,13,23,27,29,31,36,37,48],"killed_by":"Donu and Deca","ascension_level":0}}