{"host":"it04jaz8eul1eh3d","time":1612968449,"event":{"mods":["AchievementEnabler","BaseMod","Colored Map","DeckTracker","Keyboard Shortcuts","Minty Spire (QoL Compilation)","SuperFastMode"],"gold_per_floor":[117,117,117,117,131,131,167,192,192,207,207,258,258,281,281,281,281],"floor_reached":16,"language":"KOR","playtime":316,"items_purged":[],"score":100,"play_id":"ee7290cf-123d-4dbd-a8ac-f3315635a6ba","local_time":"20210210234729","is_ascension_mode":false,"campfire_choices":[{"data":"Uppercut","floor":6,"key":"SMITH"},{"data":"Shockwave","floor":13,"key":"SMITH"},{"data":"Combust","floor":15,"key":"SMITH"}],"circlet_count":0,"master_deck":["Strike_R","Strike_R","Strike_R","Defend_R","Defend_R","Defend_R","Bash","Shockwave+1","Combust+1","Uppercut+1","Injury","Fiend Fire","Pommel Strike","Uppercut"],"relics":["Burning Blood","Golden Idol","Mercury Hourglass","Pantograph","Toxic Egg 2","Centennial Puzzle"],"acts_visited":["Exordium"],"potions_floor_usage":[16],"damage_taken":[{"damage":2,"enemies":"Small Slimes","floor":1,"turns":3},{"damage":0,"enemies":"Cultist","floor":5,"turns":3},{"damage":29,"enemies":"3 Sentries","floor":7,"turns":4},{"damage":8,"enemies":"Jaw Worm","floor":8,"turns":2},{"damage":10,"enemies":"Exordium Wildlife","floor":10,"turns":3},{"damage":7,"enemies":"Gremlin Gang","floor":14,"turns":3},{"damage":60,"enemies":"The Guardian","floor":16,"turns":8}],"seed_played":"1556764479428498738","potions_obtained":[{"floor":5,"key":"Weak Potion"}],"is_trial":false,"path_per_floor":["M","?","?","?","M","R","E","M","T","M","?","T","R","M","R","B"],"character_chosen":"IRONCLAD","items_purchased":[],"campfire_rested":0,"item_purchase_floors":[],"current_hp_per_floor":[60,60,57,57,63,63,40,38,38,34,34,34,34,33,33,0,0],"gold":281,"neow_bonus":"TRANSFORM_TWO_CARDS","is_daily":false,"chose_seed":false,"campfire_upgraded":3,"win_rate":0.0,"timestamp":1612968449,"path_taken":["M","?","?","?","M","R","E","M","T","?","?","?","R","M","R","BOSS"],"items_purchased_type":[],"build_version":"2020-12-22","purchased_purges":0,"victory":false,"max_hp_per_floor":[80,80,80,80,80,80,80,80,80,80,80,80,80,80,80,80,80],"card_choices":[{"not_picked":["Heavy Blade","Pommel Strike"],"picked":"Uppercut","floor":1},{"not_picked":["Perfected Strike","Headbutt"],"picked":"Pommel Strike","floor":5},{"not_picked":["Evolve","Reckless Charge","Infernal Blade"],"picked":"SKIP","floor":7},{"not_picked":["Pommel Strike","Barricade"],"picked":"Uppercut","floor":8},{"not_picked":["Evolve","Seeing Red+1","Carnage"],"picked":"SKIP","floor":10},{"not_picked":["Flex+1","Pummel","Pommel Strike"],"picked":"SKIP","floor":14}],"player_experience":162848,"relics_obtained":[{"floor":7,"key":"Pantograph"},{"floor":9,"key":"Toxic Egg 2"},{"floor":12,"key":"Centennial Puzzle"}],"event_choices":[{"damage_healed":0,"gold_gain":0,"player_choice":"Take Wound","damage_taken":0,"relics_obtained":["Golden Idol"],"max_hp_gain":0,"max_hp_loss":0,"event_name":"Golden Idol","floor":2,"gold_loss":0,"cards_obtained":["Injury"]},{"damage_healed":0,"gold_gain":0,"player_choice":"Success","damage_taken":3,"relics_obtained":["Mercury Hourglass"],"max_hp_gain":0,"max_hp_loss":0,"event_name":"Scrap Ooze","floor":3,"gold_loss":0},{"damage_healed":0,"gold_gain":0,"cards_transformed":["Strike_R"],"player_choice":"Transformed","damage_taken":0,"max_hp_gain":0,"max_hp_loss":0,"event_name":"Transmorgrifier","floor":4,"gold_loss":0,"cards_obtained":["Fiend Fire"]},{"damage_healed":0,"gold_gain":0,"player_choice":"Searched \u00270\u0027 times","damage_taken":0,"max_hp_gain":0,"max_hp_loss":0,"event_name":"Dead Adventurer","floor":11,"gold_loss":0}],"is_beta":false,"boss_relics":[],"items_purged_floors":[],"is_endless":false,"potions_floor_spawned":[5],"killed_by":"The Guardian","ascension_level":0}}