{"host":"kh91mfnoze99ny0y","time":1612980157,"event":{"mods":["Act Like it!","BaseMod","Downfall","Gensokyo","KinomotoSakuraMod(Ä¾Ö®±¾Ó£)","Lobotomy","LobotomyExtend","Minty Spire (QoL Compilation)","StSLib","The Bug Knight","The Cursed"],"gold_per_floor":[113,132,132,144,160,187,187,205,205,205,205,130,145,178,178,178,178],"floor_reached":16,"language":"ZHS","playtime":1106,"items_purged":["HollowMod:QuickDashStart"],"score":112,"play_id":"9ac664cf-dfb0-40b0-aa11-7a04d50dfdbf","local_time":"20210211020237","is_ascension_mode":false,"campfire_choices":[{"data":"HollowMod:Weaversong","floor":7,"key":"SMITH"},{"floor":10,"key":"REST"},{"data":"HollowMod:MothsMistake","floor":15,"key":"SMITH"}],"circlet_count":0,"master_deck":["HollowMod:NailStrikeStart","HollowMod:NailStrikeStart","HollowMod:NailStrikeStart","HollowMod:NailStrikeStart","HollowMod:QuickDashStart","HollowMod:QuickDashStart","HollowMod:FocusHealStart","HollowMod:PogoStrike","HollowMod:MothsMistake+1","OldLady","Wellcheers","HollowMod:Weaversong+1","HollowMod:SharpenedNail","Funeral","HollowMod:SoulEater","HollowMod:SoulSplash","HollowMod:HowlingWraiths"],"relics":["HollowMod:VesselMask","CogitoBucket","LetterFromLob","Bottled Tornado","ResearcherNote","Pear","MagicBullet_r","Mummified Hand"],"acts_visited":["Exordium"],"potions_floor_usage":[8,16],"damage_taken":[{"damage":1,"enemies":"Jaw Worm","floor":1,"turns":3},{"damage":7,"enemies":"2 Louse","floor":2,"turns":2},{"damage":0,"enemies":"Small Slimes","floor":4,"turns":3},{"damage":11,"enemies":"Exordium Wildlife","floor":5,"turns":5},{"damage":27,"enemies":"Gremlin Nob","floor":6,"turns":4},{"damage":34,"enemies":"Red Slaver","floor":8,"turns":3},{"damage":0,"enemies":"Exordium Thugs","floor":13,"turns":3},{"damage":36,"enemies":"Lagavulin","floor":14,"turns":4},{"damage":55,"enemies":"Hexaghost","floor":16,"turns":5}],"seed_played":"-1803928920427844352","potions_obtained":[{"floor":1,"key":"SteroidPotion"},{"floor":6,"key":"GamblersBrew"},{"floor":13,"key":"SkillPotion"}],"is_trial":false,"path_per_floor":["M","M","?","M","M","E","R","M","T","R","?","$","M","E","R","B"],"character_chosen":"THE_BUGKNIGHT","items_purchased":[],"campfire_rested":1,"item_purchase_floors":[],"current_hp_per_floor":[75,74,74,75,73,46,46,19,29,54,54,54,61,29,85,31,31],"gold":178,"neow_bonus":"","is_daily":false,"chose_seed":false,"campfire_upgraded":2,"win_rate":0.0,"timestamp":1612980157,"path_taken":["M","M","?","M","M","E","R","M","T","R","?","?","M","E","R","BOSS"],"items_purchased_type":[],"build_version":"2020-12-22","purchased_purges":1,"victory":false,"max_hp_per_floor":[75,75,75,75,75,75,75,75,85,85,85,85,85,85,85,85,85],"card_choices":[{"not_picked":["HollowMod:WraithStrike","HollowMod:SiblingsSouls"],"picked":"HollowMod:MothsMistake","floor":1},{"not_picked":["MeatLantern","WallGazer"],"picked":"OldLady","floor":1},{"not_picked":["OSAHOGD","ShyLook"],"picked":"Wellcheers","floor":2},{"not_picked":["HollowMod:InfectedCysts","HollowMod:DoubleDash","HollowMod:SiblingsSouls"],"picked":"SKIP","floor":2},{"not_picked":["HollowMod:InfectedCysts","HollowMod:DoubleDash","HollowMod:SiblingsSouls"],"picked":"SKIP","floor":2},{"not_picked":["HollowMod:QuirrelsAssistance","HollowMod:DesolateDive"],"picked":"HollowMod:Weaversong","floor":4},{"not_picked":["HollowMod:SoulSplash","HollowMod:HeavyBlow"],"picked":"HollowMod:SharpenedNail","floor":5},{"not_picked":["DespairKnight","SpiderBud"],"picked":"Funeral","floor":6},{"not_picked":["HollowMod:LordofShades","HollowMod:DescendingDark"],"picked":"HollowMod:SoulEater","floor":6},{"not_picked":["SnowQueen","SpiderBud"],"picked":"CrumblingArmor","floor":8},{"not_picked":["HollowMod:LifebloodCocoon","HollowMod:FastStrike"],"picked":"HollowMod:SoulSplash","floor":8},{"not_picked":["HollowMod:InfectedCysts","HollowMod:NewJinnsSoul","HollowMod:SoulEater"],"picked":"SKIP","floor":13},{"not_picked":["HollowMod:ShadowDash","HollowMod:DescendingDark"],"picked":"HollowMod:HowlingWraiths","floor":14}],"player_experience":177509,"relics_obtained":[{"floor":1,"key":"LetterFromLob"},{"floor":6,"key":"Bottled Tornado"},{"floor":9,"key":"Pear"},{"floor":14,"key":"Mummified Hand"}],"event_choices":[{"cards_removed":["HollowMod:QuickDashStart"],"damage_healed":0,"gold_gain":0,"player_choice":"Forget","damage_taken":0,"max_hp_gain":0,"max_hp_loss":0,"event_name":"Living Wall","floor":3,"gold_loss":0},{"damage_healed":0,"gold_gain":0,"player_choice":"Searched \u00272\u0027 times","damage_taken":0,"max_hp_gain":0,"max_hp_loss":0,"event_name":"Dead Adventurer","floor":11,"gold_loss":0}],"is_beta":false,"boss_relics":[],"items_purged_floors":[12],"is_endless":false,"potions_floor_spawned":[1,6,13],"killed_by":"Hexaghost","ascension_level":0}}