{"host":"36t3qd3wjvajtu1z","time":1612937574,"event":{"mods":["2.2 Compatiblity","AchievementEnabler","BaseMod","Bestiary","Block Reminder","Colored Powertips","Curses Come First","Highlight Path","Minty Spire (QoL Compilation)","Permanent Neow","Quick Restart","Random Character Button","Rare Cards Sparkle","Relic Stats","Slay-I","StSLib","Unknown Chances"],"gold_per_floor":[117,131,143,163,32,57,57,67,67,67,24,24,42,61,61,132,132,142,162,189,32,43,43,73,123,149,168,168,183,216,231,231,304,304,321,333,358,369,49,49,78,300,300,318,318,318,19,53,53,53],"floor_reached":51,"language":"ENG","playtime":4468,"items_purged":["Strike_G","Strike_G","Strike_G"],"score":1509,"play_id":"52109156-e0cd-40b5-a498-de752b07c4aa","local_time":"20210209221254","is_ascension_mode":true,"campfire_choices":[{"floor":10.0,"key":"REST"},{"data":"Predator","floor":12.0,"key":"SMITH"},{"floor":15.0,"key":"REST"},{"data":"Skewer","floor":28.0,"key":"SMITH"},{"floor":32.0,"key":"REST"},{"floor":40.0,"key":"REST"},{"data":"Noxious Fumes","floor":46.0,"key":"SMITH"},{"floor":49,"key":"REST"}],"circlet_count":0,"master_deck":["AscendersBane","Strike_G","Strike_G","Defend_G","Defend_G","Defend_G+1","Defend_G+1","Defend_G","Survivor","Neutralize+1","Poisoned Stab","Dash","Bane","Skewer+1","Predator+1","Outmaneuver","Footwork","Noxious Fumes+1","Adrenaline","Bullet Time","Footwork","Footwork","Expertise+1","Eviscerate","Backflip","Eviscerate","Malaise","Backflip","Corpse Explosion","Dodge and Roll+1","Predator+1","Setup+1","PiercingWail"],"relics":["Ring of the Snake","White Beast Statue","War Paint","Snecko Eye","Red Mask","Smiling Mask","Bag of Marbles","InkBottle","Black Star","WingedGreaves","HornCleat","Nunchaku","Toy Ornithopter","Singing Bowl","Kunai","Potion Belt","The Specimen"],"acts_visited":["Exordium","TheCity","TheBeyond"],"potions_floor_usage":[50],"damage_taken":[{"damage":4.0,"enemies":"Jaw Worm","floor":1.0,"turns":6.0},{"damage":7.0,"enemies":"Small Slimes","floor":2.0,"turns":4.0},{"damage":0.0,"enemies":"2 Louse","floor":3.0,"turns":4.0},{"damage":6.0,"enemies":"Lots of Slimes","floor":4.0,"turns":6.0},{"damage":20.0,"enemies":"Lagavulin","floor":6.0,"turns":5.0},{"damage":9.0,"enemies":"Blue Slaver","floor":8.0,"turns":4.0},{"damage":8.0,"enemies":"3 Louse","floor":13.0,"turns":4.0},{"damage":6.0,"enemies":"Looter","floor":14.0,"turns":3.0},{"damage":51.0,"enemies":"Slime Boss","floor":16.0,"turns":10.0},{"damage":0.0,"enemies":"Spheric Guardian","floor":18.0,"turns":4.0},{"damage":0.0,"enemies":"Shell Parasite","floor":19.0,"turns":5.0},{"damage":22.0,"enemies":"Masked Bandits","floor":20.0,"turns":5.0},{"damage":0.0,"enemies":"Chosen and Byrds","floor":22.0,"turns":6.0},{"damage":14.0,"enemies":"Book of Stabbing","floor":24.0,"turns":6.0},{"damage":7.0,"enemies":"Sentry and Sphere","floor":27.0,"turns":6.0},{"damage":0.0,"enemies":"Snecko","floor":29.0,"turns":3.0},{"damage":10.0,"enemies":"Gremlin Leader","floor":30.0,"turns":4.0},{"damage":0.0,"enemies":"Snake Plant","floor":31.0,"turns":3.0},{"damage":0.0,"enemies":"Collector","floor":33.0,"turns":9.0},{"damage":38.0,"enemies":"3 Darklings","floor":35.0,"turns":3.0},{"damage":1.0,"enemies":"Orb Walker","floor":36.0,"turns":2.0},{"damage":0.0,"enemies":"Mind Bloom Boss Battle","floor":37.0,"turns":7.0},{"damage":18.0,"enemies":"Maw","floor":38.0,"turns":8.0},{"damage":17.0,"enemies":"Giant Head","floor":41.0,"turns":7.0},{"damage":0.0,"enemies":"Transient","floor":44.0,"turns":6.0},{"damage":0,"enemies":"Reptomancer","floor":48,"turns":6},{"damage":28,"enemies":"Time Eater","floor":50,"turns":15}],"seed_played":"-7131308731976509876","potions_obtained":[{"floor":1.0,"key":"SkillPotion"},{"floor":8.0,"key":"Explosive Potion"},{"floor":13.0,"key":"FairyPotion"},{"floor":16.0,"key":"AttackPotion"},{"floor":18.0,"key":"LiquidBronze"},{"floor":19.0,"key":"Regen Potion"},{"floor":20.0,"key":"Energy Potion"},{"floor":22.0,"key":"EssenceOfSteel"},{"floor":24.0,"key":"Fire Potion"},{"floor":27.0,"key":"BlessingOfTheForge"},{"floor":29.0,"key":"DistilledChaos"},{"floor":30.0,"key":"Fire Potion"},{"floor":31.0,"key":"GamblersBrew"},{"floor":33.0,"key":"BlessingOfTheForge"},{"floor":35.0,"key":"EntropicBrew"},{"floor":37.0,"key":"DistilledChaos"},{"floor":38.0,"key":"Fruit Juice"},{"floor":41.0,"key":"SpeedPotion"},{"floor":44.0,"key":"LiquidMemories"},{"floor":48,"key":"PowerPotion"}],"is_trial":false,"path_per_floor":["M","M","M","M","$","E","?","M","T","R","$","R","M","M","R","B",null,"M","M","?","$","M","?","E","?","T","M","R","M","E","M","R","B",null,"M","M","?","M","$","R","E","?","T","M","?","R","$","E","R","B",null],"character_chosen":"THE_SILENT","items_purchased":["Fire Potion","Footwork","Explosive Potion","HornCleat","Kunai","PiercingWail"],"campfire_rested":5,"item_purchase_floors":[5,11,21,39,47,47],"current_hp_per_floor":[55,48,48,42,42,22,22,13,13,32,32,32,24,18,37,5,51,51,51,43,43,43,43,29,29,29,22,22,22,12,12,31,31,57,19,18,18,24,24,45,28,28,28,35,35,35,35,37,59,36],"gold":53,"neow_bonus":"UPGRADE_CARD","is_daily":false,"chose_seed":false,"campfire_upgraded":3,"win_rate":0.0,"timestamp":1612937574,"path_taken":["M","M","M","M","$","E","?","M","T","R","?","R","M","M","R","BOSS","M","M","?","$","M","?","E","?","T","M","R","?","E","M","R","BOSS","M","M","?","M","$","R","E","?","T","M","?","R","$","E","R","BOSS"],"items_purchased_type":["Potion","Card","Potion","Relic","Relic","Card"],"build_version":"2020-12-22","purchased_purges":3,"victory":true,"max_hp_per_floor":[66,66,66,66,66,66,66,66,66,66,66,66,66,66,66,66,66,66,66,66,66,66,66,66,66,66,66,66,66,66,66,66,66,66,66,66,66,71,71,71,71,71,71,73,73,73,73,75,75,75],"relic_stats":{"Nunchaku":[6],"Singing Bowl":4,"counters":[27,151],"Snecko Eye":[265,213,199,232],"Black Star":2,"Kunai":[7],"War Paint":["Defend_G","Defend_G"],"Smiling Mask":75,"obtain_stats":[{"Potion Belt":48,"Singing Bowl":43,"The Specimen":48,"War Paint":9,"Smiling Mask":24,"White Beast Statue":6,"Nunchaku":41,"HornCleat":39,"Snecko Eye":17,"WingedGreaves":37,"Red Mask":20,"Bag of Marbles":26,"Black Star":34,"Kunai":47,"InkBottle":30,"Toy Ornithopter":41,"Ring of the Snake":0},{"Potion Belt":26,"Singing Bowl":24,"The Specimen":26,"War Paint":6,"Smiling Mask":14,"White Beast Statue":5,"Nunchaku":24,"HornCleat":23,"Snecko Eye":9,"WingedGreaves":22,"Red Mask":12,"Bag of Marbles":14,"Black Star":19,"Kunai":25,"InkBottle":17,"Toy Ornithopter":24,"Ring of the Snake":0},{"Potion Belt":136,"Singing Bowl":124,"The Specimen":136,"War Paint":29,"Smiling Mask":72,"White Beast Statue":25,"Nunchaku":124,"HornCleat":117,"Snecko Eye":46,"WingedGreaves":109,"Red Mask":60,"Bag of Marbles":72,"Black Star":97,"Kunai":130,"InkBottle":85,"Toy Ornithopter":124,"Ring of the Snake":0}],"InkBottle":[29],"Toy Ornithopter":10,"Ring of the Snake":[54]},"card_choices":[{"not_picked":["Sucker Punch","Prepared"],"picked":"Poisoned Stab","floor":1.0},{"not_picked":["Bane","Backflip"],"picked":"Dash","floor":2.0},{"not_picked":["Blur","Outmaneuver"],"picked":"Bane","floor":3.0},{"not_picked":["Outmaneuver","Masterful Stab"],"picked":"Skewer","floor":4.0},{"not_picked":["Expertise","Distraction"],"picked":"Predator","floor":6.0},{"not_picked":["Bane","Accuracy"],"picked":"Outmaneuver","floor":8.0},{"not_picked":["Bane","Backstab"],"picked":"Noxious Fumes","floor":13.0},{"not_picked":["Predator","Quick Slash"],"picked":"Adrenaline","floor":14.0},{"not_picked":["Glass Knife","Malaise"],"picked":"Bullet Time","floor":16.0},{"not_picked":["Flying Knee","Skewer","Dagger Throw"],"picked":"SKIP","floor":18.0},{"not_picked":["Quick Slash+1","Blade Dance"],"picked":"Footwork","floor":19.0},{"not_picked":["Dagger Throw","Deadly Poison"],"picked":"Footwork","floor":20.0},{"not_picked":["Distraction","PiercingWail"],"picked":"Expertise+1","floor":22.0},{"not_picked":["Underhanded Strike","Finisher"],"picked":"Backflip","floor":24.0},{"not_picked":["Heel Hook","Backstab","Masterful Stab+1"],"picked":"SKIP","floor":27.0},{"not_picked":["Deadly Poison","Dash"],"picked":"Eviscerate","floor":29.0},{"not_picked":["Die Die Die","Dodge and Roll"],"picked":"Malaise","floor":30.0},{"not_picked":["Accuracy","Concentrate"],"picked":"Backflip","floor":31.0},{"not_picked":["Glass Knife","Tools of the Trade"],"picked":"Corpse Explosion","floor":33.0},{"not_picked":["Blade Dance","Escape Plan+1","Poisoned Stab+1"],"picked":"SKIP","floor":35.0},{"not_picked":["PiercingWail","Outmaneuver"],"picked":"Dodge and Roll+1","floor":36.0},{"not_picked":["Poisoned Stab+1","Underhanded Strike+1"],"picked":"Predator+1","floor":38.0},{"not_picked":["Slice","Blade Dance"],"picked":"Setup+1","floor":41.0},{"not_picked":["Prepared","Dagger Throw","Dodge and Roll"],"picked":"Singing Bowl","floor":44.0},{"not_picked":["Predator","Outmaneuver","Tactician"],"picked":"Singing Bowl","floor":48}],"player_experience":456552,"relics_obtained":[{"floor":6.0,"key":"White Beast Statue"},{"floor":9.0,"key":"War Paint"},{"floor":20.0,"key":"Red Mask"},{"floor":24.0,"key":"Smiling Mask"},{"floor":26.0,"key":"Bag of Marbles"},{"floor":30.0,"key":"InkBottle"},{"floor":37.0,"key":"WingedGreaves"},{"floor":41.0,"key":"Nunchaku"},{"floor":41.0,"key":"Toy Ornithopter"},{"floor":43.0,"key":"Singing Bowl"},{"floor":48,"key":"Potion Belt"},{"floor":48,"key":"The Specimen"}],"event_choices":[{"damage_healed":0.0,"max_hp_gain":0.0,"max_hp_loss":0.0,"gold_gain":0.0,"event_name":"Dead Adventurer","player_choice":"Searched \u00270\u0027 times","floor":7.0,"gold_loss":0.0,"damage_taken":0.0},{"damage_healed":0.0,"max_hp_gain":0.0,"max_hp_loss":0.0,"gold_gain":0.0,"event_name":"Masked Bandits","player_choice":"Fought Bandits","floor":20.0,"gold_loss":0.0,"damage_taken":0.0},{"damage_healed":0.0,"max_hp_gain":0.0,"max_hp_loss":0.0,"gold_gain":0.0,"event_name":"The Library","player_choice":"Read","floor":23.0,"gold_loss":0.0,"damage_taken":0.0,"cards_obtained":["Eviscerate"]},{"damage_healed":0.0,"max_hp_gain":0.0,"max_hp_loss":0.0,"gold_gain":100.0,"event_name":"The Joust","player_choice":"Bet on Murderer","floor":25.0,"gold_loss":50.0,"damage_taken":0.0},{"damage_healed":0.0,"max_hp_gain":0.0,"max_hp_loss":0.0,"gold_gain":0.0,"event_name":"MindBloom","player_choice":"Fight","floor":37.0,"gold_loss":0.0,"damage_taken":0.0},{"damage_healed":0.0,"max_hp_gain":0.0,"max_hp_loss":0.0,"gold_gain":222.0,"event_name":"Tomb of Lord Red Mask","player_choice":"Wore Mask","floor":42.0,"gold_loss":0.0,"damage_taken":0.0},{"damage_healed":0.0,"max_hp_gain":0.0,"max_hp_loss":0.0,"gold_gain":0.0,"event_name":"Mysterious Sphere","player_choice":"Ignored","floor":45.0,"gold_loss":0.0,"damage_taken":0.0}],"is_beta":false,"boss_relics":[{"not_picked":["SlaversCollar","Astrolabe"],"picked":"Snecko Eye"},{"not_picked":["Tiny House","Sozu"],"picked":"Black Star"}],"items_purged_floors":[5,21,39],"is_endless":false,"potions_floor_spawned":[1,8,13,14,16,18,19,20,22,24,27,29,30,31,33,35,36,37,38,41,44,48],"ascension_level":19}}