{"host":"2ehbln4r1tfoeq56","time":1612927472,"event":{"mods":["Aspiration","BaseMod","Better Altar","Better Match","Better Note","Better Sensory Stone","Better Skull","Better Third Choice","Downfall","Friendly Minions","GifTheSpireLib","Minty Spire (QoL Compilation)","Reliquary","Replay The Spire","StSLib"],"gold_per_floor":[99,114,127,137,155,166,166,66,66,76,76,76,94,127,137,237,237,137,157,175,175,193,193,193,193,219,219,219,229,41,59,76,175,175,175,185,197,209,236,79,106,124,153,14,14,30,30,30,30,30,30],"floor_reached":49,"language":"ENG","playtime":4725,"items_purged":["Slimebound:Tackle"],"score":568,"play_id":"df2df635-a48c-44b8-aff6-50e5057b8c47","local_time":"20210209212432","is_ascension_mode":false,"campfire_choices":[{"data":"Slimebound:CorrosiveSpit","floor":1,"key":"SMITH"},{"data":"Slimebound:Split","floor":8,"key":"SMITH"},{"floor":11,"key":"RECALL"},{"data":"Slimebound:Equalize","floor":25,"key":"SMITH"},{"data":"Slimebound:Prepare","floor":25,"key":"SMITH"},{"data":"Slimebound:SpikyOuterGoop","floor":27,"key":"SMITH"},{"data":"Slimebound:RallyTheTroops","floor":27,"key":"SMITH"},{"data":"expansioncontent:Chronoboost","floor":35,"key":"SMITH"},{"data":"Slimebound:Teamwork","floor":35,"key":"SMITH"},{"data":"Slimebound:OozeBath","floor":47,"key":"SMITH"},{"data":"Slimebound:SamplingLick","floor":47,"key":"SMITH"}],"circlet_count":0,"master_deck":["Slimebound:Strike_Slimebound+1","Slimebound:Strike_Slimebound","Slimebound:Defend_Slimebound","Slimebound:Defend_Slimebound","Slimebound:Defend_Slimebound","Slimebound:Split+1","Slimebound:CorrosiveSpit+1","Slimebound:SlimeSpikes+1","Slimebound:Prepare+1","Slimebound:SplitMire+1","Slimebound:SpikyOuterGoop+1","Slimebound:SlimeSpikes+1","Slimebound:Schlurp+1","Slimebound:RallyTheTroops+1","Slimebound:Equalize+1","Slimebound:MassRepurpose+1","Slimebound:SplitBruiser+1","Slimebound:SplitAcid","Slimebound:FormOfPuddle","Slimebound:Gluttony+1","Slimebound:Schlurp+1","Slimebound:TongueLash+1","expansioncontent:Chronoboost+1","Slimebound:LeechingTouch+1","Slimebound:LeechingTouch","Slimebound:Teamwork+1","Slimebound:SpikyOuterGoop+1","Slimebound:SplitMire+1","Slimebound:RainOfGoop","Slimebound:SamplingLick+1","Slimebound:OozeBath+1","Slimebound:Schlurp+1","Slimebound:HauntingLick+1","Sadistic Nature","Finesse","Slimebound:LevelUp+1"],"relics":["Slimebound:AbsorbEndCombat","downfall:HeartBlessingBlue","SlaversCollar","downfall:HeartBlessingRed","Replay:Arrowhead","reliquary:RedPaperclip","Whetstone","Omamori","Du-Vu Doll","Shuriken","ReplayTheSpireMod:ShopPack","downfall:TeleportStone"],"acts_visited":["Exordium","TheCity","TheBeyond"],"potions_floor_usage":[5,37,42,42],"damage_taken":[{"damage":2,"enemies":"Cultist","floor":2,"turns":4},{"damage":1,"enemies":"Jaw Worm","floor":3,"turns":3},{"damage":0,"enemies":"Small Slimes","floor":4,"turns":4},{"damage":5,"enemies":"3 Louse","floor":5,"turns":5},{"damage":7,"enemies":"Blue Slaver","floor":6,"turns":4},{"damage":8,"enemies":"Red Slaver","floor":10,"turns":3},{"damage":10,"enemies":"Large Slime","floor":13,"turns":5},{"damage":16,"enemies":"Gremlin Nob","floor":14,"turns":4},{"damage":8,"enemies":"Exordium Wildlife","floor":15,"turns":3},{"damage":6,"enemies":"IC_STATUS_ARCHETYPE","floor":16,"turns":7},{"damage":26,"enemies":"Spheric Guardian","floor":19,"turns":6},{"damage":4,"enemies":"Shell Parasite","floor":20,"turns":4},{"damage":21,"enemies":"Centurion and Healer","floor":22,"turns":6},{"damage":34,"enemies":"Slavers","floor":26,"turns":5},{"damage":19,"enemies":"Snake Plant","floor":29,"turns":4},{"damage":0,"enemies":"downfall:FleeingMerchant","floor":30,"turns":4},{"damage":8,"enemies":"Cultist and Chosen","floor":31,"turns":6},{"damage":11,"enemies":"Centurion and Healer","floor":32,"turns":6},{"damage":15,"enemies":"SI_MIRROR_ARCHETYPE","floor":33,"turns":8},{"damage":20,"enemies":"Orb Walker","floor":36,"turns":4},{"damage":0,"enemies":"3 Shapes","floor":37,"turns":4},{"damage":18,"enemies":"Writhing Mass","floor":38,"turns":5},{"damage":0,"enemies":"downfall:FleeingMerchant","floor":40,"turns":4},{"damage":25,"enemies":"Transient","floor":42,"turns":5},{"damage":76,"enemies":"Reptomancer","floor":43,"turns":7},{"damage":0,"enemies":"downfall:FleeingMerchant","floor":44,"turns":4},{"damage":34,"enemies":"Maw","floor":46,"turns":6},{"damage":7,"enemies":"Writhing Mass","floor":49,"turns":1}],"seed_played":"-7585106521915369887","potions_obtained":[{"floor":2,"key":"Elixir"},{"floor":3,"key":"SkillPotion"},{"floor":15,"key":"DuplicationPotion"},{"floor":16,"key":"BlessingOfTheForge"},{"floor":19,"key":"Fire Potion"},{"floor":33,"key":"Energy Potion"},{"floor":37,"key":"SkillPotion"},{"floor":42,"key":"Elixir"}],"is_trial":false,"path_per_floor":["R","M","M","M","M","M","T","R","?","M","R","?","M","E","M","B",null,"R","M","M","?","M","?","T","R","E","R","?","M","$","M","M","B",null,"R","M","M","M","T","$","T","M","E","$","?","M","R","$","M"],"character_chosen":"SLIMEBOUND","items_purchased":["expansioncontent:Chronoboost","Slimebound:OozeBath","Fire Potion","Shuriken","Explosive Potion","ReplayTheSpireMod:ShopPack"],"campfire_rested":0,"item_purchase_floors":[30,40,44,44,44,44],"current_hp_per_floor":[71,71,71,71,70,65,65,75,75,69,69,69,65,57,53,63,81,81,59,69,61,50,50,50,50,43,43,43,44,64,72,67,66,88,88,78,88,78,78,86,86,67,11,17,17,3,3,3,0,0,0],"gold":30,"neow_bonus":"TEN_PERCENT_HP_BONUS","is_daily":false,"chose_seed":false,"campfire_upgraded":10,"win_rate":0.0,"timestamp":1612927472,"path_taken":["R","M","?","M","M","M","T","R","?","M","R","?","?","E","M","BOSS","R","M","M","?","M","?","T","R","E","R","?","M","$","?","M","BOSS","R","M","M","M","?","$","T","?","E","$","?","M","R","$","M"],"items_purchased_type":["Card","Card","Potion","Relic","Potion","Relic"],"build_version":"2020-12-22","purchased_purges":1,"victory":false,"max_hp_per_floor":[71,71,71,71,71,71,71,81,81,81,81,81,81,81,81,81,81,81,81,81,81,81,81,81,81,88,88,88,88,88,88,88,88,88,88,88,88,88,88,88,88,88,88,88,88,88,88,88,88,88,88],"card_choices":[{"not_picked":["Slimebound:SlimeTap","Slimebound:Schlurp"],"picked":"Slimebound:SlimeSpikes","floor":2},{"not_picked":["Slimebound:Chomp","Slimebound:HauntingLick"],"picked":"Slimebound:Prepare","floor":3},{"not_picked":["Slimebound:SpikyOuterGoop","Slimebound:HauntingLick"],"picked":"Slimebound:SplitMire","floor":4},{"not_picked":["Slimebound:RainOfGoop","Slimebound:FinishingTackle"],"picked":"Slimebound:SpikyOuterGoop","floor":5},{"not_picked":["Slimebound:PressTheAttack","Slimebound:GoopTackle"],"picked":"Slimebound:SlimeSpikes","floor":6},{"not_picked":["Slimebound:GrowthPunch","Slimebound:SamplingLick"],"picked":"Slimebound:Schlurp","floor":10},{"not_picked":["Slimebound:ForwardTackle","Slimebound:HauntingLick"],"picked":"Slimebound:RallyTheTroops","floor":13},{"not_picked":["Slimebound:RejuvenatingLick","Slimebound:FinishingTackle"],"picked":"Slimebound:Equalize","floor":14},{"not_picked":["Slimebound:SlimeBrawl","Slimebound:SlimeTap","Slimebound:LeechEnergy"],"picked":"SKIP","floor":15},{"not_picked":["Slimebound:Overexert","Slimebound:MassFeed"],"picked":"Slimebound:MassRepurpose","floor":16},{"not_picked":["Slimebound:SplitMire","Slimebound:ItLooksTasty"],"picked":"Slimebound:SplitBruiser+1","floor":19},{"not_picked":["Slimebound:SplitMire","Slimebound:PressTheAttack"],"picked":"Slimebound:SplitAcid","floor":20},{"not_picked":["Slimebound:SlimeBarrage+1","Slimebound:Teamwork"],"picked":"Slimebound:FormOfPuddle","floor":22},{"not_picked":["Slimebound:LivingWall","Slimebound:SamplingLick"],"picked":"Slimebound:Gluttony+1","floor":26},{"not_picked":["Slimebound:LivingWall","Slimebound:Chomp+1"],"picked":"Slimebound:Schlurp+1","floor":29},{"not_picked":["Slimebound:Schlurp","Slimebound:SpikyOuterGoop+1"],"picked":"Slimebound:TongueLash","floor":30},{"not_picked":["Slimebound:Nibble","Slimebound:ItLooksTasty"],"picked":"Slimebound:LeechingTouch+1","floor":31},{"not_picked":["Slimebound:DuplicatedForm","Slimebound:LeechEnergy+1"],"picked":"Slimebound:LeechingTouch","floor":32},{"not_picked":["Slimebound:PrepareCrush","Slimebound:RallyTheTroops"],"picked":"Slimebound:Teamwork","floor":33},{"not_picked":["Slimebound:TongueLash+1","Slimebound:DisruptingSlam+1"],"picked":"Slimebound:SpikyOuterGoop+1","floor":36},{"not_picked":["Slimebound:SplitAcid","Slimebound:SplitBruiser+1"],"picked":"Slimebound:SplitMire+1","floor":37},{"not_picked":["Slimebound:RollThrough+1","Slimebound:Prepare"],"picked":"Slimebound:RainOfGoop","floor":38},{"not_picked":["Slimebound:SplitLeeching+1","Slimebound:Schlurp+1"],"picked":"Slimebound:SamplingLick","floor":40},{"not_picked":["Slimebound:SplitAcid","Slimebound:Dissolve","Slimebound:SplitBruiser"],"picked":"SKIP","floor":42},{"not_picked":["Slimebound:Replication+1","Slimebound:ComboTackle"],"picked":"Slimebound:Schlurp+1","floor":43},{"not_picked":["Slimebound:ItLooksTasty+1","Slimebound:SplitBruiser"],"picked":"Slimebound:HauntingLick+1","floor":44},{"not_picked":["HandOfGreed","Master of Strategy"],"picked":"Sadistic Nature","floor":44},{"not_picked":["Replay:Sssssssssshield","Swift Strike"],"picked":"Finesse","floor":44},{"not_picked":["Slimebound:Schlurp+1","Slimebound:Chomp"],"picked":"Slimebound:LevelUp+1","floor":46}],"player_experience":93584,"relics_obtained":[{"floor":14,"key":"Replay:Bottled Eggs"},{"floor":24,"key":"Replay:Arrowhead"},{"floor":26,"key":"Strawberry"},{"floor":39,"key":"Whetstone"},{"floor":41,"key":"Omamori"},{"floor":43,"key":"Du-Vu Doll"}],"event_choices":[{"cards_removed":["Slimebound:Defend_Slimebound"],"damage_healed":0,"gold_gain":0,"player_choice":"Offered Basic","damage_taken":0,"max_hp_gain":0,"max_hp_loss":0,"event_name":"Bonfire Elementals","floor":12,"gold_loss":0},{"damage_healed":0,"gold_gain":0,"player_choice":"Ignored","damage_taken":0,"max_hp_gain":0,"max_hp_loss":0,"event_name":"betterNote:BetterNote","floor":23,"gold_loss":0,"cards_obtained":["Enlightenment"]}],"is_beta":false,"boss_relics":[{"not_picked":["reliquary:KinkedSpring","Coffee Dripper"],"picked":"SlaversCollar"},{"not_picked":["aspiration:PoetsPen_weak","Runic Dome"],"picked":"reliquary:RedPaperclip"}],"items_purged_floors":[30],"is_endless":false,"potions_floor_spawned":[2,3,15,16,19,29,32,33,37,42,46],"killed_by":"Writhing Mass","ascension_level":0}}