{"host":"6xsbn6ynqlzwllfm","time":1612985438,"event":{"mods":["2.2 Compatiblity","BaseMod","Bestiary","Colored Map","Colored Powertips","Curses Come First","Highlight Path","Keyboard Shortcuts","Minty Spire (QoL Compilation)","Relic Stats","Slay the Relics Exporter","StSLib","SuperFastMode"],"gold_per_floor":[144,319,319,394,163,253,253,343,343,388,433,383,473,473,473,773,773,818,818,863,908,953,953,1043,1088,1138,1240,1252,1309,1366,1423,1435,1747,1759,1816,1873,1885,1897,1401,1401,1491,1536,1561,1561,1681,1681,1726,1771,1771,1771],"floor_reached":51,"language":"ENG","playtime":2669,"items_purged":[],"score":987,"play_id":"b1c5aa23-2baf-4cff-b2e4-a324bb586347","local_time":"20210210143038","daily_mods":["SealedDeck","Purple Cards","Midas"],"is_ascension_mode":false,"campfire_choices":[{"floor":7,"key":"REST"},{"floor":15,"key":"REST"},{"floor":23,"key":"REST"},{"floor":32,"key":"REST"},{"floor":40,"key":"REST"},{"floor":44,"key":"REST"},{"data":"Protect","floor":49,"key":"PURGE"}],"circlet_count":0,"master_deck":["Flechettes","Collect","Blade Dance","BattleHymn","Backflip","Evaluate","Vengeance","FearNoEvil","FollowUp","Pray","Wallop","LikeWater","Protect","Adrenaline","PiercingWail","Prostrate","WaveOfTheHand","Tantrum","Protect","Devotion","Leg Sweep+1","Prostrate","Master of Strategy","ThirdEye","Pray+1","TalkToTheHand+1"],"relics":["Ring of the Snake","ClockworkSouvenir","Snake Skull","Vajra","Centennial Puzzle","PreservedInsect","Eternal Feather","Philosopher\u0027s Stone","Prayer Wheel","MawBank","Shuriken","Runic Pyramid","Membership Card","Question Card","Sundial","Frozen Egg 2","Bag of Preparation","Peace Pipe"],"acts_visited":["Exordium","TheCity","TheBeyond"],"potions_floor_usage":[6,24,33,33,45,50,50,50],"damage_taken":[{"damage":0,"enemies":"Jaw Worm","floor":1,"turns":3},{"damage":0,"enemies":"Gremlin Nob","floor":6,"turns":2},{"damage":0,"enemies":"Lagavulin","floor":8,"turns":3},{"damage":0,"enemies":"Small Slimes","floor":10,"turns":1},{"damage":0,"enemies":"Cultist","floor":11,"turns":2},{"damage":3,"enemies":"3 Sentries","floor":13,"turns":4},{"damage":0,"enemies":"Slime Boss","floor":16,"turns":3},{"damage":13,"enemies":"3 Byrds","floor":18,"turns":3},{"damage":1,"enemies":"2 Thieves","floor":20,"turns":2},{"damage":18,"enemies":"Snake Plant","floor":21,"turns":3},{"damage":4,"enemies":"Chosen and Byrds","floor":22,"turns":5},{"damage":0,"enemies":"Slavers","floor":24,"turns":5},{"damage":0,"enemies":"Shelled Parasite and Fungi","floor":25,"turns":3},{"damage":0,"enemies":"Gremlin Leader","floor":27,"turns":3},{"damage":0,"enemies":"Centurion and Healer","floor":29,"turns":5},{"damage":0,"enemies":"3 Cultists","floor":30,"turns":2},{"damage":0,"enemies":"Snecko","floor":31,"turns":2},{"damage":4,"enemies":"Collector","floor":33,"turns":3},{"damage":28,"enemies":"3 Shapes","floor":35,"turns":4},{"damage":2,"enemies":"Orb Walker","floor":36,"turns":4},{"damage":0,"enemies":"Nemesis","floor":41,"turns":3},{"damage":4,"enemies":"Maw","floor":42,"turns":4},{"damage":6,"enemies":"2 Orb Walkers","floor":45,"turns":4},{"damage":5,"enemies":"Sphere and 2 Shapes","floor":47,"turns":3},{"damage":2,"enemies":"4 Shapes","floor":48,"turns":4},{"damage":2,"enemies":"Awakened One","floor":50,"turns":6}],"seed_played":"-5810517303651203205","potions_obtained":[{"floor":1,"key":"PowerPotion"},{"floor":10,"key":"Strength Potion"},{"floor":16,"key":"Ancient Potion"},{"floor":18,"key":"Swift Potion"},{"floor":22,"key":"Fire Potion"},{"floor":27,"key":"FearPotion"},{"floor":33,"key":"Dexterity Potion"},{"floor":36,"key":"GamblersBrew"},{"floor":45,"key":"SteroidPotion"}],"is_trial":false,"path_per_floor":["M","?","?","?","$","E","R","E","T","M","M","?","E","?","R","B",null,"M","?","M","M","M","R","E","M","T","E","?","M","M","M","R","B",null,"M","M","?","?","$","R","E","M","T","R","?","?","M","M","R","B",null],"character_chosen":"THE_SILENT","items_purchased":["ClockworkSouvenir","MentalFortress","Membership Card","Question Card","Sundial","Master of Strategy","ThirdEye"],"campfire_rested":6,"item_purchase_floors":[5,5,39,39,39,39,39],"current_hp_per_floor":[70,70,63,56,56,56,70,70,70,70,70,70,67,60,70,70,70,57,57,56,38,34,64,64,64,64,64,80,80,80,80,80,76,80,52,50,50,50,50,76,76,72,72,76,70,60,55,53,68,66],"gold":1771,"neow_bonus":"","is_daily":true,"chose_seed":false,"campfire_upgraded":0,"win_rate":0.0,"timestamp":1612985438,"path_taken":["M","?","?","?","$","E","R","E","T","?","M","?","E","?","R","BOSS","M","?","?","M","M","R","E","M","T","E","?","M","?","M","R","BOSS","M","?","?","?","$","R","E","M","T","R","?","?","M","M","R","BOSS"],"items_purchased_type":["Relic","Card","Relic","Relic","Relic","Card","Card"],"build_version":"2020-12-22","purchased_purges":0,"victory":true,"max_hp_per_floor":[70,70,70,70,70,70,70,70,70,70,70,70,70,70,70,70,70,70,70,70,70,70,70,70,70,70,70,80,80,80,80,80,80,80,80,80,80,76,76,76,76,76,76,76,76,76,76,76,76,76],"relic_stats":{"counters":[26,86],"Eternal Feather":52,"Snake Skull":[0],"PreservedInsect":130,"Bag of Preparation":[8],"MawBank":156,"Question Card":11,"Peace Pipe":1,"Centennial Puzzle":[39],"Shuriken":[23],"Sundial":[2],"Prayer Wheel":9,"obtain_stats":[{"Vajra":8,"Eternal Feather":14,"Snake Skull":6,"PreservedInsect":13,"Bag of Preparation":43,"Frozen Egg 2":41,"MawBank":26,"Question Card":39,"ClockworkSouvenir":5,"Peace Pipe":45,"Centennial Puzzle":9,"Shuriken":27,"Sundial":39,"Philosopher\u0027s Stone":17,"Prayer Wheel":24,"Membership Card":39,"Ring of the Snake":0,"Runic Pyramid":34},{"Vajra":3,"Eternal Feather":6,"Snake Skull":2,"PreservedInsect":6,"Bag of Preparation":22,"Frozen Egg 2":21,"MawBank":13,"Question Card":20,"ClockworkSouvenir":1,"Peace Pipe":23,"Centennial Puzzle":3,"Shuriken":14,"Sundial":20,"Philosopher\u0027s Stone":7,"Prayer Wheel":12,"Membership Card":20,"Ring of the Snake":0,"Runic Pyramid":18},{"Vajra":8,"Eternal Feather":15,"Snake Skull":5,"PreservedInsect":15,"Bag of Preparation":69,"Frozen Egg 2":65,"MawBank":39,"Question Card":62,"ClockworkSouvenir":3,"Peace Pipe":73,"Centennial Puzzle":8,"Shuriken":42,"Sundial":62,"Philosopher\u0027s Stone":18,"Prayer Wheel":36,"Membership Card":62,"Ring of the Snake":0,"Runic Pyramid":54}],"Ring of the Snake":[52]},"card_choices":[{"not_picked":["EmptyBody","Dagger Throw"],"picked":"FollowUp","floor":1},{"not_picked":["CarveReality","Evaluate"],"picked":"Pray","floor":8},{"not_picked":["FlyingSleeves","Dagger Throw"],"picked":"Wallop","floor":10},{"not_picked":["EmptyBody","Underhanded Strike"],"picked":"LikeWater","floor":11},{"not_picked":["Acrobatics","Riddle With Holes"],"picked":"Protect","floor":13},{"not_picked":["Ragnarok","Envenom"],"picked":"Adrenaline","floor":16},{"not_picked":["Reflex","FlurryOfBlows","Noxious Fumes+1"],"picked":"SKIP","floor":20},{"not_picked":["Endless Agony+1","Blade Dance"],"picked":"PiercingWail","floor":22},{"not_picked":["Deadly Poison","Poisoned Stab"],"picked":"Prostrate","floor":24},{"not_picked":["Flying Knee","CutThroughFate"],"picked":"WaveOfTheHand","floor":25},{"not_picked":["Bane","Noxious Fumes+1","Deflect+1"],"picked":"SKIP","floor":25},{"not_picked":["Consecrate","InnerPeace+1"],"picked":"Tantrum","floor":27},{"not_picked":["Outmaneuver","WindmillStrike"],"picked":"Protect","floor":29},{"not_picked":["Alpha","Wish"],"picked":"Devotion","floor":33},{"not_picked":["Sucker Punch","SignatureMove"],"picked":"Leg Sweep+1","floor":35},{"not_picked":["Crescendo","FlyingSleeves"],"picked":"Prostrate","floor":36},{"not_picked":["JustLucky","EmptyFist+1","Well Laid Plans+1","InnerPeace"],"picked":"SKIP","floor":41},{"not_picked":["Judgement","ThirdEye","Flying Knee+1"],"picked":"Pray+1","floor":42},{"not_picked":["FlyingSleeves","EmptyBody","Glass Knife"],"picked":"TalkToTheHand+1","floor":47}],"player_experience":1438908,"relics_obtained":[{"floor":6,"key":"Snake Skull"},{"floor":8,"key":"Vajra"},{"floor":9,"key":"Centennial Puzzle"},{"floor":13,"key":"PreservedInsect"},{"floor":24,"key":"Prayer Wheel"},{"floor":26,"key":"MawBank"},{"floor":27,"key":"Shuriken"},{"floor":41,"key":"Frozen Egg 2"},{"floor":43,"key":"Bag of Preparation"},{"floor":45,"key":"Peace Pipe"}],"event_choices":[{"damage_healed":0,"gold_gain":175,"player_choice":"AGREE","damage_taken":0,"max_hp_gain":0,"max_hp_loss":0,"event_name":"Liars Game","floor":2,"gold_loss":0,"cards_obtained":["Doubt"]},{"cards_removed":["Doubt"],"damage_healed":0,"gold_gain":0,"player_choice":"Card Removal","damage_taken":7,"max_hp_gain":0,"max_hp_loss":0,"event_name":"Golden Wing","floor":3,"gold_loss":0},{"damage_healed":0,"gold_gain":75,"player_choice":"Touch","damage_taken":7,"max_hp_gain":0,"max_hp_loss":0,"event_name":"FaceTrader","floor":4,"gold_loss":0},{"cards_removed":["Backflip"],"damage_healed":0,"gold_gain":0,"player_choice":"Card Removal","damage_taken":0,"max_hp_gain":0,"max_hp_loss":0,"event_name":"The Cleric","floor":12,"gold_loss":50},{"damage_healed":0,"gold_gain":0,"player_choice":"Success","damage_taken":7,"relics_obtained":["Eternal Feather"],"max_hp_gain":0,"max_hp_loss":0,"event_name":"Scrap Ooze","floor":14,"gold_loss":0},{"damage_healed":0,"gold_gain":0,"cards_transformed":["MentalFortress"],"player_choice":"Transformed","damage_taken":0,"max_hp_gain":0,"max_hp_loss":0,"event_name":"Transmorgrifier","floor":19,"gold_loss":0,"cards_obtained":["SpiritShield"]},{"cards_removed":["SpiritShield"],"damage_healed":6,"gold_gain":0,"player_choice":"Offered Rare","damage_taken":0,"max_hp_gain":10,"max_hp_loss":0,"event_name":"Bonfire Elementals","floor":28,"gold_loss":0},{"damage_healed":0,"gold_gain":0,"player_choice":"Ignored","damage_taken":0,"max_hp_gain":0,"max_hp_loss":0,"event_name":"Tomb of Lord Red Mask","floor":37,"gold_loss":0},{"damage_healed":0,"gold_gain":0,"player_choice":"Max HP","damage_taken":0,"max_hp_gain":0,"max_hp_loss":4,"event_name":"Winding Halls","floor":38,"gold_loss":0},{"damage_healed":0,"gold_gain":0,"player_choice":"Fight","damage_taken":0,"max_hp_gain":0,"max_hp_loss":0,"event_name":"Mysterious Sphere","floor":45,"gold_loss":0},{"damage_healed":0,"gold_gain":0,"player_choice":"Memory 3","damage_taken":10,"max_hp_gain":0,"max_hp_loss":0,"event_name":"SensoryStone","floor":46,"gold_loss":0}],"is_beta":false,"boss_relics":[{"not_picked":["Ring of the Serpent","WristBlade"],"picked":"Philosopher\u0027s Stone"},{"not_picked":["Runic Dome","Snecko Eye"],"picked":"Runic Pyramid"}],"items_purged_floors":[],"is_endless":false,"potions_floor_spawned":[1,10,16,18,22,27,29,33,36,42,45,48],"ascension_level":0}}