{"host":"fxrgx7wt2cpkbhka","time":1612965832,"event":{"mods":["AchievementEnabler","BaseMod","Colored Powertips","Dark Map","Minty Spire (QoL Compilation)","Permanent Neow","Quick Restart","Slay-I","StSLib","Waifu the Spire"],"gold_per_floor":[218,218,218,231,5,5,80,93,93,268,268,291,307,17,17,17,17],"floor_reached":16,"language":"ENG","playtime":363,"items_purged":[],"score":153,"play_id":"0034a0f7-d378-4de8-9215-e03b8f6e22eb","local_time":"20210210060352","is_ascension_mode":true,"campfire_choices":[{"data":"Storm","floor":6,"key":"SMITH"},{"data":"Loop","floor":11,"key":"SMITH"},{"floor":15,"key":"REST"}],"circlet_count":0,"master_deck":["AscendersBane","Strike_B","Strike_B","Strike_B","Strike_B","Defend_B","Defend_B","Defend_B","Defend_B","Zap","Dualcast","Cold Snap","Injury","Go for the Eyes","Storm+1","Loop+1","Doubt","Conserve Battery"],"relics":["Cracked Core","Golden Idol","Oddly Smooth Stone","Ice Cream","Mango"],"acts_visited":["Exordium"],"potions_floor_usage":[12,16],"damage_taken":[{"damage":12,"enemies":"Jaw Worm","floor":1,"turns":3},{"damage":3,"enemies":"2 Louse","floor":4,"turns":3},{"damage":8,"enemies":"Small Slimes","floor":8,"turns":3},{"damage":12,"enemies":"3 Louse","floor":12,"turns":4},{"damage":11,"enemies":"Looter","floor":13,"turns":4},{"damage":47,"enemies":"Slime Boss","floor":16,"turns":10}],"seed_played":"-7590323886059519263","potions_obtained":[{"floor":8,"key":"Block Potion"},{"floor":13,"key":"BlessingOfTheForge"}],"is_trial":false,"path_per_floor":["M","?","?","M","$","R","?","M","T","?","R","M","M","$","R","B"],"character_chosen":"DEFECT","items_purchased":["Storm","Oddly Smooth Stone","Mango"],"campfire_rested":1,"item_purchase_floors":[5,5,14],"current_hp_per_floor":[52,52,52,49,49,49,38,30,30,30,30,18,7,21,46,0,0],"gold":17,"neow_bonus":"HUNDRED_GOLD","is_daily":false,"chose_seed":false,"campfire_upgraded":2,"win_rate":0.0,"timestamp":1612965832,"path_taken":["M","?","?","M","$","R","?","M","T","?","R","M","M","$","R","BOSS"],"items_purchased_type":["Card","Relic","Relic"],"build_version":"2020-12-22","purchased_purges":0,"victory":false,"max_hp_per_floor":[71,71,71,71,71,71,71,71,71,71,71,71,71,85,85,85,85],"card_choices":[{"not_picked":["Stack","Leap"],"picked":"Cold Snap","floor":1},{"not_picked":["Tempest","Compile Driver"],"picked":"Go for the Eyes","floor":4},{"not_picked":["Stack","Go for the Eyes"],"picked":"Loop","floor":8},{"not_picked":["Darkness","All For One","Blizzard"],"picked":"SKIP","floor":12},{"not_picked":["Beam Cell","Turbo"],"picked":"Conserve Battery","floor":13}],"player_experience":760953,"relics_obtained":[{"floor":9,"key":"Ice Cream"}],"event_choices":[{"damage_healed":0,"gold_gain":0,"player_choice":"Ignored","damage_taken":0,"max_hp_gain":0,"max_hp_loss":0,"event_name":"Golden Wing","floor":2,"gold_loss":0},{"damage_healed":0,"gold_gain":0,"player_choice":"Take Wound","damage_taken":0,"relics_obtained":["Golden Idol"],"max_hp_gain":0,"max_hp_loss":0,"event_name":"Golden Idol","floor":3,"gold_loss":0,"cards_obtained":["Injury"]},{"damage_healed":0,"gold_gain":75,"player_choice":"Gather Gold","damage_taken":11,"max_hp_gain":0,"max_hp_loss":0,"event_name":"World of Goop","floor":7,"gold_loss":0},{"damage_healed":0,"gold_gain":175,"player_choice":"AGREE","damage_taken":0,"max_hp_gain":0,"max_hp_loss":0,"event_name":"Liars Game","floor":10,"gold_loss":0,"cards_obtained":["Doubt"]}],"is_beta":false,"boss_relics":[],"items_purged_floors":[],"is_endless":false,"potions_floor_spawned":[8,13],"killed_by":"Slime Boss","ascension_level":14}}