{"host":"weghyrtrhzwgovqi","time":1612938258,"event":{"mods":["Act Like it!","BaseMod","Defuse TimeMaze Blight","Dota2Spire","Gensokyo","Minty Spire (QoL Compilation)","Remilia£¨ÀÙÃ×ÀòÑÇ£©","RumiaBox-Â¶Ã×æ«µÄÉñÃØºÐ×Ó","StSLib","Uncapped","UnlockEverythingMod","Youmu£¨»êÆÇÑýÃÎ£©","[IsaacMod]ÒÔÈö¼âËþ","noobMod"],"gold_per_floor":[110,110,35,35,35,35,48,82,82,110,122,134,146,177,189,302,314,343,455,487,749,711,723,751,763,775,798,810,30,30,30,30,126,126,143,153,153,214,61,61,176,176,176,176,27,39,73,73,73,73,73],"floor_reached":50,"language":"ZHS","playtime":1107,"items_purged":["Pain","VoidnessSword"],"score":1364,"play_id":"691e3f09-bbfd-4b5c-8a7c-b77f459b7f12","local_time":"20210210142418","daily_mods":["Shiny","Vintage","Diverse","Heirloom","Time Dilation","Flight","Lethality","Night Terrors"],"is_ascension_mode":false,"campfire_choices":[{"data":"Gensokyo:CrescentMoonSlash","floor":6,"key":"SMITH"},{"data":"Corruption","floor":15,"key":"SMITH"},{"data":"DeusExMachina","floor":23,"key":"SMITH"},{"data":"DemonKingCradle","floor":28,"key":"SMITH"},{"data":"ScarletCoffin","floor":32,"key":"SMITH"},{"data":"BloodyHallows","floor":40,"key":"SMITH"},{"data":"Blasphemy","floor":49,"key":"SMITH"}],"circlet_count":0,"master_deck":["ScarletCoffin+1","DemonKingCradle+1","TricksterDevil","BloodRain","ForecastOfChange","CurseOfVladTepes","TransientEternity","EquivalentExchange","ScarletMeister","QueenOfMidnight","KillingBlow","BloodyHallows+1","BatForm","BloodyCatastrophe","CeilingFear","ChaoticDestiny","BloodySeventeenLaser","HellCatastrophe+1","HeartBreak","FastingOfTheYoungPreta","MatsuyoiReflectingSatelliteSlash","GreatEnlightenmentAppearingAndDisappearing","IrresoluteSoul","HeavenGodSword","DeadlyForm","ReincarnationSword","SlashOfTheEternalFuture","WickedSoul","HellRealmSword","AsuraSword","CelestialStarSword","StrangeHalfBody","SuddenDivineSeveringOfKarmicWind","CherryBlossomSword","HeavenSword","SlashOfSaigyouSpringWind","ASingleThoughtAndInfiniteKalpas+1","Brilliance","Devotion","LessonLearned","Vault","Establishment","DeusExMachina+1","Judgement","MasterReality","Blasphemy+1","Ragnarok","Scrawl","Wish","Omniscience","SpiritShield","DevaForm","Hyperbeam","Machine Learning","Buffer","Seek","Echo Form","All For One","Reboot","Fission","Core Surge","Multi-Cast","Thunder Strike","Biased Cognition","ElectricPowerLearning","Electrodynamics","Rainbow","Meteor Strike","Amplify","Creative AI","Corpse Explosion","Die Die Die","Adrenaline","Envenom","Doppelganger","Burst","Wraith Form v2","Tools of the Trade+1","After Image","A Thousand Cuts","Venomology","Malaise","Phantasmal Killer","Night Terror","Unload","Bullet Time","Storm of Steel","Grand Finale","Double Tap","Demon Form","Fiend Fire","Berserk","Impervious","Juggernaut","Brutality","Exhume","Offering","Bludgeon","Feed","Limit Break","Corruption+1","Barricade","Reaper","Immolate","Gensokyo:CrescentMoonSlash+1","Seek","Body Slam+1","RapidSlash","Gensokyo:PrivateSquare","Pride"],"relics":["HalfPhantom","HushsDoor","ice","GuppysPaw","Turnip","Anchor","Gensokyo:LunaticRedEyes","Gensokyo:Mercy","UnicornStump","Dota2Spire:UrnOfShadows","MawBank","Orichalcum","HornCleat","Dota2Spire:LotusOrb","Bottled Tornado","Dota2Spire:RefresherOrb","MomsKnife","GuppysHead","GuppysTail","Whetstone","Ginger","EdensBlessing","GodSword7","Ancient Tea Set","MoreBug","FencingExperience","GodSword6","Dota2Spire:EyeOfSkadi","Pear","BFFS","Gensokyo:MosesMiracle","Black Star","Bag of Marbles","Dota2Spire:OctarineCore","ZombieArmy","Boot","Gensokyo:EmptyGrave","Incense Burner","Frozen Eye","White Beast Statue","Dota2Spire:MaskOfMadness","SSSystem"],"acts_visited":["Exordium","Gensokyo:Gensokyo","Gensokyo:Gensokyoer"],"potions_floor_usage":[16],"damage_taken":[{"damage":0,"enemies":"Gensokyo:2_Kodama","floor":1,"turns":3},{"damage":0,"enemies":"Gensokyo:Gryphon","floor":7,"turns":2},{"damage":49,"enemies":"Gensokyo:Aya","floor":8,"turns":5},{"damage":0,"enemies":"Gensokyo:3_Fairies","floor":10,"turns":2},{"damage":32,"enemies":"Gensokyo:LivingMonolith","floor":14,"turns":4},{"damage":0,"enemies":"Gensokyo:Yukari","floor":16,"turns":5},{"damage":3,"enemies":"Gensokyo:3_Dogs","floor":18,"turns":4},{"damage":1,"enemies":"Gensokyo:3_Dogs","floor":19,"turns":4},{"damage":0,"enemies":"Gensokyo:Chomper","floor":20,"turns":1},{"damage":0,"enemies":"Gensokyo:Slime_Group","floor":24,"turns":4},{"damage":0,"enemies":"Gensokyo:Mirror_and_Dog","floor":27,"turns":1},{"damage":23,"enemies":"Gensokyo:Kaguya","floor":33,"turns":5},{"damage":0,"enemies":"Gensokyo:3_Boulders","floor":35,"turns":1},{"damage":0,"enemies":"Gensokyo:3_Bats","floor":36,"turns":2},{"damage":1,"enemies":"Gensokyo:AtlasGolem","floor":41,"turns":3},{"damage":8,"enemies":"Gensokyo:Rafflesia","floor":46,"turns":2},{"damage":6,"enemies":"Gensokyo:Marisa","floor":47,"turns":4},{"damage":7,"enemies":"Gensokyo:Scarlet_Devils","floor":50,"turns":8}],"seed_played":"-4028703518142172340","potions_obtained":[{"floor":16,"key":"EssenceOfSteel"},{"floor":33,"key":"Dota2Spire:HealingSalve"},{"floor":46,"key":"DuplicationPotion"}],"is_trial":true,"path_per_floor":["M","?","$","?","?","R","M","E","T","M","T","?","?","M","R","B",null,"M","?","M","?","?","R","M","T","T","M","R","$","?","?","R","B",null,"M","M","?","?","$","R","M","?","T","?","$","M","E","?","R","B"],"character_chosen":"YOUMU","items_purchased":["MomsKnife","GuppysHead","GuppysTail","Dota2Spire:EyeOfSkadi","Pear","BFFS","ZombieArmy","Frozen Eye"],"campfire_rested":0,"item_purchase_floors":[17,17,17,29,29,29,39,45],"current_hp_per_floor":[75,75,75,64,64,64,64,18,18,18,18,3,3,46,46,46,31,28,27,27,27,34,34,42,42,42,42,42,57,57,57,57,39,61,61,61,61,46,46,46,46,46,46,46,57,57,57,57,57,58,58],"gold":73,"neow_bonus":"","is_daily":false,"chose_seed":false,"campfire_upgraded":7,"win_rate":0.0,"timestamp":1612938258,"path_taken":["M","?","?","?","?","R","?","E","T","?","?","?","?","?","R","BOSS","M","?","?","?","?","R","?","?","T","?","R","?","?","?","R","BOSS","M","M","?","?","?","R","?","?","T","?","?","?","E","?","R","BOSS"],"items_purchased_type":["Relic","Relic","Relic","Relic","Relic","Relic","Relic","Relic"],"build_version":"2020-12-22","purchased_purges":2,"victory":false,"max_hp_per_floor":[75,75,75,75,75,75,75,78,78,78,78,78,78,79,79,83,31,36,37,37,35,42,42,42,42,42,42,42,57,57,57,57,61,61,61,61,61,61,61,61,61,57,57,57,57,57,58,58,58,58,58],"card_choices":[{"not_picked":["Conclude","ScarletDevil"],"picked":"Seek","floor":8},{"not_picked":["Poisoned Stab+1","Setup","VoidnessSword"],"picked":"SKIP","floor":47}],"player_experience":289856,"relics_obtained":[{"floor":1,"key":"Anchor"},{"floor":7,"key":"UnicornStump"},{"floor":8,"key":"Dota2Spire:UrnOfShadows"},{"floor":9,"key":"MawBank"},{"floor":10,"key":"Orichalcum"},{"floor":11,"key":"HornCleat"},{"floor":14,"key":"Bottled Tornado"},{"floor":18,"key":"Whetstone"},{"floor":19,"key":"Ginger"},{"floor":19,"key":"EdensBlessing"},{"floor":20,"key":"GodSword7"},{"floor":24,"key":"Ancient Tea Set"},{"floor":25,"key":"MoreBug"},{"floor":26,"key":"FencingExperience"},{"floor":27,"key":"GodSword6"},{"floor":35,"key":"Bag of Marbles"},{"floor":36,"key":"Gensokyo:MosesMiracle"},{"floor":36,"key":"Dota2Spire:OctarineCore"},{"floor":41,"key":"Boot"},{"floor":43,"key":"Incense Burner"},{"floor":46,"key":"White Beast Statue"},{"floor":47,"key":"Dota2Spire:MaskOfMadness"},{"floor":47,"key":"SSSystem"}],"event_choices":[],"is_beta":false,"boss_relics":[{"not_picked":["Velvet Choker","SlaversCollar"],"picked":"Dota2Spire:RefresherOrb"},{"not_picked":[]},{"not_picked":["Runic Pyramid","Cursed Key"],"picked":"Black Star"},{"not_picked":[]}],"items_purged_floors":[3,29],"is_endless":true,"potions_floor_spawned":[7,16,18,19,33,36,46,47],"killed_by":"Gensokyo:Scarlet_Devils","ascension_level":0}}