{"host":"a5406dzxsi185pm5","time":1612974165,"event":{"mods":["AchievementEnabler","BaseMod","Bestiary","Colored Map","Colored Powertips","Keyboard Shortcuts","Minty Spire (QoL Compilation)"],"gold_per_floor":[119,119,119,119,139,165,215,234,259,275,294,329,340,354,354,456,456,467,7,7,24,42,42,42],"floor_reached":23,"language":"ENG","playtime":2368,"items_purged":[],"score":280,"play_id":"42a2d4ed-24a3-46b5-8293-45b992741e5e","local_time":"20210210112245","is_ascension_mode":false,"campfire_choices":[{"floor":15,"key":"REST"}],"circlet_count":0,"master_deck":["Strike_G","Strike_G","Strike_G","Defend_G","Defend_G","Defend_G","Defend_G","Defend_G","Survivor","Neutralize+1","Sucker Punch","All Out Attack","Corpse Explosion","Catalyst","Footwork","Flying Knee","Heel Hook","Noxious Fumes","Die Die Die","Venomology","Blur+1","Poisoned Stab","Backflip+1","Well Laid Plans"],"relics":["Ring of the Snake","NeowsBlessing","InkBottle","FossilizedHelix","Omamori","Tiny Chest","Smiling Mask","Empty Cage","Bronze Scales","Toxic Egg 2"],"acts_visited":["Exordium","TheCity"],"potions_floor_usage":[16,18,22,23],"damage_taken":[{"damage":0.0,"enemies":"Jaw Worm","floor":1.0,"turns":1.0},{"damage":0.0,"enemies":"Small Slimes","floor":5.0,"turns":1.0},{"damage":0.0,"enemies":"Lagavulin","floor":6.0,"turns":1.0},{"damage":0.0,"enemies":"2 Louse","floor":8.0,"turns":2.0},{"damage":2.0,"enemies":"Blue Slaver","floor":10.0,"turns":5.0},{"damage":10.0,"enemies":"Lots of Slimes","floor":11.0,"turns":3.0},{"damage":13.0,"enemies":"3 Sentries","floor":12.0,"turns":4.0},{"damage":16.0,"enemies":"Exordium Thugs","floor":13.0,"turns":3.0},{"damage":0,"enemies":"Blue Slaver","floor":14,"turns":4},{"damage":2,"enemies":"Slime Boss","floor":16,"turns":8},{"damage":15,"enemies":"Shell Parasite","floor":18,"turns":8},{"damage":4,"enemies":"Spheric Guardian","floor":21,"turns":6},{"damage":36,"enemies":"Snake Plant","floor":22,"turns":4},{"damage":15,"enemies":"Gremlin Leader","floor":23,"turns":3}],"seed_played":"2322326448996665112","potions_obtained":[{"floor":5.0,"key":"PowerPotion"},{"floor":6.0,"key":"LiquidBronze"},{"floor":8.0,"key":"Fire Potion"},{"floor":12.0,"key":"Block Potion"},{"floor":13,"key":"Poison Potion"}],"is_trial":false,"path_per_floor":["M","?","?","?","M","E","T","M","T","M","M","E","M","M","R","B",null,"M","$","?","M","M","E"],"character_chosen":"THE_SILENT","items_purchased":["Bronze Scales","Toxic Egg 2","Poisoned Stab"],"campfire_rested":1,"item_purchase_floors":[19,19,19],"current_hp_per_floor":[70,70,70,70,70,70,70,70,70,68,58,45,29,29,50,48,70,55,55,55,51,15,0,0],"gold":42,"neow_bonus":"THREE_ENEMY_KILL","is_daily":false,"chose_seed":false,"campfire_upgraded":0,"win_rate":0.0,"timestamp":1612974165,"path_taken":["M","?","?","?","M","E","?","M","T","?","M","E","M","M","R","BOSS","M","$","?","M","M","E"],"items_purchased_type":["Relic","Relic","Card"],"build_version":"2020-12-22","purchased_purges":0,"victory":false,"max_hp_per_floor":[70,70,70,70,70,70,70,70,70,70,70,70,70,70,70,70,70,70,70,70,70,70,70,70],"card_choices":[{"not_picked":["PiercingWail","Tactician"],"picked":"Sucker Punch","floor":1.0},{"not_picked":["PiercingWail","Backflip"],"picked":"All Out Attack","floor":5.0},{"not_picked":["Dagger Throw","Burst"],"picked":"Corpse Explosion","floor":6.0},{"not_picked":["PiercingWail","Deflect"],"picked":"Catalyst","floor":8.0},{"not_picked":["Quick Slash","Underhanded Strike"],"picked":"Footwork","floor":10.0},{"not_picked":["Deflect","Expertise"],"picked":"Flying Knee","floor":11.0},{"not_picked":["Blade Dance","Outmaneuver"],"picked":"Heel Hook","floor":12.0},{"not_picked":["Outmaneuver","Deadly Poison"],"picked":"Noxious Fumes","floor":13},{"not_picked":["Sucker Punch","Eviscerate"],"picked":"Die Die Die","floor":14},{"not_picked":["Die Die Die","Wraith Form v2"],"picked":"Venomology","floor":16},{"not_picked":["Quick Slash+1","Dash"],"picked":"Blur+1","floor":18},{"not_picked":["PiercingWail+1","Choke"],"picked":"Backflip+1","floor":21},{"not_picked":["Outmaneuver+1","Bane"],"picked":"Well Laid Plans","floor":22}],"player_experience":104394,"relics_obtained":[{"floor":6.0,"key":"FossilizedHelix"},{"floor":7.0,"key":"Omamori"},{"floor":9.0,"key":"Tiny Chest"},{"floor":12.0,"key":"Smiling Mask"}],"event_choices":[{"damage_healed":0.0,"max_hp_gain":0.0,"max_hp_loss":0.0,"gold_gain":0.0,"event_name":"Living Wall","player_choice":"Grow","floor":2.0,"gold_loss":0.0,"damage_taken":0.0,"cards_upgraded":["Neutralize"]},{"damage_healed":0.0,"max_hp_gain":0.0,"max_hp_loss":0.0,"gold_gain":0.0,"event_name":"The Cleric","player_choice":"Leave","floor":3.0,"gold_loss":0.0,"damage_taken":0.0},{"damage_healed":0.0,"max_hp_gain":0.0,"max_hp_loss":0.0,"gold_gain":0.0,"event_name":"Big Fish","player_choice":"Box","floor":4.0,"gold_loss":0.0,"damage_taken":0.0,"relics_obtained":["InkBottle"],"cards_obtained":["Regret"]},{"cards_removed":["Strike_G"],"damage_healed":0,"gold_gain":0,"player_choice":"Purged","damage_taken":0,"max_hp_gain":0,"max_hp_loss":0,"event_name":"Purifier","floor":20,"gold_loss":0}],"is_beta":false,"boss_relics":[{"not_picked":["Runic Pyramid","Cursed Key"],"picked":"Empty Cage"}],"items_purged_floors":[],"is_endless":false,"potions_floor_spawned":[5,6,8,12,13,21],"killed_by":"Gremlin Leader","ascension_level":0}}