{"host":"8a72fthmlk1o8pdb","time":1612935453,"event":{"mods":["AchievementEnabler","Aspiration","Astrologer","Bard","BaseMod","Beaked The Cultist","Better Sensory Stone","Better Skull","Better Third Choice","ChefMod","Colored Map","Colored Powertips","Dark Map","Downfall","Friendly Minions","GifTheSpireLib","Googly Eyes","Gremlin Mod","Hermit","Hubris","JesterMod","Jorbs\u0027s Wanderer Trilogy","Marisa????????","Minty Spire (QoL Compilation)","Permanent Neow","Random Character Button","Rare Cards Sparkle","Relic Stats","Reliquary","Robot Space Explorer","Shade Mod","Shop Mod","Somnambulant","StSLib","The Animator","The Blue Laboratory","The Construct","The Cursed","The Disciple","The Hayseed","The Hierophant","The Jungle","The Marked","The Mystic","The Necromancer","The Poker Player","The Problem Sleuth","The Runesmith","thorton"],"gold_per_floor":[115,190,206,206,4,37,37,37,37],"floor_reached":8,"language":"ENG","playtime":339,"items_purged":[],"score":57,"play_id":"6720f502-9659-49f2-bf6c-132f7e6e0bf6","local_time":"20210209213733","is_ascension_mode":true,"campfire_choices":[{"floor":7,"key":"REST"}],"circlet_count":0,"master_deck":["hermit:Strike_Hermit","hermit:Strike_Hermit","hermit:Strike_Hermit","hermit:Strike_Hermit","hermit:Defend_Hermit","hermit:Defend_Hermit","hermit:Defend_Hermit","hermit:Defend_Hermit","hermit:Snapshot","hermit:Covet","hermit:Midnight","Dark Shackles","hermit:Dive","hermit:GhostlyPresence"],"relics":["hermit:Momento","reliquary:SilkGlove","reliquary:FerryPass","aspiration:FrozenJewel"],"acts_visited":["Exordium"],"potions_floor_usage":[],"damage_taken":[{"damage":0,"enemies":"Small Slimes","floor":1,"turns":2},{"damage":1,"enemies":"2 Louse","floor":3,"turns":3},{"damage":33,"enemies":"Lagavulin","floor":6,"turns":12},{"damage":0,"enemies":"3 Sentries","floor":8,"turns":1}],"seed_played":"-8500043627994608063","potions_obtained":[],"is_trial":false,"path_per_floor":["M","?","M","?","$","E","R","E"],"character_chosen":"HERMIT","items_purchased":["reliquary:FerryPass","hermit:Dive"],"campfire_rested":1,"item_purchase_floors":[5,5],"current_hp_per_floor":[75,64,63,63,63,30,52,52,52],"gold":37,"neow_bonus":"RANDOM_COMMON_RELIC","is_daily":false,"chose_seed":false,"campfire_upgraded":0,"win_rate":0.0,"timestamp":1612935453,"path_taken":["M","?","M","?","$","E","R","E"],"items_purchased_type":["Relic","Card"],"build_version":"2020-12-22","purchased_purges":0,"victory":false,"max_hp_per_floor":[75,75,75,75,75,75,75,75,75],"relic_stats":{"counters":[4,18],"obtain_stats":[{"reliquary:SilkGlove":0,"hermit:Momento":0,"aspiration:FrozenJewel":6,"reliquary:FerryPass":5},{"reliquary:SilkGlove":0,"hermit:Momento":0,"aspiration:FrozenJewel":3,"reliquary:FerryPass":2},{"reliquary:SilkGlove":0,"hermit:Momento":0,"aspiration:FrozenJewel":17,"reliquary:FerryPass":5}]},"card_choices":[{"not_picked":["hermit:Ricochet","hermit:PistolWhip","hermit:Brawl"],"picked":"SKIP","floor":1},{"not_picked":["hermit:Ricochet","hermit:PistolWhip","hermit:Brawl"],"picked":"SKIP","floor":1},{"not_picked":["hermit:HighCaliber","hermit:Roulette"],"picked":"hermit:Midnight","floor":3},{"not_picked":["Mind Blast","hubris:Insight"],"picked":"Dark Shackles","floor":4},{"not_picked":["hermit:ShadowCloak","hermit:Combo"],"picked":"hermit:GhostlyPresence","floor":6}],"player_experience":176352,"relics_obtained":[{"floor":6,"key":"aspiration:FrozenJewel"}],"event_choices":[{"damage_healed":0,"gold_gain":75,"player_choice":"Gold","damage_taken":11,"max_hp_gain":0,"max_hp_loss":0,"event_name":"betterThird:BetterGoop","floor":2,"gold_loss":0},{"damage_healed":0,"gold_gain":1,"player_choice":"1","damage_taken":0,"max_hp_gain":0,"max_hp_loss":0,"event_name":"betterStone:BetterStone","floor":4,"gold_loss":0}],"is_beta":false,"boss_relics":[],"items_purged_floors":[],"is_endless":false,"potions_floor_spawned":[],"killed_by":"3 Sentries","ascension_level":1}}