{"host":"ewn058xs2vaj5uc6","time":1612928178,"event":{"mods":["ATMod(??Mod)","Act Like it!","Aspiration","BaseMod","Better Vampires","BetterRewards","Bossed Relics","Colored Map","Colored Powertips","Downfall","Fox Events","Highlight Path","Minty Spire (QoL Compilation)","MostiFishMod","Quick Restart","Red Circlet Mod","Relic Filter Mod","Reliquary","Replay The Spire","Shop Mod","StSLib","SuperFastMode","TestMod","TheWitcher","??????REMEMod","????"],"gold_per_floor":[99,111,111,111,131,166,218,18,32,52,67,167,181,216,228,329,329,62,90,113,140,140,164,190,83,95,119,239,289,187,187,212,326,326,438,467,459,479,579,601,627,653,703,738,738,751,771,792,813,813],"floor_reached":51,"language":"ZHS","playtime":2943,"items_purged":["downfall:Malfunctioning","hexamod:NecessarySacrifice","downfall:Bewildered","Injury"],"score":1170,"play_id":"4c605149-9b0a-45cf-ab43-67ab9addecfe","local_time":"20210210113618","is_ascension_mode":false,"campfire_choices":[{"data":"ReplayTheSpireMod:Private Reserves","floor":1.0,"key":"SMITH"}],"circlet_count":0,"master_deck":["hexamod:Strike","hexamod:Strike","hexamod:Strike","hexamod:Defend+1","hexamod:Defend+1","hexamod:Defend","hexamod:Defend","hexamod:Float+1","ReplayTheSpireMod:Private Reserves+1","hexamod:TimeWarp","hexamod:SecondSeal","MostiFishMod:ElfcollectionBox+1","downfall:Haunted","downfall:Haunted","Looming Evil","CommonCold","hexamod:TimeOfNeed+1"],"relics":["hexamod:SpiritBrand","testmod-TestBox","AT_ATBox","REME_ComplimentaryCards","RhineSuit","testmod-Register","InkBottle","reliquary:Sideboard","PreservedInsect","Membership Card","Divine Protection","Coffee Dripper","MerchantsRug","Guardian:PocketSentry","Anchor","ReplayTheSpireMod:Ring of Addiction","Ring of Panic","SacredBark","reliquary:Knoch","Boot","testmod-Brilliant","Blue Candle","aspiration:Stabinomicon","testmod-Maize","BargainBundle","AT_EbonyIvory","DaveBox","HereWithMe","Snecko Eye","ReplayTheSpireMod:CursedCoin","REME_LimitBreaker","aspiration:FrozenJewel","BrkXgEgg","Du-Vu Doll","ReplayTheSpireMod:TigerMarble","Pen Nib","Centennial Puzzle"],"acts_visited":["Exordium","TheCity","TheBeyond"],"potions_floor_usage":[44,44,48,49],"damage_taken":[{"damage":0.0,"enemies":"Cultist","floor":2.0,"turns":3.0},{"damage":0.0,"enemies":"Jaw Worm","floor":5.0,"turns":3.0},{"damage":9.0,"enemies":"Gremlin Nob","floor":6.0,"turns":3.0},{"damage":0.0,"enemies":"downfall:FleeingMerchant","floor":8.0,"turns":4.0},{"damage":0.0,"enemies":"2 Louse","floor":9.0,"turns":2.0},{"damage":0.0,"enemies":"Exordium Wildlife","floor":10.0,"turns":3.0},{"damage":0.0,"enemies":"Gremlin Gang","floor":11.0,"turns":3.0},{"damage":3.0,"enemies":"downfall:Heads","floor":12.0,"turns":4.0},{"damage":0.0,"enemies":"Large Slime","floor":13.0,"turns":2.0},{"damage":0.0,"enemies":"Replay:BlueRogue","floor":14.0,"turns":3.0},{"damage":0.0,"enemies":"Red Slaver","floor":15.0,"turns":2.0},{"damage":0.0,"enemies":"IC_STATUS_ARCHETYPE","floor":16.0,"turns":6.0},{"damage":0.0,"enemies":"Spheric Guardian","floor":19.0,"turns":3.0},{"damage":0.0,"enemies":"Chosen","floor":20.0,"turns":4.0},{"damage":0.0,"enemies":"Shelled Parasite and Fungi","floor":21.0,"turns":4.0},{"damage":0.0,"enemies":"Sentry and Sphere","floor":23.0,"turns":6.0},{"damage":0.0,"enemies":"Centurion and Healer","floor":27.0,"turns":5.0},{"damage":0.0,"enemies":"DF_ARCHETYPE_STREAMLINE","floor":28.0,"turns":6.0},{"damage":0.0,"enemies":"Book of Stabbing","floor":29.0,"turns":3.0},{"damage":0.0,"enemies":"downfall:FleeingMerchant","floor":30.0,"turns":4.0},{"damage":0.0,"enemies":"Chosen and Byrds","floor":32.0,"turns":3.0},{"damage":0.0,"enemies":"WA_ARCHETYPE_CALM","floor":33.0,"turns":2.0},{"damage":0.0,"enemies":"Orb Walker","floor":36.0,"turns":1.0},{"damage":0.0,"enemies":"downfall:FleeingMerchant","floor":37.0,"turns":1.0},{"damage":0.0,"enemies":"3 Shapes","floor":38.0,"turns":1.0},{"damage":0.0,"enemies":"Transient","floor":40.0,"turns":3.0},{"damage":0.0,"enemies":"R_Hoarder","floor":42.0,"turns":2.0},{"damage":0,"enemies":"Nemesis","floor":44,"turns":3},{"damage":0,"enemies":"4 Shapes","floor":46,"turns":1},{"damage":0,"enemies":"Maw","floor":47,"turns":2},{"damage":1,"enemies":"Transient","floor":48,"turns":2},{"damage":0,"enemies":"Spire Growth","floor":49,"turns":2},{"damage":0,"enemies":"SI_POISON_ARCHETYPE","floor":50,"turns":2}],"seed_played":"3604605453592547754","potions_obtained":[{"floor":9.0,"key":"Toxic Potion"},{"floor":11.0,"key":"Dexterity Potion"},{"floor":12.0,"key":"PowerPotion"},{"floor":13.0,"key":"BlessingOfTheForge"},{"floor":14.0,"key":"testmod-EscapePotion"},{"floor":22.0,"key":"Regen Potion"},{"floor":22.0,"key":"Fire Potion"},{"floor":28.0,"key":"LifebloodPotion"},{"floor":29.0,"key":"FearPotion"},{"floor":32.0,"key":"Adrenaline Potion"},{"floor":33.0,"key":"SteroidPotion"},{"floor":36.0,"key":"BlessingOfTheForge"},{"floor":38.0,"key":"Fire Potion"},{"floor":43.0,"key":"Doom Potion"},{"floor":43.0,"key":"Fire Potion"},{"floor":44,"key":"bronze:BurnAndBuffPotion"},{"floor":47,"key":"SneckoOil"},{"floor":48,"key":"Regen Potion"}],"is_trial":false,"path_per_floor":["R","M","?","?","M","E","T","$","M","M","M","?","M","E","M","B",null,"R","M","M","M","?","M","T","R","?","M","?","E","$","?","M","B",null,"R","M","$","M","?","M","T","E","?","E","?","M","M","M","M","B",null],"character_chosen":"THE_SPIRIT","items_purchased":["Membership Card","MerchantsRug","Guardian:PocketSentry","Anchor","Boot","MawBank","testmod-Maize","BargainBundle","AT_EbonyIvory","Strength Potion","GamblersBrew","bronze:BurnAndBuffPotion","ReplayTheSpireMod:CursedCoin","REME_LimitBreaker","aspiration:FrozenJewel","BrkXgEgg","MostiFishMod:ElfcollectionBox+1","Regen Potion"],"campfire_rested":0,"item_purchase_floors":[8,18,18,18,25,25,30,30,30,30,30,30,35,35,37,37,37,37],"current_hp_per_floor":[77,77,77,44,44,35,35,35,35,35,35,32,32,32,32,32,77,77,77,77,77,77,77,77,77,75,75,75,75,75,73,73,73,73,73,73,73,73,78,78,78,78,47,66,66,66,66,70,76,76],"gold":813,"neow_bonus":"TEN_PERCENT_HP_BONUS","is_daily":false,"chose_seed":false,"campfire_upgraded":1,"win_rate":0.0,"timestamp":1612928178,"path_taken":["R","M","?","?","M","E","T","$","M","M","M","?","?","E","M","BOSS","R","M","?","M","?","M","T","R","?","?","?","E","$","?","M","BOSS","R","M","$","M","?","M","T","E","?","E","?","M","M","M","M","BOSS"],"items_purchased_type":["Relic","Relic","Relic","Relic","Relic","Relic","Relic","Relic","Relic","Potion","Potion","Potion","Relic","Relic","Relic","Relic","Card","Potion"],"build_version":"2020-12-22","purchased_purges":4,"victory":true,"max_hp_per_floor":[77,77,77,77,77,77,77,77,77,77,77,77,77,77,77,77,77,77,77,77,77,77,77,77,77,75,75,75,75,75,73,73,73,73,73,73,73,73,78,78,78,78,78,78,78,78,78,76,76,76],"card_choices":[{"not_picked":["hexamod:HeatShield","hexamod:AdvancingGuard","hexamod:SwordOfDarkness"],"picked":"SKIP","floor":2.0},{"not_picked":["hexamod:SoulSteal","hexamod:GhostflameBarrier","hexamod:CatchUp"],"picked":"SKIP","floor":5.0},{"not_picked":["hexamod:HeatMetal","hexamod:StepThrough","hexamod:HeatShield"],"picked":"SKIP","floor":6.0},{"not_picked":["hexamod:HeatCrush","hexamod:HeatMetal","hexamod:SoulSteal"],"picked":"SKIP","floor":8.0},{"not_picked":["hexamod:Firestarter","hexamod:ShieldOfDarkness","hexamod:GhostOfSpirePast"],"picked":"SKIP","floor":9.0},{"not_picked":["hexamod:AdvancingGuard","hexamod:BacktrackSmack"],"picked":"hexamod:TimeWarp","floor":10.0},{"not_picked":["hexamod:PhantomFireball","hexamod:ExtraCrispy","hexamod:HauntingEcho"],"picked":"SKIP","floor":11.0},{"not_picked":["hexamod:RetreatToShadows","hexamod:GhostShield"],"picked":"hexamod:SecondSeal","floor":12.0},{"not_picked":["hexamod:HauntingEcho","hexamod:SpectersWail","hexamod:HeatCrush"],"picked":"SKIP","floor":13.0},{"not_picked":["hexamod:PhantomCloak","hexamod:GhostOfSpirePast","hexamod:ExtraCrispy"],"picked":"SKIP","floor":14.0},{"not_picked":["hexamod:ChargedBarrage","hexamod:RetreatToShadows"],"picked":"hexamod:TimeOfNeed","floor":15.0},{"not_picked":["hexamod:TurnItUp","hexamod:GhostOfSpirePresent"],"picked":"hexamod:FifthSeal","floor":16.0},{"not_picked":["hexamod:GhostShield+1","hexamod:SpectersWail","hexamod:HauntingEcho"],"picked":"SKIP","floor":19.0},{"not_picked":["hexamod:InspiringFlames","hexamod:GhostOfSpireFuture","hexamod:ChargedBarrage"],"picked":"SKIP","floor":20.0},{"not_picked":["hexamod:BacktrackSmack+1","hexamod:HeatCrush","hexamod:UnlimitedPower"],"picked":"SKIP","floor":21.0},{"not_picked":["hexamod:AdvancingGuard","hexamod:HeatShield","hexamod:ThermalTransfer"],"picked":"SKIP","floor":23.0},{"not_picked":["hexamod:BacktrackSmack","hexamod:InspiringFlames","hexamod:HeatMetal+1"],"picked":"SKIP","floor":27.0},{"not_picked":["hexamod:EmpoweredFlame","hexamod:TimeOfNeed","hexamod:SwordOfDarkness+1"],"picked":"SKIP","floor":29.0},{"not_picked":["hexamod:PhantomFireball+1","hexamod:SpectralAdrenaline","hexamod:ExtraCrispy"],"picked":"SKIP","floor":30.0},{"not_picked":["hexamod:InspiringFlames","hexamod:Firestarter","hexamod:HeatShield"],"picked":"SKIP","floor":32.0},{"not_picked":["hexamod:AdvancingGuard","hexamod:Rewind"],"picked":"hexamod:FourthSeal","floor":36.0},{"not_picked":["hexamod:Hexaguard+1","hexamod:BurningTouch","hexamod:HeatShield+1"],"picked":"SKIP","floor":37.0},{"not_picked":["hexamod:ChargedBarrage","hexamod:Rewind+1","hexamod:Hexaguard+1"],"picked":"SKIP","floor":38.0},{"not_picked":["hexamod:HauntingEcho+1","hexamod:FastForward+1","hexamod:SoulSteal"],"picked":"SKIP","floor":40.0},{"not_picked":["hexamod:ParanormalForm+1","hexamod:ChargedBarrage+1","hexamod:InspiringFlames"],"picked":"SKIP","floor":42.0},{"not_picked":["hexamod:DynamicBlow+1","hexamod:NightmareStrike+1","hexamod:FourthSeal"],"picked":"SKIP","floor":44},{"not_picked":["hexamod:AdvancingGuard","hexamod:RetreatToShadows+1","hexamod:FastForward"],"picked":"SKIP","floor":46},{"not_picked":["hexamod:GhostLash+1","hexamod:Again+1","hexamod:Firestarter+1"],"picked":"SKIP","floor":47},{"not_picked":["hexamod:ShieldOfDarkness","hexamod:Hexaguard+1","hexamod:HeatMetal+1"],"picked":"SKIP","floor":48},{"not_picked":["hexamod:NecessarySacrifice+1","hexamod:RadiantFlame+1","hexamod:RainOfEmbers+1"],"picked":"SKIP","floor":49},{"not_picked":["hexamod:NecessarySacrifice+1","hexamod:RadiantFlame+1","hexamod:RainOfEmbers+1"],"picked":"SKIP","floor":49}],"player_experience":133131,"relics_obtained":[{"floor":6.0,"key":"reliquary:Sideboard"},{"floor":7.0,"key":"PreservedInsect"},{"floor":14.0,"key":"Divine Protection"},{"floor":22.0,"key":"ReplayTheSpireMod:Ring of Addiction"},{"floor":22.0,"key":"Ring of Panic"},{"floor":22.0,"key":"SacredBark"},{"floor":22.0,"key":"Chameleon Ring"},{"floor":24.0,"key":"reliquary:Knoch"},{"floor":26.0,"key":"Replay:Bottled Snecko"},{"floor":28.0,"key":"testmod-Brilliant"},{"floor":28.0,"key":"Blue Candle"},{"floor":29.0,"key":"aspiration:Stabinomicon"},{"floor":41.0,"key":"ReplayTheSpireMod:TigerMarble"},{"floor":42.0,"key":"Pen Nib"},{"floor":44,"key":"Centennial Puzzle"}],"event_choices":[{"damage_healed":0.0,"max_hp_gain":0.0,"max_hp_loss":0.0,"gold_gain":0.0,"event_name":"Scrap Ooze","player_choice":"Success","floor":4.0,"gold_loss":0.0,"damage_taken":33.0,"relics_obtained":["InkBottle"]},{"damage_healed":0.0,"max_hp_gain":0.0,"max_hp_loss":0.0,"gold_gain":0.0,"event_name":"Wheel of Change","player_choice":"Relic","floor":26.0,"gold_loss":0.0,"damage_taken":0.0},{"damage_healed":0.0,"max_hp_gain":0.0,"max_hp_loss":0.0,"gold_gain":0.0,"event_name":"??????","player_choice":"Swap Relic","floor":31.0,"relics_lost":["DaveBox"],"gold_loss":0.0,"damage_taken":0.0,"relics_obtained":["DaveBox"]}],"is_beta":false,"boss_relics":[{"not_picked":["Runic Pyramid","Empty Cage"],"picked":"Coffee Dripper"},{"not_picked":["RhineCircuit","testmod-BatchProcessingSystem"],"picked":"Snecko Eye"}],"items_purged_floors":[8,18,30,35],"is_endless":false,"potions_floor_spawned":[9,11,12,13,14,16,28,29,32,33,36,38,44,47,48],"ascension_level":0}}