{"host":"sc0o2qwpf9j16a4i","time":1612985856,"event":{"mods":["AchievementEnabler","BaseMod","BetterRewards","Block Reminder","Colored Map","Colored Powertips","Custom Start","Highlight Path","Minty Spire (QoL Compilation)","Relic Stats"],"gold_per_floor":[118,118,33,53,106,135,210,240,266,299,299,299,330,350,350,474,474,490,490,3,102,102,131,143,171,216,255,267,299,311,336,348,457,469,492,504,516,545,575,622,634,677,689,720,758,770,782,820,832,844],"floor_reached":51,"language":"ENG","playtime":2186,"items_purged":[],"score":1197,"play_id":"e5fbdb92-8415-41b2-bd8a-cc6e0c7dbf58","local_time":"20210210213736","daily_mods":["Insanity","ControlledChaos","Elite Swarm"],"is_ascension_mode":false,"campfire_choices":[{"floor":12,"key":"REST"},{"data":"After Image","floor":15,"key":"SMITH"},{"data":"Infinite Blades","floor":30,"key":"SMITH"},{"data":"Concentrate","floor":32,"key":"SMITH"},{"data":"Discovery","floor":41,"key":"SMITH"},{"data":"Panache","floor":46,"key":"SMITH"},{"data":"Burst","floor":49,"key":"SMITH"}],"circlet_count":0,"master_deck":["Dagger Throw","Dash","Prepared","Masterful Stab+1","Bouncing Flask","PiercingWail","Blade Dance","Escape Plan","Eviscerate","Quick Slash","Noxious Fumes","Accuracy","Setup","Dagger Spray","Poisoned Stab","Choke+1","Outmaneuver","Flying Knee","Cloak And Dagger","Poisoned Stab","Quick Slash","Concentrate+1","Poisoned Stab","Flying Knee","Dodge and Roll","Sucker Punch","Deflect","Sucker Punch","Backflip","Endless Agony","Leg Sweep","Predator","Bane","Sucker Punch","Poisoned Stab","Backstab","Infinite Blades+1","Backflip","Slice","Backflip","Flying Knee","Dodge and Roll","Prepared","Dash","Flying Knee","Flying Knee","Sucker Punch","Dagger Spray","Blade Dance","Dodge and Roll","Discovery+1","Dodge and Roll","Corpse Explosion","Storm of Steel","Tools of the Trade","After Image+1","Corpse Explosion","CurseOfTheBell","Deflect","After Image+1","Accuracy","Envenom","Dagger Spray","Adrenaline","Venomology","Dash","Prepared","A Thousand Cuts","Dodge and Roll+1","Panache+1","Chrysalis","Dagger Spray+1","Slice+1","Adrenaline","Burst+1","Crippling Poison+1","Malaise","Tools of the Trade"],"relics":["Ring of the Snake","Frozen Eye","Whetstone","Ornamental Fan","Regal Pillow","Potion Belt","Bloody Idol","Dream Catcher","Calling Bell","Akabeko","Gremlin Horn","StoneCalendar","Lee\u0027s Waffle","Eternal Feather","Paper Crane","Bag of Marbles","MawBank","Omamori","Snecko Eye","Boot","Turnip","StrikeDummy","CaptainsWheel","Oddly Smooth Stone"],"acts_visited":["Exordium","TheCity","TheBeyond"],"potions_floor_usage":[6,16,23,27,27,27,33,33,38,40,44,44,48,50,50,50,50,50,50],"damage_taken":[{"damage":1,"enemies":"Small Slimes","floor":1,"turns":2},{"damage":0,"enemies":"2 Louse","floor":4,"turns":1},{"damage":1,"enemies":"3 Sentries","floor":6,"turns":6},{"damage":0,"enemies":"Lagavulin","floor":8,"turns":5},{"damage":32,"enemies":"Gremlin Nob","floor":10,"turns":4},{"damage":1,"enemies":"3 Sentries","floor":13,"turns":5},{"damage":7,"enemies":"Jaw Worm","floor":14,"turns":2},{"damage":9,"enemies":"The Guardian","floor":16,"turns":12},{"damage":0,"enemies":"3 Byrds","floor":18,"turns":2},{"damage":11,"enemies":"Book of Stabbing","floor":23,"turns":6},{"damage":0,"enemies":"Chosen","floor":24,"turns":4},{"damage":31,"enemies":"Slavers","floor":25,"turns":2},{"damage":2,"enemies":"Book of Stabbing","floor":27,"turns":5},{"damage":11,"enemies":"Centurion and Healer","floor":29,"turns":5},{"damage":9,"enemies":"Snecko","floor":31,"turns":5},{"damage":1,"enemies":"Automaton","floor":33,"turns":8},{"damage":12,"enemies":"3 Shapes","floor":35,"turns":6},{"damage":0,"enemies":"Orb Walker","floor":38,"turns":3},{"damage":3,"enemies":"3 Darklings","floor":39,"turns":3},{"damage":3,"enemies":"Nemesis","floor":40,"turns":5},{"damage":0,"enemies":"Reptomancer","floor":42,"turns":4},{"damage":3,"enemies":"Jaw Worm Horde","floor":44,"turns":4},{"damage":0,"enemies":"Nemesis","floor":45,"turns":7},{"damage":0,"enemies":"Reptomancer","floor":48,"turns":5},{"damage":0,"enemies":"Donu and Deca","floor":50,"turns":8}],"seed_played":"-8182939718624987746","potions_obtained":[{"floor":4,"key":"PowerPotion"},{"floor":6,"key":"Dexterity Potion"},{"floor":8,"key":"LiquidBronze"},{"floor":14,"key":"LiquidBronze"},{"floor":23,"key":"Swift Potion"},{"floor":24,"key":"GamblersBrew"},{"floor":33,"key":"Weak Potion"},{"floor":40,"key":"BlessingOfTheForge"},{"floor":42,"key":"Ancient Potion"},{"floor":44,"key":"AttackPotion"},{"floor":45,"key":"Fire Potion"},{"floor":48,"key":"Energy Potion"}],"is_trial":true,"path_per_floor":["M","?","$","M","?","E","?","E","T","E","?","R","E","M","R","B",null,"M","?","$","?","?","E","M","E","T","E","$","M","R","M","R","B",null,"M","?","?","M","M","E","R","E","T","M","E","R","?","E","R","B",null],"character_chosen":"THE_SILENT","items_purchased":["Discovery","Accuracy","Lee\u0027s Waffle","Eternal Feather"],"campfire_rested":1,"item_purchase_floors":[3,20,20,20],"current_hp_per_floor":[69,70,70,70,70,69,58,58,58,26,26,62,61,54,54,45,70,70,70,77,77,77,71,76,50,55,63,68,67,77,73,77,77,77,70,65,70,77,77,77,77,77,77,77,77,77,73,73,73,73],"gold":856,"neow_bonus":"","is_daily":false,"chose_seed":false,"campfire_upgraded":6,"win_rate":0.0,"timestamp":1612985856,"path_taken":["M","?","$","?","?","E","?","E","T","E","?","R","E","M","R","BOSS","M","?","?","?","?","E","M","E","T","E","$","M","R","M","R","BOSS","M","?","?","M","M","E","R","E","T","?","E","R","?","E","R","BOSS"],"items_purchased_type":["Card","Card","Relic","Relic"],"build_version":"2020-12-22","purchased_purges":0,"victory":true,"max_hp_per_floor":[70,70,70,70,70,70,70,70,70,70,70,70,70,70,70,70,70,70,70,77,77,77,77,77,77,77,77,77,77,77,77,77,77,77,77,77,77,77,77,77,77,77,77,77,77,77,73,73,73,73],"relic_stats":{"Regal Pillow":15,"Lee\u0027s Waffle":7,"Gremlin Horn":[17,18],"counters":[25,119],"StoneCalendar":[104],"Eternal Feather":14,"Whetstone":["Masterful Stab","Choke"],"MawBank":300,"Boot":[56],"Dream Catcher":0,"Ornamental Fan":[280],"Bloody Idol":82,"Snecko Eye":[116,91,94,98],"Turnip":[0],"obtain_stats":[{"Regal Pillow":9,"Gremlin Horn":17,"StoneCalendar":17,"Whetstone":6,"Boot":40,"Frozen Eye":0,"Dream Catcher":13,"Ring of the Snake":0,"Potion Belt":10,"Lee\u0027s Waffle":20,"Golden Idol":11,"Oddly Smooth Stone":48,"Eternal Feather":20,"Omamori":27,"Paper Crane":23,"MawBank":26,"Akabeko":17,"Calling Bell":17,"CaptainsWheel":45,"Ornamental Fan":8,"Bloody Idol":22,"Snecko Eye":34,"Turnip":42,"Bag of Marbles":25,"StrikeDummy":43},{"Regal Pillow":4,"Gremlin Horn":8,"StoneCalendar":8,"Whetstone":3,"Boot":20,"Frozen Eye":0,"Dream Catcher":6,"Ring of the Snake":0,"Potion Belt":5,"Lee\u0027s Waffle":9,"Golden Idol":5,"Oddly Smooth Stone":24,"Eternal Feather":9,"Omamori":13,"Paper Crane":10,"MawBank":12,"Akabeko":8,"Calling Bell":8,"CaptainsWheel":23,"Ornamental Fan":4,"Bloody Idol":9,"Snecko Eye":16,"Turnip":21,"Bag of Marbles":12,"StrikeDummy":21},{"Regal Pillow":14,"Gremlin Horn":37,"StoneCalendar":37,"Whetstone":9,"Boot":91,"Frozen Eye":0,"Dream Catcher":23,"Ring of the Snake":0,"Potion Belt":18,"Lee\u0027s Waffle":39,"Golden Idol":18,"Oddly Smooth Stone":111,"Eternal Feather":39,"Omamori":56,"Paper Crane":45,"MawBank":51,"Akabeko":37,"Calling Bell":37,"CaptainsWheel":106,"Ornamental Fan":14,"Bloody Idol":39,"Snecko Eye":74,"Turnip":95,"Bag of Marbles":51,"StrikeDummy":95}],"Ring of the Snake":[51]},"card_choices":[{"not_picked":["Sucker Punch","Slice"],"picked":"Dodge and Roll","floor":1},{"not_picked":["Flechettes","Slice"],"picked":"Dodge and Roll","floor":4},{"not_picked":["Bullet Time","Wraith Form v2"],"picked":"Corpse Explosion","floor":6},{"not_picked":["A Thousand Cuts","Wraith Form v2"],"picked":"Storm of Steel","floor":8},{"not_picked":["Doppelganger","Phantasmal Killer"],"picked":"Tools of the Trade","floor":10},{"not_picked":["Venomology","Adrenaline"],"picked":"After Image","floor":13},{"not_picked":["Acrobatics","Blur","Riddle With Holes"],"picked":"SKIP","floor":14},{"not_picked":["Storm of Steel","A Thousand Cuts"],"picked":"Corpse Explosion","floor":16},{"not_picked":["Deadly Poison","Choke+1"],"picked":"Deflect","floor":18},{"not_picked":["After Image","Doppelganger"],"picked":"Envenom","floor":23},{"not_picked":["Deflect","Well Laid Plans"],"picked":"Dagger Spray","floor":24},{"not_picked":["Phantasmal Killer","Unload"],"picked":"Adrenaline","floor":25},{"not_picked":["After Image","Doppelganger"],"picked":"Venomology","floor":27},{"not_picked":["Quick Slash","Bouncing Flask"],"picked":"Dash","floor":29},{"not_picked":["Heel Hook","Masterful Stab"],"picked":"Prepared","floor":31},{"not_picked":["Malaise","Die Die Die"],"picked":"A Thousand Cuts","floor":33},{"not_picked":["Escape Plan","Masterful Stab+1"],"picked":"Dodge and Roll+1","floor":35},{"not_picked":["Deep Breath","PanicButton"],"picked":"Panache","floor":36},{"not_picked":["Good Instincts","Secret Technique"],"picked":"Chrysalis","floor":36},{"not_picked":["Sucker Punch","Footwork"],"picked":"Dagger Spray+1","floor":38},{"not_picked":["All Out Attack","Calculated Gamble"],"picked":"Slice+1","floor":39},{"not_picked":["After Image","Tools of the Trade"],"picked":"Adrenaline","floor":40},{"not_picked":["Unload","After Image"],"picked":"Burst","floor":42},{"not_picked":["Predator","Concentrate+1"],"picked":"Crippling Poison+1","floor":44},{"not_picked":["Venomology","Unload"],"picked":"Malaise","floor":45},{"not_picked":["Doppelganger","After Image"],"picked":"Tools of the Trade","floor":48}],"player_experience":1326897,"relics_obtained":[{"floor":6,"key":"Whetstone"},{"floor":8,"key":"Ornamental Fan"},{"floor":9,"key":"Regal Pillow"},{"floor":10,"key":"Potion Belt"},{"floor":13,"key":"Dream Catcher"},{"floor":17,"key":"Akabeko"},{"floor":17,"key":"Gremlin Horn"},{"floor":17,"key":"StoneCalendar"},{"floor":23,"key":"Paper Crane"},{"floor":25,"key":"Bag of Marbles"},{"floor":26,"key":"MawBank"},{"floor":27,"key":"Omamori"},{"floor":40,"key":"Boot"},{"floor":42,"key":"Turnip"},{"floor":43,"key":"StrikeDummy"},{"floor":45,"key":"CaptainsWheel"},{"floor":48,"key":"Oddly Smooth Stone"}],"event_choices":[{"cards_removed":["Outmaneuver"],"damage_healed":5,"gold_gain":0,"player_choice":"Offered Common","damage_taken":0,"max_hp_gain":0,"max_hp_loss":0,"event_name":"Bonfire Elementals","floor":2,"gold_loss":0},{"cards_removed":["Outmaneuver"],"damage_healed":5,"gold_gain":0,"player_choice":"Offered Special","damage_taken":0,"max_hp_gain":0,"max_hp_loss":0,"event_name":"Bonfire Elementals","floor":2,"gold_loss":0},{"damage_healed":0,"gold_gain":53,"player_choice":"Gained Gold","damage_taken":0,"max_hp_gain":0,"max_hp_loss":0,"event_name":"Golden Wing","floor":5,"gold_loss":0},{"damage_healed":0,"gold_gain":75,"player_choice":"Gather Gold","damage_taken":11,"max_hp_gain":0,"max_hp_loss":0,"event_name":"World of Goop","floor":7,"gold_loss":0},{"damage_healed":0,"gold_gain":0,"player_choice":"Take Wound","damage_taken":0,"relics_obtained":["Golden Idol"],"max_hp_gain":0,"max_hp_loss":0,"event_name":"Golden Idol","floor":11,"gold_loss":0,"cards_obtained":["Injury"]},{"damage_healed":0,"gold_gain":0,"player_choice":"Copied","damage_taken":0,"max_hp_gain":0,"max_hp_loss":0,"event_name":"Duplicator","floor":19,"gold_loss":0,"cards_obtained":["After Image"]},{"damage_healed":0,"gold_gain":99,"player_choice":"Stole From Cult","damage_taken":0,"max_hp_gain":0,"max_hp_loss":0,"event_name":"Nest","floor":21,"gold_loss":0},{"damage_healed":0,"gold_gain":0,"player_choice":"Gave Idol","damage_taken":0,"relics_obtained":["Bloody Idol"],"max_hp_gain":0,"max_hp_loss":0,"event_name":"Forgotten Altar","floor":22,"relics_lost":["Golden Idol"],"gold_loss":0},{"damage_healed":0,"gold_gain":0,"player_choice":"Memory 3","damage_taken":10,"max_hp_gain":0,"max_hp_loss":0,"event_name":"SensoryStone","floor":36,"gold_loss":0},{"cards_removed":["Injury"],"damage_healed":0,"gold_gain":0,"player_choice":"Purged","damage_taken":0,"max_hp_gain":0,"max_hp_loss":0,"event_name":"Purifier","floor":37,"gold_loss":0},{"damage_healed":0,"gold_gain":0,"player_choice":"Max HP","damage_taken":0,"max_hp_gain":0,"max_hp_loss":4,"event_name":"Winding Halls","floor":47,"gold_loss":0}],"is_beta":false,"boss_relics":[{"not_picked":["Coffee Dripper","Ring of the Serpent"],"picked":"Calling Bell"},{"not_picked":["Tiny House","Runic Pyramid"],"picked":"Snecko Eye"}],"items_purged_floors":[],"is_endless":false,"potions_floor_spawned":[4,6,8,14,23,24,33,40,42,44,45,48],"ascension_level":0}}