{"host":"cvgfrai8nrtinf2y","time":1612970862,"event":{"mods":["A Magickal Journey","Act Like it!","BaseMod","Better Third Choice","Challenge The Spire","Colored Map","Downfall","Gensokyo","Googly Eyes","Hermit","Highlight Path","Hubris","Infinite Spire","Minty Spire (QoL Compilation)","Rare Cards Sparkle","Relic Sorter","Remilia??????","Spicy Shops","StSLib","The Disciple","The Hierophant","The Necromancer","The Runesmith"],"gold_per_floor":[117,133,56,78,103,103,103,103,150,175,175,175,175,185,185,288,288,290,290,317,74,77,77,77],"floor_reached":23,"language":"ENG","playtime":1064,"items_purged":[],"score":308,"play_id":"a6c4b9e8-0b62-40cd-b910-232cac8a0d88","local_time":"20210210162742","is_ascension_mode":false,"campfire_choices":[{"data":"hierophant:Punish","floor":6,"key":"SMITH"},{"data":"hierophant:OrnateBuckler","floor":8,"key":"SMITH"},{"data":"infinitespire:Execution","floor":15,"key":"SMITH"}],"circlet_count":0,"master_deck":["hierophant:Strike_Hierophant","hierophant:Strike_Hierophant","hierophant:Strike_Hierophant","hierophant:Punish+1","hierophant:Defend_Hierophant","hierophant:Defend_Hierophant","hierophant:Defend_Hierophant","hierophant:Defend_Hierophant","hierophant:ChurchCoffers","hierophant:PristineSoul","hierophant:OrnateBuckler","hierophant:OrnateBuckler+1","hierophant:PassingBell","hierophant:Smite+1","infinitespire:Execution+1","hierophant:DeathKnell","CurseOfTheBell","infinitespire:Starlight"],"relics":["hierophant:PropheticMaskRelic","Gensokyo:Mercy","Pen Nib","hubris:Towel","hubris:KleinBottle","Pocketwatch","Calling Bell","Bag of Preparation","Shuriken","Incense Burner","infinitespire:Bottled Soul"],"acts_visited":["Exordium","Gensokyo:Gensokyo"],"potions_floor_usage":[23,23,23],"damage_taken":[{"damage":0,"enemies":"Gensokyo:2_Kodama","floor":1,"turns":4},{"damage":0,"enemies":"Gensokyo:3_Fairies","floor":2,"turns":2},{"damage":1,"enemies":"Gensokyo:Gryphon","floor":4,"turns":6},{"damage":2,"enemies":"Gensokyo:3_Kodama","floor":5,"turns":6},{"damage":21,"enemies":"Gensokyo:Python_and_Kodama","floor":10,"turns":6},{"damage":0,"enemies":"Gensokyo:Kitsune","floor":14,"turns":3},{"damage":8,"enemies":"Gensokyo:Kokoro","floor":16,"turns":10},{"damage":0,"enemies":"Gensokyo:AngelMirror","floor":18,"turns":3},{"damage":4,"enemies":"Gensokyo:Chomper","floor":20,"turns":4},{"damage":13,"enemies":"Gensokyo:Slime_Group","floor":22,"turns":5},{"damage":73,"enemies":"Nightmare","floor":23,"turns":7}],"seed_played":"-8774493119433261554","potions_obtained":[{"floor":1,"key":"Swift Potion"},{"floor":2,"key":"hexamod:SoulburnPotion"},{"floor":5,"key":"sneckomod:MuddlingPotion"},{"floor":22,"key":"EssenceOfSteel"}],"is_trial":false,"path_per_floor":["M","M","COS","M","M","R","?","R","T","M","?","?","$","M","R","B",null,"M","?","M","$","M","NM"],"character_chosen":"HIEROPHANT","items_purchased":["hubris:KleinBottle","infinitespire:Bottled Soul"],"campfire_rested":0,"item_purchase_floors":[13,21],"current_hp_per_floor":[75,75,75,74,72,72,72,72,72,51,51,51,32,32,32,24,75,75,57,63,63,60,0,0],"gold":77,"neow_bonus":"TRANSFORM_CARD","is_daily":false,"chose_seed":false,"campfire_upgraded":3,"win_rate":0.0,"timestamp":1612970862,"path_taken":["M","M","COS","M","M","R","?","R","T","?","?","?","?","?","R","BOSS","M","?","?","$","M","NM"],"items_purchased_type":["Relic","Relic"],"build_version":"2020-12-22","purchased_purges":0,"victory":false,"max_hp_per_floor":[75,75,75,75,75,75,75,75,75,75,75,75,75,75,75,75,75,75,75,75,75,75,75,75],"card_choices":[{"not_picked":["hierophant:ThreeLashes","hierophant:Encroach"],"picked":"hierophant:OrnateBuckler","floor":1},{"not_picked":["hierophant:PassingBell","hierophant:Purify"],"picked":"hierophant:OrnateBuckler","floor":2},{"not_picked":["hierophant:Encroach","hierophant:Zeal"],"picked":"hierophant:PassingBell","floor":4},{"not_picked":["hierophant:Embezzle","hierophant:MirrorShield"],"picked":"hierophant:Smite","floor":5},{"not_picked":["hierophant:Racketeering","hierophant:HolyVerse"],"picked":"hierophant:Smite","floor":10},{"not_picked":["infinitespire:Oblivion","infinitespire:Gouge"],"picked":"infinitespire:Execution","floor":13},{"not_picked":["hierophant:HammerAndAnvil","hierophant:Glossolalia","hierophant:FlamingChariot"],"picked":"SKIP","floor":14},{"not_picked":["hierophant:Determination","hierophant:MintersHammer"],"picked":"hierophant:DeathKnell","floor":16},{"not_picked":["hierophant:DisplayOfPower","hierophant:HammerAndAnvil","hierophant:PassingBell+1"],"picked":"SKIP","floor":18},{"not_picked":["infinitespire:DeathsTouch","hubris:InfiniteBlow"],"picked":"infinitespire:Starlight","floor":19},{"not_picked":["hierophant:Rebuild","hierophant:Zeal","hierophant:DivineIntervention"],"picked":"SKIP","floor":20},{"not_picked":["hierophant:RepressedViolence","hierophant:CoinFling","hierophant:AuricBeam"],"picked":"SKIP","floor":22}],"player_experience":1251221,"relics_obtained":[{"floor":9,"key":"Pen Nib"},{"floor":17,"key":"Bag of Preparation"},{"floor":17,"key":"Shuriken"},{"floor":17,"key":"Incense Burner"}],"event_choices":[],"is_beta":false,"boss_relics":[{"not_picked":["bronze:MakeshiftBattery","SacredBark"],"picked":"Calling Bell"}],"items_purged_floors":[],"is_endless":false,"potions_floor_spawned":[1,2,5,10,22],"killed_by":"Nightmare","ascension_level":0}}