{"host":"9slw7l0ws16384qq","time":1612947448,"event":{"mods":["A Penny For Your Troubles","BaseMod","Colored Map","Downfall","Evolution","Hubris","Minty Spire (QoL Compilation)","Replay The Spire","StS++","StSLib"],"gold_per_floor":[99,113,23,23,35,62,88,100,112,124,21,21,21,21,21],"floor_reached":13,"language":"FRA","playtime":349,"items_purged":["Guardian:Strike_Guardian","Guardian:Strike_Guardian"],"score":130,"play_id":"6bef8b9d-433c-4008-9e46-c768229bb8a8","local_time":"20210210095728","is_ascension_mode":true,"campfire_choices":[{"data":"Guardian:Defend_Guardian","floor":1.0,"key":"PURGE"},{"data":"Guardian:Defend_Guardian","floor":10,"key":"SMITH"},{"data":"Replay:GuardianBash","floor":12,"key":"SMITH"}],"circlet_count":0,"master_deck":["AscendersBane","Guardian:Strike_Guardian","Guardian:Defend_Guardian+1","Guardian:TwinSlam","Guardian:Clone","Replay:GuardianBash+1","Guardian:Clone"],"relics":["EVO:Axolotl","m_GuardianBlood","Replay:WaspNest","MawBank","downfall:BrokenWingStatue"],"acts_visited":["Exordium"],"potions_floor_usage":[13],"damage_taken":[{"damage":8.0,"enemies":"2 Louse","floor":2.0,"turns":2.0},{"damage":5.0,"enemies":"downfall:FleeingMerchant","floor":3.0,"turns":4.0},{"damage":7,"enemies":"Jaw Worm","floor":5,"turns":3},{"damage":20,"enemies":"Lagavulin","floor":6,"turns":6},{"damage":7,"enemies":"downfall:FleeingMerchant","floor":11,"turns":4},{"damage":22,"enemies":"3 Sentries","floor":13,"turns":2}],"seed_played":"-8735928244508241659","potions_obtained":[{"floor":6,"key":"DistilledChaos"}],"is_trial":false,"path_per_floor":["R_BF","M","$","?","M","E","T","?","?","R","$","R","E"],"character_chosen":"GUARDIAN","items_purchased":[],"campfire_rested":0,"item_purchase_floors":[],"current_hp_per_floor":[51,43,38,38,37,23,23,23,23,23,22,22,0,0,0],"gold":21,"neow_bonus":"REMOVE_TWO","is_daily":false,"chose_seed":false,"campfire_upgraded":2,"win_rate":0.0,"timestamp":1612947448,"path_taken":["R_BF","M","$","?","M","E","T","?","?","R","?","R","E"],"items_purchased_type":[],"build_version":"2020-12-22","purchased_purges":2,"victory":false,"max_hp_per_floor":[80,80,80,80,80,80,80,80,80,80,80,80,80,80,80],"card_choices":[{"not_picked":["Guardian:ChargeCore","Guardian:MultiBeam","Guardian:PrismaticBarrier"],"picked":"SKIP","floor":2.0},{"not_picked":["Guardian:TemporalShield","Guardian:GuardianWhirl"],"picked":"Guardian:Clone","floor":3.0},{"not_picked":["Guardian:TemporalStrike","Whirlwind","Entrench"],"picked":"SKIP","floor":5},{"not_picked":["Guardian:GemFire","Guardian:PrimingBeam","Guardian:PrismaticBeam"],"picked":"SKIP","floor":6},{"not_picked":["Guardian:SpikerProtocol","Guardian:StasisEngine"],"picked":"Guardian:Clone","floor":11}],"player_experience":1674037,"relics_obtained":[{"floor":6,"key":"Replay:WaspNest"},{"floor":7,"key":"MawBank"}],"event_choices":[{"cards_removed":["Guardian:Defend_Guardian"],"damage_healed":0,"gold_gain":0,"player_choice":"Card Removal","damage_taken":0,"max_hp_gain":0,"max_hp_loss":0,"event_name":"The Cleric","floor":9,"gold_loss":0}],"is_beta":false,"boss_relics":[],"items_purged_floors":[3,11],"is_endless":false,"potions_floor_spawned":[6],"killed_by":"3 Sentries","ascension_level":13}}