{"host":"h4lp0eeso8a0ssq0","time":1612922859,"event":{"mods":["2.2 Compatiblity","AchievementEnabler","BaseMod","CapriCore","Colored Map","Minty Spire (QoL Compilation)","StSLib","SuperFastMode"],"gold_per_floor":[113,113,93,117,117,151,174,15,42,63,76,151,151,51,51,150,150,70,90,90,90],"floor_reached":20,"language":"KOR","playtime":469,"items_purged":["Strike_G","Strike_G"],"score":469,"play_id":"b63f3ed5-9179-49f0-83e2-6b8775ce68be","local_time":"20210210110739","is_ascension_mode":true,"campfire_choices":[{"floor":15.0,"key":"REST"}],"circlet_count":0,"master_deck":["AscendersBane","Strike_G","Strike_G","Strike_G","Defend_G+1","Defend_G","Defend_G","Defend_G","Defend_G","Survivor","Neutralize","Cloak And Dagger+1","Blade Dance","Finisher","Backflip","Blade Dance","Wraith Form v2","Prepared","Dodge and Roll+1"],"relics":["Ring of the Snake","NeowsBlessing","Golden Idol","War Paint","Eternal Feather","PreservedInsect","HoveringKite"],"acts_visited":["Exordium","TheCity"],"potions_floor_usage":[16],"damage_taken":[{"damage":0.0,"enemies":"Jaw Worm","floor":1.0,"turns":1.0},{"damage":0.0,"enemies":"2 Louse","floor":4.0,"turns":1.0},{"damage":0.0,"enemies":"3 Sentries","floor":6.0,"turns":1.0},{"damage":0.0,"enemies":"Cultist","floor":7.0,"turns":3.0},{"damage":13.0,"enemies":"Blue Slaver","floor":10.0,"turns":4.0},{"damage":12.0,"enemies":"3 Louse","floor":11.0,"turns":3.0},{"damage":0,"enemies":"Slime Boss","floor":16,"turns":4},{"damage":2,"enemies":"2 Thieves","floor":18,"turns":4},{"damage":1,"enemies":"3 Byrds","floor":19,"turns":6},{"damage":36,"enemies":"Snake Plant","floor":20,"turns":8}],"seed_played":"-6967306755341469916","potions_obtained":[{"floor":3.0,"key":"Swift Potion"},{"floor":4.0,"key":"SteroidPotion"},{"floor":16,"key":"BlessingOfTheForge"},{"floor":19,"key":"GhostInAJar"}],"is_trial":false,"path_per_floor":["M","?","?","M","?","E","M","$","T","M","M","?","?","$","R","B",null,"M","M","M"],"character_chosen":"THE_SILENT","items_purchased":["Finisher"],"campfire_rested":1,"item_purchase_floors":[8],"current_hp_per_floor":[59,59,59,59,54,54,54,54,54,41,29,18,18,18,45,45,56,54,53,17,17],"gold":90,"neow_bonus":"THREE_ENEMY_KILL","is_daily":false,"chose_seed":false,"campfire_upgraded":0,"win_rate":0.0,"timestamp":1612922859,"path_taken":["M","?","?","?","?","E","M","$","T","M","M","?","?","$","R","BOSS","M","M","M"],"items_purchased_type":["Card"],"build_version":"2020-12-22","purchased_purges":2,"victory":false,"max_hp_per_floor":[66,60,60,60,60,60,60,60,60,60,60,60,60,60,60,60,60,60,60,60,60],"card_choices":[{"not_picked":["Deflect","Setup","Terror"],"picked":"SKIP","floor":1.0},{"not_picked":["Deflect","Caltrops"],"picked":"Cloak And Dagger","floor":4.0},{"not_picked":["Dagger Throw","Doppelganger"],"picked":"Blade Dance","floor":6.0},{"not_picked":["Dodge and Roll","Infinite Blades","Noxious Fumes"],"picked":"SKIP","floor":7.0},{"not_picked":["Acrobatics","All Out Attack"],"picked":"Backflip","floor":10.0},{"not_picked":["Prepared","Slice"],"picked":"Blade Dance","floor":11.0},{"not_picked":["Night Terror","Unload"],"picked":"Wraith Form v2","floor":16},{"not_picked":["All Out Attack","Dodge and Roll"],"picked":"Prepared","floor":18},{"not_picked":["Prepared","Outmaneuver"],"picked":"Dodge and Roll+1","floor":19}],"player_experience":202211,"relics_obtained":[{"floor":6.0,"key":"Eternal Feather"},{"floor":9.0,"key":"PreservedInsect"}],"event_choices":[{"damage_healed":0.0,"max_hp_gain":0.0,"max_hp_loss":6.0,"gold_gain":0.0,"event_name":"Golden Idol","player_choice":"Lose Max HP","floor":2.0,"gold_loss":0.0,"damage_taken":0.0,"relics_obtained":["Golden Idol"]},{"damage_healed":0.0,"max_hp_gain":0.0,"max_hp_loss":0.0,"gold_gain":0.0,"event_name":"The Woman in Blue","player_choice":"Bought 1 Potion","floor":3.0,"gold_loss":0.0,"damage_taken":0.0},{"damage_healed":0.0,"max_hp_gain":0.0,"max_hp_loss":0.0,"gold_gain":0.0,"event_name":"Scrap Ooze","player_choice":"Success","floor":5.0,"gold_loss":0.0,"damage_taken":5.0,"relics_obtained":["War Paint"]},{"damage_healed":0.0,"max_hp_gain":0.0,"max_hp_loss":0.0,"gold_gain":75.0,"event_name":"World of Goop","player_choice":"Gather Gold","floor":12.0,"gold_loss":0.0,"damage_taken":11.0},{"damage_healed":0.0,"max_hp_gain":0.0,"max_hp_loss":0.0,"gold_gain":0.0,"event_name":"Liars Game","player_choice":"Ignored","floor":13.0,"gold_loss":0.0,"damage_taken":0.0}],"is_beta":false,"boss_relics":[{"not_picked":["Velvet Choker","SacredBark"],"picked":"HoveringKite"}],"items_purged_floors":[8,14],"is_endless":false,"potions_floor_spawned":[4,7,16,19],"killed_by":"Snake Plant","ascension_level":18}}