{"host":"3twtdwjpiqhvvn5s","time":1612998507,"event":{"mods":["AchievementEnabler","Act Like it!","Aspiration","BaseMod","BetterRewards","Colored Map","Colored Powertips","Downfall","Duelist Mod","Friendly Minions","GifTheSpireLib","Hermit","Hubris","Infinite Spire","Jorbs\u0027s Wanderer Trilogy","Koishi","KomeijiMod","Marisa????????","Minty Spire (QoL Compilation)","Quick Restart","Rare Cards Sparkle","Replay The Spire","Shop Mod","StSLib","Td1madao Mod","The Administrix","The Animator","The Bug Knight","The Caster","The Cursed","The Disciple","The Hierophant","The Necromancer","The Poker Player","The Runesmith","The Servant 0.9.4"],"gold_per_floor":[156,210,240,294,0,84,84,129,129,225,270,270,363,408,408,408,408,408],"floor_reached":16,"language":"ENG","playtime":1985,"items_purged":[],"score":124,"play_id":"baaaec51-85b9-4912-a324-0d3c4b3513d1","local_time":"20210210170827","daily_mods":["Cursed Run","Diverse","Midas"],"is_ascension_mode":false,"campfire_choices":[{"floor":12,"key":"REST"},{"floor":15,"key":"REST"}],"circlet_count":0,"master_deck":["bronze:Strike","bronze:Strike","bronze:Strike","bronze:Strike","bronze:Defend","bronze:Defend","bronze:Defend","bronze:Defend","bronze:Replicate","hexamod:SpectersWail","caster:MeteorStorm+1","theDuelist:ChaosSeed","hubris:Envy","theDuelist:AgainstTheWind","HollowMod:SharpenedNail","Retrieval Recycling","theDuelist:InsectMetronome"],"relics":["Cursed Key","Darkstone Periapt","Du-Vu Doll","Velvet Choker","Onion Ring","aspiration:DSix","Mercury Hourglass","CeramicFish","Blue Doll"],"acts_visited":["Exordium"],"potions_floor_usage":[4,8,11],"damage_taken":[{"damage":5,"enemies":"Small Slimes","floor":1,"turns":3},{"damage":0,"enemies":"Jaw Worm","floor":2,"turns":3},{"damage":2,"enemies":"2 Louse","floor":3,"turns":2},{"damage":0,"enemies":"Large Slime","floor":4,"turns":5},{"damage":12,"enemies":"3 Sentries","floor":6,"turns":6},{"damage":8,"enemies":"Gremlin Gang","floor":8,"turns":4},{"damage":17,"enemies":"Lagavulin","floor":10,"turns":5},{"damage":8,"enemies":"Blue Slaver","floor":11,"turns":3},{"damage":36,"enemies":"3 Sentries","floor":13,"turns":6},{"damage":0,"enemies":"3 Louse","floor":14,"turns":1},{"damage":35,"enemies":"Slime Boss","floor":16,"turns":3}],"seed_played":"1394477739962467366","potions_obtained":[{"floor":2,"key":"Dexterity Potion"},{"floor":6,"key":"Fire Potion"},{"floor":10,"key":"EssenceOfSteel"},{"floor":13,"key":"hexamod:SoulburnPotion"},{"floor":14,"key":"Fire Potion"}],"is_trial":true,"path_per_floor":["M","M","M","M","$","E","?","M","T","E","M","R","E","M","R","B"],"character_chosen":"THE_AUTOMATON","items_purchased":["Onion Ring","caster:MeteorStorm+1"],"campfire_rested":2,"item_purchase_floors":[5,5],"current_hp_per_floor":[65,65,63,63,63,51,51,43,49,32,24,46,10,10,32,0,0,0],"gold":408,"neow_bonus":"","is_daily":false,"chose_seed":false,"campfire_upgraded":0,"win_rate":0.0,"timestamp":1612998507,"path_taken":["M","M","M","M","?","E","?","M","T","E","M","R","E","M","R","BOSS"],"items_purchased_type":["Relic","Card"],"build_version":"2020-12-22","purchased_purges":0,"victory":false,"max_hp_per_floor":[70,70,70,70,70,70,70,70,76,76,76,76,76,76,76,76,76,76],"card_choices":[{"not_picked":["theDuelist:HardSellinZombie","theDuelist:Aztekipede","theDuelist:ShiranuiSpiritmaster"],"picked":"SKIP","floor":1},{"not_picked":["hierophant:Blessing","Guardian:ShieldCharger"],"picked":"hexamod:SpectersWail","floor":2},{"not_picked":["theDuelist:BlastHeldTribute","theDuelist:GemKnightAmethyst","hexamod:InspiringFlames"],"picked":"SKIP","floor":3},{"not_picked":["TheCursedMod:HellsGateOpen","theDuelist:GhostrickYukiOnna","theDuelist:ToonKingdom"],"picked":"SKIP","floor":4},{"not_picked":["hexamod:GhostOfSpirePresent","stsjorbsmod:MagicMissiles","theDuelist:RazorLizard"],"picked":"SKIP","floor":6},{"not_picked":["HollowMod:InfectedCysts","Slimebound:DivideAndConquer"],"picked":"theDuelist:ChaosSeed","floor":8},{"not_picked":["Negative_Energy_Mist","Offering"],"picked":"theDuelist:AgainstTheWind","floor":10},{"not_picked":["sneckomod:UnknownClassBUGKNIGHT_GRAY_COLOR","theDuelist:GraydleCobra"],"picked":"HollowMod:SharpenedNail","floor":11},{"not_picked":["theDuelist:JunkSpeeder","caster:GlacialShield"],"picked":"Retrieval Recycling","floor":13},{"not_picked":["theDuelist:UmbralHorrorGhost","theDuelist:BattleOx"],"picked":"theDuelist:InsectMetronome","floor":14}],"player_experience":2922809,"relics_obtained":[{"floor":6,"key":"aspiration:DSix"},{"floor":9,"key":"Mercury Hourglass"},{"floor":10,"key":"CeramicFish"},{"floor":13,"key":"Blue Doll"}],"event_choices":[{"cards_removed":["bronze:Goto"],"damage_healed":0,"gold_gain":0,"player_choice":"Forget","damage_taken":0,"max_hp_gain":0,"max_hp_loss":0,"event_name":"Living Wall","floor":7,"gold_loss":0}],"is_beta":false,"boss_relics":[],"items_purged_floors":[],"is_endless":false,"potions_floor_spawned":[2,6,10,13,14],"killed_by":"Slime Boss","ascension_level":0}}