{"host":"dn6kke80v5f7isus","time":1612930136,"event":{"mods":["AchievementEnabler","Act Like it!","BaseMod","Colored Powertips","Custom Start","Defuse TimeMaze Blight","Energized Spire","Gremlin Skip","Highlight Path","Hubris","Infinite Spire","Marisa????????","Minty Spire (QoL Compilation)","Rare Cards Sparkle","Reliquary","Replay The Spire","StSLib","The Cursed","The Servant 0.9.4","Uncapped","Unceasing Turn Reminder"],"gold_per_floor":[114,114,114,46,121,147,72,72,72,72,98,110,138,138,138,242,242,254,254,276,276,276],"floor_reached":21,"language":"ENG","playtime":664,"items_purged":["TheCursedMod:Strike_TheCursed"],"score":229,"play_id":"7a4e7b70-101f-4f5f-aa2d-ec8e453c7640","local_time":"20210209230856","is_ascension_mode":true,"campfire_choices":[{"data":"TheCursedMod:HellfireBreathing","floor":8,"key":"SMITH"},{"data":"TheCursedMod:CursedArmor","floor":10,"key":"SMITH"},{"floor":15,"key":"REST"}],"circlet_count":0,"master_deck":["TheCursedMod:Strike_TheCursed","TheCursedMod:Strike_TheCursed","TheCursedMod:Strike_TheCursed","TheCursedMod:Defend_TheCursed","TheCursedMod:Defend_TheCursed","TheCursedMod:Defend_TheCursed","TheCursedMod:Defend_TheCursed","TheCursedMod:CursedWand","TheCursedMod:CleanUpWorkshop","TheCursedMod:Dregs","TheCursedMod:CursedArmor+1","Amnesia","TheCursedMod:HellfireBreathing+1","TheCursedMod:SpitefulStrike","TheCursedMod:Hemoplague","TheCursedMod:HellsGateOpen","TheCursedMod:VoidForm","hubris:Greed","TheCursedMod:CollectTribute"],"relics":["TheCursedMod:BlackMagic101","ReplayTheSpireMod:Ring of Collecting","ReplayTheSpireMod:Ring of Challenge","reliquary:Firecrackers","Chameleon Ring","ReplayTheSpireMod:Ring of Exchange","Unceasing Top","Medical Kit","Nloth\u0027s Gift"],"acts_visited":["Exordium","TheCity"],"potions_floor_usage":[6,11,16],"damage_taken":[{"damage":0,"enemies":"2 Louse","floor":1,"turns":2},{"damage":4,"enemies":"Lagavulin","floor":6,"turns":6},{"damage":5,"enemies":"3 Sentries","floor":11,"turns":5},{"damage":0,"enemies":"Small Slimes","floor":12,"turns":4},{"damage":24,"enemies":"Lagavulin","floor":13,"turns":8},{"damage":20,"enemies":"The Guardian","floor":16,"turns":9},{"damage":15,"enemies":"Spheric Guardian","floor":18,"turns":4},{"damage":23,"enemies":"3 Byrds","floor":20,"turns":6},{"damage":0,"enemies":"Sentry and Sphere","floor":21,"turns":1}],"seed_played":"-2429966277027938396","potions_obtained":[{"floor":1,"key":"Dexterity Potion"},{"floor":6,"key":"Explosive Potion"},{"floor":11,"key":"LiquidBronze"},{"floor":16,"key":"Elixir"},{"floor":20,"key":"Fire Potion"}],"is_trial":false,"path_per_floor":["M","?","?","$","?","E","$","R","T","R","E","M","E","?","R","B",null,"M","?","M","M"],"character_chosen":"THE_CURSED","items_purchased":["TheCursedMod:HellfireBreathing"],"campfire_rested":1,"item_purchase_floors":[4],"current_hp_per_floor":[82,82,82,82,71,67,67,67,67,67,62,62,38,35,59,39,82,67,67,44,44,44],"gold":276,"neow_bonus":"TEN_PERCENT_HP_BONUS","is_daily":false,"chose_seed":false,"campfire_upgraded":2,"win_rate":0.0,"timestamp":1612930136,"path_taken":["M","?","?","$","?","E","$","R","T","R","E","M","E","?","R","BOSS","M","?","M","M"],"items_purchased_type":["Card"],"build_version":"2020-12-22","purchased_purges":1,"victory":false,"max_hp_per_floor":[82,82,82,82,82,82,82,82,82,82,82,82,82,82,82,82,82,82,82,82,82,82],"card_choices":[{"not_picked":["TheCursedMod:Wield","TheCursedMod:VitalStrike"],"picked":"TheCursedMod:CursedArmor","floor":1},{"not_picked":["TheCursedMod:RapidMovement","TheCursedMod:Torture"],"picked":"TheCursedMod:SpitefulStrike","floor":6},{"not_picked":["TheCursedMod:SurpriseAttack","TheCursedMod:CursedBlade"],"picked":"TheCursedMod:Hemoplague","floor":11},{"not_picked":["TheCursedMod:CircleOfCorruption","TheCursedMod:VitalStrike","TheCursedMod:Wield"],"picked":"SKIP","floor":12},{"not_picked":["TheCursedMod:CursedMace","TheCursedMod:ForbiddenAlchemy"],"picked":"TheCursedMod:HellsGateOpen","floor":13},{"not_picked":["TheCursedMod:StunningStrike","TheCursedMod:ManaCirculation"],"picked":"TheCursedMod:VoidForm","floor":16},{"not_picked":["TheCursedMod:FleshFromBone","TheCursedMod:WearCloak","TheCursedMod:Stigma"],"picked":"SKIP","floor":18},{"not_picked":["TheCursedMod:CircleOfBlood","TheCursedMod:Stretching"],"picked":"TheCursedMod:CollectTribute","floor":20}],"player_experience":466012,"relics_obtained":[{"floor":2,"key":"ReplayTheSpireMod:Ring of Collecting"},{"floor":2,"key":"ReplayTheSpireMod:Ring of Challenge"},{"floor":3,"key":"reliquary:Firecrackers"},{"floor":6,"key":"Chameleon Ring"},{"floor":9,"key":"ReplayTheSpireMod:Ring of Exchange"},{"floor":9,"key":"infinitespire:BottledMercury"},{"floor":11,"key":"Unceasing Top"}],"event_choices":[{"damage_healed":0,"gold_gain":75,"player_choice":"Gather Gold","damage_taken":11,"max_hp_gain":0,"max_hp_loss":0,"event_name":"World of Goop","floor":5,"gold_loss":0},{"damage_healed":0,"gold_gain":0,"player_choice":"Fled","damage_taken":3,"max_hp_gain":0,"max_hp_loss":0,"event_name":"Scrap Ooze","floor":14,"gold_loss":0},{"damage_healed":0,"gold_gain":0,"player_choice":"Traded Relic","damage_taken":0,"relics_obtained":["Nloth\u0027s Gift"],"max_hp_gain":0,"max_hp_loss":0,"event_name":"N\u0027loth","floor":19,"relics_lost":["infinitespire:BottledMercury"],"gold_loss":0}],"is_beta":false,"boss_relics":[{"not_picked":["Runic Pyramid","hubris:GrandSneckoEye"],"picked":"Medical Kit"}],"items_purged_floors":[7],"is_endless":false,"potions_floor_spawned":[1,6,11,16,20],"killed_by":"Sentry and Sphere","ascension_level":1}}