{"host":"ogz7heqpirojfnr2","time":1612938077,"event":{"mods":["BaseMod","Downfall","KinomotoSakuraMod(木之本樱)","Lobotomy","LobotomyExtend","Marisa（F雨　魔理沙）","Minty Spire (QoL Compilation)","Remilia（蕾米莉亚）","Replay The Spire","RumiaBox-露米娅的神秘盒子","StSLib","The Animator","The Servant 0.9.4","WarShipGirlsR/战舰少女R mod","Youmu（魂魄妖梦）","Yuri Mod","Yuyuko"],"gold_per_floor":[114,114,189,199,199,225,24,40,40,57,73,73,91,106,106,204,204,221,221,249,249,269,303,303,318,343,97,97,108,127,141,141,245,245,256,82,82,82,132,132,149,159,159,178,178,226,226,226],"floor_reached":47,"language":"ZHS","playtime":1684,"items_purged":["Strike_G","Defend_G","Defend_G"],"score":471,"play_id":"ac188402-082a-4941-b148-4342b5660cb0","local_time":"20210210142117","is_ascension_mode":true,"campfire_choices":[{"floor":12.0,"key":"REST"},{"floor":15.0,"key":"REST"},{"floor":24.0,"key":"REST"},{"floor":32.0,"key":"REST"},{"data":"Catalyst","floor":40,"key":"SMITH"},{"floor":45,"key":"REST"}],"circlet_count":0,"master_deck":["Defend_G","Defend_G","Defend_G","Survivor","Neutralize","Deadly Poison","Toxin Wave","Catalyst+1","Deadly Poison","Bane","Poisoned Stab","Adrenaline","CurseOfTheBell","Noxious Fumes","Flying Knee","Poison Darts","Bane+1","Bullet Time","Slimebound:Tackle+1","Slimebound:Tackle+1","Slimebound:Tackle+1","PiercingWail","Bane+1","Die Die Die","Backflip","Backflip","PiercingWail+1"],"relics":["Ring of the Snake","Gambling Chip","Replay:Baseball","Chameleon Ring","Calling Bell","Snake Skull","White Beast Statue","Peace Pipe","Red Mask","Enchiridion","Turnip","Blood Vial","Orrery","Busted Crown","Tingsha","Replay:Ringing Soul","Pocketwatch"],"acts_visited":["Exordium","TheCity","TheBeyond"],"potions_floor_usage":[33],"damage_taken":[{"damage":2.0,"enemies":"Jaw Worm","floor":1.0,"turns":4.0},{"damage":7.0,"enemies":"Small Slimes","floor":4.0,"turns":3.0},{"damage":34.0,"enemies":"3 Sentries","floor":6.0,"turns":9.0},{"damage":3.0,"enemies":"2 Louse","floor":8.0,"turns":2.0},{"damage":5.0,"enemies":"2 Fungi Beasts","floor":10.0,"turns":3.0},{"damage":7.0,"enemies":"Blue Slaver","floor":11.0,"turns":2.0},{"damage":1.0,"enemies":"Exordium Thugs","floor":13.0,"turns":3.0},{"damage":6.0,"enemies":"2 Fungi Beasts","floor":14.0,"turns":2.0},{"damage":16.0,"enemies":"The Guardian","floor":16.0,"turns":6.0},{"damage":0.0,"enemies":"3 Byrds","floor":18.0,"turns":3.0},{"damage":29.0,"enemies":"Masked Bandits","floor":20.0,"turns":4.0},{"damage":8.0,"enemies":"Shell Parasite","floor":22.0,"turns":4.0},{"damage":16.0,"enemies":"Slavers","floor":23.0,"turns":3.0},{"damage":3.0,"enemies":"Snake Plant","floor":25.0,"turns":3.0},{"damage":12.0,"enemies":"Chosen and Byrds","floor":29.0,"turns":4.0},{"damage":4.0,"enemies":"Shelled Parasite and Fungi","floor":30.0,"turns":4.0},{"damage":2.0,"enemies":"Snecko","floor":31.0,"turns":4.0},{"damage":36,"enemies":"Automaton","floor":33,"turns":6},{"damage":6,"enemies":"3 Shapes","floor":35,"turns":3},{"damage":17,"enemies":"Mind Bloom Boss Battle","floor":39,"turns":5},{"damage":25,"enemies":"3 Darklings","floor":41,"turns":3},{"damage":0,"enemies":"Sphere and 2 Shapes","floor":42,"turns":2},{"damage":19,"enemies":"Jaw Worm Horde","floor":44,"turns":3},{"damage":22,"enemies":"2 Orb Walkers","floor":46,"turns":4},{"damage":27,"enemies":"Spire Growth","floor":47,"turns":3}],"seed_played":"-6028486994268957971","potions_obtained":[{"floor":4.0,"key":"CunningPotion"},{"floor":11.0,"key":"Energy Potion"},{"floor":13.0,"key":"Poison Potion"},{"floor":16.0,"key":"SpeedPotion"},{"floor":20.0,"key":"SkillPotion"},{"floor":23.0,"key":"SpeedPotion"},{"floor":25.0,"key":"AttackPotion"},{"floor":29.0,"key":"SteroidPotion"},{"floor":30.0,"key":"DuplicationPotion"},{"floor":31.0,"key":"AttackPotion"},{"floor":33,"key":"SpeedPotion"},{"floor":35,"key":"BlessingOfTheForge"},{"floor":41,"key":"LifebloodPotion"}],"is_trial":false,"path_per_floor":["M","?","?","M","?","E","$","M","T","M","M","R","M","M","R","B",null,"M","?","?","?","M","E","R","M","T","$","?","M","M","M","R","B",null,"M","$","?","$","?","R","M","M","T","M","R","?","M"],"character_chosen":"THE_SILENT","items_purchased":["Catalyst","Deadly Poison","Orrery","Backflip"],"campfire_rested":5,"item_purchase_floors":[7,7,27,36],"current_hp_per_floor":[75,68,57,50,50,16,16,13,13,8,1,24,23,17,40,24,77,77,77,48,32,24,8,31,28,28,28,28,18,16,16,39,5,77,71,71,71,71,56,56,33,35,35,18,39,19,0,0],"gold":226,"neow_bonus":"TEN_PERCENT_HP_BONUS","is_daily":false,"chose_seed":false,"campfire_upgraded":1,"win_rate":0.0,"timestamp":1612938077,"path_taken":["M","?","?","M","?","E","$","M","T","M","M","R","M","M","R","BOSS","M","?","?","?","M","E","R","M","T","$","?","M","M","M","R","BOSS","M","$","?","$","?","R","?","M","T","M","R","?","M"],"items_purchased_type":["Card","Card","Relic","Card"],"build_version":"2020-12-22","purchased_purges":3,"victory":false,"max_hp_per_floor":[77,77,77,77,77,77,77,77,77,77,77,77,77,77,77,77,77,77,77,77,77,77,77,77,77,77,77,77,77,77,77,77,77,77,77,77,73,73,73,73,73,73,73,73,73,73,73,73],"card_choices":[{"not_picked":["Prepared","ReplayTheSpireMod:Tripwire"],"picked":"Deadly Poison","floor":1.0},{"not_picked":["Dagger Spray","ReplayTheSpireMod:Shiv Toss"],"picked":"Toxin Wave","floor":4.0},{"not_picked":["Quick Slash","Hidden Blade","Slice"],"picked":"SKIP","floor":6.0},{"not_picked":["Underhanded Strike","All Out Attack","ReplayTheSpireMod:Shiv Toss"],"picked":"SKIP","floor":8.0},{"not_picked":["ReplayTheSpireMod:Tripwire","Grand Finale","Prepared"],"picked":"SKIP","floor":10.0},{"not_picked":["Reflex","Choke"],"picked":"Bane","floor":11.0},{"not_picked":["Slice","PiercingWail"],"picked":"Poisoned Stab","floor":13.0},{"not_picked":["Leg Sweep","Blade Dance","Cloak And Dagger"],"picked":"SKIP","floor":14.0},{"not_picked":["Venomology","Unload"],"picked":"Adrenaline","floor":16.0},{"not_picked":["Outmaneuver","Blade Dance+1","Acrobatics"],"picked":"SKIP","floor":18.0},{"not_picked":["Prepared+1","ReplayTheSpireMod:Exploit Weakness"],"picked":"Flying Knee","floor":20.0},{"not_picked":["Accuracy+1","Sucker Punch","Deflect"],"picked":"SKIP","floor":22.0},{"not_picked":["Heel Hook","ReplayTheSpireMod:Scrap Shanks","Dagger Throw"],"picked":"SKIP","floor":23.0},{"not_picked":["Deadly Poison","Leg Sweep"],"picked":"Poison Darts","floor":25.0},{"not_picked":["Prepared","Infinite Blades"],"picked":"Bane+1","floor":27.0},{"not_picked":["Dagger Spray+1","Distraction+1"],"picked":"Bullet Time","floor":27.0},{"not_picked":["Slice","Skewer"],"picked":"PiercingWail","floor":29.0},{"not_picked":["Heel Hook","Outmaneuver+1"],"picked":"Bane+1","floor":30.0},{"not_picked":["Hidden Blade+1","Quick Slash","Outmaneuver"],"picked":"SKIP","floor":31.0},{"not_picked":["Unload","A Thousand Cuts"],"picked":"Die Die Die","floor":33},{"not_picked":["ReplayTheSpireMod:Shiv Toss"],"picked":"SKIP","floor":35},{"not_picked":[],"picked":"Backflip","floor":41},{"not_picked":[],"picked":"PiercingWail+1","floor":42},{"not_picked":["ReplayTheSpireMod:Shiv Toss"],"picked":"SKIP","floor":44}],"player_experience":128263,"relics_obtained":[{"floor":6.0,"key":"Replay:Baseball"},{"floor":9.0,"key":"Chameleon Ring"},{"floor":17.0,"key":"Snake Skull"},{"floor":17.0,"key":"White Beast Statue"},{"floor":17.0,"key":"Peace Pipe"},{"floor":20.0,"key":"Red Mask"},{"floor":21.0,"key":"Enchiridion"},{"floor":23.0,"key":"Turnip"},{"floor":26.0,"key":"Blood Vial"},{"floor":39,"key":"Tingsha"},{"floor":43,"key":"Replay:Ringing Soul"},{"floor":46,"key":"Pocketwatch"}],"event_choices":[{"damage_healed":0.0,"max_hp_gain":0.0,"max_hp_loss":0.0,"gold_gain":0.0,"event_name":"Scrap Ooze","player_choice":"Success","floor":2.0,"gold_loss":0.0,"damage_taken":7.0,"relics_obtained":["Gambling Chip"]},{"damage_healed":0.0,"max_hp_gain":0.0,"max_hp_loss":0.0,"gold_gain":75.0,"event_name":"World of Goop","player_choice":"Gather Gold","floor":3.0,"gold_loss":0.0,"damage_taken":11.0},{"damage_healed":0.0,"max_hp_gain":0.0,"max_hp_loss":0.0,"gold_gain":0.0,"event_name":"The Library","player_choice":"Read","floor":19.0,"gold_loss":0.0,"damage_taken":0.0,"cards_obtained":["Noxious Fumes"]},{"damage_healed":0.0,"max_hp_gain":0.0,"max_hp_loss":0.0,"gold_gain":0.0,"event_name":"Masked Bandits","player_choice":"Fought Bandits","floor":20.0,"gold_loss":0.0,"damage_taken":0.0},{"damage_healed":0.0,"max_hp_gain":0.0,"max_hp_loss":0.0,"gold_gain":0.0,"event_name":"Cursed Tome","player_choice":"Obtained Book","floor":21.0,"gold_loss":0.0,"damage_taken":16.0},{"damage_healed":0,"gold_gain":0,"player_choice":"Max HP","damage_taken":0,"max_hp_gain":0,"max_hp_loss":4,"event_name":"Winding Halls","floor":37,"gold_loss":0},{"damage_healed":0,"gold_gain":0,"player_choice":"Fight","damage_taken":0,"max_hp_gain":0,"max_hp_loss":0,"event_name":"MindBloom","floor":39,"gold_loss":0},{"damage_healed":0,"gold_gain":0,"player_choice":"Fight","damage_taken":0,"max_hp_gain":0,"max_hp_loss":0,"event_name":"Mysterious Sphere","floor":46,"gold_loss":0}],"is_beta":false,"boss_relics":[{"not_picked":["Ectoplasm","WristBlade"],"picked":"Calling Bell"},{"not_picked":["Pandora\u0027s Box","Ring of Chaos"],"picked":"Busted Crown"}],"items_purged_floors":[7,27,36],"is_endless":false,"potions_floor_spawned":[4,11,13,16,18,20,22,23,25,29,30,31,33,35,39,41,42,44,46],"killed_by":"Spire Growth","ascension_level":1}}