{"host":"snczp9esof91ppiq","time":1612920798,"event":{"mods":["AchievementEnabler","BaseMod","Better Match","Better Note","Better Sensory Stone","Better Skull","Colored Map","Colored Powertips","Hermit","Minty Spire (QoL Compilation)","Relic Stats","StSLib"],"gold_per_floor":[114,114,114,131,150,177,177,193,220,220,220,239,189,227,227,321,321,337,357,557,557,414,453,453,496,496,510,529,529,570,586,586,586,586],"floor_reached":33,"language":"ENG","playtime":2101,"items_purged":["Defend_R"],"score":520,"play_id":"ec4aebb1-fe82-41bd-96aa-cfce1f4c5e33","local_time":"20210209193318","is_ascension_mode":true,"campfire_choices":[{"data":"Bludgeon","floor":7.0,"key":"SMITH"},{"data":"Clothesline","floor":10.0,"key":"SMITH"},{"data":"Bash","floor":15.0,"key":"SMITH"},{"data":"Spot Weakness","floor":24.0,"key":"SMITH"},{"data":"Perfected Strike","floor":29.0,"key":"SMITH"},{"data":"Shrug It Off","floor":32,"key":"SMITH"}],"circlet_count":0,"master_deck":["AscendersBane","Strike_R","Strike_R","Strike_R","Strike_R","Defend_R","Defend_R","Bash+1","Thunderclap","Swift Strike","Ghostly Armor","Clothesline+1","Bludgeon+1","Cleave","Shrug It Off+1","Impervious","Perfected Strike+1","Spot Weakness+1","Entrench+1","Perfected Strike+1","Twin Strike","Shrug It Off+1","Warcry+1"],"relics":["Burning Blood","NeowsBlessing","Bag of Preparation","Orichalcum","Golden Idol","Regal Pillow","Snecko Eye","Toxic Egg 2","Bronze Scales","Blood Vial","Bottled Lightning"],"acts_visited":["Exordium","TheCity"],"potions_floor_usage":[31,33,33],"damage_taken":[{"damage":0.0,"enemies":"Jaw Worm","floor":1.0,"turns":1.0},{"damage":0.0,"enemies":"2 Louse","floor":4.0,"turns":1.0},{"damage":0.0,"enemies":"Cultist","floor":5.0,"turns":1.0},{"damage":37.0,"enemies":"3 Sentries","floor":6.0,"turns":8.0},{"damage":5.0,"enemies":"Blue Slaver","floor":8.0,"turns":4.0},{"damage":0.0,"enemies":"2 Fungi Beasts","floor":12.0,"turns":3.0},{"damage":15.0,"enemies":"Lagavulin","floor":14.0,"turns":4.0},{"damage":24.0,"enemies":"Hexaghost","floor":16.0,"turns":8.0},{"damage":0.0,"enemies":"Chosen","floor":18.0,"turns":4.0},{"damage":0.0,"enemies":"Shell Parasite","floor":19.0,"turns":1.0},{"damage":12.0,"enemies":"Gremlin Leader","floor":23.0,"turns":4.0},{"damage":3.0,"enemies":"Slavers","floor":25.0,"turns":3.0},{"damage":0.0,"enemies":"Cultist and Chosen","floor":27.0,"turns":4.0},{"damage":10.0,"enemies":"Centurion and Healer","floor":28.0,"turns":3.0},{"damage":8,"enemies":"Book of Stabbing","floor":30,"turns":3},{"damage":0,"enemies":"Snecko","floor":31,"turns":3},{"damage":97,"enemies":"Champ","floor":33,"turns":12}],"seed_played":"-831245602908013017","potions_obtained":[{"floor":4.0,"key":"Regen Potion"},{"floor":8.0,"key":"DistilledChaos"},{"floor":12.0,"key":"PowerPotion"},{"floor":18.0,"key":"PowerPotion"},{"floor":25.0,"key":"Block Potion"},{"floor":30,"key":"SkillPotion"},{"floor":31,"key":"Weak Potion"}],"is_trial":false,"path_per_floor":["M","?","?","M","M","E","R","M","T","R","?","M","?","E","R","B",null,"M","M","?","?","$","E","R","E","T","M","M","R","E","M","R","B"],"character_chosen":"IRONCLAD","items_purchased":["Spot Weakness"],"campfire_rested":0,"item_purchase_floors":[22],"current_hp_per_floor":[78,78,78,80,80,64,64,65,65,65,65,71,71,62,62,44,67,73,74,74,74,74,68,68,71,71,74,70,70,70,74,74,0,0],"gold":586,"neow_bonus":"THREE_ENEMY_KILL","is_daily":false,"chose_seed":false,"campfire_upgraded":6,"win_rate":0.0,"timestamp":1612920798,"path_taken":["M","?","?","M","?","E","R","M","T","R","?","M","?","E","R","BOSS","M","M","?","?","$","E","R","E","T","M","M","R","E","M","R","BOSS"],"items_purchased_type":["Card"],"build_version":"2020-12-22","purchased_purges":1,"victory":false,"max_hp_per_floor":[80,80,80,80,80,80,80,80,80,80,74,74,74,74,74,74,74,74,74,74,74,74,74,74,74,74,74,74,74,74,74,74,74,74],"relic_stats":{"Blood Vial":6,"Regal Pillow":0,"counters":[17,67],"Golden Idol":73,"Bronze Scales":[57],"Snecko Eye":[74,62,60,81],"Bag of Preparation":[26],"Orichalcum":[108],"obtain_stats":[{"Blood Vial":26,"Regal Pillow":14,"NeowsBlessing":0,"Golden Idol":11,"Bronze Scales":25,"Snecko Eye":17,"Bag of Preparation":6,"Bottled Lightning":30,"Orichalcum":9,"Toxic Egg 2":23,"Burning Blood":0},{"Blood Vial":12,"Regal Pillow":7,"NeowsBlessing":0,"Golden Idol":5,"Bronze Scales":12,"Snecko Eye":8,"Bag of Preparation":4,"Bottled Lightning":15,"Orichalcum":5,"Toxic Egg 2":11,"Burning Blood":0},{"Blood Vial":42,"Regal Pillow":22,"NeowsBlessing":0,"Golden Idol":15,"Bronze Scales":42,"Snecko Eye":30,"Bag of Preparation":11,"Bottled Lightning":52,"Orichalcum":15,"Toxic Egg 2":39,"Burning Blood":0}],"Burning Blood":72},"card_choices":[{"not_picked":["Havoc","Rupture"],"picked":"Thunderclap","floor":1.0},{"not_picked":["Jack Of All Trades","Discovery"],"picked":"Swift Strike","floor":2.0},{"not_picked":["Blood for Blood","Sword Boomerang"],"picked":"Clothesline","floor":4.0},{"not_picked":["Sentinel","True Grit","Havoc"],"picked":"SKIP","floor":5.0},{"not_picked":["Iron Wave","Flex"],"picked":"Bludgeon","floor":6.0},{"not_picked":["Havoc","Seeing Red"],"picked":"Cleave","floor":8.0},{"not_picked":["Flex","Armaments","Combust"],"picked":"SKIP","floor":12.0},{"not_picked":["Bloodletting","Sentinel"],"picked":"Shrug It Off","floor":14.0},{"not_picked":["Berserk","Offering"],"picked":"Impervious","floor":16.0},{"not_picked":["Clothesline","Clash"],"picked":"Perfected Strike","floor":18.0},{"not_picked":["Body Slam","Wild Strike","Iron Wave"],"picked":"SKIP","floor":19.0},{"not_picked":["Body Slam","Wild Strike","Iron Wave"],"picked":"SKIP","floor":19.0},{"not_picked":["Sentinel+1","Reaper"],"picked":"Entrench+1","floor":23.0},{"not_picked":["Combust","Pommel Strike"],"picked":"Perfected Strike","floor":25.0},{"not_picked":["Havoc+1","Sever Soul"],"picked":"Twin Strike","floor":27.0},{"not_picked":["Infernal Blade+1","Havoc+1"],"picked":"Shrug It Off+1","floor":28.0},{"not_picked":["Reckless Charge","Immolate","Wild Strike"],"picked":"SKIP","floor":30},{"not_picked":["Ghostly Armor+1","Hemokinesis"],"picked":"Warcry+1","floor":31}],"player_experience":905976,"relics_obtained":[{"floor":6.0,"key":"Bag of Preparation"},{"floor":9.0,"key":"Orichalcum"},{"floor":14.0,"key":"Regal Pillow"},{"floor":23.0,"key":"Toxic Egg 2"},{"floor":25.0,"key":"Bronze Scales"},{"floor":26.0,"key":"Blood Vial"},{"floor":30,"key":"Bottled Lightning"}],"event_choices":[{"damage_healed":0.0,"max_hp_gain":0.0,"max_hp_loss":0.0,"gold_gain":1.0,"event_name":"betterStone:BetterStone","player_choice":"1","floor":2.0,"gold_loss":0.0,"damage_taken":0.0},{"damage_healed":0.0,"max_hp_gain":0.0,"max_hp_loss":0.0,"gold_gain":0.0,"cards_transformed":["Defend_R"],"event_name":"Transmorgrifier","player_choice":"Transformed","floor":3.0,"gold_loss":0.0,"damage_taken":0.0,"cards_obtained":["Ghostly Armor"]},{"damage_healed":0.0,"max_hp_gain":0.0,"max_hp_loss":6.0,"gold_gain":0.0,"event_name":"Golden Idol","player_choice":"Lose Max HP","floor":11.0,"gold_loss":0.0,"damage_taken":0.0,"relics_obtained":["Golden Idol"]},{"cards_removed":["Strike_R"],"damage_healed":0.0,"max_hp_gain":0.0,"max_hp_loss":0.0,"gold_gain":0.0,"event_name":"The Cleric","player_choice":"Card Removal","floor":13.0,"gold_loss":50.0,"damage_taken":0.0},{"damage_healed":0.0,"max_hp_gain":0.0,"max_hp_loss":0.0,"gold_gain":250.0,"event_name":"The Joust","player_choice":"Bet on Owner","floor":20.0,"gold_loss":50.0,"damage_taken":0.0},{"damage_healed":0.0,"max_hp_gain":0.0,"max_hp_loss":0.0,"gold_gain":0.0,"event_name":"Upgrade Shrine","player_choice":"Upgraded","floor":21.0,"gold_loss":0.0,"damage_taken":0.0,"cards_upgraded":["Perfected Strike"]}],"is_beta":false,"boss_relics":[{"not_picked":["Runic Pyramid","Mark of Pain"],"picked":"Snecko Eye"}],"items_purged_floors":[22],"is_endless":false,"potions_floor_spawned":[4,8,12,18,25,30,31],"killed_by":"Champ","ascension_level":13}}