{"host":"ke3urjq17qgissv4","time":1612951777,"event":{"mods":["AchievementEnabler","Act Like it!","Arknights","BaseMod","Challenge The Spire","Conspire","Downfall","Gensokyo","Highlight Path","Marisa£¨ìFÓê¡¡Ä§ÀíÉ³£©","Minty Spire (QoL Compilation)","Quick Restart","Replay The Spire","RumiaBox-Â¶Ã×æ«µÄÉñÃØºÐ×Ó","Spicy Shops","StSLib","Waifu the Spire","Youmu£¨»êÆÇÑýÃÎ£©","¡¾¹¦ÄÜMod¡¿»ìãçÖ®»·ÐÞ¸´²¹¶¡","¡¾ÒÅÎï¿¨ÅÆ¡¿REMEMod"],"gold_per_floor":[99,118,118,133,133,171,171,171,18,58,97,97,97,140,208,307,307,307,348,348,385,385,39,39,164,149,202,245,245,245,261,271,399,399,99,142,153,170,74,88,161,61,61,77,95,111,125,150,164,164,164,220,143,143,143,143,143,143],"floor_reached":56,"language":"ZHS","playtime":3811,"items_purged":["Wraith","Parasite"],"score":872,"play_id":"0fb0ff80-a576-464a-ae1b-bd868c55506a","local_time":"20210210180937","is_ascension_mode":false,"campfire_choices":[{"data":"HandOfGreed","floor":8.0,"key":"SMITH"},{"data":"Slimebound:OneTwoCombo","floor":12.0,"key":"SMITH"},{"floor":30.0,"key":"RECALL"},{"floor":35.0,"key":"REST"},{"floor":54.0,"key":"REST"}],"circlet_count":0,"master_deck":["conspire:GhostlyStrike","conspire:GhostlyDefend","conspire:GhostlyDefend","conspire:GhostlyDefend","conspire:GhostlyDefend","Slimebound:Split","Slimebound:Prepare","HandOfGreed+1","Slimebound:ItLooksTasty","Slimebound:SpikyOuterGoop","Slimebound:Overexert","Slimebound:OneTwoCombo+1","Slimebound:GrowthPunch","Slimebound:Prepare+1","Slimebound:FinishingTackle+1","Slimebound:GoopSpray+1","Slimebound:DuplicatedForm","Slimebound:MinionMaster","Slimebound:SplitLeeching+1","Slimebound:AcidTongue+1","Slimebound:Teamwork+1","Slimebound:HauntingLick+1","Slimebound:HauntingLick+1","Slimebound:Prepare+1","Slimebound:FormOfPuddle+1","Slimebound:Replication+1","Slimebound:MinionMaster","Slimebound:Prepare+1","Slimebound:Repurpose+1","expansioncontent:DashGenerateEvil","Slimebound:Overexert","Slimebound:SplitMire+1","Slimebound:OneTwoCombo","Slimebound:SplitMire+1","Slimebound:DuplicatedForm"],"relics":["Slimebound:AbsorbEndCombat","REME_ComplimentaryCards","Toxic Egg 2","ReplayTheSpireMod:CursedCoin","REME_ChargedStone","Gremlin Horn","Calipers","Ice Cream","MagicDraw1","Vajra","Fusion Hammer","downfall:HeartBlessingRed","downfall:HeartBlessingGreen","downfall:HeartBlessingBlue","Slimebound:MaxSlimesRelic","White Beast Statue","Replay:Mystery Machine","Du-Vu Doll","Toolbox"],"acts_visited":["Exordium","TheCity","TheBeyond","TheEnding"],"potions_floor_usage":[],"damage_taken":[{"damage":4.0,"enemies":"ats:Genji","floor":2.0,"turns":4.0},{"damage":6.0,"enemies":"conspire:RoseBush","floor":4.0,"turns":3.0},{"damage":0.0,"enemies":"Cultist","floor":6.0,"turns":4.0},{"damage":9.0,"enemies":"downfall:FleeingMerchant","floor":9.0,"turns":4.0},{"damage":8.0,"enemies":"Large Slime","floor":10.0,"turns":5.0},{"damage":34.0,"enemies":"3 Louse","floor":11.0,"turns":4.0},{"damage":3.0,"enemies":"Blue Slaver","floor":14.0,"turns":2.0},{"damage":0.0,"enemies":"2 Fungi Beasts","floor":15.0,"turns":3.0},{"damage":26.0,"enemies":"SI_SHIV_ARCHETYPE","floor":16.0,"turns":8.0},{"damage":19.0,"enemies":"Shell Parasite","floor":19.0,"turns":6.0},{"damage":2.0,"enemies":"Centurion and Healer","floor":21.0,"turns":5.0},{"damage":0.0,"enemies":"downfall:FleeingMerchant","floor":23.0,"turns":4.0},{"damage":30.0,"enemies":"DF_ARCHETYPE_STREAMLINE","floor":25.0,"turns":8.0},{"damage":15.0,"enemies":"downfall:FleeingMerchant","floor":26.0,"turns":4.0},{"damage":30.0,"enemies":"Replay:Snechameleon","floor":27.0,"turns":4.0},{"damage":26.0,"enemies":"Snecko","floor":28.0,"turns":4.0},{"damage":21.0,"enemies":"3 Cultists","floor":31.0,"turns":4.0},{"damage":15.0,"enemies":"conspire:HollyBat","floor":32.0,"turns":6.0},{"damage":23.0,"enemies":"IC_MUSHROOM_ARCHETYPE","floor":33.0,"turns":6.0},{"damage":31.0,"enemies":"3 Shapes","floor":36.0,"turns":4.0},{"damage":15.0,"enemies":"Orb Walker","floor":37.0,"turns":5.0},{"damage":31.0,"enemies":"3 Darklings","floor":38.0,"turns":4.0},{"damage":0.0,"enemies":"downfall:FleeingMerchant","floor":39.0,"turns":3.0},{"damage":15.0,"enemies":"Writhing Mass","floor":40.0,"turns":3.0},{"damage":15.0,"enemies":"Maw","floor":44.0,"turns":6.0},{"damage":0.0,"enemies":"Spire Growth","floor":45.0,"turns":3.0},{"damage":30.0,"enemies":"Sphere and 2 Shapes","floor":46.0,"turns":5.0},{"damage":15.0,"enemies":"3 Darklings","floor":47.0,"turns":3.0},{"damage":15.0,"enemies":"Giant Head","floor":48.0,"turns":7.0},{"damage":30.0,"enemies":"Jaw Worm Horde","floor":49.0,"turns":4.0},{"damage":48.0,"enemies":"DF_ARCHETYPE_ORBS","floor":50.0,"turns":6.0},{"damage":30.0,"enemies":"downfall:CharBossMerchant","floor":52.0,"turns":4.0},{"damage":33.0,"enemies":"downfall:NeowBoss","floor":55.0,"turns":10.0},{"damage":94,"enemies":"downfall:NeowBossFinal","floor":56,"turns":2}],"seed_played":"-6309188740286171286","potions_obtained":[{"floor":10.0,"key":"SteroidPotion"},{"floor":11.0,"key":"Strength Potion"},{"floor":14.0,"key":"Swift Potion"},{"floor":21.0,"key":"AttackPotion"},{"floor":28.0,"key":"Regen Potion"},{"floor":29.0,"key":"CultistPotion"},{"floor":37.0,"key":"Fruit Juice"},{"floor":40.0,"key":"CultistPotion"}],"is_trial":false,"path_per_floor":["R","M","?","M","?","M","T","R","$","M","M","R","?","M","M","B",null,"R","M","?","M","?","$","T","?","$","E","M","?","R","M","M","B",null,"R","M","M","M","$","M","T","$","?","M","M","M","M","E","M","B",null,"E","$","R","B","B"],"character_chosen":"SLIMEBOUND","items_purchased":["ReplayTheSpireMod:CursedCoin","Slimebound:OneTwoCombo","Calipers","Slimebound:HauntingLick+1","Slimebound:MaxSlimesRelic","expansioncontent:DashGenerateEvil","Toolbox"],"campfire_rested":2,"item_purchase_floors":[9,9,23,23,39,39,53],"current_hp_per_floor":[71,69,69,67,71,71,71,71,64,64,32,32,32,31,33,15,71,71,71,71,71,71,71,71,58,60,66,59,59,59,59,63,63,71,81,81,86,72,76,82,82,82,82,83,83,83,70,78,83,73,83,83,83,83,80,0,0,0],"gold":143,"neow_bonus":"TEN_PERCENT_HP_BONUS","is_daily":false,"chose_seed":false,"campfire_upgraded":2,"win_rate":0.0,"timestamp":1612951777,"path_taken":["R","M","?","M","?","M","T","R","$","M","?","R","?","M","M","BOSS","R","M","?","M","?","$","T","?","?","E","M","?","R","M","M","BOSS","R","M","M","M","$","M","T","$","?","M","M","M","M","E","M","BOSS","E","$","R","BOSS","BOSS"],"items_purchased_type":["Relic","Card","Relic","Card","Relic","Card","Relic"],"build_version":"2020-12-22","purchased_purges":2,"victory":false,"max_hp_per_floor":[71,71,71,71,71,71,71,71,71,71,71,71,71,71,71,71,71,71,71,71,71,71,71,71,71,71,71,71,71,71,71,71,71,71,81,81,86,86,86,86,86,83,83,83,83,83,83,83,83,83,83,83,83,83,83,83,83,83],"card_choices":[{"not_picked":["Slimebound:PressTheAttack","Slimebound:ItLooksTasty"],"picked":"Slimebound:Prepare","floor":2.0},{"not_picked":["Slimebound:SamplingLick","Slimebound:DisruptingSlam"],"picked":"Slimebound:ItLooksTasty","floor":4.0},{"not_picked":["Slimebound:DisruptingSlam","Slimebound:LeechEnergy"],"picked":"Slimebound:SpikyOuterGoop","floor":6.0},{"not_picked":["Slimebound:LeechLife","Slimebound:GoopTackle"],"picked":"Slimebound:Overexert","floor":9.0},{"not_picked":["Slimebound:ItLooksTasty","Slimebound:Dissolve+1"],"picked":"Slimebound:GrowthPunch","floor":10.0},{"not_picked":["Slimebound:Replication+1","Slimebound:Chomp"],"picked":"Slimebound:Prepare+1","floor":11.0},{"not_picked":["Slimebound:SamplingLick+1","Slimebound:RollThrough","Slimebound:ItLooksTasty"],"picked":"SKIP","floor":14.0},{"not_picked":["Slimebound:LivingWall+1","Slimebound:Equalize"],"picked":"Slimebound:GoopSpray+1","floor":15.0},{"not_picked":["Slimebound:FirmFortitude+1","Slimebound:DouseInSlime+1"],"picked":"Slimebound:DuplicatedForm","floor":16.0},{"not_picked":["Slimebound:LivingWall+1","Slimebound:FlameTackle"],"picked":"Slimebound:SplitLeeching+1","floor":19.0},{"not_picked":["Slimebound:ComboTackle","Slimebound:LeechingTouch"],"picked":"Slimebound:AcidTongue+1","floor":21.0},{"not_picked":["Slimebound:SplitLeeching+1","Slimebound:HauntingLick+1"],"picked":"Slimebound:Teamwork+1","floor":23.0},{"not_picked":["Slimebound:SlimeBarrage+1","Slimebound:PressTheAttack"],"picked":"Slimebound:Prepare+1","floor":25.0},{"not_picked":["Slimebound:AcidTongue","Slimebound:HauntingLick+1","Slimebound:LeadByExample"],"picked":"SKIP","floor":26.0},{"not_picked":["Slimebound:LeechEnergy+1","Slimebound:HauntingLick+1","Slimebound:ViciousTackle+1"],"picked":"SKIP","floor":27.0},{"not_picked":["Slimebound:RainOfGoop+1","Slimebound:PressTheAttack","Slimebound:ForwardTackle+1"],"picked":"SKIP","floor":28.0},{"not_picked":["Slimebound:GoopSpray+1","Slimebound:Dissolve+1"],"picked":"Slimebound:FormOfPuddle+1","floor":31.0},{"not_picked":["Slimebound:RainOfGoop+1","Slimebound:GoopSpray+1"],"picked":"Slimebound:Replication+1","floor":32.0},{"not_picked":["Slimebound:DuplicatedForm","Slimebound:MassFeed"],"picked":"Slimebound:MinionMaster","floor":33.0},{"not_picked":["Slimebound:GoopTackle","Slimebound:SplitLeeching+1"],"picked":"Slimebound:Prepare+1","floor":36.0},{"not_picked":["Slimebound:RollThrough","Slimebound:LeechEnergy+1","Slimebound:LeechingTouch"],"picked":"SKIP","floor":37.0},{"not_picked":["Slimebound:Chomp","Slimebound:MegaLick+1","Slimebound:Equalize"],"picked":"SKIP","floor":38.0},{"not_picked":["Slimebound:PressTheAttack+1","Slimebound:SplitMire+1"],"picked":"Slimebound:Repurpose+1","floor":39.0},{"not_picked":["Slimebound:ItLooksTasty","Slimebound:LeechEnergy+1"],"picked":"Slimebound:Overexert","floor":40.0},{"not_picked":["Slimebound:Nibble","Slimebound:HauntingLick+1"],"picked":"Slimebound:SplitMire+1","floor":44.0},{"not_picked":["Slimebound:Schlurp+1","Slimebound:SplitBruiser+1","Slimebound:PressTheAttack"],"picked":"SKIP","floor":45.0},{"not_picked":["Slimebound:GrowthPunch+1","Slimebound:Gluttony","Slimebound:FinishingTackle"],"picked":"SKIP","floor":46.0},{"not_picked":["Slimebound:RainOfGoop+1","Slimebound:FormOfPuddle+1","Slimebound:SplitAcid+1"],"picked":"SKIP","floor":47.0},{"not_picked":["Slimebound:DisruptingSlam+1","Slimebound:Prepare+1"],"picked":"Slimebound:OneTwoCombo","floor":48.0},{"not_picked":["Slimebound:SplitAcid+1","Slimebound:GoopSpray+1"],"picked":"Slimebound:SplitMire+1","floor":49.0},{"not_picked":["Slimebound:GoopTackle","Slimebound:Schlurp+1"],"picked":"Slimebound:DuplicatedForm","floor":52.0}],"player_experience":157778,"relics_obtained":[{"floor":7.0,"key":"Toxic Egg 2"},{"floor":25.0,"key":"Ice Cream"},{"floor":25.0,"key":"MagicDraw1"},{"floor":27.0,"key":"Vajra"},{"floor":41.0,"key":"White Beast Statue"},{"floor":48.0,"key":"Replay:Mystery Machine"},{"floor":52.0,"key":"Du-Vu Doll"}],"event_choices":[{"damage_healed":0.0,"max_hp_gain":0.0,"max_hp_loss":0.0,"gold_gain":0.0,"event_name":"conspire:LoneGhost","player_choice":"Agree","floor":3.0,"gold_loss":0.0,"damage_taken":0.0},{"cards_removed":["Slimebound:LevelUp"],"damage_healed":4.0,"max_hp_gain":0.0,"max_hp_loss":0.0,"gold_gain":0.0,"event_name":"Bonfire Elementals","player_choice":"Offered Uncommon","floor":5.0,"gold_loss":0.0,"damage_taken":0.0},{"damage_healed":0.0,"max_hp_gain":0.0,"max_hp_loss":0.0,"gold_gain":0.0,"event_name":"conspire:Investor","player_choice":"Leave","floor":43.0,"gold_loss":0.0,"damage_taken":0.0}],"is_beta":false,"boss_relics":[{"not_picked":["Tiny House","bronze:MakeshiftBattery"],"picked":"REME_ChargedStone"},{"not_picked":["Replay:Ancient Bell","Slimebound:AbsorbEndCombatUpgraded"],"picked":"Fusion Hammer"}],"items_purged_floors":[9,42],"is_endless":false,"potions_floor_spawned":[10,11,14,16,21,27,28,31,37,40,44,45,46,47,48,49,52],"killed_by":"downfall:NeowBossFinal","ascension_level":0}}