{"host":"7hek758ba7rrttw2","time":1612980148,"event":{"mods":["BaseMod","Minty Spire (QoL Compilation)","Swap Starting Deck Mod","Weighted Paths"],"gold_per_floor":[118,118,46,46,121,121,139,139,139,173,190,190,208,235,235,339,339,351,361,379,391,148,176,176,195,218,218,232,232,261,278,278,380,380,380],"floor_reached":34,"language":"ENG","playtime":1118,"items_purged":[],"score":627,"play_id":"bed40d89-7720-493c-bcf7-a5044e146b8f","local_time":"20210210190228","is_ascension_mode":true,"campfire_choices":[{"data":"All For One","floor":6,"key":"SMITH"},{"data":"Go for the Eyes","floor":8,"key":"SMITH"},{"data":"Gash","floor":15,"key":"SMITH"},{"data":"Beam Cell","floor":24,"key":"SMITH"},{"data":"Flash of Steel","floor":27,"key":"SMITH"},{"data":"Gash","floor":29,"key":"SMITH"},{"data":"Hologram","floor":32,"key":"SMITH"}],"circlet_count":0,"master_deck":["Gash+1","Gash+1","Gash+1","Gash","Rip and Tear","Reprogram+1","Steam+1","Steam","Steam","Steam","All For One+1","Go for the Eyes+1","All For One","Beam Cell+1","Flash of Steel+1","All For One","Echo Form","Hologram+1","Buffer"],"relics":["Cracked Core","swapstartingdeckmod:Bellows","Omamori","Singing Bowl","Sozu","Bronze Scales","Bottled Flame","Ancient Tea Set","Juzu Bracelet"],"acts_visited":["Exordium","TheCity"],"potions_floor_usage":[10,20],"damage_taken":[{"damage":0,"enemies":"Jaw Worm","floor":1,"turns":2},{"damage":0,"enemies":"2 Louse","floor":7,"turns":2},{"damage":0,"enemies":"Lagavulin","floor":10,"turns":3},{"damage":0,"enemies":"Cultist","floor":11,"turns":2},{"damage":0,"enemies":"Gremlin Gang","floor":13,"turns":3},{"damage":11,"enemies":"3 Sentries","floor":14,"turns":5},{"damage":0,"enemies":"Hexaghost","floor":16,"turns":6},{"damage":0,"enemies":"Chosen","floor":18,"turns":3},{"damage":0,"enemies":"Spheric Guardian","floor":19,"turns":2},{"damage":0,"enemies":"Centurion and Healer","floor":20,"turns":3},{"damage":12,"enemies":"Cultist and Chosen","floor":21,"turns":3},{"damage":0,"enemies":"Gremlin Leader","floor":23,"turns":2},{"damage":0,"enemies":"Snecko","floor":25,"turns":2},{"damage":6,"enemies":"Chosen and Byrds","floor":28,"turns":3},{"damage":24,"enemies":"Slavers","floor":30,"turns":3},{"damage":0,"enemies":"Centurion and Healer","floor":31,"turns":2},{"damage":24,"enemies":"Collector","floor":33,"turns":4}],"seed_played":"-1474101839105003853","potions_obtained":[{"floor":1,"key":"FocusPotion"},{"floor":11,"key":"Dexterity Potion"},{"floor":14,"key":"LiquidBronze"}],"is_trial":false,"path_per_floor":["M","?","$","?","?","R","M","R","T","E","M","?","M","E","R","B",null,"M","M","M","M","$","E","R","M","T","R","M","R","E","M","R","B",null],"character_chosen":"DEFECT","items_purchased":["All For One","Bronze Scales","Flash of Steel"],"campfire_rested":0,"item_purchase_floors":[3,22,22],"current_hp_per_floor":[75,60,60,60,49,49,49,49,49,49,49,49,49,40,40,40,77,79,81,81,71,71,71,71,73,73,73,67,67,45,45,45,21,21,21],"gold":380,"neow_bonus":"","is_daily":false,"chose_seed":false,"campfire_upgraded":7,"win_rate":0.0,"timestamp":1612980148,"path_taken":["M","?","$","?","?","R","M","R","T","E","M","?","M","E","R","BOSS","M","M","M","M","$","E","R","M","T","R","M","R","E","M","R","BOSS"],"items_purchased_type":["Card","Relic","Card"],"build_version":"2020-12-22","purchased_purges":0,"victory":false,"max_hp_per_floor":[75,75,75,75,75,75,75,75,75,75,75,75,75,77,77,77,77,79,81,81,83,83,83,83,85,85,85,85,85,87,87,87,87,87,87],"card_choices":[{"not_picked":["Glacier","Conserve Battery","Sweeping Beam"],"picked":"SKIP","floor":1},{"not_picked":["Hologram","Defragment"],"picked":"Go for the Eyes","floor":7},{"not_picked":["Amplify","Steam Power","Undo"],"picked":"SKIP","floor":10},{"not_picked":["Undo","Turbo","Ball Lightning"],"picked":"SKIP","floor":11},{"not_picked":["Coolheaded","Leap","Compile Driver"],"picked":"SKIP","floor":13},{"not_picked":["Ball Lightning","Sunder","Creative AI"],"picked":"Singing Bowl","floor":14},{"not_picked":["Reboot","Machine Learning"],"picked":"All For One","floor":16},{"not_picked":["Glacier","Sweeping Beam","Heatsinks"],"picked":"Singing Bowl","floor":18},{"not_picked":["Force Field","Ball Lightning","Go for the Eyes"],"picked":"Singing Bowl","floor":19},{"not_picked":["Force Field","Static Discharge"],"picked":"Beam Cell","floor":20},{"not_picked":["Cold Snap","Compile Driver+1","Reinforced Body"],"picked":"Singing Bowl","floor":21},{"not_picked":["Compile Driver","Chaos"],"picked":"All For One","floor":23},{"not_picked":["Gash","Cold Snap+1","Lockon"],"picked":"Singing Bowl","floor":25},{"not_picked":["Scrape","Streamline"],"picked":"Echo Form","floor":28},{"not_picked":["Heatsinks","Steam+1","Streamline+1"],"picked":"Singing Bowl","floor":30},{"not_picked":["Rebound+1","Leap"],"picked":"Hologram","floor":31},{"not_picked":["Amplify","Core Surge"],"picked":"Buffer","floor":33}],"player_experience":374358,"relics_obtained":[{"floor":10,"key":"Omamori"},{"floor":14,"key":"Singing Bowl"},{"floor":23,"key":"Bottled Flame"},{"floor":26,"key":"Ancient Tea Set"},{"floor":30,"key":"Juzu Bracelet"}],"event_choices":[{"damage_healed":0,"gold_gain":0,"player_choice":"Entered Light","damage_taken":15,"max_hp_gain":0,"max_hp_loss":0,"event_name":"Shining Light","floor":2,"gold_loss":0,"cards_upgraded":["Steam","Gash"]},{"damage_healed":0,"gold_gain":0,"player_choice":"Grow","damage_taken":0,"max_hp_gain":0,"max_hp_loss":0,"event_name":"Living Wall","floor":4,"gold_loss":0,"cards_upgraded":["Reprogram"]},{"damage_healed":0,"gold_gain":75,"player_choice":"Gather Gold","damage_taken":11,"max_hp_gain":0,"max_hp_loss":0,"event_name":"World of Goop","floor":5,"gold_loss":0},{"damage_healed":0,"gold_gain":0,"player_choice":"Cursed","damage_taken":0,"max_hp_gain":0,"max_hp_loss":0,"event_name":"Wheel of Change","floor":12,"gold_loss":0,"cards_obtained":["Decay"]}],"is_beta":false,"boss_relics":[{"not_picked":["Black Star","Tiny House"],"picked":"Sozu"}],"items_purged_floors":[],"is_endless":false,"potions_floor_spawned":[1,11,14,18,19,23,25,30,31],"ascension_level":3}}