{"host":"fhujvjnj99vjue08","time":1612977879,"event":{"mods":["2.2 Compatiblity","AchievementEnabler","Aspiration","Astrologer","BaseMod","Beaked The Cultist","BetterRewards","CatGirl Mod","Colored Map","Colored Powertips","Conjunction","Conspire","Custom Start","Downfall","Friendly Minions","GifTheSpireLib","Googly Eyes","Halation","Highlight Path","Hubris","Hyrulean Relics","Infinite Spire","Magitek Elite","Mimic Mod","Minty Spire (QoL Compilation)","Replay The Spire","Reworked Bosses","Shop Mod","StSLib","Strawberry Spire","Stuff the Spire","The Bug Knight","The Gatherer","The Jungle","The Servant 0.9.4","TheBandit","TheFirefly","egg","thorton"],"gold_per_floor":[99,114,564,576,595,31,31,31,31,66,66,76,76,88,103,203,203,3,19,33,33,33,66,93,118,132,244,259,259,259,259],"floor_reached":29,"language":"ENG","playtime":2955,"items_purged":["downfall:Icky"],"score":356,"play_id":"22e383e2-081e-4d17-ab16-e1c1bbd89879","local_time":"20210210172439","is_ascension_mode":true,"campfire_choices":[{"floor":1,"key":"RECALL"},{"data":"champ:Endure","floor":8,"key":"SMITH"},{"floor":13,"key":"REST"},{"data":"champ:Taunt","floor":18,"key":"SMITH"}],"circlet_count":0,"master_deck":["champ:Strike","champ:Strike","champ:Strike","champ:Strike","champ:Defend","champ:Defend","champ:Defend","champ:Defend","champ:Execute","champ:Taunt+1","champ:RapidStrikes","downfall:Icky","champ:RisingSlash","champ:Encircle","champ:GladiatorStyle","champ:Endure+1","champ:DeathBlow","champ:GladiatorStyle","champ:Shatter","champ:PerfectedStrike","champ:SwordThrow","champ:ShieldSlam","champ:BerserkersShout","champ:PreciseThrust+1","champ:EnGarde","champ:RapidStrikes","hubris:NaturalOne"],"relics":["champ:ChampionCrown","MerchantsRug","HornCleat","Darkstone Periapt","StuffTheSpire:Barrel","Replay:Rubber Ducky","Busted Crown","downfall:HeartBlessingRed","downfall:HeartBlessingGreen","halation:PinkSoulGem","hubris:Icosahedron","halation:PenCase","Pet Ghost","hubris:Potato"],"acts_visited":["Exordium","Exordium"],"potions_floor_usage":[14,16,16,19,23],"damage_taken":[{"damage":10,"enemies":"2 Louse","floor":2,"turns":3},{"damage":22,"enemies":"Jaw Worm","floor":4,"turns":5},{"damage":14,"enemies":"Small Slimes","floor":5,"turns":4},{"damage":10,"enemies":"downfall:FleeingMerchant","floor":6,"turns":4},{"damage":36,"enemies":"3 Sentries","floor":10,"turns":10},{"damage":16,"enemies":"3 Louse","floor":12,"turns":3},{"damage":10,"enemies":"Large Slime","floor":14,"turns":8},{"damage":1,"enemies":"Exordium Wildlife","floor":15,"turns":4},{"damage":20,"enemies":"IC_STATUS_ARCHETYPE","floor":16,"turns":6},{"damage":26,"enemies":"theJungle:Flameango_and_Byrd","floor":19,"turns":5},{"damage":10,"enemies":"theJungle:GiantWrat","floor":20,"turns":4},{"damage":74,"enemies":"theJungle:MamaSnecko","floor":23,"turns":7},{"damage":46,"enemies":"theJungle:Cassacara","floor":25,"turns":7},{"damage":22,"enemies":"theJungle:SlimyTreeVines","floor":26,"turns":7},{"damage":0,"enemies":"theJungle:2_Flameangoes","floor":28,"turns":1},{"damage":0,"enemies":"theJungle:JungleHuntersEncounter","floor":29,"turns":1}],"seed_played":"5296240128124655026","potions_obtained":[{"floor":2,"key":"Elixir"},{"floor":10,"key":"AttackPotion"},{"floor":12,"key":"Languid Potion"},{"floor":15,"key":"Fire Potion"},{"floor":16,"key":"Block Potion"},{"floor":20,"key":"Block Potion"},{"floor":28,"key":"SteroidPotion"}],"is_trial":false,"path_per_floor":["R","M","?","M","M","$","T","R","?","E","?","M","R","M","M","B",null,"R","M","M","?","?","E","T","E","M","?","M","M"],"character_chosen":"THE_CHAMP","items_purchased":["MerchantsRug","HornCleat","champ:Endure"],"campfire_rested":1,"item_purchase_floors":[6,6,6],"current_hp_per_floor":[81,81,81,69,65,65,65,65,58,55,55,49,81,81,80,80,108,108,100,108,108,108,62,62,36,35,8,8,14,14,14],"gold":259,"neow_bonus":"TWENTY_PERCENT_HP_BONUS","is_daily":false,"chose_seed":false,"campfire_upgraded":2,"win_rate":0.0,"timestamp":1612977879,"path_taken":["R","M","?","M","M","$","T","R","?","E","?","M","R","M","M","BOSS","R","M","M","?","?","E","T","E","M","?","M","?"],"items_purchased_type":["Relic","Relic","Card"],"build_version":"2020-12-22","purchased_purges":1,"victory":false,"max_hp_per_floor":[108,108,108,108,108,108,108,108,108,108,108,108,108,108,108,108,108,108,108,108,108,108,108,108,108,108,108,108,114,114,114],"card_choices":[{"not_picked":["champ:EndlessRage","champ:BringItOn"],"picked":"champ:RapidStrikes","floor":2},{"not_picked":["champ:GutPunch","champ:Backstep"],"picked":"champ:RisingSlash","floor":4},{"not_picked":["champ:BladeFlurry","champ:HeartStrike"],"picked":"champ:Encircle","floor":5},{"not_picked":["champ:BerserkersShout","champ:Backstep"],"picked":"champ:GladiatorStyle","floor":6},{"not_picked":["champ:BerserkersShout","champ:BringItOn"],"picked":"champ:DeathBlow","floor":10},{"not_picked":["champ:RecklessLeap","champ:SteelEdge"],"picked":"champ:GladiatorStyle","floor":12},{"not_picked":["champ:EnragedBash","champ:FalseCounter"],"picked":"champ:Shatter","floor":14},{"not_picked":["champ:PreemptiveStrike","champ:Circumvent"],"picked":"champ:PerfectedStrike","floor":15},{"not_picked":["champ:IgnorePain","champ:StrikeOfGenius"],"picked":"champ:SwordThrow","floor":16},{"not_picked":[],"picked":"champ:ShieldSlam","floor":19},{"not_picked":[],"picked":"champ:BerserkersShout","floor":20},{"not_picked":[],"picked":"champ:PreciseThrust+1","floor":23},{"not_picked":["champ:BladeFlurry"],"picked":"SKIP","floor":25},{"not_picked":["champ:GutPunch"],"picked":"SKIP","floor":26},{"not_picked":[],"picked":"champ:EnGarde","floor":27},{"not_picked":[],"picked":"champ:RapidStrikes","floor":27},{"not_picked":["champ:PerfectedStrike"],"picked":"SKIP","floor":28}],"player_experience":330629,"relics_obtained":[{"floor":7,"key":"Darkstone Periapt"},{"floor":10,"key":"Replay:Rubber Ducky"},{"floor":23,"key":"halation:PenCase"},{"floor":24,"key":"Pet Ghost"},{"floor":25,"key":"hubris:Potato"}],"event_choices":[{"damage_healed":0,"gold_gain":0,"player_choice":"Success","damage_taken":7,"relics_obtained":["StuffTheSpire:Barrel"],"max_hp_gain":0,"max_hp_loss":0,"event_name":"Scrap Ooze","floor":9,"gold_loss":0},{"cards_removed":["downfall:Icky"],"damage_healed":0,"gold_gain":0,"player_choice":"Card Removal","damage_taken":0,"max_hp_gain":0,"max_hp_loss":0,"event_name":"The Cleric","floor":11,"gold_loss":0}],"is_beta":false,"boss_relics":[{"not_picked":["halation:PinkAlligatorPlush","Ring of Chaos"],"picked":"Busted Crown"}],"items_purged_floors":[6],"is_endless":false,"potions_floor_spawned":[2,10,12,15,16,20,28],"killed_by":"theJungle:JungleHuntersEncounter","ascension_level":1}}