{"host":"xivxriq6evn7ck0f","time":1612959793,"event":{"mods":["AchievementEnabler","BaseMod","Infinite Spire","Minty Spire (QoL Compilation)","StSLib"],"gold_per_floor":[116,131,56,56,56,56,2,2,2,21,52,70,90,104,104,232,232,247,162,162,162,162,193,209,225,225,125,125,163,163,10,10,10,10],"floor_reached":33,"language":"ENG","playtime":2015,"items_purged":["Defend_R","Strike_R"],"score":322,"play_id":"7d498f2a-0d13-4d48-9de5-2059eb7933ef","local_time":"20210210132313","is_ascension_mode":true,"campfire_choices":[{"floor":6,"key":"REST"},{"data":"Havoc","floor":8,"key":"SMITH"},{"data":"Anger","floor":15,"key":"SMITH"},{"data":"infinitespire:UltimateForm","floor":28,"key":"SMITH"},{"data":"Infernal Blade","floor":30,"key":"SMITH"},{"data":"Limit Break","floor":32,"key":"SMITH"}],"circlet_count":0,"master_deck":["Strike_R","Strike_R","Strike_R","Strike_R","Defend_R","Defend_R","Defend_R","Bash","Anger+1","Shrug It Off","infinitespire:UltimateForm+1","Havoc+1","Bloodletting","Feed","Body Slam","Battle Trance+1","Infernal Blade+1","Limit Break+1"],"relics":["Burning Blood","Golden Idol","FossilizedHelix","Regal Pillow","Velvet Choker","Sundial","Juzu Bracelet","Happy Flower","Champion Belt","infinitespire:ShieldingShard","Mercury Hourglass"],"acts_visited":["Exordium","TheCity"],"potions_floor_usage":[13,16,18,24,33,33],"damage_taken":[{"damage":3,"enemies":"2 Louse","floor":1,"turns":3},{"damage":5,"enemies":"Small Slimes","floor":2,"turns":3},{"damage":0,"enemies":"infinitespire:Voidling","floor":10,"turns":3},{"damage":26,"enemies":"3 Sentries","floor":11,"turns":8},{"damage":15,"enemies":"Lots of Slimes","floor":12,"turns":4},{"damage":7,"enemies":"Exordium Wildlife","floor":13,"turns":6},{"damage":0,"enemies":"Looter","floor":14,"turns":3},{"damage":33,"enemies":"Hexaghost","floor":16,"turns":8},{"damage":22,"enemies":"Shell Parasite","floor":18,"turns":8},{"damage":35,"enemies":"Gremlin Leader","floor":23,"turns":8},{"damage":17,"enemies":"3 Byrds","floor":24,"turns":5},{"damage":9,"enemies":"3 Cultists","floor":25,"turns":5},{"damage":51,"enemies":"Book of Stabbing","floor":29,"turns":7},{"damage":21,"enemies":"Champ","floor":33,"turns":5}],"seed_played":"3370018673683449781","potions_obtained":[{"floor":2,"key":"Ancient Potion"},{"floor":12,"key":"Regen Potion"},{"floor":14,"key":"Weak Potion"},{"floor":16,"key":"ColorlessPotion"},{"floor":18,"key":"SkillPotion"},{"floor":23,"key":"DistilledChaos"},{"floor":29,"key":"Dexterity Potion"}],"is_trial":false,"path_per_floor":["M","M","$","?","?","R","$","R","T","M","E","M","M","M","R","B",null,"M","?","AVR","?","?","E","M","M","T","$","R","E","R","$","R","B"],"character_chosen":"IRONCLAD","items_purchased":["Havoc","Limit Break"],"campfire_rested":1,"item_purchase_floors":[7,31],"current_hp_per_floor":[59,60,60,40,20,44,44,44,44,50,30,21,35,41,41,14,80,67,67,67,93,93,64,56,56,56,56,56,11,11,11,11,0,0],"gold":10,"neow_bonus":"THREE_RARE_CARDS","is_daily":false,"chose_seed":false,"campfire_upgraded":5,"win_rate":0.0,"timestamp":1612959793,"path_taken":["M","M","$","?","?","R","$","R","T","M","E","M","M","M","R","BOSS","M","?","AVR","?","?","E","M","M","T","$","R","E","R","$","R","BOSS"],"items_purchased_type":["Card","Card"],"build_version":"2020-12-22","purchased_purges":2,"victory":false,"max_hp_per_floor":[80,80,80,80,80,80,80,80,80,80,80,80,80,80,80,80,80,83,83,83,93,93,93,96,99,99,99,99,99,99,99,99,99,99],"card_choices":[{"not_picked":["Berserk","Corruption"],"picked":"Demon Form","floor":0},{"not_picked":["Spot Weakness","Wild Strike"],"picked":"Anger","floor":1},{"not_picked":["Perfected Strike","Clothesline"],"picked":"Shrug It Off","floor":2},{"not_picked":["infinitespire:DeathsTouch","infinitespire:Starlight"],"picked":"infinitespire:UltimateForm","floor":4},{"not_picked":["Havoc","Combust","Flex"],"picked":"SKIP","floor":10},{"not_picked":["Armaments","Searing Blow"],"picked":"Bloodletting","floor":11},{"not_picked":["Intimidate","Ghostly Armor","Brutality"],"picked":"SKIP","floor":12},{"not_picked":["Perfected Strike","Twin Strike","Flex"],"picked":"SKIP","floor":13},{"not_picked":["Spot Weakness","Sever Soul","True Grit"],"picked":"SKIP","floor":14},{"not_picked":["Impervious","Double Tap"],"picked":"Feed","floor":16},{"not_picked":["Disarm+1","Havoc","Uppercut"],"picked":"SKIP","floor":18},{"not_picked":["Twin Strike+1","Flex"],"picked":"Body Slam","floor":23},{"not_picked":["Dark Embrace","Havoc"],"picked":"Battle Trance+1","floor":24},{"not_picked":["Clash+1","Hemokinesis","Wild Strike"],"picked":"SKIP","floor":25},{"not_picked":["Cleave+1","Blood for Blood"],"picked":"Infernal Blade","floor":29}],"player_experience":179220,"relics_obtained":[{"floor":9,"key":"FossilizedHelix"},{"floor":11,"key":"Regal Pillow"},{"floor":23,"key":"Champion Belt"},{"floor":26,"key":"infinitespire:ShieldingShard"},{"floor":29,"key":"Mercury Hourglass"}],"event_choices":[{"damage_healed":0,"gold_gain":0,"player_choice":"Take Damage","damage_taken":20,"relics_obtained":["Golden Idol"],"max_hp_gain":0,"max_hp_loss":0,"event_name":"Golden Idol","floor":5,"gold_loss":0},{"damage_healed":0,"gold_gain":0,"player_choice":"Obtained Relic","damage_taken":0,"relics_obtained":["Sundial"],"max_hp_gain":0,"max_hp_loss":0,"event_name":"Addict","floor":19,"gold_loss":85},{"cards_removed":["Demon Form"],"damage_healed":16,"gold_gain":0,"player_choice":"Offered Rare","damage_taken":0,"max_hp_gain":10,"max_hp_loss":0,"event_name":"Bonfire Elementals","floor":21,"gold_loss":0},{"damage_healed":0,"gold_gain":0,"player_choice":"Gave Potion","damage_taken":0,"relics_obtained":["Happy Flower"],"max_hp_gain":0,"max_hp_loss":0,"event_name":"WeMeetAgain","floor":22,"gold_loss":0}],"is_beta":false,"boss_relics":[{"not_picked":["Philosopher\u0027s Stone","Runic Cube"],"picked":"Velvet Choker"}],"items_purged_floors":[3,27],"is_endless":false,"potions_floor_spawned":[2,12,14,16,18,23,29],"killed_by":"Champ","ascension_level":1}}