{"host":"gobyjzz6xbwq9f9i","time":1612924550,"event":{"mods":["AchievementEnabler","BaseMod","Bestiary","Colored Map","Minty Spire (QoL Compilation)","Relic Stats"],"gold_per_floor":[110,121,121,135,150,150,176,176,176,188,208,208,238,258,258,361,361,371,371,389,13,29,29,40,54,103,103,121,154,154,189,189,288,288,298,308,308,308,318,318,352,352,398,410,410,442,455,85,85,85],"floor_reached":51,"language":"ENG","playtime":2990,"items_purged":["Strike_B","Strike_B"],"score":1092,"play_id":"0a87fb74-8613-4f2d-a3b8-a56b54b82648","local_time":"20210209183550","is_ascension_mode":true,"campfire_choices":[{"data":"Ball Lightning","floor":6.0,"key":"SMITH"},{"data":"Cold Snap","floor":8.0,"key":"SMITH"},{"data":"Beam Cell","floor":15.0,"key":"SMITH"},{"data":"Coolheaded","floor":23.0,"key":"SMITH"},{"data":"Seek","floor":27.0,"key":"SMITH"},{"floor":32.0,"key":"REST"},{"data":"Biased Cognition","floor":40.0,"key":"SMITH"},{"data":"Defragment","floor":42.0,"key":"SMITH"},{"data":"Coolheaded","floor":45.0,"key":"SMITH"},{"floor":49,"key":"REST"}],"circlet_count":0,"master_deck":["AscendersBane","Strike_B","Defend_B","Defend_B","Defend_B","Defend_B","Zap","Dualcast","BootSequence","Ball Lightning","Ball Lightning+1","Leap","Cold Snap+1","Coolheaded+1","Beam Cell+1","Genetic Algorithm","Echo Form","Aggregate","Tempest+1","Chill","Barrage+1","Seek+1","Coolheaded+1","Defragment+1","Turbo","Biased Cognition+1","Capacitor+1","Reinforced Body+1","Consume+1","Darkness+1","Amplify","Go for the Eyes+1"],"relics":["Cracked Core","Kunai","White Beast Statue","HornCleat","SacredBark","The Courier","Centennial Puzzle","Matryoshka","Toy Ornithopter","Regal Pillow","Ancient Tea Set","Inserter","Potion Belt","Shuriken","Smiling Mask","Vajra","OrangePellets","Bottled Tornado"],"acts_visited":["Exordium","TheCity","TheBeyond"],"potions_floor_usage":[47,50],"damage_taken":[{"damage":4.0,"enemies":"Jaw Worm","floor":1.0,"turns":5.0},{"damage":0.0,"enemies":"2 Louse","floor":2.0,"turns":3.0},{"damage":1.0,"enemies":"Cultist","floor":4.0,"turns":3.0},{"damage":6.0,"enemies":"Exordium Thugs","floor":5.0,"turns":3.0},{"damage":11.0,"enemies":"Lagavulin","floor":7.0,"turns":6.0},{"damage":0.0,"enemies":"Exordium Wildlife","floor":10.0,"turns":2.0},{"damage":0.0,"enemies":"Red Slaver","floor":11.0,"turns":3.0},{"damage":9.0,"enemies":"Gremlin Nob","floor":13.0,"turns":3.0},{"damage":0.0,"enemies":"2 Fungi Beasts","floor":14.0,"turns":2.0},{"damage":10.0,"enemies":"The Guardian","floor":16.0,"turns":11.0},{"damage":5.0,"enemies":"3 Byrds","floor":18.0,"turns":5.0},{"damage":0.0,"enemies":"Spheric Guardian","floor":20.0,"turns":3.0},{"damage":16.0,"enemies":"Shelled Parasite and Fungi","floor":22.0,"turns":7.0},{"damage":11.0,"enemies":"Snecko","floor":24.0,"turns":4.0},{"damage":6.0,"enemies":"Sentry and Sphere","floor":25.0,"turns":7.0},{"damage":2.0,"enemies":"3 Cultists","floor":28.0,"turns":5.0},{"damage":13.0,"enemies":"Gremlin Leader","floor":29.0,"turns":7.0},{"damage":3.0,"enemies":"Book of Stabbing","floor":31.0,"turns":5.0},{"damage":12.0,"enemies":"Champ","floor":33.0,"turns":13.0},{"damage":3.0,"enemies":"3 Darklings","floor":35.0,"turns":6.0},{"damage":14.0,"enemies":"3 Shapes","floor":36.0,"turns":5.0},{"damage":0.0,"enemies":"Maw","floor":39.0,"turns":5.0},{"damage":4.0,"enemies":"Reptomancer","floor":41.0,"turns":8.0},{"damage":6.0,"enemies":"Spire Growth","floor":44.0,"turns":6.0},{"damage":17,"enemies":"Nemesis","floor":46,"turns":7},{"damage":0,"enemies":"4 Shapes","floor":47,"turns":7},{"damage":14,"enemies":"Awakened One","floor":50,"turns":14}],"seed_played":"-3694947688732756159","potions_obtained":[{"floor":0.0,"key":"PotionOfCapacity"},{"floor":0.0,"key":"AttackPotion"},{"floor":0.0,"key":"ColorlessPotion"},{"floor":2.0,"key":"Swift Potion"},{"floor":7.0,"key":"FearPotion"},{"floor":10.0,"key":"AttackPotion"},{"floor":13.0,"key":"Weak Potion"},{"floor":14.0,"key":"EntropicBrew"},{"floor":16.0,"key":"LiquidMemories"},{"floor":18.0,"key":"Ancient Potion"},{"floor":22.0,"key":"BlessingOfTheForge"},{"floor":24.0,"key":"Explosive Potion"},{"floor":25.0,"key":"ColorlessPotion"},{"floor":28.0,"key":"LiquidMemories"},{"floor":29.0,"key":"AttackPotion"},{"floor":31.0,"key":"Energy Potion"},{"floor":33.0,"key":"BlessingOfTheForge"},{"floor":38.0,"key":"LiquidMemories"},{"floor":38.0,"key":"BlessingOfTheForge"},{"floor":39.0,"key":"BlessingOfTheForge"},{"floor":41.0,"key":"EssenceOfDarkness"},{"floor":44.0,"key":"SpeedPotion"},{"floor":46,"key":"EntropicBrew"},{"floor":47,"key":"AttackPotion"}],"is_trial":false,"path_per_floor":["M","M","?","M","M","R","E","R","T","M","M","?","E","M","R","B",null,"M","?","M","$","M","R","M","M","T","R","M","E","?","E","R","B",null,"M","M","?","?","M","R","E","R","T","M","R","E","M","$","R","B",null],"character_chosen":"DEFECT","items_purchased":["Centennial Puzzle","Matryoshka","OrangePellets","Bottled Tornado"],"campfire_rested":2,"item_purchase_floors":[21,21,48,48],"current_hp_per_floor":[64,64,57,56,50,50,39,39,39,39,39,39,30,30,30,20,61,56,56,56,56,40,40,29,23,23,23,26,18,18,20,57,60,71,68,54,54,59,64,64,65,65,65,59,59,42,47,47,75,61],"gold":85,"neow_bonus":"THREE_SMALL_POTIONS","is_daily":false,"chose_seed":false,"campfire_upgraded":8,"win_rate":0.0,"timestamp":1612924550,"path_taken":["M","M","?","M","M","R","E","R","T","M","M","?","E","M","R","BOSS","M","?","M","$","M","R","M","M","T","R","M","E","?","E","R","BOSS","M","M","?","?","M","R","E","R","T","M","R","E","M","$","R","BOSS"],"items_purchased_type":["Relic","Relic","Relic","Relic"],"build_version":"2020-12-22","purchased_purges":2,"victory":true,"max_hp_per_floor":[75,75,75,75,75,75,75,75,75,75,75,75,75,75,75,75,75,75,75,75,75,75,75,75,75,75,75,75,75,75,75,75,75,75,75,75,75,75,75,75,75,75,75,75,75,75,75,75,75,75],"relic_stats":{"OrangePellets":[1],"Centennial Puzzle":[39],"Regal Pillow":21,"Inserter":[25],"counters":[27,155],"Shuriken":[1],"Kunai":[32],"Smiling Mask":30,"obtain_stats":[{"Potion Belt":41,"Regal Pillow":29,"Inserter":34,"SacredBark":17,"Vajra":46,"The Courier":19,"Bottled Tornado":48,"Ancient Tea Set":31,"Smiling Mask":43,"White Beast Statue":9,"OrangePellets":48,"Centennial Puzzle":21,"HornCleat":13,"Matryoshka":21,"Shuriken":43,"Kunai":7,"Cracked Core":0,"Toy Ornithopter":26},{"Potion Belt":23,"Regal Pillow":17,"Inserter":19,"SacredBark":10,"Vajra":25,"The Courier":11,"Bottled Tornado":26,"Ancient Tea Set":18,"Smiling Mask":23,"White Beast Statue":5,"OrangePellets":26,"Centennial Puzzle":12,"HornCleat":8,"Matryoshka":12,"Shuriken":23,"Kunai":5,"Cracked Core":0,"Toy Ornithopter":15},{"Potion Belt":121,"Regal Pillow":79,"Inserter":97,"SacredBark":41,"Vajra":134,"The Courier":46,"Bottled Tornado":141,"Ancient Tea Set":84,"Smiling Mask":121,"White Beast Statue":20,"OrangePellets":141,"Centennial Puzzle":49,"HornCleat":28,"Matryoshka":49,"Shuriken":121,"Kunai":20,"Cracked Core":0,"Toy Ornithopter":67}],"Toy Ornithopter":50},"card_choices":[{"not_picked":["Force Field","Skim"],"picked":"BootSequence","floor":1.0},{"not_picked":["Go for the Eyes","Undo"],"picked":"Ball Lightning","floor":2.0},{"not_picked":["Aggregate","Leap"],"picked":"Ball Lightning","floor":4.0},{"not_picked":["Double Energy","Streamline"],"picked":"Leap","floor":5.0},{"not_picked":["Turbo","Hologram"],"picked":"Cold Snap","floor":7.0},{"not_picked":["Rebound","Leap"],"picked":"Compile Driver","floor":10.0},{"not_picked":["Hello World","Multi-Cast"],"picked":"Coolheaded","floor":11.0},{"not_picked":["Ball Lightning","Steam Power"],"picked":"Beam Cell","floor":13.0},{"not_picked":["Heatsinks","Gash"],"picked":"Genetic Algorithm","floor":14.0},{"not_picked":["Reboot","Amplify"],"picked":"Echo Form","floor":16.0},{"not_picked":["Go for the Eyes","Streamline"],"picked":"Aggregate","floor":18.0},{"not_picked":["Stack","Ball Lightning+1"],"picked":"Tempest+1","floor":20.0},{"not_picked":["Gash","Rip and Tear"],"picked":"Chill","floor":22.0},{"not_picked":["Coolheaded","Sunder"],"picked":"Barrage+1","floor":24.0},{"not_picked":["Gash+1","Streamline"],"picked":"Seek","floor":25.0},{"not_picked":["Leap+1","Beam Cell"],"picked":"Coolheaded","floor":28.0},{"not_picked":["Streamline","Ball Lightning"],"picked":"Defragment","floor":29.0},{"not_picked":["Blizzard","Go for the Eyes"],"picked":"Turbo","floor":31.0},{"not_picked":["Core Surge","Electrodynamics"],"picked":"Biased Cognition","floor":33.0},{"not_picked":["Beam Cell","Sweeping Beam+1"],"picked":"Capacitor+1","floor":35.0},{"not_picked":["White Noise","Ball Lightning"],"picked":"Reinforced Body+1","floor":36.0},{"not_picked":["Self Repair+1","Leap+1"],"picked":"Consume+1","floor":39.0},{"not_picked":["Aggregate","Sweeping Beam"],"picked":"Darkness+1","floor":41.0},{"not_picked":["Cold Snap","Rebound+1","Sweeping Beam"],"picked":"SKIP","floor":44.0},{"not_picked":["Redo+1","Gash"],"picked":"Amplify","floor":46},{"not_picked":["Streamline","Capacitor+1"],"picked":"Go for the Eyes+1","floor":47}],"player_experience":1318259,"relics_obtained":[{"floor":7.0,"key":"Kunai"},{"floor":9.0,"key":"White Beast Statue"},{"floor":13.0,"key":"HornCleat"},{"floor":26.0,"key":"Toy Ornithopter"},{"floor":29.0,"key":"Regal Pillow"},{"floor":31.0,"key":"Ancient Tea Set"},{"floor":41.0,"key":"Potion Belt"},{"floor":43.0,"key":"Shuriken"},{"floor":43.0,"key":"Smiling Mask"},{"floor":46,"key":"Vajra"}],"event_choices":[{"cards_removed":["Strike_B"],"damage_healed":0.0,"max_hp_gain":0.0,"max_hp_loss":0.0,"gold_gain":0.0,"event_name":"Golden Wing","player_choice":"Card Removal","floor":3.0,"gold_loss":0.0,"damage_taken":7.0},{"damage_healed":0.0,"max_hp_gain":0.0,"max_hp_loss":0.0,"gold_gain":0.0,"event_name":"Liars Game","player_choice":"Ignored","floor":12.0,"gold_loss":0.0,"damage_taken":0.0},{"damage_healed":0.0,"max_hp_gain":0.0,"max_hp_loss":0.0,"gold_gain":0.0,"event_name":"The Mausoleum","player_choice":"Opened","floor":19.0,"gold_loss":0.0,"damage_taken":0.0,"relics_obtained":["The Courier"]},{"damage_healed":0.0,"max_hp_gain":0.0,"max_hp_loss":0.0,"gold_gain":0.0,"event_name":"Cursed Tome","player_choice":"Ignored","floor":30.0,"gold_loss":0.0,"damage_taken":0.0},{"cards_removed":["Compile Driver"],"damage_healed":0.0,"max_hp_gain":0.0,"max_hp_loss":0.0,"gold_gain":0.0,"event_name":"Falling","player_choice":"Removed Attack","floor":37.0,"gold_loss":0.0,"damage_taken":0.0},{"damage_healed":0.0,"max_hp_gain":0.0,"max_hp_loss":0.0,"gold_gain":0.0,"event_name":"Lab","player_choice":"Got Potions","floor":38.0,"gold_loss":0.0,"damage_taken":0.0}],"is_beta":false,"boss_relics":[{"not_picked":["Philosopher\u0027s Stone","Tiny House"],"picked":"SacredBark"},{"not_picked":["FrozenCore","Busted Crown"],"picked":"Inserter"}],"items_purged_floors":[21,48],"is_endless":false,"potions_floor_spawned":[2,7,10,11,13,14,16,18,20,22,24,25,28,29,31,33,35,36,39,41,44,46,47],"ascension_level":10}}