{"host":"6jrd8fn9k88n08be","time":1612981832,"event":{"mods":["BaseMod","Minty Spire (QoL Compilation)","StSLib"],"gold_per_floor":[118,118,118,130,150,150,168,179,206,206,217,247,172,183,183,288,588,603,356,371,371,371],"floor_reached":21,"language":"ENG","playtime":794,"items_purged":["Strike_P","Strike_P"],"score":173,"play_id":"dd83e186-9968-4cda-9919-5083e2640163","local_time":"20210210133032","is_ascension_mode":false,"campfire_choices":[{"data":"PathToVictory","floor":6.0,"key":"SMITH"},{"data":"Eruption","floor":15.0,"key":"SMITH"}],"circlet_count":0,"master_deck":["Strike_P+1","Defend_P","Defend_P","Defend_P","Defend_P","Eruption+1","Vigilance","Clumsy","CrushJoints+1","EmptyFist","PathToVictory+1","EmptyBody","FollowUp","PathToVictory","Alpha","CurseOfTheBell","ClearTheMind+1"],"relics":["PureWater","Du-Vu Doll","Strawberry","MealTicket","Calling Bell","PreservedInsect","Toxic Egg 2","Old Coin","Whetstone"],"acts_visited":["Exordium","TheCity"],"potions_floor_usage":[21],"damage_taken":[{"damage":0.0,"enemies":"2 Louse","floor":1.0,"turns":2.0},{"damage":0.0,"enemies":"Cultist","floor":4.0,"turns":4.0},{"damage":0.0,"enemies":"Jaw Worm","floor":5.0,"turns":1.0},{"damage":6.0,"enemies":"Lots of Slimes","floor":7.0,"turns":4.0},{"damage":14.0,"enemies":"3 Louse","floor":8.0,"turns":3.0},{"damage":5.0,"enemies":"Exordium Wildlife","floor":11.0,"turns":4.0},{"damage":0.0,"enemies":"2 Fungi Beasts","floor":14.0,"turns":2.0},{"damage":16.0,"enemies":"The Guardian","floor":16.0,"turns":7.0},{"damage":33.0,"enemies":"2 Thieves","floor":18.0,"turns":5.0},{"damage":41,"enemies":"Spheric Guardian","floor":20,"turns":6},{"damage":25,"enemies":"Snake Plant","floor":21,"turns":3}],"seed_played":"-5764356497089067619","potions_obtained":[{"floor":8.0,"key":"Strength Potion"},{"floor":11.0,"key":"StancePotion"},{"floor":14.0,"key":"Ambrosia"},{"floor":16.0,"key":"LiquidBronze"}],"is_trial":false,"path_per_floor":["M","?","?","M","M","R","M","M","T","?","M","?","$","M","R","B",null,"M","$","M","M"],"character_chosen":"WATCHER","items_purchased":["Whetstone"],"campfire_rested":0,"item_purchase_floors":[19],"current_hp_per_floor":[72,72,72,72,72,72,66,52,52,52,47,47,62,62,62,46,79,46,61,20,0,0],"gold":371,"neow_bonus":"ONE_RARE_RELIC","is_daily":false,"chose_seed":false,"campfire_upgraded":2,"win_rate":0.0,"timestamp":1612981832,"path_taken":["M","?","?","?","M","R","M","M","T","?","?","?","$","M","R","BOSS","M","$","M","M"],"items_purchased_type":["Relic"],"build_version":"2020-12-22","purchased_purges":2,"victory":false,"max_hp_per_floor":[72,79,79,79,79,79,79,79,79,79,79,79,79,79,79,79,79,79,79,79,79,79],"card_choices":[{"not_picked":["CutThroughFate","Collect"],"picked":"CrushJoints","floor":1.0},{"not_picked":["Crescendo","ClearTheMind"],"picked":"EmptyFist","floor":4.0},{"not_picked":["BowlingBash","BattleHymn"],"picked":"PathToVictory","floor":5.0},{"not_picked":["Crescendo","DeusExMachina","EmptyBody"],"picked":"SKIP","floor":7.0},{"not_picked":["BattleHymn","FollowUp"],"picked":"EmptyBody","floor":8.0},{"not_picked":["ForeignInfluence","ThirdEye"],"picked":"FollowUp","floor":11.0},{"not_picked":["Conclude","Crescendo"],"picked":"PathToVictory","floor":14.0},{"not_picked":["LessonLearned","Vault"],"picked":"Alpha","floor":16.0},{"not_picked":["Adaptation","Collect+1"],"picked":"ClearTheMind+1","floor":18.0},{"not_picked":["EmptyBody+1","Halt+1","CrushJoints"],"picked":"SKIP","floor":20}],"player_experience":178473,"relics_obtained":[{"floor":9.0,"key":"MealTicket"},{"floor":17.0,"key":"PreservedInsect"},{"floor":17.0,"key":"Toxic Egg 2"},{"floor":17.0,"key":"Old Coin"}],"event_choices":[{"damage_healed":0.0,"max_hp_gain":0.0,"max_hp_loss":0.0,"gold_gain":0.0,"event_name":"Scrap Ooze","player_choice":"Success","floor":2.0,"gold_loss":0.0,"damage_taken":7.0,"relics_obtained":["Strawberry"]},{"cards_removed":["Strike_P"],"damage_healed":0.0,"max_hp_gain":0.0,"max_hp_loss":0.0,"gold_gain":0.0,"event_name":"Bonfire Elementals","player_choice":"Offered Basic","floor":3.0,"gold_loss":0.0,"damage_taken":0.0},{"damage_healed":0.0,"max_hp_gain":0.0,"max_hp_loss":0.0,"gold_gain":0.0,"event_name":"NoteForYourself","player_choice":"Ignored","floor":10.0,"gold_loss":0.0,"damage_taken":0.0},{"damage_healed":0.0,"max_hp_gain":0.0,"max_hp_loss":0.0,"gold_gain":30.0,"event_name":"Dead Adventurer","player_choice":"Searched \u00271\u0027 times","floor":12.0,"gold_loss":0.0,"damage_taken":0.0}],"is_beta":false,"boss_relics":[{"not_picked":["Philosopher\u0027s Stone","Velvet Choker"],"picked":"Calling Bell"}],"items_purged_floors":[13,19],"is_endless":false,"potions_floor_spawned":[8,11,14,16,20],"killed_by":"Snake Plant","ascension_level":0}}