{"host":"sav7uxregyirlf69","time":1612936200,"event":{"mods":["AchievementEnabler","BaseMod","Colored Map","DeckTracker","Keyboard Shortcuts","Minty Spire (QoL Compilation)","READ ME - Guardian Mod","StSLib","SuperFastMode"],"gold_per_floor":[118,130,130,55,65,65,24,38,109,109,109,124,136,148,148,148,148],"floor_reached":16,"language":"KOR","playtime":248,"items_purged":[],"score":188,"play_id":"f51218ce-fe8f-42b3-ad9f-9a7f5aa34c38","local_time":"20210210145000","is_ascension_mode":true,"campfire_choices":[{"data":"Finisher","floor":6,"key":"SMITH"},{"data":"Blade Dance","floor":11,"key":"SMITH"},{"data":"Neutralize","floor":15,"key":"SMITH"}],"circlet_count":0,"master_deck":["AscendersBane","Strike_G","Strike_G","Strike_G","Strike_G","Defend_G","Defend_G","Defend_G","Defend_G","Defend_G","Survivor","Neutralize+1","Quick Slash","Blade Dance+1","Finisher+1","Escape Plan","Escape Plan","Backflip","Blur","PiercingWail"],"relics":["Ring of the Snake","Blood Vial","Question Card","CultistMask"],"acts_visited":["Exordium"],"potions_floor_usage":[16,16],"damage_taken":[{"damage":1,"enemies":"2 Louse","floor":1,"turns":3},{"damage":2,"enemies":"Jaw Worm","floor":2,"turns":6},{"damage":0,"enemies":"Cultist","floor":5,"turns":4},{"damage":3,"enemies":"2 Fungi Beasts","floor":8,"turns":3},{"damage":0,"enemies":"Exordium Wildlife","floor":12,"turns":2},{"damage":26,"enemies":"Exordium Thugs","floor":13,"turns":5},{"damage":0,"enemies":"Looter","floor":14,"turns":2},{"damage":46,"enemies":"Hexaghost","floor":16,"turns":11}],"seed_played":"-767029159143021937","potions_obtained":[{"floor":5,"key":"FearPotion"},{"floor":8,"key":"ColorlessPotion"}],"is_trial":false,"path_per_floor":["M","M","?","?","M","R","$","M","T","?","R","M","M","M","R","B"],"character_chosen":"THE_SILENT","items_purchased":["Escape Plan"],"campfire_rested":0,"item_purchase_floors":[7],"current_hp_per_floor":[60,60,60,60,62,62,62,61,61,61,61,63,39,41,41,0,0],"gold":148,"neow_bonus":"RANDOM_COMMON_RELIC","is_daily":false,"chose_seed":false,"campfire_upgraded":3,"win_rate":0.0,"timestamp":1612936200,"path_taken":["M","M","?","?","M","R","$","M","T","?","R","M","?","M","R","BOSS"],"items_purchased_type":["Card"],"build_version":"2020-12-22","purchased_purges":0,"victory":false,"max_hp_per_floor":[66,66,66,66,66,66,66,66,66,66,66,66,66,66,66,66,66],"card_choices":[{"not_picked":["Backflip","Bane"],"picked":"Quick Slash","floor":1},{"not_picked":["Expertise","Deflect"],"picked":"Blade Dance","floor":2},{"not_picked":["Dodge and Roll","Dagger Spray"],"picked":"Finisher","floor":5},{"not_picked":["Quick Slash","Underhanded Strike"],"picked":"Escape Plan","floor":8},{"not_picked":["Underhanded Strike","Slice","PiercingWail"],"picked":"Backflip","floor":12},{"not_picked":["Prepared","Quick Slash","Deadly Poison"],"picked":"Blur","floor":13},{"not_picked":["Poisoned Stab","Acrobatics","Unload"],"picked":"PiercingWail","floor":14}],"player_experience":1548658,"relics_obtained":[{"floor":9,"key":"Question Card"}],"event_choices":[{"damage_healed":0,"gold_gain":0,"player_choice":"Ignored","damage_taken":0,"max_hp_gain":0,"max_hp_loss":0,"event_name":"Liars Game","floor":3,"gold_loss":0},{"cards_removed":["Strike_G"],"damage_healed":0,"gold_gain":0,"player_choice":"Card Removal","damage_taken":0,"max_hp_gain":0,"max_hp_loss":0,"event_name":"The Cleric","floor":4,"gold_loss":75},{"damage_healed":0,"gold_gain":0,"player_choice":"Trade","damage_taken":0,"relics_obtained":["CultistMask"],"max_hp_gain":0,"max_hp_loss":0,"event_name":"FaceTrader","floor":10,"gold_loss":0}],"is_beta":false,"boss_relics":[],"items_purged_floors":[],"is_endless":false,"potions_floor_spawned":[5,8,14],"killed_by":"Hexaghost","ascension_level":20}}