{"host":"8zow35rkxv448q2r","time":1612987305,"event":{"mods":["AchievementEnabler","BaseMod","Colored Map","Colored Powertips","Minty Spire (QoL Compilation)","Relic Stats"],"gold_per_floor":[115,134,134,134,158,158,158],"floor_reached":6,"language":"ENG","playtime":333,"items_purged":[],"score":61,"play_id":"3956b581-0c7e-46ef-bf81-c7497fcd26c3","local_time":"20210210150145","is_ascension_mode":true,"campfire_choices":[],"circlet_count":0,"master_deck":["AscendersBane","Strike_R","Strike_R","Strike_R","Defend_R","Defend_R","Defend_R","Bash","Offering+1","Evolve+1","Pummel+1","Metallicize","Sword Boomerang","Fire Breathing"],"relics":["Astrolabe","Golden Idol"],"acts_visited":["Exordium"],"potions_floor_usage":[],"damage_taken":[{"damage":20,"enemies":"Small Slimes","floor":1,"turns":5},{"damage":18,"enemies":"Jaw Worm","floor":2,"turns":2},{"damage":6,"enemies":"Cultist","floor":5,"turns":3},{"damage":25,"enemies":"Lagavulin","floor":6,"turns":3}],"seed_played":"1978877983066377328","potions_obtained":[],"is_trial":false,"path_per_floor":["M","M","?","?","M","E"],"character_chosen":"IRONCLAD","items_purchased":[],"campfire_rested":0,"item_purchase_floors":[],"current_hp_per_floor":[48,30,30,30,24,0,0],"gold":158,"neow_bonus":"BOSS_RELIC","is_daily":false,"chose_seed":false,"campfire_upgraded":0,"win_rate":0.0,"timestamp":1612987305,"path_taken":["M","M","?","?","?","E"],"items_purchased_type":[],"build_version":"2020-12-22","purchased_purges":0,"victory":false,"max_hp_per_floor":[75,75,69,69,69,69,69],"relic_stats":{"counters":[4,13],"Golden Idol":5,"Astrolabe":["Offering","Evolve","Pummel"],"obtain_stats":[{"Golden Idol":3,"Astrolabe":0,"Burning Blood":0},{"Golden Idol":2,"Astrolabe":0,"Burning Blood":0},{"Golden Idol":7,"Astrolabe":0,"Burning Blood":0}]},"card_choices":[{"not_picked":["Warcry","Dual Wield"],"picked":"Thunderclap","floor":1},{"not_picked":["Anger","Havoc"],"picked":"Metallicize","floor":2},{"not_picked":["Disarm","Power Through"],"picked":"Fire Breathing","floor":5}],"player_experience":192852,"relics_obtained":[],"event_choices":[{"damage_healed":0,"gold_gain":0,"player_choice":"Lose Max HP","damage_taken":0,"relics_obtained":["Golden Idol"],"max_hp_gain":0,"max_hp_loss":6,"event_name":"Golden Idol","floor":3,"gold_loss":0},{"damage_healed":0,"gold_gain":0,"cards_transformed":["Thunderclap"],"player_choice":"Change","damage_taken":0,"max_hp_gain":0,"max_hp_loss":0,"event_name":"Living Wall","floor":4,"gold_loss":0,"cards_obtained":["Sword Boomerang"]}],"is_beta":false,"boss_relics":[],"items_purged_floors":[],"is_endless":false,"potions_floor_spawned":[],"killed_by":"Lagavulin","ascension_level":14}}