{"host":"wrdw6zkxuilnr6rg","time":1612607907,"event":{"mods":["BaseMod","Bestiary","Colored Powertips","Highlight Path","Minty Spire (QoL Compilation)","Quick Restart","Relic Stats","StSLib"],"gold_per_floor":[113,38,38,38,38,61,22,22,22,22,22,35,35,53,53,182,182,182,182],"floor_reached":18,"language":"ENG","playtime":363,"items_purged":["Strike_G"],"score":198,"play_id":"f18d3131-279a-4d66-b12e-d8716732747b","local_time":"20210206133827","is_ascension_mode":false,"campfire_choices":[{"data":"Neutralize","floor":8,"key":"SMITH"},{"data":"Calculated Gamble","floor":11,"key":"SMITH"},{"data":"Bouncing Flask","floor":15,"key":"SMITH"}],"circlet_count":0,"master_deck":["Strike_G+1","Strike_G+1","Strike_G","Defend_G","Defend_G","Defend_G","Defend_G","Defend_G","Survivor","Neutralize+1","Endless Agony+1","Calculated Gamble+1","Backstab","Heel Hook","Heel Hook","Bouncing Flask+1","After Image","CurseOfTheBell"],"relics":["Ring of the Snake","Golden Idol","Art of War","Calling Bell","Centennial Puzzle","Meat on the Bone","The Specimen"],"acts_visited":["Exordium","TheCity"],"potions_floor_usage":[14,16,16],"damage_taken":[{"damage":0,"enemies":"Cultist","floor":1,"turns":5},{"damage":0,"enemies":"2 Louse","floor":6,"turns":2},{"damage":0,"enemies":"Small Slimes","floor":12,"turns":3},{"damage":0,"enemies":"3 Louse","floor":14,"turns":1},{"damage":0,"enemies":"Hexaghost","floor":16,"turns":6},{"damage":0,"enemies":"3 Byrds","floor":18,"turns":2}],"seed_played":"6019787354000346772","potions_obtained":[{"floor":1,"key":"Poison Potion"},{"floor":6,"key":"Explosive Potion"},{"floor":14,"key":"AttackPotion"}],"is_trial":true,"path_per_floor":["M","$","?","?","?","M","$","R","T","?","R","M","?","M","R","B",null,"M"],"character_chosen":"THE_SILENT","items_purchased":["Backstab"],"campfire_rested":0,"item_purchase_floors":[7],"current_hp_per_floor":[1,1,1,1,1,1,1,1,1,1,1,1,1,1,1,1,1,1,1],"gold":182,"neow_bonus":"","is_daily":false,"chose_seed":false,"campfire_upgraded":3,"win_rate":0.0,"timestamp":1612607907,"path_taken":["M","?","?","?","?","?","$","R","T","?","R","M","?","M","R","BOSS","M"],"items_purchased_type":["Card"],"build_version":"2020-12-22","purchased_purges":1,"victory":false,"max_hp_per_floor":[1,1,1,1,1,1,1,1,1,1,1,1,1,1,1,1,1,1,1],"relic_stats":{"Centennial Puzzle":[0],"counters":[6,19],"Golden Idol":38,"Art of War":[0],"obtain_stats":[{"Calling Bell":17,"Centennial Puzzle":17,"The Specimen":17,"Golden Idol":4,"Art of War":9,"Ring of the Snake":0,"Meat on the Bone":17},{"Calling Bell":5,"Centennial Puzzle":5,"The Specimen":5,"Golden Idol":1,"Art of War":2,"Ring of the Snake":0,"Meat on the Bone":5},{"Calling Bell":17,"Centennial Puzzle":17,"The Specimen":17,"Golden Idol":5,"Art of War":7,"Ring of the Snake":0,"Meat on the Bone":17}],"Ring of the Snake":[14],"Meat on the Bone":0},"card_choices":[{"not_picked":["Distraction","Expertise"],"picked":"Endless Agony","floor":1},{"not_picked":["Accuracy","Concentrate"],"picked":"Calculated Gamble","floor":6},{"not_picked":["Deflect","Tactician"],"picked":"Heel Hook","floor":12},{"not_picked":["Sucker Punch","Eviscerate"],"picked":"Bouncing Flask","floor":14},{"not_picked":["Phantasmal Killer","Wraith Form v2"],"picked":"After Image","floor":16}],"player_experience":1382271,"relics_obtained":[{"floor":9,"key":"Art of War"},{"floor":17,"key":"Centennial Puzzle"},{"floor":17,"key":"Meat on the Bone"},{"floor":17,"key":"The Specimen"}],"event_choices":[{"damage_healed":0,"gold_gain":0,"player_choice":"Ignored","damage_taken":0,"max_hp_gain":0,"max_hp_loss":0,"event_name":"Golden Wing","floor":3,"gold_loss":0},{"damage_healed":0,"gold_gain":0,"player_choice":"Take Damage","damage_taken":0,"relics_obtained":["Golden Idol"],"max_hp_gain":0,"max_hp_loss":0,"event_name":"Golden Idol","floor":4,"gold_loss":0},{"damage_healed":0,"gold_gain":0,"player_choice":"Entered Light","damage_taken":0,"max_hp_gain":0,"max_hp_loss":0,"event_name":"Shining Light","floor":5,"gold_loss":0,"cards_upgraded":["Strike_G","Strike_G"]},{"damage_healed":0,"gold_gain":0,"cards_transformed":["Strike_G"],"player_choice":"Change","damage_taken":0,"max_hp_gain":0,"max_hp_loss":0,"event_name":"Living Wall","floor":10,"gold_loss":0,"cards_obtained":["Heel Hook"]},{"damage_healed":0,"gold_gain":0,"player_choice":"Forge","damage_taken":0,"max_hp_gain":0,"max_hp_loss":0,"event_name":"Accursed Blacksmith","floor":13,"gold_loss":0,"cards_upgraded":["Endless Agony"]}],"is_beta":false,"boss_relics":[{"not_picked":["Tiny House","Velvet Choker"],"picked":"Calling Bell"}],"items_purged_floors":[2],"is_endless":false,"potions_floor_spawned":[1,6,14],"killed_by":"3 Byrds","ascension_level":0}}