{"host":"bz6w3lfmpwgz81o3","time":1612920781,"event":{"mods":["BaseMod","Downfall","Hermit","Minty Spire (QoL Compilation)","StSLib"],"gold_per_floor":[99,99,99,112,97,124,124,124,137,137,122,138,165,165,185,285,285,285,298,298,298,40,40,85,101,115,115,115,115],"floor_reached":27,"language":"ENG","playtime":1428,"items_purged":[],"score":211,"play_id":"0a7b3b9a-0792-47e5-a480-7c6be4ef492e","local_time":"20210210023301","is_ascension_mode":false,"campfire_choices":[],"circlet_count":0,"master_deck":["sneckomod:Strike+1","sneckomod:Strike+1","sneckomod:Strike+1","sneckomod:Defend+1","sneckomod:Defend+1","sneckomod:Defend+1","sneckomod:TailWhip","sneckomod:SnekBite","Juggernaut","sneckomod:Nope","sneckomod:QuickBite","Slimebound:Split","sneckomod:SoulExchange","Wireheading","sneckomod:UnknownStrength","sneckomod:QuickMove","sneckomod:UnknownDraw","Barricade","sneckomod:WideSting+1","sneckomod:UnknownVulnerable+1","sneckomod:UnendingSupply","expansioncontent:QuickStudy","sneckomod:UnknownClassPURPLE","sneckomod:UnknownBlock+1"],"relics":["sneckomod:SneckoSoul","Kunai","Meat on the Bone","bronze:MakeshiftBattery","Ancient Tea Set"],"acts_visited":["Exordium","TheCity"],"potions_floor_usage":[19,19,27],"damage_taken":[{"damage":5,"enemies":"Small Slimes","floor":4,"turns":4},{"damage":5,"enemies":"downfall:FleeingMerchant","floor":5,"turns":4},{"damage":21,"enemies":"Gremlin Nob","floor":6,"turns":5},{"damage":3,"enemies":"Jaw Worm","floor":9,"turns":2},{"damage":3,"enemies":"downfall:FleeingMerchant","floor":11,"turns":4},{"damage":0,"enemies":"2 Louse","floor":12,"turns":4},{"damage":36,"enemies":"Exordium Thugs","floor":13,"turns":5},{"damage":0,"enemies":"3 Louse","floor":15,"turns":3},{"damage":9,"enemies":"SI_SHIV_ARCHETYPE","floor":16,"turns":8},{"damage":11,"enemies":"Spheric Guardian","floor":19,"turns":4},{"damage":20,"enemies":"downfall:FleeingMerchant","floor":22,"turns":4},{"damage":0,"enemies":"Chosen","floor":23,"turns":1},{"damage":13,"enemies":"Snake Plant","floor":25,"turns":4},{"damage":9,"enemies":"Centurion and Healer","floor":26,"turns":4},{"damage":61,"enemies":"Slavers","floor":27,"turns":4}],"seed_played":"-431538149400623211","potions_obtained":[{"floor":4,"key":"Slimebound:ThreeZeroPotion"},{"floor":9,"key":"SkillPotion"},{"floor":13,"key":"EssenceOfSteel"},{"floor":15,"key":"SkillPotion"},{"floor":16,"key":"DistilledChaos"}],"is_trial":false,"path_per_floor":["R","?","?","M","$","E","T","R","M","R","$","M","M","?","M","B",null,"R","M","?","?","$","M","T","M","M","E"],"character_chosen":"THE_SNECKO","items_purchased":["sneckomod:UnendingSupply","expansioncontent:QuickStudy"],"campfire_rested":0,"item_purchase_floors":[22,22],"current_hp_per_floor":[99,99,99,94,89,68,68,68,65,65,62,62,53,53,53,56,99,99,88,88,88,68,68,68,55,58,0,0,0],"gold":115,"neow_bonus":"TEN_PERCENT_HP_BONUS","is_daily":false,"chose_seed":false,"campfire_upgraded":0,"win_rate":0.0,"timestamp":1612920781,"path_taken":["R","?","?","M","$","E","T","R","M","R","$","M","?","?","M","BOSS","R","M","?","?","$","M","T","M","?","E"],"items_purchased_type":["Card","Card"],"build_version":"2020-12-22","purchased_purges":0,"victory":false,"max_hp_per_floor":[99,99,99,99,99,99,99,99,99,99,99,99,99,99,99,99,99,99,99,99,99,99,99,99,99,99,99,99,99],"card_choices":[{"not_picked":["sneckomod:UnknownCommonSkill","sneckomod:QuickBite"],"picked":"sneckomod:UnknownExhaust","floor":4},{"not_picked":["sneckomod:SoulDraw","sneckomod:UnknownCommonAttack"],"picked":"sneckomod:Nope","floor":5},{"not_picked":["sneckomod:UnendingSupply","sneckomod:DiceBlock"],"picked":"sneckomod:QuickBite","floor":6},{"not_picked":["sneckomod:SoulDraw","sneckomod:Unknown1Cost"],"picked":"sneckomod:SoulExchange","floor":9},{"not_picked":["sneckomod:UnknownBlock","sneckomod:MixItUp"],"picked":"sneckomod:UnknownStrength","floor":11},{"not_picked":["sneckomod:IronFang","sneckomod:DiceBoulder"],"picked":"sneckomod:QuickMove","floor":12},{"not_picked":["sneckomod:Memorize","sneckomod:QuickMove"],"picked":"sneckomod:UnknownBlock","floor":13},{"not_picked":["sneckomod:UnknownColorless","sneckomod:Unknown1Cost"],"picked":"sneckomod:UnknownDraw","floor":15},{"not_picked":["sneckomod:SoulExchange","sneckomod:Mudshield"],"picked":"sneckomod:UnknownRarePower","floor":16},{"not_picked":["sneckomod:UnknownUncommonPower","sneckomod:SoulCleanse+1"],"picked":"sneckomod:WideSting+1","floor":19},{"not_picked":["sneckomod:UnknownCommonAttack","sneckomod:UnknownColorless+1"],"picked":"sneckomod:UnknownVulnerable+1","floor":22},{"not_picked":["sneckomod:UnknownClassRED+1","sneckomod:WideSting","sneckomod:UnknownBlock"],"picked":"SKIP","floor":23},{"not_picked":["sneckomod:ImprovisedGuard","sneckomod:ImprovisedAttack+1"],"picked":"sneckomod:UnknownClassPURPLE","floor":25},{"not_picked":["sneckomod:UnknownClassSLIMEBOUND","sneckomod:WideSting"],"picked":"sneckomod:UnknownBlock+1","floor":26}],"player_experience":30097,"relics_obtained":[{"floor":6,"key":"Kunai"},{"floor":7,"key":"Meat on the Bone"},{"floor":24,"key":"Ancient Tea Set"}],"event_choices":[{"damage_healed":0,"gold_gain":0,"player_choice":"Ignored","damage_taken":0,"max_hp_gain":0,"max_hp_loss":0,"event_name":"NoteForYourself","floor":14,"gold_loss":0}],"is_beta":false,"boss_relics":[{"not_picked":["Coffee Dripper","Snecko Eye"],"picked":"bronze:MakeshiftBattery"}],"items_purged_floors":[],"is_endless":false,"potions_floor_spawned":[4,9,13,15,16],"killed_by":"Slavers","ascension_level":0}}