{"host":"minbhrtlkaoly5f0","time":1612927779,"event":{"mods":["Act Like it!","BaseMod","Colored Map","Minty Spire (QoL Compilation)","Quick Restart","StSLib"],"gold_per_floor":[115,132,142,67,78,92,92,92,92,104,127,139,139],"floor_reached":12,"language":"ZHS","playtime":379,"items_purged":["Strike_R"],"score":72,"play_id":"cce690ce-4230-4271-96b8-cace82e3912c","local_time":"20210210112939","is_ascension_mode":false,"campfire_choices":[{"data":"Warcry","floor":7,"key":"SMITH"},{"data":"Second Wind","floor":10,"key":"SMITH"}],"circlet_count":0,"master_deck":["Strike_R","Strike_R","Strike_R","Strike_R","Defend_R","Defend_R","Defend_R","Defend_R","Bash","Second Wind+1","Intimidate","Warcry+1","Regret"],"relics":["Burning Blood","NeowsBlessing","Strawberry","MawBank"],"acts_visited":["Exordium"],"potions_floor_usage":[],"damage_taken":[{"damage":0.0,"enemies":"2 Louse","floor":1.0,"turns":1.0},{"damage":0.0,"enemies":"Small Slimes","floor":2.0,"turns":1.0},{"damage":0.0,"enemies":"Cultist","floor":3.0,"turns":1.0},{"damage":24.0,"enemies":"Large Slime","floor":5.0,"turns":9.0},{"damage":12,"enemies":"Looter","floor":6,"turns":4},{"damage":18,"enemies":"Blue Slaver","floor":11,"turns":3},{"damage":26,"enemies":"3 Sentries","floor":12,"turns":5}],"seed_played":"8524172383701376707","potions_obtained":[{"floor":2.0,"key":"Dexterity Potion"},{"floor":3.0,"key":"ElixirPotion"},{"floor":11,"key":"FairyPotion"}],"is_trial":false,"path_per_floor":["M","M","M","$","M","M","R","?","T","R","M","E"],"character_chosen":"IRONCLAD","items_purchased":[],"campfire_rested":0,"item_purchase_floors":[],"current_hp_per_floor":[80,80,80,80,62,56,56,63,63,63,51,25,25],"gold":139,"neow_bonus":"THREE_ENEMY_KILL","is_daily":false,"chose_seed":false,"campfire_upgraded":2,"win_rate":0.0,"timestamp":1612927779,"path_taken":["M","M","M","$","M","M","R","?","T","R","M","E"],"items_purchased_type":[],"build_version":"2020-12-22","purchased_purges":1,"victory":false,"max_hp_per_floor":[80,80,80,80,80,80,80,87,87,87,87,87,87],"card_choices":[{"not_picked":["Body Slam","Pummel"],"picked":"Second Wind","floor":1.0},{"not_picked":["Headbutt","Clash"],"picked":"Intimidate","floor":2.0},{"not_picked":["Clash","Headbutt","Heavy Blade"],"picked":"SKIP","floor":3.0},{"not_picked":["Anger","Bloodletting"],"picked":"Warcry","floor":5.0},{"not_picked":["Iron Wave","Clash","Thunderclap"],"picked":"SKIP","floor":6},{"not_picked":["Clothesline","Iron Wave","Thunderclap"],"picked":"SKIP","floor":11}],"player_experience":40219,"relics_obtained":[{"floor":9,"key":"MawBank"}],"event_choices":[{"damage_healed":0,"gold_gain":0,"player_choice":"Box","damage_taken":0,"relics_obtained":["Strawberry"],"max_hp_gain":0,"max_hp_loss":0,"event_name":"Big Fish","floor":8,"gold_loss":0,"cards_obtained":["Regret"]}],"is_beta":false,"boss_relics":[],"items_purged_floors":[4],"is_endless":false,"potions_floor_spawned":[2,3,11],"killed_by":"3 Sentries","ascension_level":0}}