{"host":"vv4pm74vrxtrj1uw","time":1612955235,"event":{"mods":["Act Like it!","BaseMod","Minty Spire (QoL Compilation)","Rare Cards Sparkle","Spicy Shops","StSLib"],"gold_per_floor":[116,116,132,132,158,188,198,227,227,227,204,217,252,26,26,126,126,91,91,91,91],"floor_reached":20,"language":"ZHS","playtime":2381,"items_purged":[],"score":238,"play_id":"c972117f-25d5-4892-bfda-27f9364a25f1","local_time":"20210210190715","is_ascension_mode":true,"campfire_choices":[{"floor":10.0,"key":"REST"},{"floor":15.0,"key":"REST"}],"circlet_count":0,"master_deck":["Strike_G","Strike_G","Strike_G","Strike_G+1","Defend_G+1","Defend_G","Defend_G","Defend_G","Defend_G","Survivor","Neutralize","Underhanded Strike","Choke+1","Dash","Masterful Stab","Reflex","Flying Knee","Footwork","After Image","After Image","CurseOfTheBell","Footwork+1"],"relics":["Ring of the Snake","Smiling Mask","Blue Candle","Tingsha","Unceasing Top","MawBank","Question Card","Calling Bell","PreservedInsect","HornCleat","Bird Faced Urn"],"acts_visited":["Exordium","TheCity"],"potions_floor_usage":[20],"damage_taken":[{"damage":1.0,"enemies":"Small Slimes","floor":1.0,"turns":4.0},{"damage":0.0,"enemies":"2 Louse","floor":3.0,"turns":2.0},{"damage":20.0,"enemies":"Gremlin Nob","floor":6.0,"turns":5.0},{"damage":0.0,"enemies":"Jaw Worm","floor":7.0,"turns":2.0},{"damage":15.0,"enemies":"Lagavulin","floor":8.0,"turns":5.0},{"damage":0.0,"enemies":"Gremlin Gang","floor":12.0,"turns":5.0},{"damage":17.0,"enemies":"3 Sentries","floor":13.0,"turns":8.0},{"damage":38.0,"enemies":"The Guardian","floor":16.0,"turns":18.0},{"damage":16.0,"enemies":"2 Thieves","floor":18.0,"turns":5.0},{"damage":52,"enemies":"3 Byrds","floor":20,"turns":8}],"seed_played":"6481940769923594228","potions_obtained":[{"floor":6.0,"key":"FearPotion"},{"floor":7.0,"key":"GamblersBrew"},{"floor":8.0,"key":"SteroidPotion"},{"floor":13.0,"key":"Weak Potion"},{"floor":18.0,"key":"DuplicationPotion"}],"is_trial":false,"path_per_floor":["M","?","M","?","T","E","M","E","T","R","?","M","E","$","R","B",null,"M","?","M"],"character_chosen":"THE_SILENT","items_purchased":["Question Card"],"campfire_rested":2,"item_purchase_floors":[14],"current_hp_per_floor":[69,69,69,55,55,35,35,20,20,41,41,41,24,24,45,7,54,44,44,0,0],"gold":91,"neow_bonus":"THREE_CARDS","is_daily":false,"chose_seed":false,"campfire_upgraded":0,"win_rate":0.0,"timestamp":1612955235,"path_taken":["M","?","M","?","?","E","?","E","T","R","?","M","E","$","R","BOSS","M","?","?"],"items_purchased_type":["Relic"],"build_version":"2020-12-22","purchased_purges":0,"victory":false,"max_hp_per_floor":[70,70,70,70,70,70,70,70,70,70,70,70,70,70,70,70,70,70,70,70,70],"card_choices":[{"not_picked":["Bane","Dodge and Roll"],"picked":"Underhanded Strike","floor":0.0},{"not_picked":["Underhanded Strike","PiercingWail"],"picked":"Choke","floor":1.0},{"not_picked":["Dodge and Roll","Eviscerate"],"picked":"Dash","floor":3.0},{"not_picked":["Dagger Throw","Footwork"],"picked":"Masterful Stab","floor":6.0},{"not_picked":["Noxious Fumes","Bane"],"picked":"Reflex","floor":7.0},{"not_picked":["Riddle With Holes","Slice"],"picked":"Flying Knee","floor":8.0},{"not_picked":["Reflex","Bane"],"picked":"Footwork","floor":12.0},{"not_picked":["Cloak And Dagger","Finisher"],"picked":"After Image","floor":13.0},{"not_picked":["Corpse Explosion","Doppelganger","Wraith Form v2"],"picked":"After Image","floor":16.0},{"not_picked":["Sucker Punch+1","Blade Dance","Deadly Poison"],"picked":"Footwork+1","floor":18.0}],"player_experience":162831,"relics_obtained":[{"floor":5.0,"key":"Smiling Mask"},{"floor":6.0,"key":"Blue Candle"},{"floor":8.0,"key":"Tingsha"},{"floor":9.0,"key":"Unceasing Top"},{"floor":13.0,"key":"MawBank"},{"floor":17.0,"key":"PreservedInsect"},{"floor":17.0,"key":"HornCleat"},{"floor":17.0,"key":"Bird Faced Urn"}],"event_choices":[{"damage_healed":0.0,"max_hp_gain":0.0,"max_hp_loss":0.0,"gold_gain":0.0,"event_name":"Living Wall","player_choice":"Grow","floor":2.0,"gold_loss":0.0,"damage_taken":0.0,"cards_upgraded":["Choke"]},{"damage_healed":0.0,"max_hp_gain":0.0,"max_hp_loss":0.0,"gold_gain":0.0,"event_name":"Shining Light","player_choice":"Entered Light","floor":4.0,"gold_loss":0.0,"damage_taken":14.0,"cards_upgraded":["Strike_G","Defend_G"]},{"damage_healed":0.0,"max_hp_gain":0.0,"max_hp_loss":0.0,"gold_gain":0.0,"event_name":"World of Goop","player_choice":"Left Gold","floor":11.0,"gold_loss":23.0,"damage_taken":0.0},{"cards_removed":["Strike_G"],"damage_healed":0.0,"max_hp_gain":0.0,"max_hp_loss":0.0,"gold_gain":0.0,"event_name":"Purifier","player_choice":"Purged","floor":19.0,"gold_loss":0.0,"damage_taken":0.0}],"is_beta":false,"boss_relics":[{"not_picked":["Empty Cage","Pandora\u0027s Box"],"picked":"Calling Bell"}],"items_purged_floors":[],"is_endless":false,"potions_floor_spawned":[6,7,8,13,18],"killed_by":"3 Byrds","ascension_level":5}}