{"host":"8t5dkgm85abdp22d","time":1612923370,"event":{"mods":["Act Like it!","BaseMod","Colored Powertips","Gensokyo","Minty Spire (QoL Compilation)","Reliquary","StSLib","TheWitcher","UnlockEverythingMod","Yakumo Yukari mod","°æ“≈ŒÔø®≈∆°øREMEMod","≤–¡Ù÷ÆŒÔ"],"gold_per_floor":[112,124,124,142,156,191,191,218,244,257,257,276,290,290,290,388,388,388,0,0,0,0,0,0,0,0,0,0,0,0,0,0,0,0],"floor_reached":33,"language":"ZHS","playtime":1434,"items_purged":[],"score":344,"play_id":"6bc1f614-43c6-4b1b-b4cd-c0266e20747c","local_time":"20210210101610","is_ascension_mode":false,"campfire_choices":[{"data":"PlaceholderMod:HardStrike","floor":7,"key":"SMITH"},{"data":"PlaceholderMod:DiffusionPoison","floor":11,"key":"SMITH"},{"data":"PlaceholderMod:PoisonWhip","floor":15,"key":"SMITH"},{"data":"PlaceholderMod:ComplexForm","floor":32,"key":"SMITH"}],"circlet_count":0,"master_deck":["PlaceholderMod:BaseStrike+1","PlaceholderMod:BaseStrike","PlaceholderMod:BaseStrike+1","PlaceholderMod:BaseStrike","PlaceholderMod:BaseDefend","PlaceholderMod:BaseDefend","PlaceholderMod:BaseDefend","PlaceholderMod:BaseDefend+1","PlaceholderMod:BaseDefend","PlaceholderMod:Crystal","PlaceholderMod:PoisonWhip+1","REME_BodyOfCthun","PlaceholderMod:HardStrike+1","PlaceholderMod:NearChange","PlaceholderMod:Colorful","PlaceholderMod:PoisonExcitation+1","PlaceholderMod:DiffusionPoison+1","PlaceholderMod:HardStinger+1","PlaceholderMod:DiffusionChemical+1","PlaceholderMod:PericyclicReaction+1","PlaceholderMod:ComplexForm+1","PlaceholderMod:Colorful+1","PlaceholderMod:PoisonAbsorb+1","PlaceholderMod:CycleAttack+1"],"relics":["PlaceholderMod:Tancle","REME_ComplimentaryCards","NeowsBlessing","Toxic Egg 2","reliquary:RoseTintedGlasses","reliquary:SilkGlove","Gensokyo:PortableGap","Ectoplasm","Orichalcum","reliquary:ExpiredCoupon","Singing Bowl","Juzu Bracelet","PlaceholderMod:DeVermisMysteriis"],"acts_visited":["Exordium","Gensokyo:Gensokyo"],"potions_floor_usage":[6,23,23,23,23],"damage_taken":[{"damage":0,"enemies":"Gensokyo:3_Fairies","floor":1,"turns":2},{"damage":0,"enemies":"Gensokyo:2_Kodama","floor":2,"turns":1},{"damage":0,"enemies":"Gensokyo:Gryphon","floor":4,"turns":1},{"damage":2,"enemies":"Gensokyo:3_Kodama","floor":5,"turns":4},{"damage":23,"enemies":"Gensokyo:Cirno","floor":6,"turns":6},{"damage":7,"enemies":"Gensokyo:Aya","floor":8,"turns":6},{"damage":7,"enemies":"Gensokyo:Kitsune","floor":10,"turns":3},{"damage":9,"enemies":"Gensokyo:Python_and_Kodama","floor":12,"turns":5},{"damage":0,"enemies":"Gensokyo:2_Rabbits","floor":13,"turns":3},{"damage":11,"enemies":"Gensokyo:Kokoro","floor":16,"turns":6},{"damage":0,"enemies":"Gensokyo:3_Dogs","floor":18,"turns":3},{"damage":0,"enemies":"Gensokyo:Chomper","floor":21,"turns":3},{"damage":0,"enemies":"Gensokyo:Wraith","floor":22,"turns":4},{"damage":26,"enemies":"Gensokyo:Tenshi","floor":23,"turns":4},{"damage":13,"enemies":"Gensokyo:Koishi","floor":24,"turns":4},{"damage":0,"enemies":"Gensokyo:Monolith_and_Dog","floor":25,"turns":3},{"damage":5,"enemies":"Gensokyo:Slime_Group","floor":27,"turns":4},{"damage":0,"enemies":"Gensokyo:Tenshi","floor":28,"turns":3},{"damage":35,"enemies":"Gensokyo:Eternal_Rivals","floor":33,"turns":4}],"seed_played":"-7589549466850532746","potions_obtained":[{"floor":2,"key":"SneckoOil"},{"floor":6,"key":"Explosive Potion"},{"floor":8,"key":"Strength Potion"},{"floor":13,"key":"Dexterity Potion"},{"floor":22,"key":"EntropicBrew"},{"floor":23,"key":"Fire Potion"},{"floor":24,"key":"CultistPotion"}],"is_trial":false,"path_per_floor":["M","M","?","M","M","E","R","E","T","M","R","M","M","?","R","B",null,"M","?","?","M","M","E","E","M","T","M","E","?","?","?","R","B"],"character_chosen":"THE_PLACEHOLDER","items_purchased":[],"campfire_rested":0,"item_purchase_floors":[],"current_hp_per_floor":[78,78,78,78,76,53,53,46,46,39,39,30,30,30,30,19,71,71,71,71,71,71,45,32,32,32,29,31,31,31,31,31,0,0],"gold":0,"neow_bonus":"THREE_ENEMY_KILL","is_daily":false,"chose_seed":false,"campfire_upgraded":4,"win_rate":0.0,"timestamp":1612923370,"path_taken":["M","M","?","?","M","E","R","E","T","M","R","M","M","?","R","BOSS","M","?","?","M","M","E","E","?","T","M","E","?","?","?","R","BOSS"],"items_purchased_type":[],"build_version":"2020-12-22","purchased_purges":0,"victory":false,"max_hp_per_floor":[78,78,78,78,78,78,78,78,78,78,78,78,78,71,71,71,71,71,71,71,71,71,68,68,68,68,67,69,64,64,64,64,64,64],"card_choices":[{"not_picked":["PlaceholderMod:UnpureUse","PlaceholderMod:SprayAttack","PlaceholderMod:TriggerStrike"],"picked":"SKIP","floor":1},{"not_picked":["PlaceholderMod:Internalization","PlaceholderMod:Stable"],"picked":"PlaceholderMod:HardStrike","floor":2},{"not_picked":["PlaceholderMod:HardStinger","PlaceholderMod:Inner"],"picked":"PlaceholderMod:NearChange","floor":3},{"not_picked":["PlaceholderMod:SeverePoisonStrike","PlaceholderMod:ContinueSpray"],"picked":"PlaceholderMod:Colorful","floor":4},{"not_picked":["PlaceholderMod:ParasiteChange","PlaceholderMod:ProliferateStrike"],"picked":"PlaceholderMod:PoisonExcitation","floor":5},{"not_picked":["PlaceholderMod:HardStrike","PlaceholderMod:SeverePoisonStrike","PlaceholderMod:SprayAttack"],"picked":"SKIP","floor":6},{"not_picked":["PlaceholderMod:HornyBlast","PlaceholderMod:HardStinger+1"],"picked":"PlaceholderMod:DiffusionPoison","floor":8},{"not_picked":["PlaceholderMod:HardStrike","PlaceholderMod:Hard+1","PlaceholderMod:StrongAcid+1"],"picked":"SKIP","floor":10},{"not_picked":["PlaceholderMod:ConsolidateHit","PlaceholderMod:Hard+1"],"picked":"PlaceholderMod:HardStinger+1","floor":12},{"not_picked":["PlaceholderMod:ParasiteChange+1","PlaceholderMod:ProliferateStrike"],"picked":"PlaceholderMod:DiffusionChemical+1","floor":13},{"not_picked":["PlaceholderMod:SelfCoupling","PlaceholderMod:GrowthForm"],"picked":"PlaceholderMod:PericyclicReaction+1","floor":16},{"not_picked":["PlaceholderMod:OHStrongAttack","PlaceholderMod:ConsolidateHit+1","PlaceholderMod:Stratification+1"],"picked":"SKIP","floor":18},{"not_picked":["PlaceholderMod:SeverePoisonStrike","PlaceholderMod:HardStrike+1","PlaceholderMod:MultipleOxi+1"],"picked":"SKIP","floor":21},{"not_picked":["PlaceholderMod:Polyp+1","PlaceholderMod:HealingAttack"],"picked":"PlaceholderMod:Colorful+1","floor":22},{"not_picked":["PlaceholderMod:AbsorbTouch","PlaceholderMod:SubstitutionNucleophilic1+1"],"picked":"PlaceholderMod:PoisonAbsorb+1","floor":23},{"not_picked":["PlaceholderMod:Colorful","PlaceholderMod:SeverePoisonStrike+1"],"picked":"PlaceholderMod:CycleAttack+1","floor":24},{"not_picked":["PlaceholderMod:Sweep+1","PlaceholderMod:StressReaction+1","PlaceholderMod:ProliferateStrike"],"picked":"SKIP","floor":25},{"not_picked":["PlaceholderMod:OHStrongAttack","PlaceholderMod:CycleAttack","PlaceholderMod:HardStinger+1"],"picked":"Singing Bowl","floor":27},{"not_picked":["PlaceholderMod:OHStrongAttack+1","PlaceholderMod:PoisonBlast","PlaceholderMod:Package+1"],"picked":"Singing Bowl","floor":28}],"player_experience":72041,"relics_obtained":[{"floor":6,"key":"Toxic Egg 2"},{"floor":8,"key":"reliquary:RoseTintedGlasses"},{"floor":9,"key":"reliquary:SilkGlove"},{"floor":23,"key":"Orichalcum"},{"floor":24,"key":"reliquary:ExpiredCoupon"},{"floor":26,"key":"Singing Bowl"},{"floor":28,"key":"Juzu Bracelet"}],"event_choices":[],"is_beta":false,"boss_relics":[{"not_picked":["Pandora\u0027s Box","Velvet Choker"],"picked":"Ectoplasm"}],"items_purged_floors":[],"is_endless":false,"potions_floor_spawned":[2,6,8,13,21,22,23,24],"killed_by":"Gensokyo:Eternal_Rivals","ascension_level":0}}