{"host":"9q13bdr84c6iv3c6","time":1612920638,"event":{"mods":["BaseMod","Colored Powertips","Downfall","Hermit","Minty Spire (QoL Compilation)","Replay The Spire","StSLib"],"gold_per_floor":[99,109,109,121,139,139,139,139,16,28,28,13,113,143,179,298,298,298,343,343,379,6,46,46,73,73,119,119,19,133,160,206,325,325,325,360,397,397,439,439,439,467,467,467],"floor_reached":42,"language":"ENG","playtime":2337,"items_purged":[],"score":425,"play_id":"3e760fcd-89dc-414a-9b85-7518525be1a7","local_time":"20210209193038","is_ascension_mode":false,"campfire_choices":[{"data":"bronze:BuggyMess","floor":1.0,"key":"SMITH"},{"data":"bronze:BurnOut","floor":6.0,"key":"SMITH"},{"data":"bronze:Frontload","floor":8.0,"key":"SMITH"},{"floor":11.0,"key":"REST"},{"data":"bronze:Repulsor","floor":18.0,"key":"SMITH"},{"data":"bronze:AlphaBuild","floor":26.0,"key":"SMITH"},{"data":"bronze:BuggyMess","floor":29.0,"key":"SMITH"},{"data":"bronze:ItsAFeature","floor":35.0,"key":"SMITH"},{"data":"Replay:SS_hec_1","floor":40,"key":"SMITH"}],"circlet_count":0,"master_deck":["bronze:Defend","bronze:Defend","bronze:Defend","bronze:Defend","bronze:Replicate","bronze:Goto","bronze:BuggyMess+1","bronze:Frontload+1","bronze:FineTuning","downfall:Icky","bronze:BurnOut+1","bronze:ItsAFeature+1","bronze:BronzeOrb","bronze:Repulsor+1","bronze:WhirlingStrike+1","bronze:OilSpill","bronze:BuggyMess","bronze:MaxOutput","bronze:Break","bronze:OilSpill","bronze:DarkDash","bronze:Fortify","bronze:AlphaBuild+1","bronze:Verify","bronze:BuggyMess+1","bronze:Boost","bronze:Repulsor","bronze:Virus","J.A.X.","bronze:Break","bronze:Turbo+1","bronze:Overload+1","Replay:SS_hec_1","Replay:SS_hec_1+1","expansioncontent:Chronoboost"],"relics":["bronze:BronzeCore","ReplayFunnel","Replay:Bandana","Philosopher\u0027s Stone","Happy Flower","downfall:HeartBlessingBlue","MutagenicStrength","ChewingGum","Pantograph"],"acts_visited":["Exordium","TheCity","TheBeyond"],"potions_floor_usage":[39,39,39,39,42],"damage_taken":[{"damage":8.0,"enemies":"Jaw Worm","floor":2.0,"turns":5.0},{"damage":18.0,"enemies":"Cultist","floor":4.0,"turns":6.0},{"damage":8.0,"enemies":"Small Slimes","floor":5.0,"turns":3.0},{"damage":10.0,"enemies":"downfall:FleeingMerchant","floor":9.0,"turns":4.0},{"damage":8.0,"enemies":"Blue Slaver","floor":10.0,"turns":4.0},{"damage":0.0,"enemies":"downfall:FleeingMerchant","floor":12.0,"turns":4.0},{"damage":13.0,"enemies":"Lagavulin","floor":14.0,"turns":5.0},{"damage":5.0,"enemies":"Large Slime","floor":15.0,"turns":3.0},{"damage":9.0,"enemies":"IC_STATUS_ARCHETYPE","floor":16.0,"turns":6.0},{"damage":0.0,"enemies":"3 Byrds","floor":19.0,"turns":3.0},{"damage":16.0,"enemies":"Snecko","floor":21.0,"turns":3.0},{"damage":0.0,"enemies":"downfall:FleeingMerchant","floor":22.0,"turns":4.0},{"damage":28.0,"enemies":"Shelled Parasite and Fungi","floor":23.0,"turns":5.0},{"damage":11.0,"enemies":"Centurion and Healer","floor":25.0,"turns":8.0},{"damage":2.0,"enemies":"Sentry and Sphere","floor":27.0,"turns":4.0},{"damage":37.0,"enemies":"downfall:Augmenter","floor":30.0,"turns":5.0},{"damage":2.0,"enemies":"Chosen and Byrds","floor":31.0,"turns":4.0},{"damage":3.0,"enemies":"Cultist and Chosen","floor":32.0,"turns":3.0},{"damage":16.0,"enemies":"SI_MIRROR_ARCHETYPE","floor":33.0,"turns":7.0},{"damage":0.0,"enemies":"3 Darklings","floor":36.0,"turns":8.0},{"damage":5.0,"enemies":"3 Shapes","floor":37.0,"turns":3.0},{"damage":10,"enemies":"Transient","floor":39,"turns":5},{"damage":94,"enemies":"Nemesis","floor":42,"turns":8}],"seed_played":"6668316518859975407","potions_obtained":[{"floor":2.0,"key":"bronze:BurnAndBuffPotion"},{"floor":4.0,"key":"EntropicBrew"},{"floor":15.0,"key":"FearPotion"},{"floor":16.0,"key":"FairyPotion"},{"floor":25.0,"key":"EntropicBrew"},{"floor":32.0,"key":"PowerPotion"},{"floor":36.0,"key":"Milkshake"},{"floor":39,"key":"SpeedPotion"}],"is_trial":false,"path_per_floor":["R","M","?","M","M","R","T","R","$","M","R","$","?","E","M","B",null,"R","M","?","M","$","M","T","M","R","M","?","R","?","M","M","B",null,"R","M","M","?","M","R","T","E"],"character_chosen":"THE_AUTOMATON","items_purchased":["bronze:Repulsor","bronze:WhirlingStrike+1","bronze:AlphaBuild","bronze:Verify","Happy Flower"],"campfire_rested":1,"item_purchase_floors":[9,9,22,22,22],"current_hp_per_floor":[70,62,62,44,36,36,36,36,26,18,39,39,39,26,21,12,70,70,70,70,54,54,26,26,15,15,13,13,23,21,19,16,24,80,80,80,75,65,55,55,55,0,0,0],"gold":467,"neow_bonus":"THREE_CARDS","is_daily":false,"chose_seed":false,"campfire_upgraded":8,"win_rate":0.0,"timestamp":1612920638,"path_taken":["R","M","?","?","M","R","T","R","?","?","R","$","?","E","M","BOSS","R","M","?","M","$","M","T","M","R","M","?","R","?","M","M","BOSS","R","M","M","?","M","R","T","E"],"items_purchased_type":["Card","Card","Card","Card","Relic"],"build_version":"2020-12-22","purchased_purges":0,"victory":false,"max_hp_per_floor":[70,70,70,70,70,70,70,70,70,70,70,70,70,70,70,70,70,70,70,70,70,70,70,70,70,70,70,70,80,80,80,80,80,80,80,80,80,80,80,80,80,80,80,80],"card_choices":[{"not_picked":["bronze:BugBarrage","bronze:BitShift"],"picked":"bronze:BuggyMess","floor":0.0},{"not_picked":["bronze:DigitalCarnage","bronze:Separator"],"picked":"bronze:OilSpill","floor":2.0},{"not_picked":["bronze:Turbo","bronze:Constructor"],"picked":"bronze:ItsAFeature","floor":4.0},{"not_picked":["bronze:ChildClass","bronze:Invalidate","bronze:Branch"],"picked":"SKIP","floor":5.0},{"not_picked":["bronze:Overload","bronze:Shield"],"picked":"bronze:BronzeOrb","floor":9.0},{"not_picked":["bronze:Repulsor","bronze:Branch"],"picked":"bronze:OilSpill","floor":10.0},{"not_picked":["bronze:Overheat","bronze:DigitalCarnage","bronze:Safeguard"],"picked":"SKIP","floor":12.0},{"not_picked":["bronze:BugBarrage","bronze:Return"],"picked":"bronze:BuggyMess","floor":14.0},{"not_picked":["bronze:Invalidate","bronze:ForLoop"],"picked":"bronze:MaxOutput","floor":15.0},{"not_picked":["bronze:Format","bronze:Assembly"],"picked":"bronze:Break","floor":16.0},{"not_picked":["bronze:Safeguard","bronze:WildBeam"],"picked":"bronze:OilSpill","floor":19.0},{"not_picked":["bronze:BronzeArmor","bronze:Iterate"],"picked":"bronze:DarkDash","floor":21.0},{"not_picked":["bronze:Constructor","bronze:DelayedSlice+1"],"picked":"bronze:Fortify","floor":22.0},{"not_picked":["bronze:ForLoop","bronze:Allocate+1","bronze:CutThrough"],"picked":"SKIP","floor":23.0},{"not_picked":["bronze:Deprecate","bronze:Invalidate+1"],"picked":"bronze:BuggyMess","floor":25.0},{"not_picked":["bronze:Frontload","bronze:ThunderWave"],"picked":"bronze:Boost","floor":27.0},{"not_picked":[],"picked":"J.A.X.","floor":30.0},{"not_picked":["bronze:CutThrough","bronze:Overheat+1","bronze:Assembly"],"picked":"SKIP","floor":31.0},{"not_picked":["bronze:Branch+1","bronze:Safeguard","bronze:Fortify"],"picked":"SKIP","floor":32.0},{"not_picked":["bronze:Verify","bronze:Assembly"],"picked":"bronze:Break","floor":33.0},{"not_picked":["bronze:Shell","bronze:Branch"],"picked":"bronze:Turbo+1","floor":36.0},{"not_picked":["bronze:NullPointer","bronze:OilSpill+1"],"picked":"bronze:Overload+1","floor":37.0},{"not_picked":["Replay:SS_forest_2","expansioncontent:InvincibleStrength"],"picked":"Replay:SS_hec_1","floor":38.0},{"not_picked":["Replay:SS_forest_2","expansioncontent:Hexaburn"],"picked":"Replay:SS_hec_1","floor":38.0},{"not_picked":["expansioncontent:Hexaburn","expansioncontent:YouAreMine"],"picked":"expansioncontent:Chronoboost","floor":38.0},{"not_picked":["bronze:CutThrough+1","bronze:BronzeArmor+1","bronze:Deprecate"],"picked":"SKIP","floor":39}],"player_experience":40962,"relics_obtained":[{"floor":7.0,"key":"ReplayFunnel"},{"floor":14.0,"key":"Replay:Bandana"},{"floor":30.0,"key":"MutagenicStrength"},{"floor":41,"key":"Pantograph"}],"event_choices":[{"damage_healed":0.0,"max_hp_gain":0.0,"max_hp_loss":0.0,"gold_gain":0.0,"event_name":"Vampires","player_choice":"Ignored","floor":20.0,"gold_loss":0.0,"damage_taken":0.0},{"damage_healed":0.0,"max_hp_gain":0.0,"max_hp_loss":0.0,"gold_gain":0.0,"event_name":"Ghosts","player_choice":"Ignored","floor":28.0,"gold_loss":0.0,"damage_taken":0.0}],"is_beta":false,"boss_relics":[{"not_picked":["Replay:Drink Me","Fusion Hammer"],"picked":"Philosopher\u0027s Stone"},{"not_picked":["Tiny House","Cursed Key"],"picked":"ChewingGum"}],"items_purged_floors":[],"is_endless":false,"potions_floor_spawned":[2,4,15,16,23,25,32,36,39],"killed_by":"Nemesis","ascension_level":0}}