{"host":"tpad8qsc9e0g0pa5","time":1612955222,"event":{"mods":["BaseMod","Downfall","Minty Spire (QoL Compilation)","Quick Restart","StSLib"],"gold_per_floor":[99,99,99,99,99,134,134,234,253,264,17,57,81,97,118,227,227,227,250,278,278,278,278,278,296,296,307,407,407,433,5,26,122,122,122,136,136,136,129,29,29,42,82,82,82,44,44,54,74,74],"floor_reached":51,"language":"ZHS","playtime":4481,"items_purged":["hexamod:ParanormalForm"],"score":835,"play_id":"538b0a26-345f-4b83-b201-d9203d334d86","local_time":"20210210190702","is_ascension_mode":false,"campfire_choices":[{"data":"hexamod:Float","floor":1.0,"key":"SMITH"},{"data":"hexamod:FastForward","floor":18,"key":"SMITH"},{"data":"hexamod:SpectralAdrenaline","floor":23,"key":"SMITH"},{"data":"expansioncontent:DashGenerateEvil","floor":29,"key":"SMITH"},{"data":"hexamod:TimeOfNeed","floor":35,"key":"SMITH"},{"floor":40,"key":"RECALL"},{"floor":45,"key":"REST"},{"data":"hexamod:TimeOfNeed","floor":47,"key":"SMITH"}],"circlet_count":0,"master_deck":["hexamod:Strike+1","hexamod:Strike+1","hexamod:Defend+1","hexamod:Sear","hexamod:Float+1","hexamod:FourthSeal","hexamod:ThirdSeal","hexamod:StepThrough+1","hexamod:SpectersWail","hexamod:TurnItUp+1","hexamod:Rewind+1","hexamod:Again+1","hexamod:SecondSeal","hexamod:FastForward","hexamod:ShieldOfDarkness","hexamod:SixthSeal","expansioncontent:DashGenerateEvil+1","hexamod:RetreatToShadows+1","hexamod:FastForward+1","hexamod:UnlimitedPower+1","hexamod:FastForward+1","hexamod:TimeWarp+1","hexamod:TimeWarp+1","hexamod:FirstSeal","hexamod:NightmareGuise","hexamod:SpectralAdrenaline+1","expansioncontent:QuickStudy+1","hexamod:TimeOfNeed+1","hexamod:TimeWarp+1","hexamod:FastForward+1","hexamod:TimeOfNeed+1","hexamod:TimeOfNeed+1","hexamod:TimeOfNeed+1","downfall:Aged","hexamod:TimeWarp","expansioncontent:QuickStudy+1","hexamod:FastForward"],"relics":["hexamod:UnbrokenSoul","downfall:HeartsMalice","Art of War","Happy Flower","InkBottle","Sozu","Enchiridion","Pocketwatch","MutagenicStrength","Akabeko","Torii","downfall:HeartBlessingGreen","Ginger","hexamod:InflammatoryLetter","hexamod:MatchstickCase"],"acts_visited":["Exordium","TheCity","TheBeyond"],"potions_floor_usage":[12,14,16,16,20,27,27],"damage_taken":[{"damage":0.0,"enemies":"Cultist","floor":2.0,"turns":1.0},{"damage":0.0,"enemies":"Small Slimes","floor":4.0,"turns":1.0},{"damage":0.0,"enemies":"Lagavulin","floor":6.0,"turns":1.0},{"damage":22.0,"enemies":"downfall:Heads","floor":8.0,"turns":5.0},{"damage":2.0,"enemies":"2 Louse","floor":9.0,"turns":2.0},{"damage":6.0,"enemies":"2 Fungi Beasts","floor":10.0,"turns":4.0},{"damage":0.0,"enemies":"downfall:FleeingMerchant","floor":11.0,"turns":4.0},{"damage":4,"enemies":"3 Sentries","floor":12,"turns":3},{"damage":0,"enemies":"Large Slime","floor":13,"turns":3},{"damage":0,"enemies":"3 Louse","floor":14,"turns":4},{"damage":2,"enemies":"Blue Slaver","floor":15,"turns":3},{"damage":0,"enemies":"IC_STATUS_ARCHETYPE","floor":16,"turns":4},{"damage":6,"enemies":"3 Byrds","floor":19,"turns":3},{"damage":0,"enemies":"Spheric Guardian","floor":20,"turns":3},{"damage":0,"enemies":"Cultist and Chosen","floor":25,"turns":4},{"damage":11,"enemies":"Centurion and Healer","floor":27,"turns":3},{"damage":9,"enemies":"downfall:Augmenter","floor":28,"turns":6},{"damage":4,"enemies":"Shelled Parasite and Fungi","floor":30,"turns":4},{"damage":0,"enemies":"downfall:FleeingMerchant","floor":31,"turns":4},{"damage":0,"enemies":"Snecko","floor":32,"turns":4},{"damage":2,"enemies":"DF_ARCHETYPE_CLAW","floor":33,"turns":4},{"damage":0,"enemies":"Orb Walker","floor":36,"turns":2},{"damage":5,"enemies":"downfall:FleeingMerchant","floor":39,"turns":4},{"damage":0,"enemies":"3 Darklings","floor":42,"turns":3},{"damage":25,"enemies":"Nemesis","floor":43,"turns":5},{"damage":0,"enemies":"downfall:FleeingMerchant","floor":46,"turns":1},{"damage":1,"enemies":"Spire Growth","floor":48,"turns":3},{"damage":15,"enemies":"Jaw Worm Horde","floor":49,"turns":3},{"damage":8,"enemies":"SI_POISON_ARCHETYPE","floor":50,"turns":6}],"seed_played":"6286902729865511989","potions_obtained":[{"floor":6.0,"key":"Weak Potion"},{"floor":8.0,"key":"DuplicationPotion"},{"floor":11.0,"key":"ColorlessPotion"},{"floor":12,"key":"PowerPotion"},{"floor":12,"key":"hexamod:EctoCoolerPotion"},{"floor":14,"key":"DistilledChaos"},{"floor":16,"key":"Regen Potion"},{"floor":16,"key":"DistilledChaos"}],"is_trial":false,"path_per_floor":["R","M","?","M","?","E","T","?","M","M","$","E","M","M","M","B",null,"R","M","M","?","?","R","T","M","?","M","?","R","M","$","M","B",null,"R","M","?","?","$","R","T","M","E","?","R","$","R","M","M","B",null],"character_chosen":"THE_SPIRIT","items_purchased":["hexamod:SixthSeal","expansioncontent:DashGenerateEvil","expansioncontent:QuickStudy","Akabeko","expansioncontent:QuickStudy+1","hexamod:MatchstickCase","hexamod:FastForward"],"campfire_rested":1,"item_purchase_floors":[11,11,31,31,46,46,46],"current_hp_per_floor":[70,70,70,70,70,70,70,48,46,40,40,36,36,36,34,34,70,70,64,70,70,54,54,54,61,61,62,60,60,63,70,70,68,70,70,70,70,70,65,65,65,65,47,47,68,68,68,70,55,47],"gold":74,"neow_bonus":"THREE_ENEMY_KILL","is_daily":false,"chose_seed":false,"campfire_upgraded":6,"win_rate":0.0,"timestamp":1612955222,"path_taken":["R","M","?","?","?","E","T","?","M","M","$","E","M","M","M","BOSS","R","M","M","?","?","R","T","M","?","M","?","R","M","$","M","BOSS","R","M","?","?","$","R","T","?","E","?","R","$","R","M","M","BOSS"],"items_purchased_type":["Card","Card","Card","Relic","Card","Relic","Card"],"build_version":"2020-12-22","purchased_purges":1,"victory":true,"max_hp_per_floor":[70,70,70,70,70,70,70,70,70,70,70,70,70,70,70,70,70,70,70,70,70,70,70,70,70,70,70,70,70,70,70,70,70,70,70,70,70,70,70,70,70,70,70,70,70,70,70,70,70,70],"card_choices":[{"not_picked":["hexamod:InspiringFlames","hexamod:Hexaguard"],"picked":"hexamod:FourthSeal","floor":2.0},{"not_picked":["hexamod:EtherealExpedition","hexamod:InspiringFlames"],"picked":"hexamod:StepThrough","floor":4.0},{"not_picked":["hexamod:GhostShield","hexamod:RainOfEmbers"],"picked":"hexamod:SpectersWail","floor":6.0},{"not_picked":["hexamod:InspiringFlames","hexamod:NightmareStrike"],"picked":"hexamod:TurnItUp","floor":8.0},{"not_picked":["hexamod:BacktrackSmack","hexamod:NightmareGuise"],"picked":"hexamod:Again","floor":9.0},{"not_picked":["hexamod:DynamicBlow","hexamod:NightmareStrike"],"picked":"hexamod:SecondSeal","floor":9.0},{"not_picked":["hexamod:GhostOfSpireFuture","hexamod:GhostShield"],"picked":"hexamod:FastForward","floor":10.0},{"not_picked":["hexamod:BacktrackSmack","hexamod:RainOfEmbers","hexamod:RadiantFlame"],"picked":"SKIP","floor":10.0},{"not_picked":["hexamod:Rewind","hexamod:Hexaguard"],"picked":"hexamod:ShieldOfDarkness","floor":11.0},{"not_picked":["hexamod:NightmareStrike","hexamod:StepThrough","hexamod:ExtraCrispy"],"picked":"SKIP","floor":12},{"not_picked":["hexamod:VolcanoVisage","hexamod:Hexaguard"],"picked":"hexamod:RetreatToShadows","floor":13},{"not_picked":["hexamod:HauntingEcho","hexamod:GhostLash"],"picked":"hexamod:FastForward","floor":14},{"not_picked":["hexamod:SkipABeat","hexamod:ShieldOfDarkness"],"picked":"hexamod:UnlimitedPower","floor":14},{"not_picked":["hexamod:Incineration","hexamod:HeatCrush"],"picked":"hexamod:FastForward","floor":15},{"not_picked":["hexamod:SearingWound","hexamod:UnleashSpirits"],"picked":"hexamod:TimeWarp","floor":16},{"not_picked":["hexamod:WildfireWeapon","hexamod:UnlimitedPower"],"picked":"hexamod:TimeWarp","floor":16},{"not_picked":["hexamod:SecondSeal","hexamod:Hexaguard+1"],"picked":"hexamod:FirstSeal","floor":19},{"not_picked":["hexamod:PhantomFireball","hexamod:HeatMetal"],"picked":"hexamod:NightmareGuise","floor":20},{"not_picked":["hexamod:NightmareStrike+1","hexamod:FastForward"],"picked":"hexamod:SpectralAdrenaline","floor":20},{"not_picked":["hexamod:GhostLash+1","hexamod:StepThrough","hexamod:GhostOfSpirePast"],"picked":"SKIP","floor":25},{"not_picked":["hexamod:HeatShield","hexamod:ExtraCrispy+1","hexamod:SpectersWail+1"],"picked":"SKIP","floor":27},{"not_picked":["hexamod:BurningTouch","hexamod:NecessarySacrifice+1","hexamod:FastForward+1"],"picked":"SKIP","floor":30},{"not_picked":["hexamod:BacktrackSmack","hexamod:Hexaguard","hexamod:FastForward"],"picked":"SKIP","floor":31},{"not_picked":["hexamod:HauntingEcho","hexamod:HeatMetal","hexamod:RetreatToShadows"],"picked":"SKIP","floor":31},{"not_picked":["hexamod:FirstSeal","hexamod:SecondSeal","hexamod:UnlimitedPower"],"picked":"SKIP","floor":32},{"not_picked":["hexamod:SpectersWail+1","hexamod:HauntingEcho+1","hexamod:HeatShield"],"picked":"SKIP","floor":32},{"not_picked":["hexamod:GhostflameInferno","hexamod:TurnItUp"],"picked":"hexamod:TimeOfNeed","floor":33},{"not_picked":["hexamod:TurnItUp","hexamod:GhostOfSpirePresent"],"picked":"hexamod:TimeWarp","floor":33},{"not_picked":["hexamod:InspiringFlames","hexamod:RainOfEmbers","hexamod:GhostOfSpireFuture"],"picked":"SKIP","floor":36},{"not_picked":["hexamod:InspiringFlames","hexamod:RainOfEmbers","hexamod:GhostOfSpireFuture"],"picked":"SKIP","floor":36},{"not_picked":["hexamod:NightmareGuise","hexamod:SpectersWail"],"picked":"hexamod:FastForward+1","floor":39},{"not_picked":["hexamod:Hexaguard","hexamod:SpectersWail","hexamod:GhostLash+1"],"picked":"SKIP","floor":39},{"not_picked":["hexamod:AdvancingGuard+1","hexamod:GhostOfSpirePast+1","hexamod:DynamicBlow"],"picked":"SKIP","floor":42},{"not_picked":["hexamod:ThermalTransfer","hexamod:AdvancingGuard"],"picked":"hexamod:TimeOfNeed","floor":43},{"not_picked":["hexamod:SpectralAdrenaline+1","hexamod:RainOfEmbers+1","hexamod:Firestarter+1"],"picked":"SKIP","floor":43},{"not_picked":["hexamod:Firestarter","hexamod:Haunt"],"picked":"hexamod:TimeWarp","floor":46},{"not_picked":["hexamod:InspiringFlames","hexamod:SkipABeat","hexamod:AdvancingGuard"],"picked":"SKIP","floor":48},{"not_picked":["hexamod:ThermalTransfer","hexamod:PhantomCloak+1","hexamod:GhostOfSpireFuture"],"picked":"SKIP","floor":49},{"not_picked":["hexamod:SecondSeal","hexamod:InspiringFlames+1","hexamod:BacktrackSmack+1"],"picked":"SKIP","floor":49}],"player_experience":296440,"relics_obtained":[{"floor":6.0,"key":"Art of War"},{"floor":7.0,"key":"Happy Flower"},{"floor":12,"key":"InkBottle"},{"floor":22,"key":"Enchiridion"},{"floor":24,"key":"Pocketwatch"},{"floor":28,"key":"MutagenicStrength"},{"floor":37,"key":"Torii"},{"floor":41,"key":"Ginger"},{"floor":43,"key":"hexamod:InflammatoryLetter"}],"event_choices":[{"damage_healed":0,"gold_gain":0,"player_choice":"Ignored","damage_taken":0,"max_hp_gain":0,"max_hp_loss":0,"event_name":"Vampires","floor":21,"gold_loss":0},{"damage_healed":0,"gold_gain":0,"player_choice":"Forge","damage_taken":0,"max_hp_gain":0,"max_hp_loss":0,"event_name":"Accursed Blacksmith","floor":38,"gold_loss":0,"cards_upgraded":["expansioncontent:QuickStudy"]}],"is_beta":false,"boss_relics":[{"not_picked":["SacredBark","Busted Crown"],"picked":"Sozu"},{"not_picked":["Philosopher\u0027s Stone","Runic Dome"],"picked":"hexamod:UnbrokenSoul"}],"items_purged_floors":[31],"is_endless":false,"potions_floor_spawned":[6,8,12,13,15,16,19,25,32,33,43,48,49],"ascension_level":0}}