{"host":"h4lp0eeso8a0ssq0","time":1612929287,"event":{"mods":["2.2 Compatiblity","AchievementEnabler","BaseMod","CapriCore","Colored Map","Minty Spire (QoL Compilation)","StSLib","SuperFastMode"],"gold_per_floor":[20,31,31,47,70,70,70,70],"floor_reached":7,"language":"KOR","playtime":190,"items_purged":[],"score":84,"play_id":"21fdd9d8-afe8-4df0-a6df-081974fe099b","local_time":"20210210125447","is_ascension_mode":true,"campfire_choices":[{"data":"Neutralize","floor":6,"key":"SMITH"}],"circlet_count":0,"master_deck":["AscendersBane","Strike_G","Strike_G","Strike_G","Strike_G","Strike_G","Defend_G","Defend_G","Defend_G","Defend_G","Defend_G","Survivor","Neutralize+1","Masterful Stab","Poisoned Stab","Dagger Spray","Escape Plan"],"relics":["Ring of the Snake","Golden Idol"],"acts_visited":["Exordium"],"potions_floor_usage":[7],"damage_taken":[{"damage":1,"enemies":"2 Louse","floor":1,"turns":3},{"damage":0,"enemies":"Jaw Worm","floor":2,"turns":4},{"damage":0,"enemies":"Small Slimes","floor":4,"turns":3},{"damage":3,"enemies":"Blue Slaver","floor":5,"turns":4},{"damage":35,"enemies":"Lagavulin","floor":7,"turns":8}],"seed_played":"-5974357598821318738","potions_obtained":[{"floor":1,"key":"DuplicationPotion"}],"is_trial":false,"path_per_floor":["M","M","?","M","M","R","E"],"character_chosen":"THE_SILENT","items_purchased":[],"campfire_rested":0,"item_purchase_floors":[],"current_hp_per_floor":[70,70,43,43,40,40,5,5],"gold":70,"neow_bonus":"TWENTY_PERCENT_HP_BONUS","is_daily":false,"chose_seed":false,"campfire_upgraded":1,"win_rate":0.0,"timestamp":1612929287,"path_taken":["M","M","?","M","M","R","E"],"items_purchased_type":[],"build_version":"2020-12-22","purchased_purges":0,"victory":false,"max_hp_per_floor":[78,78,78,78,78,78,78,78],"card_choices":[{"not_picked":["Leg Sweep","Dagger Spray"],"picked":"Masterful Stab","floor":1},{"not_picked":["Dagger Throw","Dodge and Roll"],"picked":"Poisoned Stab","floor":2},{"not_picked":["Choke","PiercingWail"],"picked":"Dagger Spray","floor":4},{"not_picked":["Footwork","Acrobatics"],"picked":"Escape Plan","floor":5}],"player_experience":208290,"relics_obtained":[],"event_choices":[{"damage_healed":0,"gold_gain":0,"player_choice":"Take Damage","damage_taken":27,"relics_obtained":["Golden Idol"],"max_hp_gain":0,"max_hp_loss":0,"event_name":"Golden Idol","floor":3,"gold_loss":0}],"is_beta":false,"boss_relics":[],"items_purged_floors":[],"is_endless":false,"potions_floor_spawned":[1],"killed_by":"Lagavulin","ascension_level":19}}