{"host":"6xsbn6ynqlzwllfm","time":1612978653,"event":{"mods":["2.2 Compatiblity","BaseMod","Bestiary","Colored Map","Colored Powertips","Curses Come First","Highlight Path","Keyboard Shortcuts","Minty Spire (QoL Compilation)","Relic Stats","Slay the Relics Exporter","StSLib","SuperFastMode"],"gold_per_floor":[117,117,6,6,24,24,24],"floor_reached":6,"language":"ENG","playtime":692,"items_purged":[],"score":68,"play_id":"d8eeb776-63b3-4576-9172-5a26ae894833","local_time":"20210210123733","is_ascension_mode":true,"campfire_choices":[],"circlet_count":0,"master_deck":["AscendersBane","Strike_B","Strike_B","Strike_B","Defend_B","Defend_B","Defend_B","Defend_B","Zap","Dualcast","CurseOfTheBell","Compile Driver","Self Repair","Compile Driver","Lockon"],"relics":["Calling Bell","DataDisk","Mummified Hand","WingedGreaves","GremlinMask"],"acts_visited":["Exordium"],"potions_floor_usage":[6],"damage_taken":[{"damage":12,"enemies":"2 Louse","floor":1,"turns":3},{"damage":7,"enemies":"Small Slimes","floor":5,"turns":4},{"damage":60,"enemies":"3 Sentries","floor":6,"turns":10}],"seed_played":"1870790868940628285","potions_obtained":[{"floor":1,"key":"Strength Potion"},{"floor":5,"key":"Regen Potion"}],"is_trial":false,"path_per_floor":["M","?","$","?","M","E"],"character_chosen":"DEFECT","items_purchased":["Self Repair","Compile Driver"],"campfire_rested":0,"item_purchase_floors":[3,3],"current_hp_per_floor":[52,45,45,45,45,0,0],"gold":24,"neow_bonus":"BOSS_RELIC","is_daily":false,"chose_seed":false,"campfire_upgraded":0,"win_rate":0.0,"timestamp":1612978653,"path_taken":["M","?","$","?","?","E"],"items_purchased_type":["Card","Card"],"build_version":"2020-12-22","purchased_purges":0,"victory":false,"max_hp_per_floor":[71,71,71,71,71,71,71],"relic_stats":{"counters":[3,17],"Mummified Hand":[2],"obtain_stats":[{"Calling Bell":0,"DataDisk":0,"Mummified Hand":0,"GremlinMask":4,"WingedGreaves":0,"Cracked Core":0},{"Calling Bell":0,"DataDisk":0,"Mummified Hand":0,"GremlinMask":1,"WingedGreaves":0,"Cracked Core":0},{"Calling Bell":0,"DataDisk":0,"Mummified Hand":0,"GremlinMask":3,"WingedGreaves":0,"Cracked Core":0}]},"card_choices":[{"not_picked":["Undo","Stack"],"picked":"Compile Driver","floor":1},{"not_picked":["Chill","Consume"],"picked":"Lockon","floor":5}],"player_experience":1434271,"relics_obtained":[{"floor":0,"key":"DataDisk"},{"floor":0,"key":"Mummified Hand"},{"floor":0,"key":"WingedGreaves"}],"event_choices":[{"cards_removed":["Strike_B"],"damage_healed":0,"gold_gain":0,"player_choice":"Card Removal","damage_taken":7,"max_hp_gain":0,"max_hp_loss":0,"event_name":"Golden Wing","floor":2,"gold_loss":0},{"damage_healed":0,"gold_gain":0,"player_choice":"Trade","damage_taken":0,"relics_obtained":["GremlinMask"],"max_hp_gain":0,"max_hp_loss":0,"event_name":"FaceTrader","floor":4,"gold_loss":0}],"is_beta":false,"boss_relics":[],"items_purged_floors":[],"is_endless":false,"potions_floor_spawned":[1,5],"killed_by":"3 Sentries","ascension_level":20}}