{"host":"d6v9h08n6lx0nsey","time":1612995591,"event":{"mods":["BaseMod","Downfall","Minty Spire (QoL Compilation)","StSLib"],"gold_per_floor":[99,116,146,166,41,41,41,58,74,74,249,263,35,53,69,169,169,169,187,202,202,202,202,202,202],"floor_reached":23,"language":"ENG","playtime":3287,"items_purged":["sneckomod:Strike","Doubt"],"score":183,"play_id":"eda5d039-7268-450a-996f-e1a196b9a296","local_time":"20210210221951","is_ascension_mode":false,"campfire_choices":[{"data":"sneckomod:SnekBite","floor":1,"key":"SMITH"},{"data":"sneckomod:TrashToTreasure","floor":6,"key":"SMITH"},{"data":"sneckomod:UnknownRarePower","floor":10,"key":"SMITH"},{"data":"sneckomod:UnknownBoss","floor":18,"key":"SMITH"}],"circlet_count":0,"master_deck":["sneckomod:Strike","sneckomod:Strike","sneckomod:Defend","sneckomod:Defend","sneckomod:Defend","sneckomod:TailWhip","sneckomod:SnekBite+1","sneckomod:Unknown","sneckomod:Unknown","sneckomod:UnknownCommonAttack","sneckomod:Unknown1Cost","sneckomod:Cheat","sneckomod:TrashToTreasure+1","sneckomod:UnknownBlock","sneckomod:UnknownRarePower+1","sneckomod:Unknown0Cost","sneckomod:DiceBoulder","sneckomod:UnendingSupply","sneckomod:DiceCrush","sneckomod:DiceBlock","sneckomod:UnknownBoss+1","sneckomod:MasterEye","sneckomod:UnknownBlock"],"relics":["sneckomod:SneckoSoul","Oddly Smooth Stone","Pantograph","SlaversCollar","downfall:KnowingSkull"],"acts_visited":["Exordium","TheCity"],"potions_floor_usage":[16,16,19,23,23],"damage_taken":[{"damage":6,"enemies":"Jaw Worm","floor":2,"turns":4},{"damage":0,"enemies":"2 Louse","floor":4,"turns":2},{"damage":3,"enemies":"downfall:FleeingMerchant","floor":5,"turns":4},{"damage":1,"enemies":"Cultist","floor":8,"turns":3},{"damage":11,"enemies":"Blue Slaver","floor":9,"turns":6},{"damage":0,"enemies":"Exordium Wildlife","floor":12,"turns":1},{"damage":3,"enemies":"downfall:FleeingMerchant","floor":13,"turns":4},{"damage":13,"enemies":"Large Slime","floor":14,"turns":6},{"damage":3,"enemies":"3 Louse","floor":15,"turns":2},{"damage":6,"enemies":"SI_SHIV_ARCHETYPE","floor":16,"turns":9},{"damage":13,"enemies":"Chosen","floor":19,"turns":6},{"damage":74,"enemies":"Shelled Parasite and Fungi","floor":20,"turns":6},{"damage":21,"enemies":"Cultist and Chosen","floor":23,"turns":4}],"seed_played":"7718801402627993894","potions_obtained":[{"floor":2,"key":"EssenceOfSteel"},{"floor":14,"key":"GamblersBrew"},{"floor":15,"key":"Weak Potion"},{"floor":16,"key":"Weak Potion"},{"floor":21,"key":"CultistPotion"}],"is_trial":false,"path_per_floor":["R","M","?","M","$","R","T","M","M","R","?","M","$","M","M","B",null,"R","M","M","?","?","M"],"character_chosen":"THE_SNECKO","items_purchased":["sneckomod:TrashToTreasure","sneckomod:DiceBoulder","sneckomod:UnendingSupply"],"campfire_rested":0,"item_purchase_floors":[5,13,13],"current_hp_per_floor":[99,93,93,93,90,90,90,89,78,78,78,78,75,62,59,78,99,99,86,22,22,15,0,0,0],"gold":202,"neow_bonus":"TEN_PERCENT_HP_BONUS","is_daily":false,"chose_seed":false,"campfire_upgraded":4,"win_rate":0.0,"timestamp":1612995591,"path_taken":["R","M","?","M","$","R","T","M","M","R","?","M","$","M","M","BOSS","R","M","M","?","?","?"],"items_purchased_type":["Card","Card","Card"],"build_version":"2020-12-22","purchased_purges":2,"victory":false,"max_hp_per_floor":[99,99,99,99,99,99,99,99,99,99,99,99,99,99,99,99,99,99,99,99,99,99,99,99,99],"card_choices":[{"not_picked":["sneckomod:WideSting","sneckomod:RainOfDice"],"picked":"sneckomod:UnknownCommonAttack","floor":2},{"not_picked":["sneckomod:UnknownX","sneckomod:QuickBite"],"picked":"sneckomod:Unknown1Cost","floor":4},{"not_picked":["sneckomod:UnknownDraw","sneckomod:WideSting"],"picked":"sneckomod:Cheat","floor":5},{"not_picked":["sneckomod:UnknownCommonSkill","sneckomod:SoulRoll"],"picked":"sneckomod:UnknownBlock","floor":8},{"not_picked":["sneckomod:Nope","sneckomod:Unknown1Cost"],"picked":"sneckomod:UnknownRarePower","floor":9},{"not_picked":["sneckomod:SoulDraw","sneckomod:Nope"],"picked":"sneckomod:Unknown0Cost","floor":12},{"not_picked":["sneckomod:UnknownCommonSkill","sneckomod:RainOfDice","sneckomod:UnknownUncommonAttack"],"picked":"SKIP","floor":13},{"not_picked":["sneckomod:SoulRoll","sneckomod:WideSting"],"picked":"sneckomod:DiceCrush","floor":14},{"not_picked":["sneckomod:UnknownX","sneckomod:RainOfDice"],"picked":"sneckomod:DiceBlock","floor":15},{"not_picked":["sneckomod:Cheat","sneckomod:UnknownRareSkill"],"picked":"sneckomod:UnknownBoss","floor":16},{"not_picked":["sneckomod:SlitherStrike","sneckomod:UnknownCommonSkill+1"],"picked":"sneckomod:MasterEye","floor":19},{"not_picked":["sneckomod:SlitherStrike","sneckomod:UnknownCommonSkill+1"],"picked":"sneckomod:UnknownBlock","floor":20}],"player_experience":91616,"relics_obtained":[{"floor":7,"key":"Pantograph"}],"event_choices":[],"is_beta":false,"boss_relics":[{"not_picked":["Fusion Hammer","Sozu"],"picked":"SlaversCollar"}],"items_purged_floors":[5,13],"is_endless":false,"potions_floor_spawned":[2,14,15,16],"killed_by":"Cultist and Chosen","ascension_level":0}}