{"host":"epc8efk9vrywpcsw","time":1612975222,"event":{"mods":["BaseMod","Minty Spire (QoL Compilation)","Relic Stats","StSLib"],"gold_per_floor":[109,109,124,124,145,181,195,195,195,195,195],"floor_reached":10,"language":"ENG","playtime":171,"items_purged":[],"score":126,"play_id":"d64747b0-1fa9-40c8-9cf7-7dedea7922c6","local_time":"20210210174022","is_ascension_mode":true,"campfire_choices":[],"circlet_count":0,"master_deck":["AscendersBane","Strike_B","Strike_B","Strike_B","Strike_B","Defend_B","Defend_B","Defend_B","Defend_B","Zap","Leap","Creative AI","Storm","Steam","Force Field"],"relics":["Cracked Core","NeowsBlessing","Golden Idol","Peace Pipe","Kunai"],"acts_visited":["Exordium"],"potions_floor_usage":[6,10],"damage_taken":[{"damage":0,"enemies":"Jaw Worm","floor":1,"turns":1},{"damage":0,"enemies":"Cultist","floor":3,"turns":1},{"damage":0,"enemies":"2 Louse","floor":5,"turns":1},{"damage":31,"enemies":"3 Sentries","floor":6,"turns":5},{"damage":21,"enemies":"Blue Slaver","floor":7,"turns":4},{"damage":8,"enemies":"Gremlin Nob","floor":10,"turns":3}],"seed_played":"-1316200542267836858","potions_obtained":[{"floor":3,"key":"AttackPotion"},{"floor":7,"key":"SkillPotion"},{"floor":8,"key":"SteroidPotion"},{"floor":8,"key":"LiquidBronze"}],"is_trial":false,"path_per_floor":["M","?","M","?","M","E","M","?","T","E"],"character_chosen":"DEFECT","items_purchased":[],"campfire_rested":0,"item_purchase_floors":[],"current_hp_per_floor":[64,64,64,64,64,33,12,12,12,4,4],"gold":195,"neow_bonus":"THREE_ENEMY_KILL","is_daily":false,"chose_seed":false,"campfire_upgraded":0,"win_rate":0.0,"timestamp":1612975222,"path_taken":["M","?","M","?","?","E","M","?","T","E"],"items_purchased_type":[],"build_version":"2020-12-22","purchased_purges":0,"victory":false,"max_hp_per_floor":[71,64,64,64,64,64,64,64,64,64,64],"relic_stats":{"Peace Pipe":0,"counters":[6,15],"Golden Idol":17,"Kunai":[0],"obtain_stats":[{"Peace Pipe":6,"NeowsBlessing":0,"Golden Idol":2,"Kunai":9,"Cracked Core":0},{"Peace Pipe":4,"NeowsBlessing":0,"Golden Idol":1,"Kunai":5,"Cracked Core":0},{"Peace Pipe":8,"NeowsBlessing":0,"Golden Idol":1,"Kunai":12,"Cracked Core":0}]},"card_choices":[{"not_picked":["Streamline","Go for the Eyes"],"picked":"Leap","floor":1},{"not_picked":["Lockon","Cold Snap"],"picked":"Creative AI","floor":3},{"not_picked":["Ball Lightning","Aggregate"],"picked":"Steam","floor":5},{"not_picked":["Gash","Recycle"],"picked":"Force Field","floor":6},{"not_picked":["Turbo","Stack","Beam Cell"],"picked":"SKIP","floor":7}],"player_experience":515780,"relics_obtained":[{"floor":6,"key":"Peace Pipe"},{"floor":9,"key":"Kunai"}],"event_choices":[{"damage_healed":0,"gold_gain":0,"player_choice":"Lose Max HP","damage_taken":0,"relics_obtained":["Golden Idol"],"max_hp_gain":0,"max_hp_loss":7,"event_name":"Golden Idol","floor":2,"gold_loss":0},{"damage_healed":0,"gold_gain":0,"cards_transformed":["Dualcast"],"player_choice":"Transformed","damage_taken":0,"max_hp_gain":0,"max_hp_loss":0,"event_name":"Transmorgrifier","floor":4,"gold_loss":0,"cards_obtained":["Storm"]},{"damage_healed":0,"gold_gain":0,"player_choice":"Got Potions","damage_taken":0,"max_hp_gain":0,"max_hp_loss":0,"event_name":"Lab","floor":8,"gold_loss":0}],"is_beta":false,"boss_relics":[],"items_purged_floors":[],"is_endless":false,"potions_floor_spawned":[3,7],"killed_by":"Gremlin Nob","ascension_level":17}}