{"host":"f5gffvlv6a66yqkd","time":1612953082,"event":{"mods":["2.2 Compatiblity","BaseMod","Colored Map","Custom Start","DeckTracker","Keyboard Shortcuts","Minty Spire (QoL Compilation)","Permanent Neow","Quick Restart","Relic Stats","StSLib","SuperFastMode"],"gold_per_floor":[109,109,259,259,274,274,290,306,306,326,192,192,31,49,49,122,122,137,137,147,47,77,77,77,77],"floor_reached":24,"language":"KOR","playtime":690,"items_purged":["Defend_P","Weave"],"score":372,"play_id":"a7828dc2-b32a-47f6-83e3-4dbd5a31c336","local_time":"20210210193122","is_ascension_mode":true,"campfire_choices":[{"data":"Eruption","floor":6.0,"key":"SMITH"},{"data":"Prostrate","floor":12.0,"key":"SMITH"},{"data":"EmptyBody","floor":15.0,"key":"SMITH"},{"floor":23.0,"key":"REST"}],"circlet_count":0,"master_deck":["AscendersBane","Eruption+1","Vigilance","Prostrate+1","EmptyBody+1","SandsOfTime","FlurryOfBlows","FollowUp","Judgement","ReachHeaven","ConjureBlade","Perseverance","Blasphemy","Pray","Judgement","TalkToTheHand"],"relics":["PureWater","Orichalcum","Shuriken","CaptainsWheel","Medical Kit","Pandora\u0027s Box","Red Mask"],"acts_visited":["Exordium","TheCity"],"potions_floor_usage":[24,24],"damage_taken":[{"damage":1.0,"enemies":"Small Slimes","floor":1.0,"turns":3.0},{"damage":5.0,"enemies":"2 Louse","floor":5.0,"turns":2.0},{"damage":0.0,"enemies":"Cultist","floor":7.0,"turns":2.0},{"damage":0.0,"enemies":"Large Slime","floor":8.0,"turns":4.0},{"damage":12.0,"enemies":"Exordium Thugs","floor":10.0,"turns":6.0},{"damage":0.0,"enemies":"Looter","floor":14.0,"turns":3.0},{"damage":17.0,"enemies":"The Guardian","floor":16.0,"turns":9.0},{"damage":5.0,"enemies":"3 Byrds","floor":18.0,"turns":4.0},{"damage":16.0,"enemies":"2 Thieves","floor":20.0,"turns":3.0},{"damage":32.0,"enemies":"Masked Bandits","floor":22.0,"turns":4.0},{"damage":23,"enemies":"Slavers","floor":24,"turns":2}],"seed_played":"-9062240657617650858","potions_obtained":[{"floor":7.0,"key":"GamblersBrew"},{"floor":8.0,"key":"StancePotion"},{"floor":10.0,"key":"Strength Potion"},{"floor":14.0,"key":"BottledMiracle"},{"floor":22.0,"key":"AttackPotion"}],"is_trial":false,"path_per_floor":["M","?","?","?","M","R","M","M","T","M","$","R","$","M","R","B",null,"M","?","M","$","?","R","E"],"character_chosen":"WATCHER","items_purchased":["FollowUp","Medical Kit"],"campfire_rested":1,"item_purchase_floors":[11,13],"current_hp_per_floor":[60,49,49,49,44,44,44,44,44,32,32,32,32,32,32,15,55,50,50,34,34,2,22,0,0],"gold":77,"neow_bonus":"RANDOM_COMMON_RELIC","is_daily":false,"chose_seed":false,"campfire_upgraded":3,"win_rate":0.0,"timestamp":1612953082,"path_taken":["M","?","?","?","M","R","M","M","T","M","$","R","?","?","R","BOSS","M","?","M","?","?","R","E"],"items_purchased_type":["Card","Relic"],"build_version":"2020-12-22","purchased_purges":2,"victory":false,"max_hp_per_floor":[68,68,68,68,68,68,68,68,68,68,68,68,68,68,68,68,68,68,68,68,68,68,68,68,68],"relic_stats":{"counters":[11,42],"Shuriken":[15],"Pandora\u0027s Box":["ReachHeaven","ConjureBlade","Perseverance","Blasphemy","Weave","Pray","Judgement"],"Orichalcum":[18],"Medical Kit":[0],"obtain_stats":[{"CaptainsWheel":9,"Shuriken":2,"Pandora\u0027s Box":17,"Red Mask":22,"PureWater":0,"Orichalcum":0,"Medical Kit":13},{"CaptainsWheel":4,"Shuriken":1,"Pandora\u0027s Box":7,"Red Mask":10,"PureWater":0,"Orichalcum":0,"Medical Kit":5},{"CaptainsWheel":11,"Shuriken":3,"Pandora\u0027s Box":29,"Red Mask":40,"PureWater":0,"Orichalcum":0,"Medical Kit":17}]},"card_choices":[{"not_picked":["Weave","JustLucky"],"picked":"Prostrate","floor":1.0},{"not_picked":["ThirdEye","SashWhip","Swivel"],"picked":"SKIP","floor":5.0},{"not_picked":["ClearTheMind","WindmillStrike"],"picked":"EmptyBody","floor":7.0},{"not_picked":["PathToVictory","SashWhip"],"picked":"SandsOfTime","floor":8.0},{"not_picked":["FlyingSleeves","DeceiveReality"],"picked":"FlurryOfBlows","floor":10.0},{"not_picked":["WaveOfTheHand","Protect","Weave"],"picked":"SKIP","floor":14.0},{"not_picked":["Wish","Establishment"],"picked":"Judgement","floor":16.0},{"not_picked":["Collect","Conclude","CutThroughFate"],"picked":"SKIP","floor":18.0},{"not_picked":["FlyingSleeves+1","SandsOfTime+1","WheelKick"],"picked":"SKIP","floor":20.0}],"player_experience":1452475,"relics_obtained":[{"floor":9.0,"key":"CaptainsWheel"},{"floor":22.0,"key":"Red Mask"}],"event_choices":[{"damage_healed":0.0,"max_hp_gain":0.0,"max_hp_loss":0.0,"gold_gain":0.0,"event_name":"Scrap Ooze","player_choice":"Success","floor":2.0,"gold_loss":0.0,"damage_taken":11.0,"relics_obtained":["Shuriken"]},{"damage_healed":0.0,"max_hp_gain":0.0,"max_hp_loss":0.0,"gold_gain":150.0,"event_name":"Liars Game","player_choice":"AGREE","floor":3.0,"gold_loss":0.0,"damage_taken":0.0,"cards_obtained":["Doubt"]},{"cards_removed":["Doubt"],"damage_healed":0.0,"max_hp_gain":0.0,"max_hp_loss":0.0,"gold_gain":0.0,"event_name":"Living Wall","player_choice":"Forget","floor":4.0,"gold_loss":0.0,"damage_taken":0.0},{"damage_healed":0.0,"max_hp_gain":0.0,"max_hp_loss":0.0,"gold_gain":0.0,"event_name":"The Library","player_choice":"Read","floor":19.0,"gold_loss":0.0,"damage_taken":0.0,"cards_obtained":["TalkToTheHand"]},{"damage_healed":0.0,"max_hp_gain":0.0,"max_hp_loss":0.0,"gold_gain":0.0,"event_name":"Masked Bandits","player_choice":"Fought Bandits","floor":22.0,"gold_loss":0.0,"damage_taken":0.0}],"is_beta":false,"boss_relics":[{"not_picked":["Philosopher\u0027s Stone","Runic Pyramid"],"picked":"Pandora\u0027s Box"}],"items_purged_floors":[11,21],"is_endless":false,"potions_floor_spawned":[7,8,10,14,20,22],"killed_by":"Slavers","ascension_level":20}}