{"host":"j3a2evu0xzqog6vj","time":1612945948,"event":{"mods":["BaseMod","Minty Spire (QoL Compilation)"],"gold_per_floor":[119,44,44,62,62,103,126,160,212,212,212],"floor_reached":10,"language":"ENG","playtime":606,"items_purged":[],"score":152,"play_id":"4628d93c-b6ce-4dbd-9604-97e9dbb75369","local_time":"20210210093228","is_ascension_mode":true,"campfire_choices":[],"circlet_count":0,"master_deck":["AscendersBane","Strike_R","Strike_R","Strike_R+1","Strike_R","Defend_R","Defend_R","Defend_R","Defend_R+1","Bash+1","Reaper","Sword Boomerang+1","Sever Soul","Feed","Armaments","Immolate"],"relics":["Burning Blood","Golden Idol","Singing Bowl","Whetstone","Juzu Bracelet"],"acts_visited":["Exordium"],"potions_floor_usage":[6,8,8],"damage_taken":[{"damage":4,"enemies":"Small Slimes","floor":1,"turns":4},{"damage":12,"enemies":"2 Louse","floor":4,"turns":4},{"damage":39,"enemies":"3 Sentries","floor":6,"turns":9},{"damage":0,"enemies":"Jaw Worm","floor":7,"turns":3},{"damage":16,"enemies":"Lagavulin","floor":8,"turns":5},{"damage":31,"enemies":"Gremlin Nob","floor":10,"turns":3}],"seed_played":"909627385439115241","potions_obtained":[{"floor":4,"key":"Fire Potion"},{"floor":6,"key":"ColorlessPotion"},{"floor":7,"key":"Fire Potion"}],"is_trial":false,"path_per_floor":["M","?","?","M","?","E","M","E","T","E"],"character_chosen":"IRONCLAD","items_purchased":[],"campfire_rested":0,"item_purchase_floors":[],"current_hp_per_floor":[68,68,48,45,45,20,26,20,20,0,0],"gold":212,"neow_bonus":"THREE_RARE_CARDS","is_daily":false,"chose_seed":false,"campfire_upgraded":0,"win_rate":0.0,"timestamp":1612945948,"path_taken":["M","?","?","M","?","E","M","E","T","E"],"items_purchased_type":[],"build_version":"2020-12-22","purchased_purges":0,"victory":false,"max_hp_per_floor":[68,68,68,68,62,62,62,62,62,62,62],"card_choices":[{"not_picked":["Berserk","Brutality"],"picked":"Reaper","floor":0},{"not_picked":["Clash","Armaments"],"picked":"Sword Boomerang","floor":1},{"not_picked":["Juggernaut","Flex"],"picked":"Sever Soul","floor":4},{"not_picked":["Shrug It Off","Body Slam"],"picked":"Feed","floor":6},{"not_picked":["Combust","Havoc"],"picked":"Armaments","floor":7},{"not_picked":["Iron Wave","Thunderclap"],"picked":"Immolate","floor":8}],"player_experience":386794,"relics_obtained":[{"floor":6,"key":"Singing Bowl"},{"floor":8,"key":"Whetstone"},{"floor":9,"key":"Juzu Bracelet"}],"event_choices":[{"cards_removed":["Strike_R"],"damage_healed":0,"gold_gain":0,"player_choice":"Card Removal","damage_taken":0,"max_hp_gain":0,"max_hp_loss":0,"event_name":"The Cleric","floor":2,"gold_loss":75},{"damage_healed":0,"gold_gain":0,"player_choice":"Entered Light","damage_taken":20,"max_hp_gain":0,"max_hp_loss":0,"event_name":"Shining Light","floor":3,"gold_loss":0,"cards_upgraded":["Defend_R","Bash"]},{"damage_healed":0,"gold_gain":0,"player_choice":"Lose Max HP","damage_taken":0,"relics_obtained":["Golden Idol"],"max_hp_gain":0,"max_hp_loss":6,"event_name":"Golden Idol","floor":5,"gold_loss":0}],"is_beta":false,"boss_relics":[],"items_purged_floors":[],"is_endless":false,"potions_floor_spawned":[4,6,7],"killed_by":"Gremlin Nob","ascension_level":20}}