{"host":"hk6dyp3pgs92n0l4","time":1612927195,"event":{"mods":["AchievementEnabler","BaseMod","Colored Powertips","GifTheSpireLib","Infinite Spire","Minty Spire (QoL Compilation)","Random Character Mod","StSLib","The Bug Knight","The Construct","The Cursed","The Disciple","The Hierophant","The Runesmith"],"gold_per_floor":[112,127,144,319,338,370,370,395,472,490,490,490,503,522,522,617,617,617],"floor_reached":17,"language":"ENG","playtime":595,"items_purged":[],"score":186,"play_id":"6f8661f6-48d5-4d96-a694-ce3f5362eb8c","local_time":"20210209191955","is_ascension_mode":true,"campfire_choices":[{"data":"White Noise","floor":12,"key":"SMITH"},{"floor":15,"key":"REST"}],"circlet_count":0,"master_deck":["Strike_B","Strike_B","Strike_B","Strike_B","Defend_B","Defend_B","Defend_B","Defend_B","Zap","Dualcast","Coolheaded","Electrodynamics","Coolheaded","Doubt","White Noise+1","Creative AI","Self Repair","Static Discharge","Amplify"],"relics":["Cracked Core","NeowsBlessing","Pear","Ice Cream","infinitespire:Freezer","Happy Flower"],"acts_visited":["Exordium","TheCity"],"potions_floor_usage":[16,16],"damage_taken":[{"damage":0,"enemies":"Small Slimes","floor":1,"turns":1},{"damage":0,"enemies":"Jaw Worm","floor":2,"turns":1},{"damage":0,"enemies":"Cultist","floor":3,"turns":1},{"damage":12,"enemies":"Looter","floor":5,"turns":3},{"damage":12,"enemies":"HollowMod:MossKnight","floor":6,"turns":22},{"damage":11,"enemies":"3 Sentries","floor":8,"turns":3},{"damage":7,"enemies":"Exordium Thugs","floor":10,"turns":4},{"damage":20,"enemies":"2 Fungi Beasts","floor":13,"turns":3},{"damage":5,"enemies":"Blue Slaver","floor":14,"turns":4},{"damage":29,"enemies":"The Guardian","floor":16,"turns":7}],"seed_played":"-7252416059556872151","potions_obtained":[{"floor":2,"key":"SpeedPotion"},{"floor":5,"key":"AttackPotion"},{"floor":6,"key":"Fire Potion"}],"is_trial":false,"path_per_floor":["M","M","M","?","M","E","?","E","T","M","T","R","M","M","R","B",null],"character_chosen":"DEFECT","items_purchased":[],"campfire_rested":1,"item_purchase_floors":[],"current_hp_per_floor":[75,75,75,75,63,61,49,38,38,38,38,38,18,20,45,23,85,85],"gold":617,"neow_bonus":"THREE_ENEMY_KILL","is_daily":false,"chose_seed":false,"campfire_upgraded":1,"win_rate":0.0,"timestamp":1612927195,"path_taken":["M","M","M","?","M","E","?","E","T","M","?","R","M","M","R","BOSS"],"items_purchased_type":[],"build_version":"2020-12-22","purchased_purges":0,"victory":false,"max_hp_per_floor":[75,75,75,75,75,85,85,85,85,85,85,85,85,85,85,85,85,85],"card_choices":[{"not_picked":["Reprogram","Genetic Algorithm"],"picked":"Coolheaded","floor":1},{"not_picked":["Steam","Redo"],"picked":"Electrodynamics","floor":2},{"not_picked":["Turbo","Leap"],"picked":"Coolheaded","floor":3},{"not_picked":["Heatsinks","Hello World"],"picked":"White Noise","floor":5},{"not_picked":["Coolheaded","Melter"],"picked":"Creative AI","floor":6},{"not_picked":["Aggregate","Tempest"],"picked":"Self Repair","floor":8},{"not_picked":["Conserve Battery","Rebound"],"picked":"Static Discharge","floor":10},{"not_picked":["Hologram","Compile Driver","Redo"],"picked":"SKIP","floor":13},{"not_picked":["Lockon","Tempest","Hologram"],"picked":"SKIP","floor":14},{"not_picked":["Biased Cognition","Reboot"],"picked":"Amplify","floor":16}],"player_experience":123963,"relics_obtained":[{"floor":6,"key":"Pear"},{"floor":8,"key":"infinitespire:Freezer"},{"floor":11,"key":"Happy Flower"}],"event_choices":[{"damage_healed":0,"gold_gain":175,"player_choice":"AGREE","damage_taken":0,"max_hp_gain":0,"max_hp_loss":0,"event_name":"Liars Game","floor":4,"gold_loss":0,"cards_obtained":["Doubt"]},{"damage_healed":0,"gold_gain":0,"player_choice":"Success","damage_taken":12,"relics_obtained":["Ice Cream"],"max_hp_gain":0,"max_hp_loss":0,"event_name":"Scrap Ooze","floor":7,"gold_loss":0}],"is_beta":false,"boss_relics":[{"not_picked":[]}],"items_purged_floors":[],"is_endless":false,"potions_floor_spawned":[2,5,6,10,14],"ascension_level":2}}