{"host":"d61fcf2p3sjwe6yo","time":1612949440,"event":{"mods":["BaseMod","Colored Map","Koishi","Marisa????????","Minty Spire (QoL Compilation)","StSLib","SuperFastMode","The Servant 0.9.4"],"gold_per_floor":[109,121,131,131,142,142,142,142,142,142,172,172,186,215,215,293,293,310,310,310,326,340,340,371,391,415,415,428,428,87,119,119,198,198,208,221,232,287,302,302,78,106,106,106,106,121,121,148,148,148,138,138,138,38,65,60],"floor_reached":57,"language":"ENG","playtime":5386,"items_purged":["Writhe","Koishi:BasicDefend"],"score":2966,"play_id":"f85eba9e-bf61-4619-b8b3-9b5f72563dee","local_time":"20210210123039","is_ascension_mode":true,"campfire_choices":[{"data":"Koishi:SubconsciousSweep","floor":6.0,"key":"SMITH"},{"data":"Koishi:Ego","floor":10.0,"key":"SMITH"},{"data":"Koishi:StingingMind","floor":12.0,"key":"SMITH"},{"data":"Koishi:UnconsciousUprising","floor":15.0,"key":"SMITH"},{"data":"Koishi:SuperEgo","floor":23.0,"key":"SMITH"},{"data":"Koishi:HauntingSlash","floor":27.0,"key":"SMITH"},{"data":"Koishi:Prune","floor":29.0,"key":"SMITH"},{"floor":32.0,"key":"RECALL"},{"floor":45.0,"key":"REST"},{"floor":49.0,"key":"REST"},{"floor":53.0,"key":"REST"}],"circlet_count":0,"master_deck":["AscendersBane","Koishi:BasicDefend","Koishi:BasicDefend","Koishi:Provoke","Koishi:HauntingSlash+1","Koishi:SubconsciousSweep+1","Koishi:Ego+1","Koishi:PhilosophyOfTheDespised","Koishi:StingingMind+1","Koishi:GhostParty","Koishi:UnconsciousUprising+1","Koishi:SuperEgo+1","Koishi:Bloodlust+1","Koishi:StingingMind+1","Koishi:Catatonia+1","Koishi:Prune+1","Koishi:RorschachInDanmaku","Koishi:Untouchable+1","Koishi:PerfectMindControl+1","Koishi:TerrifyingSpectre","Koishi:GhostParty+1","Koishi:ReleaseOfTheId+1","Koishi:ReflexRadar+1","Koishi:FadingMemory+1","Apotheosis+1","Deep Breath+1","Sadistic Nature","Koishi:UnconsciousUprising+1","Koishi:RuptureMind","Koishi:Untouchable","Koishi:EmbersOfLove+1","Koishi:ReflexRadar+1","Koishi:FleetingPhantom+1","Koishi:Possession+1"],"relics":["Koishi:ImaginaryFriend","Mercury Hourglass","Bird Faced Urn","Letter Opener","InkBottle","Astrolabe","Pocketwatch","Dead Branch","Koishi:AHoleWhereASisterShouldBe","Toxic Egg 2","Meat on the Bone","Fusion Hammer","Du-Vu Doll","Lantern","Sundial","Dream Catcher","FossilizedHelix","Omamori","StoneCalendar"],"acts_visited":["Exordium","TheCity","TheBeyond","TheEnding"],"potions_floor_usage":[56,56],"damage_taken":[{"damage":4.0,"enemies":"Cultist","floor":1.0,"turns":4.0},{"damage":4.0,"enemies":"Small Slimes","floor":2.0,"turns":5.0},{"damage":4.0,"enemies":"2 Louse","floor":3.0,"turns":3.0},{"damage":4.0,"enemies":"2 Fungi Beasts","floor":5.0,"turns":3.0},{"damage":29.0,"enemies":"Lagavulin","floor":11.0,"turns":8.0},{"damage":0.0,"enemies":"Blue Slaver","floor":13.0,"turns":3.0},{"damage":12.0,"enemies":"3 Sentries","floor":14.0,"turns":6.0},{"damage":4.0,"enemies":"The Guardian","floor":16.0,"turns":16.0},{"damage":0.0,"enemies":"2 Thieves","floor":18.0,"turns":2.0},{"damage":13.0,"enemies":"3 Byrds","floor":21.0,"turns":4.0},{"damage":0.0,"enemies":"Snake Plant","floor":22.0,"turns":3.0},{"damage":23.0,"enemies":"Book of Stabbing","floor":24.0,"turns":3.0},{"damage":7.0,"enemies":"Shelled Parasite and Fungi","floor":25.0,"turns":3.0},{"damage":0.0,"enemies":"Snecko","floor":28.0,"turns":3.0},{"damage":0.0,"enemies":"Gremlin Leader","floor":31.0,"turns":5.0},{"damage":1.0,"enemies":"Champ","floor":33.0,"turns":27.0},{"damage":0.0,"enemies":"3 Shapes","floor":35.0,"turns":3.0},{"damage":0.0,"enemies":"3 Darklings","floor":36.0,"turns":5.0},{"damage":0.0,"enemies":"Sphere and 2 Shapes","floor":37.0,"turns":5.0},{"damage":4.0,"enemies":"2 Orb Walkers","floor":38.0,"turns":3.0},{"damage":0.0,"enemies":"Jaw Worm Horde","floor":39.0,"turns":3.0},{"damage":3.0,"enemies":"Reptomancer","floor":42.0,"turns":4.0},{"damage":0.0,"enemies":"Mind Bloom Boss Battle","floor":46.0,"turns":3.0},{"damage":0.0,"enemies":"Nemesis","floor":48.0,"turns":3.0},{"damage":0.0,"enemies":"Awakened One","floor":50.0,"turns":10.0},{"damage":0.0,"enemies":"Donu and Deca","floor":51.0,"turns":7.0},{"damage":16.0,"enemies":"Shield and Spear","floor":55.0,"turns":7.0},{"damage":49,"enemies":"The Heart","floor":56,"turns":8}],"seed_played":"755682503493843635","potions_obtained":[{"floor":2.0,"key":"LiquidMemories"},{"floor":14.0,"key":"SkillPotion"},{"floor":16.0,"key":"ColorlessPotion"},{"floor":18.0,"key":"Energy Potion"},{"floor":22.0,"key":"BlessingOfTheForge"},{"floor":24.0,"key":"Ancient Potion"},{"floor":33.0,"key":"LiquidBronze"},{"floor":38.0,"key":"Dexterity Potion"}],"is_trial":false,"path_per_floor":["M","M","M","T","M","R","?","?","T","R","E","R","M","E","R","B",null,"M","?","?","M","M","R","E","M","T","R","M","R","$","E","R","B",null,"M","M","M","?","M","?","$","E","T","T","R","?","?","E","R","B","B",null,"R","$","E","B",null],"character_chosen":"KOISHI","items_purchased":["Toxic Egg 2","Lantern","Koishi:UnconsciousUprising+1"],"campfire_rested":3,"item_purchase_floors":[30,41,41],"current_hp_per_floor":[54,53,49,49,46,46,51,44,44,44,20,20,23,15,15,31,58,65,65,65,59,67,67,59,64,64,64,67,67,67,67,67,67,67,67,67,67,67,67,57,57,67,67,67,67,67,67,67,67,67,67,67,67,67,61,61],"gold":60,"neow_bonus":"TEN_PERCENT_HP_BONUS","is_daily":false,"chose_seed":false,"campfire_upgraded":7,"win_rate":0.0,"timestamp":1612949439,"path_taken":["M","M","M","?","?","R","?","?","T","R","E","R","M","E","R","BOSS","M","?","?","M","M","R","E","M","T","R","M","R","$","E","R","BOSS","M","M","M","?","M","?","$","E","T","?","R","?","?","E","R","BOSS","BOSS","R","$","E","BOSS"],"items_purchased_type":["Relic","Relic","Card"],"build_version":"2020-12-22","purchased_purges":2,"victory":true,"max_hp_per_floor":[62,62,62,62,62,62,67,67,67,67,67,67,67,67,67,67,67,67,67,67,67,67,67,67,67,67,67,67,67,67,67,67,67,67,67,67,67,67,67,67,67,67,67,67,67,67,67,67,67,67,67,67,67,67,67,67],"card_choices":[{"not_picked":["Koishi:JumpScare","Koishi:PhantomStrike"],"picked":"Koishi:SubconsciousSweep","floor":1.0},{"not_picked":["Koishi:StingingMind","Koishi:ParalyzingFear"],"picked":"Koishi:Ego","floor":2.0},{"not_picked":["Koishi:Prune","Koishi:FleetingPhantom"],"picked":"Koishi:PhilosophyOfTheDespised","floor":3.0},{"not_picked":["Koishi:UnansweredLove","Koishi:RacingHeart","Koishi:EmbryosDream"],"picked":"SKIP","floor":5.0},{"not_picked":["Koishi:CatchAndRose","Koishi:JumpScare"],"picked":"Koishi:StingingMind","floor":11.0},{"not_picked":["Koishi:TremblingHands","Koishi:ReflexRadar"],"picked":"Koishi:GhostParty","floor":13.0},{"not_picked":["Koishi:HeartfeltFancy","Koishi:PhantomBarrier"],"picked":"Koishi:UnconsciousUprising","floor":14.0},{"not_picked":["Koishi:RollingInRichesHeart","Koishi:RuptureMind"],"picked":"Koishi:SuperEgo","floor":16.0},{"not_picked":["Koishi:PhantomBarrier","Koishi:TraumaticStroke","Koishi:JumpScare"],"picked":"SKIP","floor":18.0},{"not_picked":["Koishi:PhantomBarrier","Koishi:DreadfulBlow"],"picked":"Koishi:Prune","floor":21.0},{"not_picked":["Koishi:EmbryosDream","Koishi:CatchAndRose","Koishi:BloodcurdlingScream"],"picked":"SKIP","floor":22.0},{"not_picked":["Koishi:DanmakuParanoia","Koishi:PhantomBarrier","Koishi:LastRemote"],"picked":"SKIP","floor":24.0},{"not_picked":["Koishi:UnansweredLove+1","Koishi:JumpScare"],"picked":"Koishi:RorschachInDanmaku","floor":25.0},{"not_picked":["Koishi:UnconsciousUprising","Koishi:MindNumbingTerror"],"picked":"Koishi:Untouchable+1","floor":28.0},{"not_picked":["Koishi:MassHysteria+1","Koishi:LastRemote"],"picked":"Koishi:PerfectMindControl+1","floor":31.0},{"not_picked":["Koishi:PerfectMindControl+1","Koishi:Heartbroken"],"picked":"Koishi:TerrifyingSpectre","floor":33.0},{"not_picked":["Koishi:EmbryosDream+1","Koishi:UnconsciousUprising+1"],"picked":"Koishi:GhostParty+1","floor":35.0},{"not_picked":["Koishi:Prune","Koishi:RacingHeart","Koishi:ParalyzingFear+1"],"picked":"SKIP","floor":36.0},{"not_picked":["Koishi:EmbryosDream+1","Koishi:LastRemote"],"picked":"Koishi:ReleaseOfTheId+1","floor":37.0},{"not_picked":["Koishi:BloodcurdlingScream+1","Koishi:SubterraneanRose+1"],"picked":"Koishi:ReflexRadar+1","floor":38.0},{"not_picked":["Koishi:Prune","Koishi:PredatoryInstincts+1"],"picked":"Koishi:FadingMemory+1","floor":39.0},{"not_picked":["Blind+1","Madness+1"],"picked":"Apotheosis+1","floor":40.0},{"not_picked":["Transmutation+1","Enlightenment+1"],"picked":"Deep Breath+1","floor":40.0},{"not_picked":["Panache","Mind Blast"],"picked":"Sadistic Nature","floor":40.0},{"not_picked":["Koishi:UnansweredLove+1","Koishi:Jaunt"],"picked":"Koishi:RuptureMind","floor":42.0},{"not_picked":["Koishi:Jaunt","Koishi:CatchAndRose+1"],"picked":"Koishi:Untouchable","floor":46.0},{"not_picked":["Koishi:FidgetySnatcher+1","Koishi:PhantomStrike","Koishi:EmbryosDream+1"],"picked":"SKIP","floor":48.0},{"not_picked":["Koishi:UnseenTerror","Koishi:PredatoryInstincts+1"],"picked":"Koishi:ReflexRadar+1","floor":49.0},{"not_picked":["Koishi:StrangeCloudFist","Koishi:LastRemote"],"picked":"Koishi:FleetingPhantom+1","floor":53.0},{"not_picked":["Koishi:RollingInRichesHeart+1","Koishi:UnconsciousUprising+1"],"picked":"Koishi:Possession+1","floor":55.0}],"player_experience":322056,"relics_obtained":[{"floor":4.0,"key":"Mercury Hourglass"},{"floor":9.0,"key":"Bird Faced Urn"},{"floor":11.0,"key":"Letter Opener"},{"floor":14.0,"key":"InkBottle"},{"floor":24.0,"key":"Dead Branch"},{"floor":26.0,"key":"Koishi:AHoleWhereASisterShouldBe"},{"floor":31.0,"key":"Meat on the Bone"},{"floor":38.0,"key":"Du-Vu Doll"},{"floor":42.0,"key":"Sundial"},{"floor":44.0,"key":"Dream Catcher"},{"floor":46.0,"key":"FossilizedHelix"},{"floor":48.0,"key":"Omamori"},{"floor":55.0,"key":"StoneCalendar"}],"event_choices":[{"damage_healed":0.0,"max_hp_gain":5.0,"max_hp_loss":0.0,"gold_gain":0.0,"event_name":"Big Fish","player_choice":"Donut","floor":7.0,"gold_loss":0.0,"damage_taken":0.0},{"cards_removed":["Koishi:BasicStrike"],"damage_healed":0.0,"max_hp_gain":0.0,"max_hp_loss":0.0,"gold_gain":0.0,"event_name":"Golden Wing","player_choice":"Card Removal","floor":8.0,"gold_loss":0.0,"damage_taken":7.0},{"damage_healed":0.0,"max_hp_gain":0.0,"max_hp_loss":0.0,"gold_gain":0.0,"event_name":"The Mausoleum","player_choice":"Opened","floor":19.0,"gold_loss":0.0,"damage_taken":0.0,"relics_obtained":["Pocketwatch"],"cards_obtained":["Writhe"]},{"damage_healed":0.0,"max_hp_gain":0.0,"max_hp_loss":0.0,"gold_gain":0.0,"event_name":"Ghosts","player_choice":"Ignored","floor":20.0,"gold_loss":0.0,"damage_taken":0.0},{"damage_healed":0.0,"max_hp_gain":0.0,"max_hp_loss":0.0,"gold_gain":0.0,"event_name":"Mysterious Sphere","player_choice":"Fight","floor":38.0,"gold_loss":0.0,"damage_taken":0.0},{"damage_healed":0.0,"max_hp_gain":0.0,"max_hp_loss":0.0,"gold_gain":0.0,"event_name":"SensoryStone","player_choice":"Memory 3","floor":40.0,"gold_loss":0.0,"damage_taken":10.0},{"damage_healed":0.0,"max_hp_gain":0.0,"max_hp_loss":0.0,"gold_gain":0.0,"event_name":"MindBloom","player_choice":"Fight","floor":46.0,"gold_loss":0.0,"damage_taken":0.0},{"damage_healed":0.0,"max_hp_gain":0.0,"max_hp_loss":0.0,"gold_gain":0.0,"cards_transformed":["Koishi:BasicDefend"],"event_name":"Transmorgrifier","player_choice":"Transformed","floor":47.0,"gold_loss":0.0,"damage_taken":0.0,"cards_obtained":["Koishi:EmbersOfLove"]}],"is_beta":false,"boss_relics":[{"not_picked":["Ectoplasm","Tiny House"],"picked":"Astrolabe"},{"not_picked":["Pandora\u0027s Box","Runic Dome"],"picked":"Fusion Hammer"}],"items_purged_floors":[30,54],"is_endless":false,"potions_floor_spawned":[2,14,16,18,22,24,33,38,42,46,48],"ascension_level":20}}