{"host":"qje7bge8e4rv32w4","time":1612942653,"event":{"mods":["BaseMod","KinomotoSakuraMod(ƒæ÷Æ±æ”£)","Marisa£®ÏF”Í°°ƒß¿Ì…≥£©","Minty Spire (QoL Compilation)","Remilia£®¿Ÿ√◊¿Ú—«£©","StSLib","The Bug Knight","The Servant 0.9.4","Youmu£®ªÍ∆«—˝√Œ£©"],"gold_per_floor":[361,286,186,14,28,28,41,61,110,171,20,53,53,67,67,165,165,175,175,190,202,202,229,229,209,257,272,299,49,49,149,149,149,149],"floor_reached":33,"language":"ZHS","playtime":1772,"items_purged":["ClowCardTheSword"],"score":339,"play_id":"598fdff0-d25e-403f-815c-47996f418eac","local_time":"20210210153733","is_ascension_mode":true,"campfire_choices":[{"data":"SpellCardSeal","floor":6.0,"key":"SMITH"},{"floor":15.0,"key":"REST"},{"data":"ClowCardTheLight","floor":32.0,"key":"SMITH"}],"circlet_count":0,"master_deck":["SakuraCardTheSword+","ClowCardTheShield+1","SpellCardSeal+1","SpellCardRelease","ClowCardTheArrow","ClowCardTheMove","ClowCardTheWatery","ClowCardTheChange","ClowCardTheLight+1","ClowCardTheBubbles","ClowCardTheLoop+1","Shame"],"relics":["KSMOD_SealedBook","KSMOD_SealedWand","Nunchaku","KSMOD_GemBrooch","Juzu Bracelet","Bag of Preparation","KSMOD_TaoistSuit","Busted Crown","Enchiridion","Bottled Lightning","MealTicket","Ice Cream","Gremlin Horn","Regal Pillow"],"acts_visited":["Exordium","TheCity"],"potions_floor_usage":[],"damage_taken":[{"damage":1.0,"enemies":"Cultist","floor":1.0,"turns":4.0},{"damage":0.0,"enemies":"2 Louse","floor":5.0,"turns":2.0},{"damage":0.0,"enemies":"Jaw Worm","floor":7.0,"turns":2.0},{"damage":1.0,"enemies":"Blue Slaver","floor":8.0,"turns":3.0},{"damage":19.0,"enemies":"HollowMod:MossKnight","floor":12.0,"turns":4.0},{"damage":40.0,"enemies":"Exordium Wildlife","floor":14.0,"turns":5.0},{"damage":16.0,"enemies":"The Guardian","floor":16.0,"turns":5.0},{"damage":0.0,"enemies":"Chosen","floor":18.0,"turns":2.0},{"damage":5.0,"enemies":"Centurion and Healer","floor":20.0,"turns":3.0},{"damage":6.0,"enemies":"Snake Plant","floor":21.0,"turns":2.0},{"damage":0.0,"enemies":"Book of Stabbing","floor":23.0,"turns":2.0},{"damage":0.0,"enemies":"Shelled Parasite and Fungi","floor":27.0,"turns":3.0},{"damage":18.0,"enemies":"HollowMod:Nosk","floor":28.0,"turns":5.0},{"damage":30,"enemies":"Automaton","floor":33,"turns":3}],"seed_played":"8227118269519402886","potions_obtained":[{"floor":5.0,"key":"Weak Potion"},{"floor":14.0,"key":"SneckoOil"},{"floor":20.0,"key":"Explosive Potion"},{"floor":23.0,"key":"EssenceOfSteel"},{"floor":25.0,"key":"KSMOD_MagickBottle"}],"is_trial":false,"path_per_floor":["M","$","?","$","M","R","M","M","T","?","$","E","?","M","R","B",null,"M","?","M","M","?","E","?","?","T","M","E","$","?","?","R","B"],"character_chosen":"KINOMOTOSAKURA","items_purchased":["KSMOD_GemBrooch","ClowCardTheArrow","Bag of Preparation","Gremlin Horn"],"campfire_rested":1,"item_purchase_floors":[4,4,11,29],"current_hp_per_floor":[62,62,62,62,62,62,62,61,61,61,61,42,42,2,20,4,63,63,63,58,52,36,36,30,30,30,30,12,27,27,27,27,0,0],"gold":149,"neow_bonus":"TWO_FIFTY_GOLD","is_daily":false,"chose_seed":false,"campfire_upgraded":2,"win_rate":0.0,"timestamp":1612942653,"path_taken":["M","?","?","$","?","R","M","M","T","?","?","E","?","M","R","BOSS","M","?","M","M","?","E","?","?","T","M","E","?","?","?","R","BOSS"],"items_purchased_type":["Relic","Card","Relic","Relic"],"build_version":"2020-12-22","purchased_purges":1,"victory":false,"max_hp_per_floor":[63,63,63,63,63,63,63,63,63,63,63,63,63,63,63,63,63,63,63,63,63,63,63,63,63,63,63,63,63,63,63,63,63,63],"card_choices":[{"not_picked":["ClowCardTheVoice","ClowCardTheCloud"],"picked":"ClowCardTheArrow","floor":1.0},{"not_picked":["ClowCardTheIllusion","ClowCardTheErase","ClowCardTheMirror"],"picked":"SKIP","floor":5.0},{"not_picked":["ClowCardTheFlower","ClowCardTheLock"],"picked":"ClowCardTheMove","floor":7.0},{"not_picked":["ClowCardThePower","ClowCardTheFlower"],"picked":"ClowCardTheWatery","floor":8.0},{"not_picked":["ClowCardTheMist","ClowCardTheMirror"],"picked":"ClowCardTheChange","floor":12.0},{"not_picked":["ClowCardTheMaze","ClowCardTheSand","ClowCardThePower"],"picked":"SKIP","floor":14.0},{"not_picked":["ClowCardTheDark","ClowCardTheTime"],"picked":"ClowCardTheLight","floor":16.0},{"not_picked":["ClowCardTheRain"],"picked":"SKIP","floor":18.0},{"not_picked":["ClowCardTheMist"],"picked":"SKIP","floor":20.0},{"not_picked":["ClowCardTheDream"],"picked":"SKIP","floor":21.0},{"not_picked":[],"picked":"ClowCardTheBubbles","floor":23.0},{"not_picked":[],"picked":"ClowCardTheLoop+1","floor":27.0},{"not_picked":["ClowCardTheLoop+1"],"picked":"SKIP","floor":28.0}],"player_experience":1054137,"relics_obtained":[{"floor":9.0,"key":"Juzu Bracelet"},{"floor":12.0,"key":"KSMOD_TaoistSuit"},{"floor":22.0,"key":"Enchiridion"},{"floor":23.0,"key":"Bottled Lightning"},{"floor":26.0,"key":"MealTicket"},{"floor":28.0,"key":"Ice Cream"}],"event_choices":[{"damage_healed":0.0,"max_hp_gain":0.0,"max_hp_loss":0.0,"gold_gain":0.0,"event_name":"WeMeetAgain","player_choice":"Paid Gold","floor":3.0,"gold_loss":100.0,"damage_taken":0.0,"relics_obtained":["Nunchaku"]},{"damage_healed":0.0,"max_hp_gain":0.0,"max_hp_loss":0.0,"gold_gain":61.0,"event_name":"Golden Wing","player_choice":"Gained Gold","floor":10.0,"gold_loss":0.0,"damage_taken":0.0},{"damage_healed":0.0,"max_hp_gain":0.0,"max_hp_loss":0.0,"gold_gain":0.0,"event_name":"Liars Game","player_choice":"Ignored","floor":13.0,"gold_loss":0.0,"damage_taken":0.0},{"cards_removed":["ClowCardTheArrow"],"damage_healed":0.0,"max_hp_gain":0.0,"max_hp_loss":0.0,"gold_gain":0.0,"event_name":"Purifier","player_choice":"Purged","floor":19.0,"gold_loss":0.0,"damage_taken":0.0},{"damage_healed":0.0,"max_hp_gain":0.0,"max_hp_loss":0.0,"gold_gain":0.0,"event_name":"Cursed Tome","player_choice":"Obtained Book","floor":22.0,"gold_loss":0.0,"damage_taken":16.0},{"damage_healed":0.0,"max_hp_gain":0.0,"max_hp_loss":0.0,"gold_gain":0.0,"event_name":"Wheel of Change","player_choice":"Damaged","floor":24.0,"gold_loss":0.0,"damage_taken":6.0},{"damage_healed":0.0,"max_hp_gain":0.0,"max_hp_loss":0.0,"gold_gain":0.0,"event_name":"The Woman in Blue","player_choice":"Bought 1 Potion","floor":25.0,"gold_loss":0.0,"damage_taken":0.0},{"damage_healed":0.0,"max_hp_gain":0.0,"max_hp_loss":0.0,"gold_gain":0.0,"event_name":"Addict","player_choice":"Stole Relic","floor":30.0,"gold_loss":0.0,"damage_taken":0.0,"relics_obtained":["Regal Pillow"],"cards_obtained":["Shame"]},{"damage_healed":0.0,"max_hp_gain":0.0,"max_hp_loss":0.0,"gold_gain":100.0,"event_name":"Golden Shrine","player_choice":"Pray","floor":31.0,"gold_loss":0.0,"damage_taken":0.0}],"is_beta":false,"boss_relics":[{"not_picked":["Ectoplasm","Snecko Eye"],"picked":"Busted Crown"}],"items_purged_floors":[2],"is_endless":false,"potions_floor_spawned":[5,14,20,23],"killed_by":"Automaton","ascension_level":2}}