{"host":"phniwng9zo19jwdb","time":1612921140,"event":{"mods":["AchievementEnabler","BaseMod","Colored Powertips","Dark Map","Faster Ascension Climbing","GifTheSpireLib","Minty Spire (QoL Compilation)","Permanent Neow","Rare Cards Sparkle","Relic Filter Mod","StSLib","Weighted Paths"],"gold_per_floor":[114,189,199,199,217,217,233,233,260,274,301,25,25,56,56,134,134,147,147,164,225,61,61,61,61],"floor_reached":24,"language":"ENG","playtime":999,"items_purged":[],"score":412,"play_id":"dc29bff0-bc32-4b8e-80aa-f62de2650198","local_time":"20210210023900","is_ascension_mode":true,"campfire_choices":[{"data":"Neutralize","floor":6.0,"key":"SMITH"},{"data":"Dash","floor":8.0,"key":"SMITH"},{"data":"Blade Dance","floor":13,"key":"SMITH"},{"data":"Crippling Poison","floor":15,"key":"SMITH"},{"data":"Tools of the Trade","floor":23,"key":"SMITH"}],"circlet_count":0,"master_deck":["AscendersBane","Strike_G","Strike_G","Strike_G","Strike_G","Strike_G+1","Defend_G","Defend_G","Defend_G","Defend_G","Defend_G","Survivor","Neutralize+1","Dash+1","Leg Sweep","Flying Knee","Endless Agony+1","Blade Dance+1","Crippling Poison+1","Tools of the Trade+1","CurseOfTheBell","Well Laid Plans","Infinite Blades","Endless Agony","Reflex","Well Laid Plans","Quick Slash","Dash","Caltrops"],"relics":["Ring of the Snake","Ice Cream","Whetstone","Mummified Hand","Peace Pipe","Calling Bell","Blood Vial","Meat on the Bone","Tingsha","SsserpentHead","Orrery"],"acts_visited":["Exordium","TheCity"],"potions_floor_usage":[11,20,21],"damage_taken":[{"damage":2.0,"enemies":"Small Slimes","floor":1.0,"turns":5.0},{"damage":0.0,"enemies":"Cultist","floor":3.0,"turns":4.0},{"damage":0.0,"enemies":"Jaw Worm","floor":5.0,"turns":6.0},{"damage":2.0,"enemies":"Red Slaver","floor":7.0,"turns":5.0},{"damage":0,"enemies":"3 Louse","floor":10,"turns":4},{"damage":24,"enemies":"Lagavulin","floor":11,"turns":11},{"damage":7,"enemies":"3 Sentries","floor":14,"turns":9},{"damage":14,"enemies":"The Guardian","floor":16,"turns":17},{"damage":5,"enemies":"3 Byrds","floor":18,"turns":4},{"damage":21,"enemies":"Spheric Guardian","floor":20,"turns":7},{"damage":26,"enemies":"Shelled Parasite and Fungi","floor":21,"turns":7},{"damage":42,"enemies":"Gremlin Leader","floor":24,"turns":5}],"seed_played":"-4710540837021895612","potions_obtained":[{"floor":5.0,"key":"GamblersBrew"},{"floor":14,"key":"Weak Potion"},{"floor":16,"key":"Dexterity Potion"}],"is_trial":false,"path_per_floor":["M","?","M","?","M","R","M","R","T","M","E","$","R","E","R","B",null,"M","?","M","M","$","R","E"],"character_chosen":"THE_SILENT","items_purchased":["Mummified Hand","Orrery"],"campfire_rested":0,"item_purchase_floors":[12,22],"current_hp_per_floor":[57,46,46,51,51,51,49,49,49,49,25,25,25,18,18,4,50,47,47,40,28,28,28,0,0],"gold":61,"neow_bonus":"ONE_RARE_RELIC","is_daily":false,"chose_seed":false,"campfire_upgraded":5,"win_rate":0.0,"timestamp":1612921140,"path_taken":["M","?","M","?","M","R","M","R","T","M","E","$","R","E","R","BOSS","M","?","M","?","$","R","E"],"items_purchased_type":["Relic","Relic"],"build_version":"2020-12-22","purchased_purges":0,"victory":false,"max_hp_per_floor":[60,60,60,65,65,65,65,65,65,65,65,65,65,65,65,65,65,65,65,65,65,65,65,65,65],"card_choices":[{"not_picked":["Underhanded Strike","Heel Hook"],"picked":"Dash","floor":1.0},{"not_picked":["Deadly Poison","Backflip"],"picked":"Leg Sweep","floor":3.0},{"not_picked":["Riddle With Holes","Expertise"],"picked":"Flying Knee","floor":5.0},{"not_picked":["Finisher","Flying Knee"],"picked":"Endless Agony","floor":7.0},{"not_picked":["Acrobatics","Prepared","All Out Attack"],"picked":"SKIP","floor":10},{"not_picked":["Dash","Quick Slash"],"picked":"Blade Dance","floor":11},{"not_picked":["Grand Finale","Dagger Throw"],"picked":"Crippling Poison","floor":14},{"not_picked":["Die Die Die","Storm of Steel"],"picked":"Tools of the Trade","floor":16},{"not_picked":["Dagger Spray","Acrobatics"],"picked":"Well Laid Plans","floor":18},{"not_picked":["Quick Slash","Prepared"],"picked":"Infinite Blades","floor":20},{"not_picked":["Outmaneuver","Dagger Spray"],"picked":"Endless Agony","floor":21},{"not_picked":["Dodge and Roll","Dagger Spray"],"picked":"Reflex","floor":22},{"not_picked":["Distraction","Dagger Spray"],"picked":"Well Laid Plans","floor":22},{"not_picked":["Terror","Blade Dance"],"picked":"Quick Slash","floor":22},{"not_picked":["Dodge and Roll","PiercingWail"],"picked":"Dash","floor":22},{"not_picked":["Quick Slash","PiercingWail"],"picked":"Caltrops","floor":22}],"player_experience":92339,"relics_obtained":[{"floor":11,"key":"Whetstone"},{"floor":14,"key":"Peace Pipe"},{"floor":17,"key":"Blood Vial"},{"floor":17,"key":"Meat on the Bone"},{"floor":17,"key":"Tingsha"}],"event_choices":[{"damage_healed":0.0,"max_hp_gain":0.0,"max_hp_loss":0.0,"gold_gain":75.0,"event_name":"World of Goop","player_choice":"Gather Gold","floor":2.0,"gold_loss":0.0,"damage_taken":11.0},{"damage_healed":0.0,"max_hp_gain":5.0,"max_hp_loss":0.0,"gold_gain":0.0,"event_name":"Big Fish","player_choice":"Donut","floor":4.0,"gold_loss":0.0,"damage_taken":0.0},{"damage_healed":0,"gold_gain":0,"player_choice":"Trade","damage_taken":0,"relics_obtained":["SsserpentHead"],"max_hp_gain":0,"max_hp_loss":0,"event_name":"FaceTrader","floor":19,"gold_loss":0}],"is_beta":false,"boss_relics":[{"not_picked":["Velvet Choker","Snecko Eye"],"picked":"Calling Bell"}],"items_purged_floors":[],"is_endless":false,"potions_floor_spawned":[5,14,16],"killed_by":"Gremlin Leader","ascension_level":20}}