{"host":"mytek2nu1hrzdnew","time":1612920494,"event":{"mods":["AchievementEnabler","Aspiration","BaseMod","Bossed Relics","Conspire","GifTheSpireLib","Gold Saver","Hubris","Infinite Spire","Minty Spire (QoL Compilation)","Replay The Spire","StSLib","Stuff the Spire","Uncapped"],"gold_per_floor":[391,407,421,72,72,72,102,116,116,132,162,176,176,187,187,288,288,302,316,56,68,68,68],"floor_reached":22,"language":"ENG","playtime":883,"items_purged":["Defend_R"],"score":275,"play_id":"005cea8a-ffd1-46ef-b1d3-dc10b1aa2864","local_time":"20210209202814","is_ascension_mode":true,"campfire_choices":[{"data":"Bash","floor":6,"key":"SMITH"},{"floor":13,"key":"REST"},{"floor":15,"key":"REST"}],"circlet_count":0,"master_deck":["Strike_R","Strike_R","Strike_R","Strike_R","Strike_R","Defend_R","Defend_R","Defend_R","Bash+1","Twin Strike","Anger","Iron Wave","Whirlwind","Iron Wave","conspire:Charge","Thunderclap","Cleave","conspire:Charge","Flex+1","Iron Wave"],"relics":["Burning Blood","Replay:Wax Seal","Pantograph","Strawberry","infinitespire:Beetle Shell","InkBottle","hubris:HollowSoul","Garlic"],"acts_visited":["Exordium","TheCity"],"potions_floor_usage":[11,16,16,16],"damage_taken":[{"damage":6,"enemies":"Cultist","floor":1,"turns":3},{"damage":19,"enemies":"Jaw Worm","floor":2,"turns":3},{"damage":0,"enemies":"Small Slimes","floor":3,"turns":3},{"damage":40,"enemies":"Lagavulin","floor":7,"turns":4},{"damage":12,"enemies":"Exordium Wildlife","floor":8,"turns":3},{"damage":7,"enemies":"Looter","floor":10,"turns":3},{"damage":8,"enemies":"3 Sentries","floor":11,"turns":7},{"damage":9,"enemies":"3 Louse","floor":12,"turns":2},{"damage":25,"enemies":"Exordium Thugs","floor":14,"turns":4},{"damage":23,"enemies":"The Guardian","floor":16,"turns":8},{"damage":8,"enemies":"3 Byrds","floor":18,"turns":5},{"damage":57,"enemies":"2 Thieves","floor":19,"turns":4},{"damage":26,"enemies":"3 Cultists","floor":21,"turns":4},{"damage":40,"enemies":"Snecko","floor":22,"turns":4}],"seed_played":"-8281970999494331548","potions_obtained":[{"floor":7,"key":"SkillPotion"},{"floor":8,"key":"HeartOfIron"},{"floor":10,"key":"Languid Potion"},{"floor":11,"key":"HeartOfIron"},{"floor":12,"key":"ColorlessPotion"},{"floor":14,"key":"BlessingOfTheForge"}],"is_trial":false,"path_per_floor":["M","M","M","$","?","R","E","M","T","M","E","M","R","M","R","B",null,"M","M","$","M","M"],"character_chosen":"IRONCLAD","items_purchased":["Replay:Wax Seal","Pantograph","Garlic"],"campfire_rested":2,"item_purchase_floors":[4,4,20],"current_hp_per_floor":[88,75,81,81,88,88,61,55,55,54,52,49,77,58,86,78,91,89,38,38,18,0,0],"gold":68,"neow_bonus":"TEN_PERCENT_HP_BONUS","is_daily":false,"chose_seed":false,"campfire_upgraded":1,"win_rate":0.0,"timestamp":1612920494,"path_taken":["M","M","M","?","?","R","E","M","T","M","E","M","R","M","R","BOSS","M","M","$","M","M"],"items_purchased_type":["Relic","Relic","Relic"],"build_version":"2020-12-22","purchased_purges":1,"victory":false,"max_hp_per_floor":[88,88,88,88,88,88,95,95,95,95,95,95,95,95,95,95,95,95,95,95,95,95,95],"card_choices":[{"not_picked":["Fire Breathing","StuffTheSpire:BloodClot"],"picked":"Twin Strike","floor":1},{"not_picked":["StuffTheSpire:Incineration","Shrug It Off"],"picked":"Anger","floor":2},{"not_picked":["Infernal Blade","Uppercut"],"picked":"Iron Wave","floor":3},{"not_picked":["Abandon","ReplayTheSpireMod:LeadingStrike"],"picked":"Whirlwind","floor":7},{"not_picked":["True Grit","Corruption"],"picked":"Iron Wave","floor":8},{"not_picked":["Power Through","Evolve"],"picked":"conspire:Charge","floor":10},{"not_picked":["Reckless Charge","Fiend Fire"],"picked":"Thunderclap","floor":11},{"not_picked":["Defy Death","Combust"],"picked":"Cleave","floor":12},{"not_picked":["StuffTheSpire:Incineration","Clothesline","Sword Boomerang"],"picked":"SKIP","floor":14},{"not_picked":["Flex","Shrug It Off"],"picked":"conspire:Charge","floor":18},{"not_picked":["Dual Wield","StuffTheSpire:RockThrow"],"picked":"Flex+1","floor":19},{"not_picked":["StuffTheSpire:Pyroclast+1","Sword Boomerang"],"picked":"Iron Wave","floor":21}],"player_experience":1062472,"relics_obtained":[{"floor":7,"key":"Strawberry"},{"floor":9,"key":"infinitespire:Beetle Shell"},{"floor":11,"key":"InkBottle"}],"event_choices":[],"is_beta":false,"boss_relics":[{"not_picked":["Replay:Ancient Bell","Replay:Drink Me"],"picked":"hubris:HollowSoul"}],"items_purged_floors":[4],"is_endless":false,"potions_floor_spawned":[7,8,10,11,12,14,18],"killed_by":"Snecko","ascension_level":5}}