{"host":"kipy315whq7pv20a","time":1612953137,"event":{"mods":["BaseMod","Downfall","Minty Spire (QoL Compilation)","Replay The Spire","StSLib"],"gold_per_floor":[112,124,56,75,75,75,109,109,109,109,109,34,54,74,74,176,276,288,288,300,300,318,318,343,343,343],"floor_reached":25,"language":"ENG","playtime":2328,"items_purged":["Strike_G"],"score":254,"play_id":"5da07a93-70cf-4a37-b9a1-d1c45a5000e4","local_time":"20210210113217","is_ascension_mode":true,"campfire_choices":[{"data":"Noxious Fumes","floor":6,"key":"SMITH"},{"data":"Noxious Fumes","floor":8,"key":"SMITH"},{"data":"ReplayTheSpireMod:Necrosis","floor":10,"key":"SMITH"},{"floor":23,"key":"REST"}],"circlet_count":0,"master_deck":["Strike_G","Strike_G","Defend_G","Defend_G","Defend_G+1","Defend_G","Defend_G","Survivor","Neutralize","ReplayTheSpireMod:Necrosis+1","Noxious Fumes+1","Noxious Fumes+1","PiercingWail","PiercingWail","Backflip","Prepared","ReplayTheSpireMod:Necrosis","Poisoned Stab","Toxin Wave+1","Bane","Burst"],"relics":["Replay:Accelerometer","Centennial Puzzle","Replay:Wanted Poster","Nloth\u0027s Gift","Replay:Kaleidoscope"],"acts_visited":["Exordium","TheCity"],"potions_floor_usage":[7,14,20,24],"damage_taken":[{"damage":5,"enemies":"Small Slimes","floor":1,"turns":6},{"damage":0,"enemies":"Jaw Worm","floor":2,"turns":5},{"damage":10,"enemies":"Cultist","floor":4,"turns":4},{"damage":1,"enemies":"Lagavulin","floor":7,"turns":7},{"damage":6,"enemies":"Looter","floor":13,"turns":4},{"damage":6,"enemies":"Gremlin Gang","floor":14,"turns":3},{"damage":25,"enemies":"Fading Forest","floor":16,"turns":12},{"damage":0,"enemies":"Shell Parasite","floor":18,"turns":7},{"damage":30,"enemies":"2 Thieves","floor":20,"turns":5},{"damage":17,"enemies":"3 Cultists","floor":22,"turns":4},{"damage":27,"enemies":"Replay:Snechameleon","floor":24,"turns":7},{"damage":29,"enemies":"Shelled Parasite and Fungi","floor":25,"turns":5}],"seed_played":"1387520957247029757","potions_obtained":[{"floor":4,"key":"champ:CounterPotion"},{"floor":13,"key":"SkillPotion"},{"floor":16,"key":"LiquidMemories"},{"floor":22,"key":"Block Potion"}],"is_trial":false,"path_per_floor":["M","M","$","M","?","R","E","R","T","R","?","$","M","M","R","B",null,"M","?","M","?","M","R","E","M"],"character_chosen":"THE_SILENT","items_purchased":["Noxious Fumes"],"campfire_rested":1,"item_purchase_floors":[3],"current_hp_per_floor":[65,65,65,55,55,55,54,54,54,54,54,54,48,42,42,37,70,70,70,40,40,23,44,17,0,0],"gold":343,"neow_bonus":"ONE_RANDOM_RARE_CARD","is_daily":false,"chose_seed":false,"campfire_upgraded":3,"win_rate":0.0,"timestamp":1612953137,"path_taken":["M","M","$","M","?","R","E","R","T","R","?","$","?","M","R","BOSS","M","?","?","?","?","R","E","M"],"items_purchased_type":["Card"],"build_version":"2020-12-22","purchased_purges":1,"victory":false,"max_hp_per_floor":[70,70,70,70,70,70,70,70,70,70,70,70,70,70,70,70,70,70,70,70,70,70,70,70,70,70],"card_choices":[{"not_picked":["Blade Dance","Sneak Up","Eviscerate"],"picked":"SKIP","floor":1},{"not_picked":["PiercingWail","Infinite Blades"],"picked":"Noxious Fumes","floor":2},{"not_picked":["Blade Dance","Sucker Punch"],"picked":"PiercingWail","floor":4},{"not_picked":["ReplayTheSpireMod:From All Sides","Blade Dance"],"picked":"PiercingWail","floor":7},{"not_picked":["Setup","Sucker Punch","Choke"],"picked":"SKIP","floor":13},{"not_picked":["Skewer","Heel Hook"],"picked":"Backflip","floor":14},{"not_picked":["ReplayTheSpireMod:From All Sides","A Thousand Cuts"],"picked":"ReplayTheSpireMod:Necrosis","floor":16},{"not_picked":["Sucker Punch+1","Blade Dance"],"picked":"Poisoned Stab","floor":18},{"not_picked":["Outmaneuver+1","Prepared"],"picked":"Toxin Wave+1","floor":20},{"not_picked":["Blade Dance","Acrobatics"],"picked":"Bane","floor":22},{"not_picked":["Flechettes","Tactician"],"picked":"Burst","floor":24}],"player_experience":190762,"relics_obtained":[{"floor":7,"key":"Replay:Accelerometer"},{"floor":9,"key":"Centennial Puzzle"},{"floor":24,"key":"Replay:Kaleidoscope"}],"event_choices":[{"cards_removed":["Strike_G"],"damage_healed":0,"gold_gain":0,"player_choice":"Purged","damage_taken":0,"max_hp_gain":0,"max_hp_loss":0,"event_name":"Purifier","floor":11,"gold_loss":0},{"damage_healed":0,"gold_gain":0,"player_choice":"Traded Relic","damage_taken":0,"relics_obtained":["Nloth\u0027s Gift"],"max_hp_gain":0,"max_hp_loss":0,"event_name":"N\u0027loth","floor":19,"relics_lost":["Ring of the Snake"],"gold_loss":0},{"damage_healed":0,"gold_gain":0,"player_choice":"Ignored","damage_taken":0,"max_hp_gain":0,"max_hp_loss":0,"event_name":"WeMeetAgain","floor":21,"gold_loss":0}],"is_beta":false,"boss_relics":[{"not_picked":["ReplayTheSpireMod:DimensionalGlitch","Snecko Scales"],"picked":"Replay:Wanted Poster"}],"items_purged_floors":[12],"is_endless":false,"potions_floor_spawned":[4,13,16,22],"killed_by":"Shelled Parasite and Fungi","ascension_level":3}}