{"host":"qy1e0kd24tpj3i2m","time":1612981701,"event":{"mods":["Act Like it!","BaseMod","Better Skull","Better Vampires","Colored Map","Colored Powertips","Custom Start","Faster Ascension Climbing","Friendly Minions","GifTheSpireLib","Gremlin Skip","Highlight Path","Minty Spire (QoL Compilation)","Permanent Neow","Poor People Problems","Quick Restart","Red Circlet Mod","Relic Filter Mod","Relic Sorter","Reorder Act Four","SacredBarkPlus","Shop Mod","StSLib","SuperFastMode","Transform Curses","没有小屋子和绿帽子啦"],"gold_per_floor":[119,135,135,135,135,178,178,199,223,248,262,262,60,83,83,83,83],"floor_reached":16,"language":"ZHS","playtime":354,"items_purged":["Bash"],"score":204,"play_id":"fd82e73b-8d93-4b0a-819a-2883cd9b97e2","local_time":"20210211032821","is_ascension_mode":true,"campfire_choices":[{"data":"Dark Embrace","floor":7.0,"key":"SMITH"},{"data":"Metallicize","floor":12.0,"key":"SMITH"},{"floor":15.0,"key":"RECALL"}],"circlet_count":0,"master_deck":["AscendersBane","Strike_R","Strike_R","Strike_R","Strike_R+1","Strike_R","Defend_R","Defend_R","Defend_R","Defend_R","Uppercut+1","Dark Embrace+1","Iron Wave","Metallicize+1"],"relics":["Burning Blood","Thread and Needle","Golden Idol","Vajra","Toy Ornithopter","MerchantsRug"],"acts_visited":["Exordium"],"potions_floor_usage":[],"damage_taken":[{"damage":3.0,"enemies":"Small Slimes","floor":1.0,"turns":4.0},{"damage":8.0,"enemies":"2 Louse","floor":2.0,"turns":2.0},{"damage":19.0,"enemies":"3 Sentries","floor":6.0,"turns":6.0},{"damage":0.0,"enemies":"Cultist","floor":8.0,"turns":3.0},{"damage":3.0,"enemies":"Red Slaver","floor":10.0,"turns":2.0},{"damage":1.0,"enemies":"Exordium Thugs","floor":11.0,"turns":4.0},{"damage":0.0,"enemies":"Large Slime","floor":14.0,"turns":4.0},{"damage":38,"enemies":"Hexaghost","floor":16,"turns":11}],"seed_played":"885058628839349225","potions_obtained":[{"floor":2.0,"key":"Fire Potion"},{"floor":5.0,"key":"SteroidPotion"},{"floor":6.0,"key":"BlessingOfTheForge"},{"floor":8.0,"key":"BlessingOfTheForge"},{"floor":10.0,"key":"SneckoOil"}],"is_trial":false,"path_per_floor":["M","M","?","?","?","E","R","M","T","M","M","R","$","M","R","B"],"character_chosen":"IRONCLAD","items_purchased":["MerchantsRug"],"campfire_rested":0,"item_purchase_floors":[13],"current_hp_per_floor":[53,51,28,28,28,15,15,21,21,29,39,39,39,45,45,7,7],"gold":83,"neow_bonus":"ONE_RARE_RELIC","is_daily":false,"chose_seed":false,"campfire_upgraded":2,"win_rate":0.0,"timestamp":1612981701,"path_taken":["M","M","?","?","?","E","R","M","T","M","?","R","?","M","R","BOSS"],"items_purchased_type":["Relic"],"build_version":"2020-12-22","purchased_purges":1,"victory":false,"max_hp_per_floor":[75,75,75,68,68,68,68,68,68,68,68,68,68,68,68,68,68],"card_choices":[{"not_picked":["Headbutt","Inflame"],"picked":"Uppercut","floor":1.0},{"not_picked":["Armaments","Shockwave"],"picked":"Dark Embrace","floor":2.0},{"not_picked":["Wild Strike","Headbutt","Dropkick"],"picked":"SKIP","floor":6.0},{"not_picked":["Clash","Blood for Blood"],"picked":"Iron Wave","floor":8.0},{"not_picked":["Cleave","Rupture","Headbutt"],"picked":"SKIP","floor":10.0},{"not_picked":["Heavy Blade","Wild Strike"],"picked":"Metallicize","floor":11.0},{"not_picked":["Wild Strike","Clothesline","Dark Embrace"],"picked":"SKIP","floor":14.0}],"player_experience":1014156,"relics_obtained":[{"floor":6.0,"key":"Vajra"},{"floor":9.0,"key":"Toy Ornithopter"}],"event_choices":[{"damage_healed":0.0,"max_hp_gain":0.0,"max_hp_loss":0.0,"gold_gain":0.0,"event_name":"Shining Light","player_choice":"Entered Light","floor":3.0,"gold_loss":0.0,"damage_taken":23.0,"cards_upgraded":["Uppercut","Strike_R"]},{"damage_healed":0.0,"max_hp_gain":0.0,"max_hp_loss":7.0,"gold_gain":0.0,"event_name":"Golden Idol","player_choice":"Lose Max HP","floor":4.0,"gold_loss":0.0,"damage_taken":0.0,"relics_obtained":["Golden Idol"]},{"damage_healed":0.0,"max_hp_gain":0.0,"max_hp_loss":0.0,"gold_gain":0.0,"event_name":"Lab","player_choice":"Got Potions","floor":5.0,"gold_loss":0.0,"damage_taken":0.0}],"is_beta":false,"boss_relics":[],"items_purged_floors":[13],"is_endless":false,"potions_floor_spawned":[2,6,8,10],"killed_by":"Hexaghost","ascension_level":20}}