{"host":"p6x4b30m1ltzgl6z","time":1612933350,"event":{"mods":["2.2 Compatiblity","Act Like it!","BaseMod","Colored Powertips","Curses Come First","Defective Defect","Gensokyo","GifTheSpireLib","Halation","Hallownest","Infinite Spire","Marisa????????","Minty Spire (QoL Compilation)","Quick Restart","Rare Cards Sparkle","Reimu??????","Replay The Spire","StSLib","Stuff the Spire","The Bug Knight","The Servant 0.9.4","everything is the same but u backflip on backflip","slay the spire mod where everything is the same but ironclad has a cowboy hat"],"gold_per_floor":[118,72,3,13,33,33,33,45,72,86,86,86,102,102,102,197,197,207,218,218,218,218,218],"floor_reached":22,"language":"ENG","playtime":1565,"items_purged":[],"score":226,"play_id":"239e0b0c-c41a-40ad-bb23-ef4ab2d46fb3","local_time":"20210209230230","is_ascension_mode":false,"campfire_choices":[{"data":"EnergyFlow","floor":6,"key":"SMITH"}],"circlet_count":0,"master_deck":["Strike_MRS","Strike_MRS","Strike_MRS","Strike_MRS","Defend_MRS","Defend_MRS","Defend_MRS","Defend_MRS","MasterSpark","UpSweep","GalacticHalo","GalacticHalo","GalacticHalo","EnergyFlow+1","StarBarrage","Parasite","FinalSpark","GalacticHalo+1","EarthLightRay+1","Necronomicurse"],"relics":["MiniHakkero","NeowsBlessing","StuffTheSpire:TintedRock","Lantern","Happy Flower","Necronomicon","halation:PinkSoulGem"],"acts_visited":["Exordium","TheCity"],"potions_floor_usage":[16,16,16,18,22],"damage_taken":[{"damage":0,"enemies":"2 Louse","floor":1,"turns":1},{"damage":0,"enemies":"Cultist","floor":4,"turns":1},{"damage":0,"enemies":"Small Slimes","floor":5,"turns":1},{"damage":15,"enemies":"Exordium Thugs","floor":8,"turns":4},{"damage":5,"enemies":"Looter","floor":10,"turns":4},{"damage":0,"enemies":"Large Slime","floor":13,"turns":6},{"damage":42,"enemies":"Fading Forest","floor":16,"turns":11},{"damage":19,"enemies":"2 Thieves","floor":18,"turns":5},{"damage":12,"enemies":"Shell Parasite","floor":19,"turns":4},{"damage":46,"enemies":"Chosen and Byrds","floor":22,"turns":8}],"seed_played":"3436272003061707203","potions_obtained":[{"floor":10,"key":"Fire Potion"},{"floor":15,"key":"FearPotion"},{"floor":15,"key":"Fire Potion"},{"floor":16,"key":"SkillPotion"},{"floor":19,"key":"Elixir"}],"is_trial":false,"path_per_floor":["M","$","?","M","M","R","?","M","T","M","?","?","M","$","R","B",null,"M","M","?","?","M"],"character_chosen":"MARISA","items_purchased":["GalacticHalo"],"campfire_rested":0,"item_purchase_floors":[2],"current_hp_per_floor":[75,75,75,75,75,75,75,60,60,55,73,73,73,73,73,47,75,56,44,28,28,0,0],"gold":218,"neow_bonus":"THREE_ENEMY_KILL","is_daily":false,"chose_seed":false,"campfire_upgraded":1,"win_rate":0.0,"timestamp":1612933350,"path_taken":["M","$","?","M","?","R","?","M","T","?","?","?","M","$","R","BOSS","M","M","?","?","M"],"items_purchased_type":["Card"],"build_version":"2020-12-22","purchased_purges":0,"victory":false,"max_hp_per_floor":[75,75,75,75,75,75,75,75,75,75,75,75,75,75,75,75,75,75,75,75,75,75,75],"card_choices":[{"not_picked":["UnstableBomb","DoubleSpark"],"picked":"GalacticHalo","floor":1},{"not_picked":["GravityBeat","AlicesGift"],"picked":"GalacticHalo","floor":4},{"not_picked":["LuminesStrike","ShootingEcho"],"picked":"EnergyFlow","floor":5},{"not_picked":["DeepEcoloBomb","MysteriousBeam","OpenUniverse"],"picked":"SKIP","floor":8},{"not_picked":["GravityBeat","Singularity"],"picked":"StarBarrage","floor":10},{"not_picked":["ChargeUpSpray","EventHorizon","LuminesStrike"],"picked":"SKIP","floor":13},{"not_picked":["BinaryStars","AbsoluteMagnitude"],"picked":"FinalSpark","floor":16},{"not_picked":["AsteroidBelt+1","DC"],"picked":"GalacticHalo+1","floor":18},{"not_picked":["MilkyWay","6A"],"picked":"EarthLightRay+1","floor":19}],"player_experience":165094,"relics_obtained":[{"floor":7,"key":"Lantern"},{"floor":9,"key":"Happy Flower"},{"floor":20,"key":"Necronomicon"}],"event_choices":[{"damage_healed":0,"gold_gain":0,"player_choice":"Paid Gold","damage_taken":0,"relics_obtained":["StuffTheSpire:TintedRock"],"max_hp_gain":0,"max_hp_loss":0,"event_name":"WeMeetAgain","floor":3,"gold_loss":69},{"damage_healed":0,"gold_gain":0,"player_choice":"Relic","damage_taken":0,"max_hp_gain":0,"max_hp_loss":0,"event_name":"Wheel of Change","floor":7,"gold_loss":0},{"damage_healed":18,"gold_gain":0,"player_choice":"Healed and dodged fight","damage_taken":0,"max_hp_gain":0,"max_hp_loss":0,"event_name":"Mushrooms_MRS","floor":11,"gold_loss":0,"cards_obtained":["Parasite"]},{"damage_healed":0,"gold_gain":0,"player_choice":"Obtained Book","damage_taken":16,"max_hp_gain":0,"max_hp_loss":0,"event_name":"Cursed Tome","floor":20,"gold_loss":0}],"is_beta":false,"boss_relics":[{"not_picked":["Empty Cage","RedLine:ReiMu","Replay:Wanted Poster"]}],"items_purged_floors":[],"is_endless":false,"potions_floor_spawned":[10,16,19],"killed_by":"Chosen and Byrds","ascension_level":0}}