{"host":"1bzbl1adcbkdzqlf","time":1612935123,"event":{"mods":["BaseMod","Minty Spire (QoL Compilation)","Slay the Relics Exporter"],"gold_per_floor":[117,117,131,151,171,197,197,227,250,250,200,216,242,242,242,343,343,358,41,53,53,53,53,87,106,106,106,106,117,117,133,133,232,232,245,294,194,214,214,241,241,273,273,288,64,96,109,159,159,159,159],"floor_reached":50,"language":"ENG","playtime":2696,"items_purged":["Doubt","Defend_R"],"score":919,"play_id":"3854cee5-6a7f-4550-9ed0-3d13dedc54a4","local_time":"20210209233203","is_ascension_mode":true,"campfire_choices":[{"data":"Flame Barrier","floor":7,"key":"SMITH"},{"floor":10,"key":"REST"},{"data":"Bash","floor":15,"key":"SMITH"},{"data":"Inflame","floor":23,"key":"SMITH"},{"data":"Reaper","floor":27,"key":"SMITH"},{"data":"Iron Wave","floor":30,"key":"SMITH"},{"floor":32,"key":"REST"},{"floor":41,"key":"RECALL"},{"data":"1","floor":49,"key":"LIFT"}],"circlet_count":0,"master_deck":["AscendersBane","Strike_R","Defend_R","Defend_R","Bash+1","Pommel Strike+1","Thunderclap","Flame Barrier+1","Cleave","Iron Wave+1","Cleave","Clothesline","Reaper+1","Juggernaut+1","Twin Strike+1","Whirlwind+1","Inflame+1","Ghostly Armor+1","Flex+1","Clash+1","Corruption","Ghostly Armor+1","Feel No Pain","Fire Breathing+1","Iron Wave+1"],"relics":["Burning Blood","Happy Flower","Bronze Scales","Anchor","Bag of Preparation","WarpedTongs","Astrolabe","Mummified Hand","Sundial","StrikeDummy","Velvet Choker","Thread and Needle","Art of War","Boot","Chemical X","Girya","Calipers"],"acts_visited":["Exordium","TheCity","TheBeyond"],"potions_floor_usage":[6,13,13,16,18,24,42,42,50],"damage_taken":[{"damage":19,"enemies":"Small Slimes","floor":1,"turns":4},{"damage":1,"enemies":"Cultist","floor":3,"turns":3},{"damage":7,"enemies":"Jaw Worm","floor":4,"turns":3},{"damage":9,"enemies":"2 Fungi Beasts","floor":5,"turns":5},{"damage":32,"enemies":"Gremlin Nob","floor":6,"turns":4},{"damage":25,"enemies":"3 Sentries","floor":8,"turns":8},{"damage":0,"enemies":"Gremlin Gang","floor":12,"turns":1},{"damage":6,"enemies":"Gremlin Nob","floor":13,"turns":3},{"damage":46,"enemies":"Hexaghost","floor":16,"turns":9},{"damage":10,"enemies":"2 Thieves","floor":18,"turns":3},{"damage":0,"enemies":"Chosen","floor":20,"turns":3},{"damage":62,"enemies":"Gremlin Leader","floor":24,"turns":7},{"damage":0,"enemies":"3 Cultists","floor":25,"turns":2},{"damage":14,"enemies":"Snake Plant","floor":29,"turns":3},{"damage":14,"enemies":"Centurion and Healer","floor":31,"turns":4},{"damage":73,"enemies":"Automaton","floor":33,"turns":10},{"damage":0,"enemies":"Orb Walker","floor":35,"turns":3},{"damage":21,"enemies":"2 Orb Walkers","floor":36,"turns":4},{"damage":0,"enemies":"3 Shapes","floor":38,"turns":3},{"damage":47,"enemies":"Reptomancer","floor":40,"turns":5},{"damage":0,"enemies":"Giant Head","floor":42,"turns":6},{"damage":13,"enemies":"Maw","floor":44,"turns":5},{"damage":24,"enemies":"Nemesis","floor":46,"turns":3},{"damage":0,"enemies":"Sphere and 2 Shapes","floor":47,"turns":2},{"damage":6,"enemies":"Mind Bloom Boss Battle","floor":48,"turns":3},{"damage":54,"enemies":"Awakened One","floor":50,"turns":7}],"seed_played":"4866351510697587754","potions_obtained":[{"floor":5,"key":"Energy Potion"},{"floor":6,"key":"Swift Potion"},{"floor":8,"key":"Energy Potion"},{"floor":13,"key":"Dexterity Potion"},{"floor":16,"key":"Block Potion"},{"floor":20,"key":"EssenceOfSteel"},{"floor":33,"key":"BlessingOfTheForge"},{"floor":38,"key":"Block Potion"},{"floor":47,"key":"Dexterity Potion"}],"is_trial":false,"path_per_floor":["M","?","M","M","M","E","R","E","T","R","?","M","E","?","R","B",null,"M","$","M","?","$","R","E","M","T","R","?","M","R","M","R","B",null,"M","?","$","M","?","E","R","E","T","M","$","E","M","?","R","B"],"character_chosen":"IRONCLAD","items_purchased":["Mummified Hand","Chemical X","Feel No Pain"],"campfire_rested":2,"item_purchase_floors":[19,45,45],"current_hp_per_floor":[67,67,72,71,68,42,42,23,23,49,49,55,55,55,55,15,70,66,66,72,72,72,72,40,46,46,46,46,38,38,30,56,7,68,74,73,73,88,88,47,47,57,57,59,59,46,52,52,52,0,0],"gold":159,"neow_bonus":"TEN_PERCENT_HP_BONUS","is_daily":false,"chose_seed":false,"campfire_upgraded":5,"win_rate":0.0,"timestamp":1612935123,"path_taken":["M","?","M","M","?","E","R","E","T","R","?","M","E","?","R","BOSS","M","$","?","?","$","R","E","?","T","R","?","M","R","?","R","BOSS","M","?","$","M","?","E","R","E","T","?","$","E","M","?","R","BOSS"],"items_purchased_type":["Relic","Relic","Card"],"build_version":"2020-12-22","purchased_purges":2,"victory":false,"max_hp_per_floor":[88,88,88,88,88,88,88,88,88,88,88,88,88,88,88,88,88,88,88,88,88,88,88,88,88,88,88,88,88,88,88,88,88,88,88,88,88,88,88,88,88,88,88,88,88,88,88,88,88,88,88],"card_choices":[{"not_picked":["Body Slam","Flex"],"picked":"Pommel Strike","floor":1},{"not_picked":["Sentinel","Cleave"],"picked":"Thunderclap","floor":3},{"not_picked":["Heavy Blade","Anger"],"picked":"Flame Barrier","floor":4},{"not_picked":["Anger","Thunderclap"],"picked":"Cleave","floor":5},{"not_picked":["Juggernaut","Intimidate"],"picked":"Iron Wave","floor":6},{"not_picked":["Thunderclap","Headbutt"],"picked":"Cleave","floor":8},{"not_picked":["Havoc","Hemokinesis"],"picked":"Clothesline","floor":12},{"not_picked":["Dual Wield","Double Tap"],"picked":"Reaper","floor":13},{"not_picked":["Limit Break","Brutality"],"picked":"Juggernaut","floor":16},{"not_picked":["Pummel","True Grit"],"picked":"Inflame","floor":18},{"not_picked":["Evolve+1","Sever Soul"],"picked":"Ghostly Armor+1","floor":20},{"not_picked":["Pommel Strike","Body Slam","Havoc"],"picked":"SKIP","floor":24},{"not_picked":["Body Slam","Warcry"],"picked":"Flex+1","floor":25},{"not_picked":["Infernal Blade","Twin Strike"],"picked":"Clash+1","floor":29},{"not_picked":["Thunderclap","Burning Pact","Anger"],"picked":"SKIP","floor":31},{"not_picked":["Bludgeon","Brutality"],"picked":"Corruption","floor":33},{"not_picked":["Wild Strike","Heavy Blade+1","Rupture"],"picked":"SKIP","floor":35},{"not_picked":["Pummel","Clothesline+1","Corruption"],"picked":"SKIP","floor":38},{"not_picked":["Shrug It Off","Thunderclap"],"picked":"Ghostly Armor+1","floor":40},{"not_picked":["Body Slam+1","Wild Strike","Fire Breathing"],"picked":"SKIP","floor":42},{"not_picked":["Thunderclap","Warcry","Flex"],"picked":"SKIP","floor":44},{"not_picked":["True Grit","Thunderclap","Armaments"],"picked":"SKIP","floor":46},{"not_picked":["Combust+1","Evolve"],"picked":"Fire Breathing+1","floor":47},{"not_picked":["Sword Boomerang+1","Evolve"],"picked":"Iron Wave+1","floor":48}],"player_experience":412628,"relics_obtained":[{"floor":6,"key":"Happy Flower"},{"floor":8,"key":"Bronze Scales"},{"floor":9,"key":"Anchor"},{"floor":13,"key":"Bag of Preparation"},{"floor":24,"key":"Sundial"},{"floor":26,"key":"StrikeDummy"},{"floor":36,"key":"Thread and Needle"},{"floor":40,"key":"Art of War"},{"floor":42,"key":"Boot"},{"floor":46,"key":"Girya"},{"floor":48,"key":"Calipers"}],"event_choices":[{"damage_healed":0,"gold_gain":0,"player_choice":"Upgraded","damage_taken":0,"max_hp_gain":0,"max_hp_loss":0,"event_name":"Upgrade Shrine","floor":2,"gold_loss":0,"cards_upgraded":["Pommel Strike"]},{"cards_removed":["Strike_R"],"damage_healed":0,"gold_gain":0,"player_choice":"Card Removal","damage_taken":0,"max_hp_gain":0,"max_hp_loss":0,"event_name":"The Cleric","floor":11,"gold_loss":50},{"damage_healed":0,"gold_gain":0,"player_choice":"Rummage","damage_taken":0,"relics_obtained":["WarpedTongs"],"max_hp_gain":0,"max_hp_loss":0,"event_name":"Accursed Blacksmith","floor":14,"gold_loss":0,"cards_obtained":["Pain"]},{"damage_healed":0,"gold_gain":0,"player_choice":"Upgraded","damage_taken":0,"max_hp_gain":0,"max_hp_loss":0,"event_name":"Upgrade Shrine","floor":21,"gold_loss":0,"cards_upgraded":["Juggernaut"]},{"cards_removed":["Strike_R"],"damage_healed":0,"gold_gain":0,"player_choice":"Card Removal","damage_taken":0,"max_hp_gain":0,"max_hp_loss":0,"event_name":"Wheel of Change","floor":28,"gold_loss":0},{"damage_healed":0,"gold_gain":0,"player_choice":"Fight","damage_taken":0,"max_hp_gain":0,"max_hp_loss":0,"event_name":"Mysterious Sphere","floor":36,"gold_loss":0},{"cards_removed":["Defend_R"],"damage_healed":0,"gold_gain":0,"player_choice":"Card Removal","damage_taken":0,"max_hp_gain":0,"max_hp_loss":0,"event_name":"Wheel of Change","floor":39,"gold_loss":0},{"damage_healed":0,"gold_gain":0,"player_choice":"Fight","damage_taken":0,"max_hp_gain":0,"max_hp_loss":0,"event_name":"MindBloom","floor":48,"gold_loss":0}],"is_beta":false,"boss_relics":[{"not_picked":["Calling Bell","Black Blood"],"picked":"Astrolabe"},{"not_picked":["Mark of Pain","Tiny House"],"picked":"Velvet Choker"}],"items_purged_floors":[19,37],"is_endless":false,"potions_floor_spawned":[5,6,8,13,16,20,33,38,40,47],"killed_by":"Awakened One","ascension_level":11}}