{"host":"3zmssa4s99zhxek5","time":1612924793,"event":{"mods":["AchievementEnabler","BaseMod","Minty Spire (QoL Compilation)","Permanent Neow","Relic Stats"],"gold_per_floor":[114,114,137,162,175,215,215,229,229,229,242,242,257,288,288,384,384,400,185,185,203,203,203,203,203],"floor_reached":24,"language":"KOR","playtime":1532,"items_purged":["Strike_R"],"score":416,"play_id":"26470425-fcdb-484c-9f29-0936d33acef1","local_time":"20210210113953","is_ascension_mode":true,"campfire_choices":[{"floor":7,"key":"REST"},{"data":"Evolve","floor":10,"key":"SMITH"},{"floor":12,"key":"REST"},{"data":"Disarm","floor":15,"key":"SMITH"},{"data":"Intimidate","floor":23,"key":"SMITH"}],"circlet_count":0,"master_deck":["AscendersBane","Strike_R","Strike_R","Strike_R","Defend_R","Defend_R","Defend_R","Bash","Wild Strike","Evolve+1","Reckless Charge","Intimidate+1","Power Through","Wild Strike","Feel No Pain","Disarm+1","Offering","Exhume","Burning Pact","Dark Embrace+1","Wild Strike"],"relics":["Burning Blood","Golden Idol","Red Skull","Omamori","Orichalcum","Coffee Dripper"],"acts_visited":["Exordium","TheCity"],"potions_floor_usage":[6,14,16,18,24,24],"damage_taken":[{"damage":14,"enemies":"Jaw Worm","floor":1,"turns":6},{"damage":6,"enemies":"2 Louse","floor":3,"turns":4},{"damage":2,"enemies":"Cultist","floor":4,"turns":4},{"damage":20,"enemies":"Large Slime","floor":5,"turns":6},{"damage":35,"enemies":"Lagavulin","floor":6,"turns":7},{"damage":14,"enemies":"Exordium Wildlife","floor":8,"turns":5},{"damage":25,"enemies":"Red Slaver","floor":11,"turns":4},{"damage":1,"enemies":"2 Fungi Beasts","floor":13,"turns":3},{"damage":10,"enemies":"3 Sentries","floor":14,"turns":9},{"damage":14,"enemies":"Hexaghost","floor":16,"turns":10},{"damage":27,"enemies":"Shell Parasite","floor":18,"turns":5},{"damage":23,"enemies":"Spheric Guardian","floor":21,"turns":7},{"damage":63,"enemies":"Gremlin Leader","floor":24,"turns":8}],"seed_played":"4603257201910256284","potions_obtained":[{"floor":3,"key":"BloodPotion"},{"floor":5,"key":"BloodPotion"},{"floor":8,"key":"Fruit Juice"},{"floor":14,"key":"Explosive Potion"},{"floor":16,"key":"SkillPotion"},{"floor":21,"key":"BloodPotion"}],"is_trial":false,"path_per_floor":["M","?","M","M","M","E","R","M","T","R","M","R","M","E","R","B",null,"M","$","?","M","?","R","E"],"character_chosen":"IRONCLAD","items_purchased":["Dark Embrace","Strength Potion"],"campfire_rested":2,"item_purchase_floors":[19,19],"current_hp_per_floor":[42,42,42,46,32,16,36,28,28,28,9,29,34,35,35,41,65,44,44,59,42,42,42,0,0],"gold":203,"neow_bonus":"REMOVE_TWO","is_daily":false,"chose_seed":false,"campfire_upgraded":3,"win_rate":0.0,"timestamp":1612924793,"path_taken":["M","?","M","M","M","E","R","M","T","R","M","R","M","E","R","BOSS","M","$","?","M","?","R","E"],"items_purchased_type":["Card","Potion"],"build_version":"2020-12-22","purchased_purges":1,"victory":false,"max_hp_per_floor":[75,68,68,68,68,68,68,68,68,68,68,68,68,73,73,73,73,73,73,73,73,73,73,73,73],"relic_stats":{"counters":[13,78],"Golden Idol":62,"Orichalcum":[54],"obtain_stats":[{"Golden Idol":2,"Omamori":9,"Coffee Dripper":17,"Orichalcum":14,"Burning Blood":0,"Red Skull":6},{"Golden Idol":1,"Omamori":6,"Coffee Dripper":10,"Orichalcum":9,"Burning Blood":0,"Red Skull":5},{"Golden Idol":6,"Omamori":32,"Coffee Dripper":58,"Orichalcum":48,"Burning Blood":0,"Red Skull":27}],"Burning Blood":72},"card_choices":[{"not_picked":["Cleave","Ghostly Armor"],"picked":"Wild Strike","floor":1},{"not_picked":["Twin Strike","Second Wind"],"picked":"Evolve","floor":3},{"not_picked":["Armaments","Inflame"],"picked":"Reckless Charge","floor":4},{"not_picked":["Blood for Blood","Iron Wave"],"picked":"Intimidate","floor":5},{"not_picked":["Infernal Blade","Headbutt"],"picked":"Power Through","floor":6},{"not_picked":["Spot Weakness","Clash"],"picked":"Wild Strike","floor":8},{"not_picked":["Ghostly Armor","Cleave"],"picked":"Feel No Pain","floor":11},{"not_picked":["Body Slam","Clash"],"picked":"Disarm","floor":13},{"not_picked":["Shrug It Off","Warcry"],"picked":"Offering","floor":14},{"not_picked":["Berserk","Demon Form"],"picked":"Exhume","floor":16},{"not_picked":["Headbutt+1","Anger"],"picked":"Burning Pact","floor":18},{"not_picked":["Clash","Rampage"],"picked":"Wild Strike","floor":21}],"player_experience":1588052,"relics_obtained":[{"floor":6,"key":"Red Skull"},{"floor":9,"key":"Omamori"},{"floor":14,"key":"Orichalcum"}],"event_choices":[{"damage_healed":0,"gold_gain":0,"player_choice":"Lose Max HP","damage_taken":0,"relics_obtained":["Golden Idol"],"max_hp_gain":0,"max_hp_loss":7,"event_name":"Golden Idol","floor":2,"gold_loss":0},{"damage_healed":15,"gold_gain":0,"player_choice":"Heal","damage_taken":0,"max_hp_gain":0,"max_hp_loss":0,"event_name":"The Library","floor":20,"gold_loss":0},{"damage_healed":0,"gold_gain":0,"player_choice":"Upgraded","damage_taken":0,"max_hp_gain":0,"max_hp_loss":0,"event_name":"Upgrade Shrine","floor":22,"gold_loss":0,"cards_upgraded":["Dark Embrace"]}],"is_beta":false,"boss_relics":[{"not_picked":["Black Star","Busted Crown"],"picked":"Coffee Dripper"}],"items_purged_floors":[19],"is_endless":false,"potions_floor_spawned":[3,5,8,14,16,21],"killed_by":"Gremlin Leader","ascension_level":20}}