{"host":"7j2n82b2zha9fuyn","time":1612935190,"event":{"mods":["BaseMod","Block Reminder","Minty Spire (QoL Compilation)","StSLib"],"gold_per_floor":[114,189,32,43,43,43,57,87,137,166,166,176,209,219,219,219,219],"floor_reached":16,"language":"ENG","playtime":2178,"items_purged":[],"score":272,"play_id":"d5e2f7c7-57cb-4282-80dc-c5374f762afa","local_time":"20210209223310","is_ascension_mode":true,"campfire_choices":[{"data":"Shockwave","floor":6,"key":"SMITH"},{"data":"Perfected Strike","floor":11,"key":"SMITH"},{"data":"Flame Barrier","floor":15,"key":"SMITH"}],"circlet_count":0,"master_deck":["AscendersBane","Strike_R","Strike_R","Strike_R","Strike_R","Strike_R","Defend_R","Defend_R","Defend_R","Defend_R","Bash","Shockwave+1","Cleave","Decay","Sword Boomerang","Perfected Strike+1","Armaments","Burning Pact","Flame Barrier+1"],"relics":["Burning Blood","Bag of Preparation","Pen Nib","PreservedInsect","CaptainsWheel","Potion Belt"],"acts_visited":[],"potions_floor_usage":[8,13],"damage_taken":[{"damage":9,"enemies":"2 Louse","floor":1,"turns":4},{"damage":0,"enemies":"Small Slimes","floor":4,"turns":3},{"damage":4,"enemies":"Cultist","floor":7,"turns":3},{"damage":29,"enemies":"3 Sentries","floor":8,"turns":5},{"damage":26,"enemies":"Gremlin Nob","floor":10,"turns":4},{"damage":8,"enemies":"2 Fungi Beasts","floor":12,"turns":3},{"damage":7,"enemies":"Lagavulin","floor":13,"turns":5},{"damage":0,"enemies":"Blue Slaver","floor":14,"turns":1},{"damage":34,"enemies":"Slime Boss","floor":16,"turns":7}],"seed_played":"8694382501420505265","potions_obtained":[{"floor":4,"key":"SteroidPotion"},{"floor":10,"key":"PowerPotion"},{"floor":12,"key":"LiquidBronze"},{"floor":13,"key":"SteroidPotion"}],"is_trial":false,"path_per_floor":["M","?","$","M","?","R","M","E","T","E","R","M","E","M","R","B"],"character_chosen":"IRONCLAD","items_purchased":["Bag of Preparation"],"campfire_rested":0,"item_purchase_floors":[3],"current_hp_per_floor":[77,66,66,72,72,72,74,51,51,31,31,29,28,34,34,0,0],"gold":219,"neow_bonus":"TEN_PERCENT_HP_BONUS","is_daily":false,"chose_seed":false,"campfire_upgraded":3,"win_rate":0.0,"timestamp":1612935190,"path_taken":["M","?","$","M","?","R","?","E","T","E","R","M","E","M","R","BOSS"],"items_purchased_type":["Relic"],"build_version":"2020-12-22","purchased_purges":0,"victory":false,"max_hp_per_floor":[88,88,88,88,88,88,88,88,88,88,88,88,88,88,88,88,88],"card_choices":[{"not_picked":["Heavy Blade","Thunderclap"],"picked":"Shockwave","floor":1},{"not_picked":["Warcry","Feel No Pain"],"picked":"Cleave","floor":4},{"not_picked":["Heavy Blade","Sentinel"],"picked":"Sword Boomerang","floor":7},{"not_picked":["Thunderclap","Twin Strike"],"picked":"Perfected Strike","floor":8},{"not_picked":["Searing Blow","Intimidate"],"picked":"Armaments","floor":10},{"not_picked":["Disarm","Juggernaut"],"picked":"Burning Pact","floor":12},{"not_picked":["Perfected Strike","Armaments","Clash"],"picked":"SKIP","floor":13},{"not_picked":["Clothesline","Iron Wave"],"picked":"Flame Barrier","floor":14}],"player_experience":2006042,"relics_obtained":[{"floor":8,"key":"Pen Nib"},{"floor":9,"key":"PreservedInsect"},{"floor":10,"key":"CaptainsWheel"},{"floor":13,"key":"Potion Belt"}],"event_choices":[{"damage_healed":0,"gold_gain":75,"player_choice":"Gather Gold","damage_taken":11,"max_hp_gain":0,"max_hp_loss":0,"event_name":"World of Goop","floor":2,"gold_loss":0},{"damage_healed":0,"gold_gain":0,"player_choice":"Cursed","damage_taken":0,"max_hp_gain":0,"max_hp_loss":0,"event_name":"Wheel of Change","floor":5,"gold_loss":0,"cards_obtained":["Decay"]}],"is_beta":false,"boss_relics":[],"items_purged_floors":[],"is_endless":false,"potions_floor_spawned":[4,10,12,13],"killed_by":"Slime Boss","ascension_level":12}}