{"host":"q57ekfojy3i00x9o","time":1612982574,"event":{"mods":["Act Like it!","Arknights","Aspiration","BaseMod","Colored Map","Energized Spire","Hermit","Minty Spire (QoL Compilation)","Quick Restart","Spicy Shops","Spikes Relics","StSLib","slay the spire mod where everything is the same but ironclad has a cowboy hat"],"gold_per_floor":[111,111,111,111,130,161,161,179,203,214,214,214,214,257,257,387,387,400,144,144,144,344,344,344,367,394,394,394,394,394,10,10,10,10],"floor_reached":33,"language":"RUS","playtime":578,"items_purged":["ats:Strike V"],"score":373,"play_id":"878d268a-116c-4f4b-ae62-b7e329d18601","local_time":"20210210234254","is_ascension_mode":true,"campfire_choices":[{"data":"ats:Flame Of Heaven","floor":7,"key":"SMITH"},{"data":"ats:Overload","floor":13,"key":"SMITH"},{"floor":15,"key":"REST"},{"floor":23,"key":"REST"},{"data":"ats:Calcification","floor":30,"key":"SMITH"},{"floor":32,"key":"REST"}],"circlet_count":0,"master_deck":["ats:Strike C","ats:Strike G","ats:Strike S","ats:Armor Crushing Shot","ats:Defend","ats:Defend","ats:Defend","ats:Defend","ats:Emotion Absorption","ats:Ignite+1","ats:Very Hot Blade","ats:Flame Of Heaven+1","ats:Overload+1","ats:Poison Spread","ats:Calcification+1","ats:Calcification","ats:Guard Mode","ats:Powerful Strike","ats:Hammer On","ats:Sashimi Platter","ats:Consecutive Shot Auto","ats:Apocalypse"],"relics":["ats:Sanity","NeowsBlessing","ats:Spiritual Recovery","ats:Originium","MiniBlackHole","Bag of Preparation","Golden Idol","Regal Pillow","energizedSpire:MagnifyingGlass","Nloth\u0027s Gift","ats:Snipe"],"acts_visited":["Exordium","TheCity"],"potions_floor_usage":[10,14,16,16,24,25,28],"damage_taken":[{"damage":0.0,"enemies":"Jaw Worm","floor":1.0,"turns":1.0},{"damage":0.0,"enemies":"2 Louse","floor":5.0,"turns":1.0},{"damage":0,"enemies":"Gremlin Nob","floor":6,"turns":1},{"damage":6,"enemies":"Cultist","floor":8,"turns":3},{"damage":0,"enemies":"Large Slime","floor":10,"turns":4},{"damage":30,"enemies":"Lagavulin","floor":14,"turns":5},{"damage":53,"enemies":"Hexaghost","floor":16,"turns":10},{"damage":32,"enemies":"Spheric Guardian","floor":18,"turns":5},{"damage":0,"enemies":"3 Byrds","floor":24,"turns":1},{"damage":29,"enemies":"Snake Plant","floor":25,"turns":5},{"damage":0,"enemies":"Centurion and Healer","floor":28,"turns":1},{"damage":110,"enemies":"Collector","floor":33,"turns":9}],"seed_played":"-2706720707962468531","potions_obtained":[{"floor":1.0,"key":"BlessingOfTheForge"},{"floor":6,"key":"ats:Emergency Sanity Potion"},{"floor":8,"key":"Explosive Potion"},{"floor":10,"key":"Energy Potion"},{"floor":18,"key":"DistilledChaos"}],"is_trial":false,"path_per_floor":["M","?","?","?","M","E","R","M","T","M","?","?","R","E","R","B",null,"M","$","?","?","?","R","M","M","T","?","M","?","R","$","R","B"],"character_chosen":"DOCTOR_CLASS","items_purchased":["ats:Powerful Strike","SmokeBomb","ats:Sashimi Platter","ats:Consecutive Shot Auto","ats:Snipe","ats:Apocalypse"],"campfire_rested":3,"item_purchase_floors":[19,19,31,31,31,31],"current_hp_per_floor":[65,70,63,71,71,71,71,65,65,65,46,46,46,16,54,4,59,30,30,30,30,30,68,68,41,41,41,41,49,49,49,77,0,0],"gold":10,"neow_bonus":"THREE_ENEMY_KILL","is_daily":false,"chose_seed":false,"campfire_upgraded":3,"win_rate":0.0,"timestamp":1612982574,"path_taken":["M","?","?","?","M","E","R","M","T","?","?","?","R","E","R","BOSS","M","$","?","?","?","R","M","?","T","?","?","?","R","$","R","BOSS"],"items_purchased_type":["Card","Potion","Card","Card","Relic","Card"],"build_version":"2020-12-22","purchased_purges":1,"victory":false,"max_hp_per_floor":[72,77,77,77,77,77,77,77,77,77,77,77,77,77,77,77,77,77,77,77,77,77,77,77,77,77,77,77,77,77,77,77,77,77],"card_choices":[{"not_picked":["ats:Composite Medical Shells","ats:Phantom"],"picked":"ats:Ignite","floor":1.0},{"not_picked":["ats:Cat Scratch","ats:Charging Defense"],"picked":"ats:Very Hot Blade","floor":5},{"not_picked":["ats:Thermite Blade","ats:Guardian Obelisk"],"picked":"ats:Flame Of Heaven","floor":6},{"not_picked":["ats:Powerful Strike","ats:Hook Shot"],"picked":"ats:Overload","floor":8},{"not_picked":["ats:Healing Drone","ats:Chain Hook"],"picked":"ats:Poison Spread","floor":10},{"not_picked":["ats:Hammer On","ats:Absolute Focus"],"picked":"ats:Calcification","floor":14},{"not_picked":["ats:Dogmatic Field","ats:True Silver Slash"],"picked":"ats:Calcification","floor":16},{"not_picked":["ats:Revitalization","ats:Steam Pump"],"picked":"ats:Guard Mode","floor":18},{"not_picked":["ats:Guard Mode","ats:Apocalypse"],"picked":"ats:Hammer On","floor":25}],"player_experience":758817,"relics_obtained":[{"floor":6,"key":"ats:Originium"},{"floor":6,"key":"MiniBlackHole"},{"floor":9,"key":"Bag of Preparation"},{"floor":14,"key":"ats:Originium"},{"floor":14,"key":"Regal Pillow"},{"floor":26,"key":"aspiration:HiddenCompartment"}],"event_choices":[{"damage_healed":0.0,"max_hp_gain":5.0,"max_hp_loss":0.0,"gold_gain":0.0,"event_name":"Big Fish","player_choice":"Donut","floor":2.0,"gold_loss":0.0,"damage_taken":0.0},{"damage_healed":0.0,"max_hp_gain":0.0,"max_hp_loss":0.0,"gold_gain":0.0,"event_name":"Scrap Ooze","player_choice":"Success","floor":3.0,"gold_loss":0.0,"damage_taken":7.0,"relics_obtained":["ats:Spiritual Recovery"]},{"damage_healed":0,"gold_gain":0,"player_choice":"Take Damage","damage_taken":19,"relics_obtained":["Golden Idol"],"max_hp_gain":0,"max_hp_loss":0,"event_name":"Golden Idol","floor":11,"gold_loss":0},{"damage_healed":0,"gold_gain":0,"player_choice":"Grow","damage_taken":0,"max_hp_gain":0,"max_hp_loss":0,"event_name":"Living Wall","floor":12,"gold_loss":0,"cards_upgraded":["ats:Ignite"]},{"damage_healed":0,"gold_gain":0,"player_choice":"Ignored","damage_taken":0,"max_hp_gain":0,"max_hp_loss":0,"event_name":"Vampires","floor":20,"gold_loss":0},{"damage_healed":0,"gold_gain":200,"player_choice":"Gold","damage_taken":0,"max_hp_gain":0,"max_hp_loss":0,"event_name":"Wheel of Change","floor":22,"gold_loss":0},{"damage_healed":0,"gold_gain":0,"player_choice":"Traded Relic","damage_taken":0,"relics_obtained":["Nloth\u0027s Gift"],"max_hp_gain":0,"max_hp_loss":0,"event_name":"N\u0027loth","floor":27,"relics_lost":["aspiration:HiddenCompartment"],"gold_loss":0}],"is_beta":false,"boss_relics":[{"not_picked":["Coffee Dripper","energizedSpire:RedRose"],"picked":"energizedSpire:MagnifyingGlass"}],"items_purged_floors":[31],"is_endless":false,"potions_floor_spawned":[1,6,8,10,18],"killed_by":"Collector","ascension_level":7}}