{"host":"fc5kl670efuhtomy","time":1612974434,"event":{"mods":["AchievementEnabler","BaseMod","Colored Powertips","Downfall","Marisa（F雨　魔理沙）","Minty Spire (QoL Compilation)","Quick Restart","Rare Cards Sparkle","Relic Stats","Replay The Spire","StSLib","The Bug Knight","The Construct","The Cursed","The Servant 0.9.4","WarShipGirlsR/战舰少女R mod"],"gold_per_floor":[112,112,112,130,130,130,145,164,191,201,235,18,45,7,7,103,103,118,130,130,150,150,166,194,72,72,97,97,97,97,110,110,211,211,224,295,295,154,154,154,154,172,172,172,172,244,92,4,4,32,32],"floor_reached":50,"language":"ZHS","playtime":1921,"items_purged":["rmod:strick","rmod:strick","rmod:defend","Decay","rmod:defend"],"score":551,"play_id":"412d1204-cd1a-421e-aa36-7ade12c0c44c","local_time":"20210211002714","is_ascension_mode":true,"campfire_choices":[{"data":"rmod:basicallowance","floor":6,"key":"SMITH"},{"floor":15,"key":"REST"},{"data":"rmod:fuelsupply","floor":29,"key":"SMITH"},{"floor":30,"key":"REST"},{"floor":32,"key":"REST"},{"floor":40,"key":"RECALL"},{"data":"rmod:seals","floor":41,"key":"SMITH"},{"data":"rmod:firesupport","floor":44,"key":"SMITH"},{"data":"rmod:defend","floor":49,"key":"SMITH"}],"circlet_count":0,"master_deck":["rmod:strick+1","rmod:defend+1","rmod:basicallowance+1","rmod:maingunfire+1","rmod:firesupport+1","rmod:seals+1","rmod:fuelsupply+1","rmod:steelsupply","rmod:goodfighter+1","rmod:guardianhero","rmod:fletcherpendant+1","rmod:combined+1"],"relics":["Busted Crown","ReplayTheSpireMod:Lightbulb","Orichalcum","WingedGreaves","Membership Card","ReplayTheSpireMod:TigerMarble","Runic Pyramid","Ring of Peace","Ring of Fangs","Bronze Scales","Sling","Lantern","Akabeko","Sozu","Mercury Hourglass","Oddly Smooth Stone","Replay:Bandana","Replay:Rubber Ducky"],"acts_visited":["Exordium","TheCity","TheBeyond"],"potions_floor_usage":[16,24,24,50,50],"damage_taken":[{"damage":4,"enemies":"Small Slimes","floor":1,"turns":4},{"damage":11,"enemies":"Jaw Worm","floor":4,"turns":2},{"damage":0,"enemies":"Cultist","floor":7,"turns":3},{"damage":4,"enemies":"Red Slaver","floor":8,"turns":4},{"damage":0,"enemies":"Exordium Wildlife","floor":10,"turns":3},{"damage":4,"enemies":"Lagavulin","floor":11,"turns":5},{"damage":21,"enemies":"Hexaghost","floor":16,"turns":9},{"damage":4,"enemies":"2 Thieves","floor":18,"turns":4},{"damage":0,"enemies":"Shell Parasite","floor":19,"turns":5},{"damage":26,"enemies":"3 Cultists","floor":21,"turns":11},{"damage":12,"enemies":"Snake Plant","floor":23,"turns":7},{"damage":21,"enemies":"Slavers","floor":24,"turns":7},{"damage":0,"enemies":"Gremlin Leader","floor":27,"turns":6},{"damage":0,"enemies":"Snecko","floor":31,"turns":4},{"damage":7,"enemies":"Automaton","floor":33,"turns":8},{"damage":27,"enemies":"3 Shapes","floor":35,"turns":6},{"damage":2,"enemies":"3 Darklings","floor":42,"turns":4},{"damage":0,"enemies":"Maw","floor":46,"turns":5},{"damage":48,"enemies":"Awakened One","floor":50,"turns":9}],"seed_played":"-1602099773531469578","potions_obtained":[{"floor":8,"key":"BlessingOfTheForge"},{"floor":11,"key":"Strength Potion"},{"floor":21,"key":"LiquidBronze"},{"floor":23,"key":"LifebloodPotion"},{"floor":27,"key":"Fire Potion"}],"is_trial":false,"path_per_floor":["M","?","?","M","?","R","M","M","T","M","E","$","T","$","R","B",null,"M","M","?","M","?","M","E","$","T","E","?","R","R","M","R","B",null,"M","T","?","$","?","R","R","M","T","R","?","M","$","$","R","B"],"character_chosen":"PRAEFECT","items_purchased":["Membership Card","ReplayTheSpireMod:TigerMarble","Sling","Oddly Smooth Stone","Replay:Rubber Ducky"],"campfire_rested":3,"item_purchase_floors":[12,12,25,38,47],"current_hp_per_floor":[71,46,31,20,20,20,20,16,16,16,12,12,12,12,34,13,75,71,71,71,45,45,33,12,12,12,12,12,12,34,34,56,49,75,48,48,48,48,48,48,48,46,46,46,46,46,46,46,46,0,0],"gold":32,"neow_bonus":"BOSS_RELIC","is_daily":false,"chose_seed":false,"campfire_upgraded":5,"win_rate":0.0,"timestamp":1612974434,"path_taken":["M","?","?","M","?","R","M","M","T","?","E","$","?","?","R","BOSS","M","M","?","M","?","?","E","$","T","E","?","R","R","M","R","BOSS","M","?","?","$","?","R","R","?","T","R","?","?","?","$","R","BOSS"],"items_purchased_type":["Relic","Relic","Relic","Relic","Relic"],"build_version":"2020-12-22","purchased_purges":5,"victory":false,"max_hp_per_floor":[75,75,75,75,75,75,75,75,75,75,75,75,75,75,75,75,75,75,75,75,75,75,75,75,75,75,75,75,75,75,75,75,75,75,75,75,75,75,75,75,75,75,75,75,75,75,75,75,75,75,75],"relic_stats":{"Sozu":1,"Busted Crown":38,"counters":[19,106],"Bronze Scales":[111],"Orichalcum":[168],"obtain_stats":[{"Lantern":26,"Oddly Smooth Stone":38,"Orichalcum":9,"Sling":25,"Akabeko":27,"Mercury Hourglass":36,"Replay:Rubber Ducky":47,"Sozu":34,"Replay:Bandana":43,"Busted Crown":0,"Ring of Fangs":20,"Ring of Peace":20,"Bronze Scales":24,"WingedGreaves":11,"rmod:firstchargereward":0,"ReplayTheSpireMod:TigerMarble":12,"Membership Card":12,"ReplayTheSpireMod:Lightbulb":2,"Runic Pyramid":17},{"Lantern":12,"Oddly Smooth Stone":16,"Orichalcum":4,"Sling":12,"Akabeko":13,"Mercury Hourglass":16,"Replay:Rubber Ducky":18,"Sozu":15,"Replay:Bandana":17,"Busted Crown":0,"Ring of Fangs":9,"Ring of Peace":9,"Bronze Scales":12,"WingedGreaves":6,"rmod:firstchargereward":0,"ReplayTheSpireMod:TigerMarble":6,"Membership Card":6,"ReplayTheSpireMod:Lightbulb":1,"Runic Pyramid":7},{"Lantern":64,"Oddly Smooth Stone":88,"Orichalcum":13,"Sling":64,"Akabeko":70,"Mercury Hourglass":88,"Replay:Rubber Ducky":97,"Sozu":82,"Replay:Bandana":92,"Busted Crown":0,"Ring of Fangs":39,"Ring of Peace":39,"Bronze Scales":64,"WingedGreaves":21,"rmod:firstchargereward":0,"ReplayTheSpireMod:TigerMarble":21,"Membership Card":21,"ReplayTheSpireMod:Lightbulb":4,"Runic Pyramid":30}],"Mercury Hourglass":[79]},"card_choices":[{"not_picked":["rmod:unsinkable"],"picked":"SKIP","floor":1},{"not_picked":["rmod:overbreakdown"],"picked":"SKIP","floor":4},{"not_picked":["rmod:punchline"],"picked":"SKIP","floor":7},{"not_picked":[],"picked":"rmod:firesupport","floor":8},{"not_picked":["rmod:steelsupply"],"picked":"SKIP","floor":10},{"not_picked":["rmod:ring"],"picked":"SKIP","floor":11},{"not_picked":[],"picked":"rmod:seals","floor":16},{"not_picked":[],"picked":"rmod:fuelsupply","floor":18},{"not_picked":[],"picked":"rmod:steelsupply","floor":19},{"not_picked":[],"picked":"rmod:goodfighter","floor":21},{"not_picked":[],"picked":"rmod:guardianhero","floor":23},{"not_picked":["rmod:capitalist"],"picked":"SKIP","floor":24},{"not_picked":["rmod:slowdown"],"picked":"SKIP","floor":27},{"not_picked":[],"picked":"rmod:fletcherpendant+1","floor":31},{"not_picked":[],"picked":"rmod:launchingtorpedo+1","floor":35},{"not_picked":["rmod:maintain"],"picked":"SKIP","floor":42},{"not_picked":[],"picked":"rmod:combined+1","floor":46}],"player_experience":209974,"relics_obtained":[{"floor":9,"key":"Orichalcum"},{"floor":11,"key":"WingedGreaves"},{"floor":20,"key":"Ring of Peace"},{"floor":20,"key":"Ring of Fangs"},{"floor":24,"key":"Bronze Scales"},{"floor":26,"key":"Lantern"},{"floor":27,"key":"Akabeko"},{"floor":36,"key":"Mercury Hourglass"},{"floor":43,"key":"Replay:Bandana"}],"event_choices":[{"damage_healed":0,"gold_gain":0,"player_choice":"Success","damage_taken":25,"relics_obtained":["ReplayTheSpireMod:Lightbulb"],"max_hp_gain":0,"max_hp_loss":0,"event_name":"Scrap Ooze","floor":2,"gold_loss":0},{"damage_healed":0,"gold_gain":0,"player_choice":"Entered Light","damage_taken":15,"max_hp_gain":0,"max_hp_loss":0,"event_name":"Shining Light","floor":3,"gold_loss":0,"cards_upgraded":["rmod:maingunfire","rmod:strick"]},{"damage_healed":0,"gold_gain":0,"player_choice":"0 cards matched","damage_taken":0,"max_hp_gain":0,"max_hp_loss":0,"event_name":"Match and Keep!","floor":5,"gold_loss":0,"cards_obtained":[]},{"damage_healed":0,"gold_gain":0,"player_choice":"Forge","damage_taken":0,"max_hp_gain":0,"max_hp_loss":0,"event_name":"Accursed Blacksmith","floor":22,"gold_loss":0,"cards_upgraded":["rmod:goodfighter"]},{"cards_removed":["rmod:defend"],"damage_healed":0,"gold_gain":0,"player_choice":"Purged","damage_taken":0,"max_hp_gain":0,"max_hp_loss":0,"event_name":"Purifier","floor":28,"gold_loss":0},{"cards_removed":["rmod:launchingtorpedo"],"damage_healed":0,"gold_gain":0,"player_choice":"Removed Attack","damage_taken":0,"max_hp_gain":0,"max_hp_loss":0,"event_name":"Falling","floor":37,"gold_loss":0},{"cards_removed":["rmod:strick"],"damage_healed":0,"gold_gain":0,"player_choice":"Offered Basic","damage_taken":0,"max_hp_gain":0,"max_hp_loss":0,"event_name":"Bonfire Elementals","floor":39,"gold_loss":0},{"damage_healed":0,"gold_gain":0,"player_choice":"Cursed","damage_taken":0,"max_hp_gain":0,"max_hp_loss":0,"event_name":"Wheel of Change","floor":45,"gold_loss":0,"cards_obtained":["Decay"]}],"is_beta":false,"boss_relics":[{"not_picked":["Ectoplasm","Fusion Hammer"],"picked":"Runic Pyramid"},{"not_picked":["Kintsugi","Astrolabe"],"picked":"Sozu"}],"items_purged_floors":[14,25,38,47,48],"is_endless":false,"potions_floor_spawned":[8,11,21,23,27,35],"killed_by":"Awakened One","ascension_level":1}}