{"host":"0285y92tozoijo7k","time":1612966906,"event":{"mods":["AchievementEnabler","Act Like it!","BaseMod","Colored Map","DeckTracker","Keyboard Shortcuts","Minty Spire (QoL Compilation)","Permanent Neow","StSLib","SuperFastMode"],"gold_per_floor":[116,116,116,291,139,182,182,213,259,259,278,278,278,621,621,711,711,729,551,576,594,594,594,669,669,717,758,783,817,833,866,866,866,866],"floor_reached":33,"language":"KOR","playtime":1111,"items_purged":["Doubt","Strike_B"],"score":652,"play_id":"a4811e30-936f-45fb-8359-57663ae6b187","local_time":"20210210232146","is_ascension_mode":true,"campfire_choices":[{"data":"Defragment","floor":7.0,"key":"SMITH"},{"data":"Turbo","floor":10.0,"key":"SMITH"},{"data":"Hologram","floor":12.0,"key":"SMITH"},{"data":"Dualcast","floor":15.0,"key":"SMITH"},{"floor":23.0,"key":"REST"},{"data":"Capacitor","floor":25.0,"key":"SMITH"},{"data":"Coolheaded","floor":32.0,"key":"SMITH"}],"circlet_count":0,"master_deck":["AscendersBane","Strike_B","Strike_B","Strike_B","Defend_B","Defend_B","Defend_B","Defend_B","Zap+1","Dualcast+1","Chill","Defragment+1","Ball Lightning","Turbo+1","Hologram+1","Echo Form","Compile Driver","Capacitor+1","Glacier","Glacier","Coolheaded+1","Core Surge"],"relics":["Cracked Core","Golden Idol","Bottled Tornado","Pen Nib","Oddly Smooth Stone","Old Coin","Philosopher\u0027s Stone","HornCleat","Nunchaku","Akabeko","PreservedInsect","Smiling Mask"],"acts_visited":["Exordium","TheCity"],"potions_floor_usage":[],"damage_taken":[{"damage":0.0,"enemies":"2 Louse","floor":1.0,"turns":2.0},{"damage":13.0,"enemies":"Lagavulin","floor":6.0,"turns":7.0},{"damage":4.0,"enemies":"3 Sentries","floor":8.0,"turns":7.0},{"damage":0.0,"enemies":"Small Slimes","floor":11.0,"turns":3.0},{"damage":14.0,"enemies":"Lagavulin","floor":14.0,"turns":7.0},{"damage":10.0,"enemies":"Hexaghost","floor":16.0,"turns":7.0},{"damage":13.0,"enemies":"Shell Parasite","floor":18.0,"turns":5.0},{"damage":4.0,"enemies":"2 Thieves","floor":20.0,"turns":4.0},{"damage":36.0,"enemies":"Snake Plant","floor":21.0,"turns":4.0},{"damage":0.0,"enemies":"Slavers","floor":27.0,"turns":1.0},{"damage":0.0,"enemies":"Shelled Parasite and Fungi","floor":28.0,"turns":6.0},{"damage":1.0,"enemies":"Book of Stabbing","floor":29.0,"turns":6.0},{"damage":0.0,"enemies":"Sentry and Sphere","floor":30.0,"turns":6.0},{"damage":15.0,"enemies":"Gremlin Leader","floor":31.0,"turns":7.0},{"damage":12,"enemies":"Automaton","floor":33,"turns":4}],"seed_played":"-5733798037580578448","potions_obtained":[{"floor":6.0,"key":"DuplicationPotion"},{"floor":11.0,"key":"PotionOfCapacity"},{"floor":13.0,"key":"ColorlessPotion"},{"floor":14.0,"key":"EntropicBrew"},{"floor":16.0,"key":"Block Potion"},{"floor":28.0,"key":"SteroidPotion"},{"floor":29.0,"key":"EssenceOfSteel"}],"is_trial":false,"path_per_floor":["M","?","?","?","$","E","R","E","T","R","M","R","?","E","R","B",null,"M","$","M","M","T","R","?","R","T","E","M","E","M","E","R","B"],"character_chosen":"DEFECT","items_purchased":["Defragment","Capacitor"],"campfire_rested":1,"item_purchase_floors":[5,19],"current_hp_per_floor":[64,69,50,50,50,37,37,33,33,33,33,33,33,19,19,24,63,50,50,46,10,10,32,25,25,25,25,25,24,24,9,9,0,0],"gold":866,"neow_bonus":"UPGRADE_CARD","is_daily":false,"chose_seed":false,"campfire_upgraded":6,"win_rate":0.0,"timestamp":1612966906,"path_taken":["M","?","?","?","?","E","R","E","T","R","M","R","?","E","R","BOSS","M","$","M","M","?","R","?","R","T","E","?","E","M","E","R","BOSS"],"items_purchased_type":["Card","Card"],"build_version":"2020-12-22","purchased_purges":2,"victory":false,"max_hp_per_floor":[71,76,76,76,76,76,76,76,76,76,76,76,76,76,76,76,76,76,76,76,76,76,76,76,76,76,76,76,76,76,76,76,76,76],"card_choices":[{"not_picked":["Stack","Heatsinks"],"picked":"Chill","floor":1.0},{"not_picked":["Barrage","Rebound"],"picked":"Ball Lightning","floor":6.0},{"not_picked":["Hello World","Doom and Gloom"],"picked":"Turbo","floor":8.0},{"not_picked":["Barrage","Go for the Eyes"],"picked":"Hologram","floor":11.0},{"not_picked":["Lockon","FTL"],"picked":"Echo Form","floor":14.0},{"not_picked":["Leap","Double Energy"],"picked":"Compile Driver","floor":18.0},{"not_picked":["Sweeping Beam","Compile Driver","Leap+1"],"picked":"SKIP","floor":20.0},{"not_picked":["Electrodynamics","Steam"],"picked":"Glacier","floor":21.0},{"not_picked":["Turbo+1","Loop"],"picked":"Glacier","floor":27.0},{"not_picked":["Leap","Steam"],"picked":"Coolheaded","floor":28.0},{"not_picked":["Force Field","Leap"],"picked":"Core Surge","floor":29.0},{"not_picked":["Hologram","Undo","Fusion"],"picked":"SKIP","floor":30.0},{"not_picked":["Barrage","Redo","White Noise"],"picked":"SKIP","floor":31.0}],"player_experience":389401,"relics_obtained":[{"floor":6.0,"key":"Bottled Tornado"},{"floor":8.0,"key":"Pen Nib"},{"floor":9.0,"key":"Oddly Smooth Stone"},{"floor":14.0,"key":"Old Coin"},{"floor":22.0,"key":"HornCleat"},{"floor":26.0,"key":"Nunchaku"},{"floor":27.0,"key":"Akabeko"},{"floor":29.0,"key":"PreservedInsect"},{"floor":31.0,"key":"Smiling Mask"}],"event_choices":[{"damage_healed":0.0,"max_hp_gain":5.0,"max_hp_loss":0.0,"gold_gain":0.0,"event_name":"Big Fish","player_choice":"Donut","floor":2.0,"gold_loss":0.0,"damage_taken":0.0},{"damage_healed":0.0,"max_hp_gain":0.0,"max_hp_loss":0.0,"gold_gain":0.0,"event_name":"Golden Idol","player_choice":"Take Damage","floor":3.0,"gold_loss":0.0,"damage_taken":19.0,"relics_obtained":["Golden Idol"]},{"damage_healed":0.0,"max_hp_gain":0.0,"max_hp_loss":0.0,"gold_gain":175.0,"event_name":"Liars Game","player_choice":"AGREE","floor":4.0,"gold_loss":0.0,"damage_taken":0.0,"cards_obtained":["Doubt"]},{"damage_healed":0.0,"max_hp_gain":0.0,"max_hp_loss":0.0,"gold_gain":0.0,"event_name":"Lab","player_choice":"Got Potions","floor":13.0,"gold_loss":0.0,"damage_taken":0.0},{"damage_healed":0.0,"max_hp_gain":0.0,"max_hp_loss":0.0,"gold_gain":75.0,"event_name":"FaceTrader","player_choice":"Touch","floor":24.0,"gold_loss":0.0,"damage_taken":7.0}],"is_beta":false,"boss_relics":[{"not_picked":["Velvet Choker","FrozenCore"],"picked":"Philosopher\u0027s Stone"}],"items_purged_floors":[5,19],"is_endless":false,"potions_floor_spawned":[6,11,14,16,28,29,31],"killed_by":"Automaton","ascension_level":14}}