{"host":"1bzbl1adcbkdzqlf","time":1612931255,"event":{"mods":["BaseMod","Minty Spire (QoL Compilation)","Slay the Relics Exporter"],"gold_per_floor":[109,128,142,159,175,201,201,201,201],"floor_reached":8,"language":"ENG","playtime":414,"items_purged":[],"score":93,"play_id":"8878d6f4-bed2-41e4-819b-5a6ed66cea95","local_time":"20210209222735","is_ascension_mode":true,"campfire_choices":[],"circlet_count":0,"master_deck":["AscendersBane","Strike_R","Strike_R","Strike_R","Strike_R","Strike_R","Defend_R","Defend_R","Defend_R","Bash","Perfected Strike","Flex","Cleave","Thunderclap"],"relics":["Snecko Eye","Blood Vial"],"acts_visited":["Exordium"],"potions_floor_usage":[6],"damage_taken":[{"damage":1,"enemies":"Cultist","floor":1,"turns":3},{"damage":7,"enemies":"Jaw Worm","floor":2,"turns":2},{"damage":6,"enemies":"2 Louse","floor":3,"turns":3},{"damage":0,"enemies":"2 Fungi Beasts","floor":4,"turns":2},{"damage":14,"enemies":"Red Slaver","floor":5,"turns":2},{"damage":28,"enemies":"Gremlin Nob","floor":6,"turns":4},{"damage":15,"enemies":"3 Sentries","floor":8,"turns":2}],"seed_played":"3442408935033611934","potions_obtained":[{"floor":5,"key":"Strength Potion"}],"is_trial":false,"path_per_floor":["M","M","M","M","M","E","?","E"],"character_chosen":"IRONCLAD","items_purchased":[],"campfire_rested":0,"item_purchase_floors":[],"current_hp_per_floor":[71,64,58,58,44,16,9,0,0],"gold":201,"neow_bonus":"BOSS_RELIC","is_daily":false,"chose_seed":false,"campfire_upgraded":0,"win_rate":0.0,"timestamp":1612931255,"path_taken":["M","M","M","M","M","E","?","E"],"items_purchased_type":[],"build_version":"2020-12-22","purchased_purges":0,"victory":false,"max_hp_per_floor":[80,80,80,80,80,80,80,80,80],"card_choices":[{"not_picked":["Sword Boomerang","Searing Blow"],"picked":"Perfected Strike","floor":1},{"not_picked":["Clash","Whirlwind"],"picked":"Flex","floor":2},{"not_picked":["Headbutt","Sword Boomerang"],"picked":"Cleave","floor":3},{"not_picked":["Sword Boomerang","Body Slam"],"picked":"Thunderclap","floor":4},{"not_picked":["Cleave","Reckless Charge","Iron Wave"],"picked":"SKIP","floor":5},{"not_picked":["Sentinel","Wild Strike","Sword Boomerang"],"picked":"SKIP","floor":6}],"player_experience":411101,"relics_obtained":[{"floor":6,"key":"Blood Vial"}],"event_choices":[{"cards_removed":["Defend_R"],"damage_healed":0,"gold_gain":0,"player_choice":"Card Removal","damage_taken":7,"max_hp_gain":0,"max_hp_loss":0,"event_name":"Golden Wing","floor":7,"gold_loss":0}],"is_beta":false,"boss_relics":[],"items_purged_floors":[],"is_endless":false,"potions_floor_spawned":[5],"killed_by":"3 Sentries","ascension_level":11}}