{"host":"7r2n0tv442aowt09","time":1612993274,"event":{"mods":["BaseMod","Curses Come First","Custom Start","Exacting","Highlight Path","Infinite Spire","Minty Spire (QoL Compilation)","Relic Sorter","StSLib"],"gold_per_floor":[129,129,129,189,225,225,303,303,303,303,303,354,8,53,53,281,281,341,394,394,394,47,47,128,128,152,209,257,317,377,467,467,698,698,740,788,788,788,845,845,878,1039,1039,1039,1039,1087,1087,661,661,889,1111,1111,1145,1295,787,787,826,882,929,929,984,984,984,1057,1093,1111,1111,1286,1286,1293,1218,1227,1241,1241,1310,1310,1329,1329,1329,1329,1362,1362,1362,1362,1558,1558,1598,1598,1598,1619,1619,1619,1677,1677,1677,1677,1733,1759,1319,1390,1390,1571,1719,1719,1770,1285,1435,1435,1360,1360,1395,1417,1417,1489,1543,1543,1586,1713,1713,1564,1564],"floor_reached":120,"language":"JPN","playtime":11110,"items_purged":["Doubt"],"score":6332,"play_id":"2381ef28-a41d-4fc9-9eb3-a235894c7e2d","local_time":"20210211064114","daily_mods":["Green Cards","Midas"],"is_ascension_mode":true,"campfire_choices":[{"data":"Clumsy","floor":6.0,"key":"PURGE"},{"data":"Defend_B","floor":15.0,"key":"PURGE"},{"data":"Defend_B","floor":23.0,"key":"PURGE"},{"data":"Defend_B","floor":25.0,"key":"PURGE"},{"data":"Strike_B","floor":32.0,"key":"PURGE"},{"data":"Regret","floor":40.0,"key":"PURGE"},{"data":"Writhe","floor":44.0,"key":"PURGE"},{"data":"Injury","floor":47.0,"key":"PURGE"},{"data":"Strike_B","floor":49.0,"key":"PURGE"},{"data":"Injury","floor":67.0,"key":"PURGE"},{"data":"Machine Learning+1","floor":76.0,"key":"PURGE"},{"data":"Strike_B","floor":79.0,"key":"PURGE"},{"data":"Deflect+1","floor":82.0,"key":"PURGE"},{"floor":84.0,"key":"REST"},{"floor":92.0,"key":"REST"},{"floor":94.0,"key":"REST"},{"data":"Leg Sweep+1","floor":96.0,"key":"PURGE"},{"floor":101.0,"key":"REST"},{"floor":110.0,"key":"REST"},{"floor":119,"key":"REST"}],"circlet_count":0,"master_deck":["AscendersBane","Dualcast+1","Stack+1","Hologram+1","Zap+1","Deadly Poison+1","Reinforced Body+1","Chaos+1","Malaise+1","Coolheaded+1","Loop+1","Adrenaline+1","infinitespire:NeuralNetwork+1","Impatience+1","Blind+1","Finesse+1","Consume+1","Cold Snap","Capacitor+1","Fusion+1","Biased Cognition+1","Tempest+1","Storm+1","Backflip+1","Defragment+1","Thunder Strike","Darkness+1","Poisoned Stab+1","Burst+1","Crippling Poison+1","Noxious Fumes+1"],"relics":["FrozenCore","infinitespire:FocusingShard","infinitespire:ShieldingShard","InkBottle","Kunai","Incense Burner","infinitespire:WardingShard","infinitespire:Eraser","Tiny Chest","Darkstone Periapt","Singing Bowl","Toxic Egg 2","Peace Pipe","Juzu Bracelet","Snake Skull","Fusion Hammer","Frozen Egg 2","Nilry\u0027s Codex","TheAbacus","Oddly Smooth Stone","Centennial Puzzle","SlaversCollar","Anchor","Bronze Scales","ClockworkSouvenir","Toy Ornithopter","SacredBark","Frozen Eye","Pantograph","Dream Catcher","PreservedInsect","Strawberry","Golden Idol","Lantern","Omamori","Gremlin Horn","Pear","Eternal Feather","HornCleat","Matryoshka","Blood Vial","Symbiotic Virus","Art of War","infinitespire:Satchel","Akabeko","White Beast Statue","Pandora\u0027s Box","Medical Kit","Boot","infinitespire:PuzzleCube","Bird Faced Urn","Cables","Blue Candle","Question Card","infinitespire:BottledMercury"],"acts_visited":["Exordium","TheCity","TheBeyond","Exordium","TheCity","TheBeyond","Exordium"],"potions_floor_usage":[120],"damage_taken":[{"damage":1.0,"enemies":"2 Louse","floor":1.0,"turns":3.0},{"damage":6.0,"enemies":"Cultist","floor":4.0,"turns":3.0},{"damage":0.0,"enemies":"Small Slimes","floor":5.0,"turns":2.0},{"damage":9.0,"enemies":"Gremlin Nob","floor":7.0,"turns":3.0},{"damage":0.0,"enemies":"Red Slaver","floor":12.0,"turns":3.0},{"damage":23.0,"enemies":"Large Slime","floor":14.0,"turns":5.0},{"damage":0.0,"enemies":"Hexaghost","floor":16.0,"turns":8.0},{"damage":23.0,"enemies":"3 Byrds","floor":18.0,"turns":5.0},{"damage":0.0,"enemies":"Nightmare","floor":24.0,"turns":7.0},{"damage":7.0,"enemies":"Chosen","floor":27.0,"turns":4.0},{"damage":17.0,"enemies":"Snecko","floor":28.0,"turns":7.0},{"damage":2.0,"enemies":"3 Cultists","floor":29.0,"turns":6.0},{"damage":0.0,"enemies":"Centurion and Healer","floor":30.0,"turns":5.0},{"damage":0.0,"enemies":"Gremlin Leader","floor":31.0,"turns":8.0},{"damage":0.0,"enemies":"Champ","floor":33.0,"turns":13.0},{"damage":0.0,"enemies":"Orb Walker","floor":35.0,"turns":3.0},{"damage":11.0,"enemies":"3 Shapes","floor":39.0,"turns":3.0},{"damage":2.0,"enemies":"Maw","floor":41.0,"turns":8.0},{"damage":36.0,"enemies":"infinitespire:Three Voidlings","floor":42.0,"turns":5.0},{"damage":0.0,"enemies":"Nightmare_Alpha","floor":42.0,"turns":11.0},{"damage":1.0,"enemies":"Nemesis","floor":46.0,"turns":7.0},{"damage":2.0,"enemies":"Awakened One","floor":50.0,"turns":17.0},{"damage":9.0,"enemies":"Time Eater","floor":51.0,"turns":14.0},{"damage":0.0,"enemies":"Jaw Worm","floor":53.0,"turns":3.0},{"damage":0.0,"enemies":"Cultist","floor":57.0,"turns":3.0},{"damage":1.0,"enemies":"3 Sentries","floor":58.0,"turns":5.0},{"damage":0.0,"enemies":"Small Slimes","floor":65.0,"turns":2.0},{"damage":0.0,"enemies":"Nightmare_Alpha","floor":66.0,"turns":8.0},{"damage":7.0,"enemies":"Hexaghost","floor":68.0,"turns":5.0},{"damage":30.0,"enemies":"Shell Parasite","floor":70.0,"turns":3.0},{"damage":26.0,"enemies":"2 Thieves","floor":72.0,"turns":4.0},{"damage":0.0,"enemies":"Snecko","floor":73.0,"turns":4.0},{"damage":24.0,"enemies":"Slavers","floor":75.0,"turns":2.0},{"damage":0.0,"enemies":"Snake Plant","floor":77.0,"turns":3.0},{"damage":17.0,"enemies":"Nightmare","floor":81.0,"turns":7.0},{"damage":0.0,"enemies":"Champ","floor":85.0,"turns":6.0},{"damage":57.0,"enemies":"3 Darklings","floor":87.0,"turns":3.0},{"damage":0.0,"enemies":"Orb Walker","floor":90.0,"turns":3.0},{"damage":0.0,"enemies":"Nightmare_Alpha","floor":93.0,"turns":6.0},{"damage":0.0,"enemies":"Giant Head","floor":97.0,"turns":4.0},{"damage":0.0,"enemies":"Reptomancer","floor":100.0,"turns":3.0},{"damage":30.0,"enemies":"Time Eater","floor":102.0,"turns":9.0},{"damage":21.0,"enemies":"infinitespire:MassOfShapes","floor":103.0,"turns":9.0},{"damage":0.0,"enemies":"2 Louse","floor":105.0,"turns":2.0},{"damage":0.0,"enemies":"Cultist","floor":111.0,"turns":2.0},{"damage":0.0,"enemies":"Small Slimes","floor":112.0,"turns":2.0},{"damage":0.0,"enemies":"Gremlin Nob","floor":114.0,"turns":2.0},{"damage":0.0,"enemies":"Red Slaver","floor":115.0,"turns":2.0},{"damage":42.0,"enemies":"Gremlin Gang","floor":117.0,"turns":2.0},{"damage":0.0,"enemies":"3 Sentries","floor":118.0,"turns":3.0},{"damage":220,"enemies":"infinitespire:LordOfFortification","floor":120,"turns":16}],"seed_played":"4617909124839561335","potions_obtained":[{"floor":1.0,"key":"Dexterity Potion"},{"floor":14.0,"key":"DuplicationPotion"},{"floor":16.0,"key":"GamblersBrew"},{"floor":28.0,"key":"Regen Potion"},{"floor":29.0,"key":"Weak Potion"},{"floor":31.0,"key":"Fire Potion"},{"floor":41.0,"key":"SpeedPotion"},{"floor":42.0,"key":"BlessingOfTheForge"},{"floor":57.0,"key":"Block Potion"},{"floor":66.0,"key":"BlessingOfTheForge"},{"floor":81.0,"key":"Swift Potion"},{"floor":87.0,"key":"AttackPotion"},{"floor":90.0,"key":"DistilledChaos"},{"floor":102.0,"key":"AttackPotion"},{"floor":103.0,"key":"Explosive Potion"},{"floor":105.0,"key":"BlessingOfTheForge"},{"floor":111.0,"key":"Dexterity Potion"},{"floor":112.0,"key":"SkillPotion"},{"floor":115.0,"key":"FearPotion"}],"is_trial":true,"path_per_floor":["M","?","?","M","M","R","E","?","T","?","?","M","$","M","R","B",null,"M","T","?","?","$","R","NM","R","T","M","M","M","M","E","R","B",null,"M","T","?","?","M","R","M","?","T","R","?","E","R","$","R","B","B",null,"M","?","$","?","M","E","T","?","T","?","?","T","M","NM","R","B",null,"M","?","M","M","?","E","R","M","T","R","?","NM","R","T","R","B",null,"M","?","?","M","?","R","NM","R","T","R","E","T","$","E","R","B","B",null,"M","$","?","T","?","R","M","M","T","E","M","T","M","?","R","B"],"character_chosen":"DEFECT","items_purchased":["Frozen Egg 2","Chaos+1","TheAbacus","Coolheaded+1","Oddly Smooth Stone","ClockworkSouvenir","Toy Ornithopter","Consume+1","Cold Snap","Frozen Eye","Pantograph","Akabeko","infinitespire:FocusingShard","Medical Kit","Boot","infinitespire:PuzzleCube"],"campfire_rested":6,"item_purchase_floors":[13,13,22,22,22,48,48,48,48,55,55,99,99,106,106,106],"current_hp_per_floor":[63,56,62,56,58,58,51,56,56,56,56,56,56,35,35,35,75,52,52,31,31,31,31,33,33,33,28,13,42,42,44,44,46,87,87,87,99,118,107,107,105,81,81,81,71,72,72,72,72,77,70,112,112,118,118,118,118,117,117,123,130,123,129,129,136,140,140,152,157,127,127,101,103,103,96,96,98,98,98,98,83,98,98,166,177,177,122,122,118,120,120,189,189,191,191,191,191,191,191,193,195,167,176,192,196,196,196,196,196,201,203,203,203,205,207,207,167,183,211,0,0],"gold":1564,"neow_bonus":"","is_daily":false,"chose_seed":false,"campfire_upgraded":0,"win_rate":0.0,"timestamp":1612993274,"path_taken":["M","?","?","M","M","R","E","?","T","?","?","M","$","M","R","BOSS","M","?","?","?","?","R","NM","R","T","M","M","M","M","E","R","BOSS","M","?","?","?","M","R","M","?","T","R","?","E","R","$","R","BOSS","BOSS","M","?","$","?","M","E","?","?","T","?","?","?","M","NM","R","BOSS","M","?","M","M","?","E","R","M","T","R","?","NM","R","?","R","BOSS","M","?","?","M","?","R","NM","R","T","R","E","?","$","E","R","BOSS","BOSS","M","$","?","?","?","R","M","M","T","E","M","?","M","?","R","BOSS"],"items_purchased_type":["Relic","Card","Relic","Card","Relic","Relic","Relic","Card","Card","Relic","Relic","Relic","Relic","Relic","Relic","Relic"],"build_version":"2020-12-22","purchased_purges":1,"victory":false,"max_hp_per_floor":[71,71,77,77,79,79,81,86,86,86,86,86,86,88,88,88,88,88,88,88,88,88,88,90,90,90,92,94,96,96,98,98,100,100,100,100,112,118,118,118,118,120,120,120,120,122,122,122,122,124,126,126,126,132,132,132,132,132,132,138,145,145,151,151,153,157,157,159,159,159,159,159,161,161,173,173,175,175,175,175,177,177,177,177,177,177,179,179,185,187,187,189,189,191,191,191,191,191,191,193,195,197,197,197,199,199,199,199,199,201,203,203,203,205,207,207,207,209,211,211,211],"card_choices":[{"not_picked":["Beam Cell","Sweeping Beam"],"picked":"Stack+1","floor":1.0},{"not_picked":["Rebound","Dodge and Roll+1"],"picked":"Deadly Poison+1","floor":4.0},{"not_picked":["Heel Hook","Rebound","Force Field+1"],"picked":"Singing Bowl","floor":5.0},{"not_picked":["Dagger Throw","Machine Learning","Quick Slash"],"picked":"Singing Bowl","floor":7.0},{"not_picked":["Sunder","Escape Plan+1"],"picked":"Reinforced Body+1","floor":12.0},{"not_picked":["Accuracy+1","Bane","Hello World+1"],"picked":"Singing Bowl","floor":14.0},{"not_picked":["Die Die Die","Night Terror+1"],"picked":"Malaise+1","floor":16.0},{"not_picked":["PiercingWail+1","Masterful Stab"],"picked":"Deflect+1","floor":18.0},{"not_picked":["Deadly Poison+1","Cloak And Dagger+1","Coolheaded+1"],"picked":"Singing Bowl","floor":24.0},{"not_picked":["Underhanded Strike","Tempest+1"],"picked":"Loop+1","floor":27.0},{"not_picked":["FTL","Cold Snap","Poisoned Stab"],"picked":"Singing Bowl","floor":28.0},{"not_picked":["Infinite Blades+1","Dagger Spray+1","FTL+1"],"picked":"Singing Bowl","floor":29.0},{"not_picked":["Melter","Undo+1"],"picked":"Adrenaline+1","floor":30.0},{"not_picked":["Well Laid Plans+1","Rip and Tear","Sweeping Beam"],"picked":"Singing Bowl","floor":31.0},{"not_picked":["Bullet Time+1","Echo Form+1","Envenom+1"],"picked":"Singing Bowl","floor":33.0},{"not_picked":["Coolheaded+1","Sweeping Beam"],"picked":"Leg Sweep+1","floor":35.0},{"not_picked":["infinitespire:FutureSight","infinitespire:Collect"],"picked":"infinitespire:NeuralNetwork","floor":37.0},{"not_picked":["Coolheaded+1","Dagger Spray"],"picked":"Ball Lightning","floor":39.0},{"not_picked":["Streamline","Beam Cell"],"picked":"Double Energy+1","floor":41.0},{"not_picked":["infinitespire:SevenWalls","infinitespire:Execution","infinitespire:TheBestDefense"],"picked":"Singing Bowl","floor":42.0},{"not_picked":["Apotheosis+1","Secret Weapon+1"],"picked":"Impatience+1","floor":45.0},{"not_picked":["Impatience+1","Bandage Up+1"],"picked":"Blind+1","floor":45.0},{"not_picked":["HandOfGreed","Good Instincts+1"],"picked":"Finesse+1","floor":45.0},{"not_picked":["Sunder","Predator","Gash"],"picked":"Singing Bowl","floor":46.0},{"not_picked":["Night Terror+1","Wraith Form v2+1","Doppelganger+1"],"picked":"Singing Bowl","floor":50.0},{"not_picked":["infinitespire:Fortify","infinitespire:Starlight","infinitespire:Collect"],"picked":"Singing Bowl","floor":51.0},{"not_picked":["Buffer+1","Corpse Explosion+1"],"picked":"Machine Learning+1","floor":51.0},{"not_picked":["Redo+1","Cold Snap"],"picked":"Capacitor+1","floor":53.0},{"not_picked":["PiercingWail+1","Predator"],"picked":"Fusion+1","floor":57.0},{"not_picked":["Poisoned Stab","Ball Lightning"],"picked":"Biased Cognition+1","floor":58.0},{"not_picked":["Genetic Algorithm+1","Stack+1","Endless Agony"],"picked":"Singing Bowl","floor":65.0},{"not_picked":["infinitespire:Menacing","infinitespire:NeuralNetwork","infinitespire:FutureSight"],"picked":"Singing Bowl","floor":66.0},{"not_picked":["Concentrate+1","Infinite Blades+1","Poisoned Stab"],"picked":"Singing Bowl","floor":66.0},{"not_picked":["Unload","Night Terror+1","Hyperbeam"],"picked":"Singing Bowl","floor":68.0},{"not_picked":["Skewer","Dagger Throw"],"picked":"Tempest+1","floor":70.0},{"not_picked":["Ball Lightning","Rebound+1"],"picked":"Storm+1","floor":72.0},{"not_picked":["Terror+1","Dagger Throw","Sweeping Beam"],"picked":"Singing Bowl","floor":73.0},{"not_picked":["BootSequence+1","Streamline","FTL"],"picked":"Singing Bowl","floor":75.0},{"not_picked":["Dagger Spray","Undo+1","Underhanded Strike"],"picked":"Singing Bowl","floor":77.0},{"not_picked":["infinitespire:FutureSight","infinitespire:Starlight","infinitespire:Punishment"],"picked":"Singing Bowl","floor":81.0},{"not_picked":["Core Surge","Chill+1"],"picked":"Backflip+1","floor":81.0},{"not_picked":["Ball Lightning","Skewer+1"],"picked":"Defragment+1","floor":84.0},{"not_picked":["Die Die Die","A Thousand Cuts+1"],"picked":"Thunder Strike","floor":85.0},{"not_picked":["Barrage","Coolheaded+1","Bane"],"picked":"Singing Bowl","floor":87.0},{"not_picked":["Secret Weapon+1","Chrysalis+1","Dramatic Entrance"],"picked":"Singing Bowl","floor":89.0},{"not_picked":["Deep Breath+1","Dark Shackles+1","Trip+1"],"picked":"Singing Bowl","floor":89.0},{"not_picked":["Deep Breath+1","Swift Strike","Impatience+1"],"picked":"Singing Bowl","floor":89.0},{"not_picked":["Bane","Compile Driver","Poisoned Stab"],"picked":"Singing Bowl","floor":90.0},{"not_picked":["Aggregate+1","Rebound","Undo+1"],"picked":"Singing Bowl","floor":92.0},{"not_picked":["Coolheaded+1","Defragment+1"],"picked":"Darkness+1","floor":93.0},{"not_picked":["Turbo+1","Sucker Punch+1","Infinite Blades+1"],"picked":"Singing Bowl","floor":94.0},{"not_picked":["White Noise+1","Storm+1"],"picked":"Poisoned Stab+1","floor":97.0},{"not_picked":["Gash","Flying Knee","Doppelganger+1"],"picked":"Singing Bowl","floor":100.0},{"not_picked":["Acrobatics+1","Bouncing Flask+1","Tempest+1"],"picked":"Singing Bowl","floor":101.0},{"not_picked":["Glass Knife","Amplify+1","Thunder Strike"],"picked":"Singing Bowl","floor":102.0},{"not_picked":["Multi-Cast+1","Storm of Steel+1"],"picked":"Burst+1","floor":103.0},{"not_picked":["Lockon","Prepared+1","Fusion+1"],"picked":"Singing Bowl","floor":105.0},{"not_picked":["Hologram+1","Stack+1","Backflip+1"],"picked":"Singing Bowl","floor":110.0},{"not_picked":["Masterful Stab","Acrobatics+1","Sucker Punch"],"picked":"Singing Bowl","floor":111.0},{"not_picked":["Poisoned Stab","Dagger Throw"],"picked":"Crippling Poison+1","floor":112.0},{"not_picked":["Sweeping Beam","Backflip+1","Melter"],"picked":"Singing Bowl","floor":114.0},{"not_picked":["PiercingWail+1","Grand Finale","Coolheaded+1"],"picked":"Singing Bowl","floor":115.0},{"not_picked":["Leap+1","Underhanded Strike","Reinforced Body+1"],"picked":"Noxious Fumes+1","floor":117.0},{"not_picked":["Reprogram+1","Barrage","Bane","Streamline"],"picked":"Singing Bowl","floor":118.0},{"not_picked":["Ball Lightning","Turbo+1","Cloak And Dagger+1","Expertise+1"],"picked":"Singing Bowl","floor":119}],"player_experience":2235860,"relics_obtained":[{"floor":19.0,"key":"Tiny Chest"},{"floor":20.0,"key":"Nilry\u0027s Codex"},{"floor":24.0,"key":"infinitespire:Eraser"},{"floor":26.0,"key":"Centennial Puzzle"},{"floor":31.0,"key":"infinitespire:WardingShard"},{"floor":36.0,"key":"Anchor"},{"floor":42.0,"key":"Incense Burner"},{"floor":42.0,"key":"Bronze Scales"},{"floor":58.0,"key":"Dream Catcher"},{"floor":61.0,"key":"Strawberry"},{"floor":64.0,"key":"Kunai"},{"floor":65.0,"key":"Lantern"},{"floor":66.0,"key":"Omamori"},{"floor":75.0,"key":"Pear"},{"floor":78.0,"key":"InkBottle"},{"floor":81.0,"key":"Eternal Feather"},{"floor":83.0,"key":"HornCleat"},{"floor":93.0,"key":"Matryoshka"},{"floor":95.0,"key":"Blood Vial"},{"floor":97.0,"key":"Symbiotic Virus"},{"floor":98.0,"key":"Art of War"},{"floor":98.0,"key":"infinitespire:Satchel"},{"floor":100.0,"key":"White Beast Statue"},{"floor":108.0,"key":"Bird Faced Urn"},{"floor":113.0,"key":"Cables"},{"floor":114.0,"key":"Blue Candle"},{"floor":116.0,"key":"Question Card"},{"floor":118.0,"key":"infinitespire:BottledMercury"}],"event_choices":[{"cards_removed":["Defend_B"],"damage_healed":0.0,"max_hp_gain":0.0,"max_hp_loss":0.0,"gold_gain":0.0,"event_name":"Golden Wing","player_choice":"Card Removal","floor":2.0,"gold_loss":0.0,"damage_taken":7.0},{"damage_healed":0.0,"max_hp_gain":0.0,"max_hp_loss":0.0,"gold_gain":0.0,"event_name":"Match and Keep!","player_choice":"3 cards matched","floor":3.0,"gold_loss":0.0,"damage_taken":0.0,"cards_obtained":["Hologram","Zap","Clumsy"]},{"damage_healed":0.0,"max_hp_gain":5.0,"max_hp_loss":0.0,"gold_gain":0.0,"event_name":"Big Fish","player_choice":"Donut","floor":8.0,"gold_loss":0.0,"damage_taken":0.0},{"cards_removed":["Strike_B"],"damage_healed":0.0,"max_hp_gain":0.0,"max_hp_loss":0.0,"gold_gain":0.0,"event_name":"Bonfire Elementals","player_choice":"Offered Basic","floor":11.0,"gold_loss":0.0,"damage_taken":0.0},{"damage_healed":0.0,"max_hp_gain":0.0,"max_hp_loss":0.0,"gold_gain":0.0,"event_name":"Cursed Tome","player_choice":"Obtained Book","floor":20.0,"gold_loss":0.0,"damage_taken":21.0},{"damage_healed":0.0,"max_hp_gain":0.0,"max_hp_loss":0.0,"gold_gain":0.0,"event_name":"Vampires","player_choice":"Ignored","floor":21.0,"gold_loss":0.0,"damage_taken":0.0},{"damage_healed":22.0,"max_hp_gain":0.0,"max_hp_loss":0.0,"gold_gain":0.0,"event_name":"Winding Halls","player_choice":"Writhe","floor":38.0,"gold_loss":0.0,"damage_taken":0.0,"cards_obtained":["Writhe"]},{"damage_healed":0.0,"max_hp_gain":0.0,"max_hp_loss":0.0,"gold_gain":0.0,"event_name":"SensoryStone","player_choice":"Memory 3","floor":45.0,"gold_loss":0.0,"damage_taken":10.0},{"damage_healed":0.0,"max_hp_gain":0.0,"max_hp_loss":0.0,"gold_gain":150.0,"event_name":"Liars Game","player_choice":"AGREE","floor":54.0,"gold_loss":0.0,"damage_taken":0.0,"cards_obtained":["Doubt"]},{"damage_healed":0.0,"max_hp_gain":0.0,"max_hp_loss":0.0,"gold_gain":0.0,"event_name":"Big Fish","player_choice":"Box","floor":60.0,"gold_loss":0.0,"damage_taken":0.0,"relics_obtained":["PreservedInsect"],"cards_obtained":["Regret"]},{"cards_removed":["Regret"],"damage_healed":0.0,"max_hp_gain":0.0,"max_hp_loss":0.0,"gold_gain":0.0,"event_name":"Golden Wing","player_choice":"Card Removal","floor":62.0,"gold_loss":0.0,"damage_taken":7.0},{"damage_healed":0.0,"max_hp_gain":0.0,"max_hp_loss":0.0,"gold_gain":0.0,"event_name":"Golden Idol","player_choice":"Take Wound","floor":63.0,"gold_loss":0.0,"damage_taken":0.0,"relics_obtained":["Golden Idol"],"cards_obtained":["Injury"]},{"cards_removed":["Zap"],"damage_healed":0.0,"max_hp_gain":0.0,"max_hp_loss":0.0,"gold_gain":0.0,"event_name":"Beggar","player_choice":"Gave Gold","floor":71.0,"gold_loss":75.0,"damage_taken":0.0},{"damage_healed":0.0,"max_hp_gain":0.0,"max_hp_loss":0.0,"gold_gain":0.0,"event_name":"The Mausoleum","player_choice":"Opened","floor":74.0,"gold_loss":0.0,"damage_taken":0.0,"relics_obtained":["Gremlin Horn"],"cards_obtained":["Writhe"]},{"cards_removed":["Ball Lightning"],"damage_healed":0.0,"max_hp_gain":0.0,"max_hp_loss":0.0,"gold_gain":0.0,"event_name":"Back to Basics","player_choice":"Elegance","floor":80.0,"gold_loss":0.0,"damage_taken":0.0},{"damage_healed":0.0,"max_hp_gain":0.0,"max_hp_loss":0.0,"gold_gain":0.0,"event_name":"WeMeetAgain","player_choice":"Gave Potion","floor":88.0,"gold_loss":0.0,"damage_taken":0.0,"relics_obtained":["infinitespire:ShieldingShard"]},{"damage_healed":0.0,"max_hp_gain":0.0,"max_hp_loss":0.0,"gold_gain":0.0,"event_name":"SensoryStone","player_choice":"Memory 3","floor":89.0,"gold_loss":0.0,"damage_taken":10.0},{"damage_healed":0.0,"max_hp_gain":0.0,"max_hp_loss":0.0,"gold_gain":0.0,"event_name":"Purifier","player_choice":"Ignored","floor":91.0,"gold_loss":0.0,"damage_taken":0.0},{"damage_healed":0.0,"max_hp_gain":0.0,"max_hp_loss":0.0,"gold_gain":150.0,"event_name":"Liars Game","player_choice":"AGREE","floor":107.0,"gold_loss":0.0,"damage_taken":0.0,"cards_obtained":["Doubt"]},{"cards_removed":["Double Energy"],"damage_healed":0.0,"max_hp_gain":0.0,"max_hp_loss":0.0,"gold_gain":0.0,"event_name":"The Cleric","player_choice":"Card Removal","floor":109.0,"gold_loss":75.0,"damage_taken":0.0},{"damage_healed":0.0,"max_hp_gain":0.0,"max_hp_loss":0.0,"gold_gain":30.0,"event_name":"Dead Adventurer","player_choice":"Searched \u00273\u0027 times","floor":118.0,"gold_loss":0.0,"damage_taken":0.0}],"is_beta":false,"boss_relics":[{"not_picked":["Sozu","Snecko Eye","Cursed Key"]},{"not_picked":["Empty Cage","Busted Crown"],"picked":"SlaversCollar"},{"not_picked":["Philosopher\u0027s Stone","Nuclear Battery"],"picked":"SacredBark"},{"not_picked":["Runic Pyramid","Velvet Choker","Busted Crown"]},{"not_picked":["Snecko Eye","Nuclear Battery"],"picked":"FrozenCore"},{"not_picked":["Sozu","Astrolabe"],"picked":"Pandora\u0027s Box"}],"items_purged_floors":[55],"is_endless":true,"potions_floor_spawned":[1,14,16,28,29,30,31,33,41,42,42,57,66,70,72,81,87,90,102,103,105,111,112,114,115,117,118],"killed_by":"infinitespire:LordOfFortification","ascension_level":20}}