{"host":"shb6fs4xkmgx64v4","time":1612926933,"event":{"mods":["AchievementEnabler","BaseMod","Colored Map","Downfall","Minty Spire (QoL Compilation)","StSLib"],"gold_per_floor":[0,0,0,11,30,45,45,73,73,108,8,38,48,33,46,46,46,46],"floor_reached":16,"language":"ENG","playtime":1028,"items_purged":[],"score":110,"play_id":"2bca59a9-e376-45a4-a716-c9988c5950ae","local_time":"20210209221533","is_ascension_mode":false,"campfire_choices":[{"data":"Magnetism","floor":1,"key":"SMITH"},{"floor":9,"key":"REST"},{"floor":11,"key":"REST"}],"circlet_count":0,"master_deck":["Slimebound:Strike_Slimebound","Slimebound:Strike_Slimebound","Slimebound:Strike_Slimebound","Slimebound:Tackle","Slimebound:Defend_Slimebound","Slimebound:Defend_Slimebound","Slimebound:Defend_Slimebound","Slimebound:Defend_Slimebound","Slimebound:Split","Slimebound:CorrosiveSpit","Magnetism+1","Slimebound:FlameTackle","Slimebound:ComboTackle","Slimebound:Equalize","Slimebound:LivingWall","Slimebound:GoopSpray","Slimebound:GoopTackle","Slimebound:BestDefense","Slimebound:LivingWall","Slimebound:MassFeed"],"relics":["Slimebound:AbsorbEndCombat","Blue Candle","Shovel","Juzu Bracelet","downfall:HeartBlessingBlue"],"acts_visited":["Exordium"],"potions_floor_usage":[10,10,16],"damage_taken":[{"damage":10,"enemies":"downfall:FleeingMerchant","floor":3,"turns":4},{"damage":4,"enemies":"Jaw Worm","floor":4,"turns":3},{"damage":4,"enemies":"Cultist","floor":5,"turns":3},{"damage":11,"enemies":"Small Slimes","floor":6,"turns":2},{"damage":26,"enemies":"3 Sentries","floor":8,"turns":6},{"damage":12,"enemies":"Gremlin Nob","floor":10,"turns":3},{"damage":17,"enemies":"2 Fungi Beasts","floor":13,"turns":3},{"damage":0,"enemies":"downfall:FleeingMerchant","floor":14,"turns":4},{"damage":9,"enemies":"Lots of Slimes","floor":15,"turns":6},{"damage":128,"enemies":"DF_ARCHETYPE_STREAMLINE","floor":16,"turns":14}],"seed_played":"7186149739894103449","potions_obtained":[{"floor":4,"key":"Strength Potion"},{"floor":6,"key":"AttackPotion"},{"floor":8,"key":"ColorlessPotion"},{"floor":10,"key":"champ:CounterPotion"},{"floor":13,"key":"EssenceOfSteel"}],"is_trial":false,"path_per_floor":["R","?","$","M","M","M","T","E","R","E","R","?","M","$","M","B"],"character_chosen":"SLIMEBOUND","items_purchased":[],"campfire_rested":2,"item_purchase_floors":[],"current_hp_per_floor":[65,60,52,52,48,37,37,13,32,22,54,54,43,57,60,0,0,0],"gold":46,"neow_bonus":"RANDOM_COLORLESS_2","is_daily":false,"chose_seed":false,"campfire_upgraded":1,"win_rate":0.0,"timestamp":1612926933,"path_taken":["R","?","?","M","M","M","T","E","R","E","R","?","M","$","M","BOSS"],"items_purchased_type":[],"build_version":"2020-12-22","purchased_purges":0,"victory":false,"max_hp_per_floor":[65,65,65,65,65,65,65,65,65,65,75,75,75,75,75,75,75,75],"card_choices":[{"not_picked":["Violence","Secret Technique"],"picked":"Magnetism","floor":0},{"not_picked":["Slimebound:DisruptingSlam","Slimebound:FinishingTackle"],"picked":"Slimebound:FlameTackle","floor":3},{"not_picked":["Slimebound:SplitBruiser","Slimebound:ForwardTackle"],"picked":"Slimebound:ComboTackle","floor":4},{"not_picked":["Slimebound:ServeAndProtect","Slimebound:SamplingLick"],"picked":"Slimebound:Equalize","floor":5},{"not_picked":["Slimebound:FlameTackle","Slimebound:SamplingLick"],"picked":"Slimebound:LivingWall","floor":6},{"not_picked":["Slimebound:AcidTongue","Slimebound:SplitAcid"],"picked":"Slimebound:GoopSpray","floor":8},{"not_picked":["Slimebound:Repurpose","Slimebound:ViciousTackle"],"picked":"Slimebound:GoopTackle","floor":10},{"not_picked":["Slimebound:MegaLick","Slimebound:SpikyOuterGoop"],"picked":"Slimebound:BestDefense","floor":13},{"not_picked":["Slimebound:Prepare","Slimebound:FinishingTackle"],"picked":"Slimebound:LivingWall","floor":14},{"not_picked":["Slimebound:SpikyOuterGoop","Slimebound:SlimeBrawl"],"picked":"Slimebound:MassFeed","floor":15}],"player_experience":295338,"relics_obtained":[{"floor":8,"key":"Shovel"},{"floor":10,"key":"Juzu Bracelet"}],"event_choices":[],"is_beta":false,"boss_relics":[],"items_purged_floors":[],"is_endless":false,"potions_floor_spawned":[4,6,8,10,13],"killed_by":"DF_ARCHETYPE_STREAMLINE","ascension_level":0}}