{"host":"1g0zx6fxgd1m75qs","time":1612977323,"event":{"mods":["Act Like it!","BaseMod","GifTheSpireLib","Googly Eyes","Ironclad Rager","Menagerie","Minty Spire (QoL Compilation)","Reliquary","StSLib","The Jungle"],"gold_per_floor":[13,88,88,68,81,81,113,113,161,161,161,186,9,28,28,131,131,146,146,71,87,101,101,131,131,131],"floor_reached":25,"language":"ENG","playtime":997,"items_purged":["Shame"],"score":277,"play_id":"626199d5-58a6-4b00-a253-0996506816af","local_time":"20210210181523","is_ascension_mode":false,"campfire_choices":[{"floor":6,"key":"RECALL"},{"data":"WindmillStrike","floor":8,"key":"SMITH"},{"floor":10,"key":"REST"},{"data":"Study","floor":15,"key":"SMITH"},{"floor":23,"key":"REST"}],"circlet_count":0,"master_deck":["Eruption","Vigilance","FollowUp","FollowUp","FollowUp","FollowUp","ThirdEye","ThirdEye","ThirdEye","ThirdEye","WindmillStrike+1","Sanctity","Consecrate","Study+1","Master of Strategy","SandsOfTime","DeusExMachina","CarveReality","ICR:Serenity","Evaluate+1"],"relics":["PureWater","Incense Burner","reliquary:PorcupineQuills","Lizard Tail","Strawberry","reliquary:Ember","theJungle:SneckoAutograph","Sling","Molten Egg 2"],"acts_visited":["Exordium","Exordium"],"potions_floor_usage":[7,12,24],"damage_taken":[{"damage":0,"enemies":"Jaw Worm","floor":1,"turns":2},{"damage":0,"enemies":"Small Slimes","floor":5,"turns":1},{"damage":3,"enemies":"Lagavulin","floor":7,"turns":6},{"damage":9,"enemies":"3 Sentries","floor":12,"turns":4},{"damage":5,"enemies":"2 Louse","floor":14,"turns":3},{"damage":0,"enemies":"Slime Boss","floor":16,"turns":7},{"damage":25,"enemies":"Shell Parasite","floor":18,"turns":4},{"damage":15,"enemies":"theJungle:GiantWrat","floor":21,"turns":5},{"damage":16,"enemies":"theJungle:SlimyTreeVines","floor":22,"turns":5},{"damage":58,"enemies":"theJungle:2_Phrogs","floor":24,"turns":3},{"damage":49,"enemies":"theJungle:Snecko_Cultist_And_Trap","floor":25,"turns":3}],"seed_played":"3576192954818500192","potions_obtained":[{"floor":1,"key":"Weak Potion"},{"floor":4,"key":"PowerPotion"},{"floor":5,"key":"CultistPotion"},{"floor":7,"key":"Strength Potion"},{"floor":18,"key":"ColorlessPotion"}],"is_trial":false,"path_per_floor":["M","?","?","?","M","R","E","R","T","R","?","E","$","M","R","B",null,"M","?","$","M","M","R","E","M"],"character_chosen":"WATCHER","items_purchased":["Master of Strategy"],"campfire_rested":2,"item_purchase_floors":[13],"current_hp_per_floor":[47,36,36,36,36,36,33,33,33,51,39,37,37,32,32,32,69,44,44,44,29,19,39,34,0,0],"gold":131,"neow_bonus":"WATCHER_SHAOLIN","is_daily":false,"chose_seed":false,"campfire_upgraded":2,"win_rate":0.0,"timestamp":1612977323,"path_taken":["M","?","?","?","?","R","E","R","T","R","?","E","?","M","R","BOSS","M","?","$","M","M","R","E","M"],"items_purchased_type":["Card"],"build_version":"2020-12-22","purchased_purges":1,"victory":false,"max_hp_per_floor":[65,65,62,62,62,62,62,62,62,62,62,69,69,69,69,69,69,69,69,69,69,69,69,69,69,69],"card_choices":[{"not_picked":["BowlingBash","Protect"],"picked":"WindmillStrike","floor":1},{"not_picked":["EmptyFist","EmptyMind"],"picked":"Sanctity","floor":5},{"not_picked":["Prostrate","BattleHymn"],"picked":"Consecrate","floor":7},{"not_picked":["Blasphemy","WreathOfFlame"],"picked":"Study","floor":12},{"not_picked":["CutThroughFate","ClearTheMind"],"picked":"SandsOfTime","floor":14},{"not_picked":["Brilliance","Scrawl"],"picked":"DeusExMachina","floor":16},{"not_picked":["ThirdEye","SashWhip+1"],"picked":"CarveReality","floor":18},{"not_picked":["BowlingBash","EmptyBody","Crescendo"],"picked":"SKIP","floor":21},{"not_picked":["SignatureMove+1","FlyingSleeves+1"],"picked":"ICR:Serenity","floor":22},{"not_picked":["WheelKick+1","InnerPeace+1"],"picked":"Evaluate+1","floor":24}],"player_experience":277070,"relics_obtained":[{"floor":7,"key":"Incense Burner"},{"floor":9,"key":"reliquary:PorcupineQuills"},{"floor":12,"key":"Strawberry"},{"floor":24,"key":"Molten Egg 2"}],"event_choices":[{"damage_healed":0,"gold_gain":75,"player_choice":"Gather Gold","damage_taken":11,"max_hp_gain":0,"max_hp_loss":0,"event_name":"World of Goop","floor":2,"gold_loss":0},{"cards_removed":["Parasite"],"damage_healed":0,"gold_gain":0,"player_choice":"Forget","damage_taken":0,"max_hp_gain":0,"max_hp_loss":0,"event_name":"Living Wall","floor":3,"gold_loss":0},{"damage_healed":0,"gold_gain":0,"player_choice":"Bought 1 Potion","damage_taken":0,"max_hp_gain":0,"max_hp_loss":0,"event_name":"The Woman in Blue","floor":4,"gold_loss":0},{"damage_healed":0,"gold_gain":0,"player_choice":"Success","damage_taken":12,"relics_obtained":["Lizard Tail"],"max_hp_gain":0,"max_hp_loss":0,"event_name":"Scrap Ooze","floor":11,"gold_loss":0}],"is_beta":false,"boss_relics":[{"not_picked":["Tiny House","Runic Dome"],"picked":"reliquary:Ember"}],"items_purged_floors":[20],"is_endless":false,"potions_floor_spawned":[1,5,7,18],"killed_by":"theJungle:Snecko_Cultist_And_Trap","ascension_level":0}}