{"host":"nb3r5a3er9rrnn3n","time":1612924739,"event":{"mods":["BaseMod","Colored Map","Downfall","Minty Spire (QoL Compilation)","Relic Stats","Spire Arcade","StSLib"],"gold_per_floor":[99,110,130,140,19,45,45,78,78,78,78,95,95,110,125,222,222,122,146,146,146,159,231,258,309,309,309,324,220,20,37,56,163,163,163,183,23,147,118,136,159,194,17,17,51,51,51,51,61,90,90,120,15,15,15,23],"floor_reached":57,"language":"ENG","playtime":5115,"items_purged":["sneckomod:TailWhip"],"score":1381,"play_id":"fb260cba-48b9-4bf6-8fc4-03a7be2ef133","local_time":"20210210133859","is_ascension_mode":true,"campfire_choices":[{"data":"sneckomod:Unknown","floor":1,"key":"SMITH"},{"data":"sneckomod:MasterEye","floor":9,"key":"SMITH"},{"data":"sneckomod:SnakeSap","floor":11,"key":"SMITH"},{"data":"sneckomod:UnknownStrength","floor":13,"key":"SMITH"},{"floor":18,"key":"RECALL"},{"data":"sneckomod:MasterEye","floor":30,"key":"SMITH"},{"data":"sneckomod:UnknownBoss","floor":35,"key":"SMITH"},{"data":"expansioncontent:Chronoboost","floor":44,"key":"SMITH"},{"data":"sneckomod:SnakeSap","floor":46,"key":"SMITH"},{"floor":54,"key":"REST"}],"circlet_count":0,"master_deck":["sneckomod:SnekBite","sneckomod:Unknown","sneckomod:Unknown+1","sneckomod:UnknownBlock","sneckomod:QuickBite","sneckomod:UnknownUncommonPower","sneckomod:MasterEye+1","sneckomod:SnakeSap+1","sneckomod:UnknownCommonAttack","sneckomod:UnknownStrength+1","sneckomod:DiceBlock","sneckomod:UnknownExhaust","sneckomod:SnakeSap","sneckomod:GlitteringGambit","sneckomod:DiceBoulder+1","sneckomod:Restock+1","sneckomod:QuickMove+1","sneckomod:UnknownClassGREEN","sneckomod:UnknownWeak","sneckomod:UnknownWeak","sneckomod:WideSting+1","sneckomod:MorePower","Glacier","sneckomod:SnekBeam+1","sneckomod:UnknownDexterity+1","RitualDagger","sneckomod:UnknownBlock","sneckomod:UnknownDraw+1","sneckomod:UnknownClassGREEN","sneckomod:MasterEye+1","sneckomod:SnekBeam","sneckomod:Nope","sneckomod:UnknownRarePower+1","sneckomod:UnknownUncommonPower","sneckomod:UnknownRareAttack+1","sneckomod:UnknownBoss+1","sneckomod:QuickMove+1","sneckomod:UnknownStrength+1","sneckomod:MixItUp","sneckomod:UnknownRareAttack","sneckomod:UnknownRareSkill","sneckomod:UnknownRarePower","sneckomod:UnknownUncommonSkill+1","sneckomod:Unknown3Cost+1","sneckomod:UnknownBlock+1","sneckomod:UnknownRarePower+1","sneckomod:Nope+1","expansioncontent:Chronoboost+1","sneckomod:SnakeSap+1","sneckomod:SoulCleanse+1","sneckomod:UnknownUncommonAttack","sneckomod:UnknownStrength+1","sneckomod:UnknownDraw","sneckomod:SnekBeam","expansioncontent:Hexaburn","sneckomod:UnknownStrength+1","sneckomod:Restock","sneckomod:SerpentIdol","sneckomod:Unknown2Cost+1","sneckomod:UnknownDraw+1","sneckomod:RainOfDice+1","sneckomod:UnknownCommonAttack+1","sneckomod:WideSting+1"],"relics":["sneckomod:SneckoTalon","Ornamental Fan","StrikeDummy","hexamod:CandleOfCauterizing","Incense Burner","Astrolabe","downfall:HeartBlessingGreen","Potion Belt","Bird Faced Urn","downfall:HeartBlessingBlue","downfall:HeartBlessingRed","bronze:MakeshiftBattery","sneckomod:RareBoosterPack","Toy Ornithopter","Chemical X","Dream Catcher","Happy Flower","sneckomod:ConfusingCodex","Molten Egg 2","Vajra"],"acts_visited":["Exordium","TheCity","TheBeyond","TheEnding"],"potions_floor_usage":[23,32,33,42,50,52,56,56,56],"damage_taken":[{"damage":0,"enemies":"Cultist","floor":2,"turns":2},{"damage":0,"enemies":"Small Slimes","floor":3,"turns":2},{"damage":0,"enemies":"Jaw Worm","floor":4,"turns":3},{"damage":0,"enemies":"downfall:FleeingMerchant","floor":5,"turns":4},{"damage":5,"enemies":"Lagavulin","floor":6,"turns":5},{"damage":15,"enemies":"3 Sentries","floor":8,"turns":10},{"damage":0,"enemies":"Large Slime","floor":12,"turns":3},{"damage":0,"enemies":"Red Slaver","floor":14,"turns":3},{"damage":0,"enemies":"Lots of Slimes","floor":15,"turns":4},{"damage":13,"enemies":"DF_ARCHETYPE_STREAMLINE","floor":16,"turns":11},{"damage":4,"enemies":"3 Byrds","floor":19,"turns":4},{"damage":0,"enemies":"Shell Parasite","floor":22,"turns":3},{"damage":2,"enemies":"Book of Stabbing","floor":23,"turns":6},{"damage":3,"enemies":"Gremlin Leader","floor":25,"turns":6},{"damage":0,"enemies":"Snecko","floor":28,"turns":3},{"damage":0,"enemies":"downfall:FleeingMerchant","floor":29,"turns":4},{"damage":16,"enemies":"Cultist and Chosen","floor":31,"turns":6},{"damage":0,"enemies":"3 Cultists","floor":32,"turns":2},{"damage":5,"enemies":"WA_ARCHETYPE_CALM","floor":33,"turns":10},{"damage":0,"enemies":"3 Shapes","floor":36,"turns":5},{"damage":0,"enemies":"downfall:FleeingMerchant","floor":37,"turns":4},{"damage":7,"enemies":"downfall:LadyInBlue","floor":38,"turns":8},{"damage":0,"enemies":"downfall:FleeingMerchant","floor":39,"turns":1},{"damage":1,"enemies":"Orb Walker","floor":40,"turns":4},{"damage":2,"enemies":"Giant Head","floor":42,"turns":6},{"damage":1,"enemies":"Nemesis","floor":45,"turns":5},{"damage":6,"enemies":"Sphere and 2 Shapes","floor":49,"turns":1},{"damage":1,"enemies":"IC_BLOCK_ARCHETYPE","floor":50,"turns":8},{"damage":101,"enemies":"downfall:CharBossMerchant","floor":52,"turns":9},{"damage":20,"enemies":"downfall:NeowBoss","floor":55,"turns":15},{"damage":79,"enemies":"downfall:NeowBossFinal","floor":56,"turns":14}],"seed_played":"1362879122680101467","potions_obtained":[{"floor":6,"key":"Energy Potion"},{"floor":8,"key":"sneckomod:MuddlingPotion"},{"floor":14,"key":"sneckomod:DiceRollPotion"},{"floor":22,"key":"FearPotion"},{"floor":23,"key":"sneckomod:OffclassReductionPotion"},{"floor":25,"key":"sneckomod:DiceRollPotion"},{"floor":31,"key":"sneckomod:CheatPotion"},{"floor":32,"key":"sneckomod:MuddlingPotion"},{"floor":33,"key":"EntropicBrew"},{"floor":38,"key":"Slimebound:ThreeZeroPotion"},{"floor":38,"key":"Explosive Potion"},{"floor":38,"key":"Block Potion"},{"floor":42,"key":"Explosive Potion"},{"floor":49,"key":"Swift Potion"}],"is_trial":false,"path_per_floor":["R","M","M","M","$","E","T","E","R","?","R","M","R","M","M","B",null,"R","M","?","?","M","E","T","E","?","?","M","$","R","M","M","B",null,"R","M","$","?","$","M","T","E","$","R","E","R","?","?","M","B",null,"E","$","R","B","B",null],"character_chosen":"THE_SNECKO","items_purchased":["sneckomod:MasterEye","sneckomod:SnakeSap","sneckomod:MasterEye","sneckomod:SnekBeam","sneckomod:RareBoosterPack","expansioncontent:Chronoboost","sneckomod:SnakeSap","Chemical X","sneckomod:UnknownDraw","sneckomod:SnekBeam","expansioncontent:Hexaburn","sneckomod:RainOfDice+1","sneckomod:UnknownCommonAttack+1"],"campfire_rested":1,"item_purchase_floors":[5,5,29,29,37,39,39,39,43,43,43,53,53],"current_hp_per_floor":[90,90,90,90,90,85,85,70,70,70,70,77,77,77,77,64,90,90,86,86,86,86,84,84,81,75,57,61,69,79,69,75,90,105,105,105,105,105,105,105,105,105,105,105,105,105,105,105,101,105,105,19,19,50,64,28],"gold":23,"neow_bonus":"BOSS_RELIC","is_daily":false,"chose_seed":false,"campfire_upgraded":8,"win_rate":0.0,"timestamp":1612924739,"path_taken":["R","M","?","M","$","E","T","E","R","?","R","M","R","M","M","BOSS","R","M","?","?","M","E","T","E","?","?","M","?","R","?","M","BOSS","R","M","$","?","$","?","T","E","?","R","E","R","?","?","M","BOSS","E","$","R","BOSS","BOSS"],"items_purchased_type":["Card","Card","Card","Card","Relic","Card","Card","Relic","Card","Card","Card","Card","Card"],"build_version":"2020-12-22","purchased_purges":1,"victory":true,"max_hp_per_floor":[90,90,90,90,90,90,90,90,90,90,90,90,90,90,90,90,90,90,90,90,90,90,90,90,90,90,95,95,95,105,105,105,105,105,105,105,105,105,105,105,105,105,105,105,105,105,105,105,105,105,105,105,105,105,105,105],"relic_stats":{"Dream Catcher":1,"Happy Flower":[17],"counters":[31,171],"Ornamental Fan":[312],"Astrolabe":["sneckomod:DiceBoulder","sneckomod:Restock","sneckomod:QuickMove"],"Bird Faced Urn":[124],"Chemical X":[9],"obtain_stats":[{"Potion Belt":23,"hexamod:CandleOfCauterizing":8,"downfall:HeartBlessingRed":30,"Happy Flower":42,"Astrolabe":17,"Vajra":52,"downfall:HeartBlessingGreen":18,"Incense Burner":10,"sneckomod:SneckoSoul":0,"sneckomod:SneckoTalon":0,"Dream Catcher":41,"Ornamental Fan":6,"downfall:HeartBlessingBlue":30,"sneckomod:ConfusingCodex":45,"Bird Faced Urn":25,"Molten Egg 2":47,"Chemical X":39,"StrikeDummy":7,"sneckomod:RareBoosterPack":37,"bronze:MakeshiftBattery":34,"Toy Ornithopter":38},{"Potion Belt":13,"hexamod:CandleOfCauterizing":6,"downfall:HeartBlessingRed":16,"Happy Flower":25,"Astrolabe":10,"Vajra":29,"downfall:HeartBlessingGreen":10,"Incense Burner":6,"sneckomod:SneckoSoul":0,"sneckomod:SneckoTalon":0,"Dream Catcher":24,"Ornamental Fan":5,"downfall:HeartBlessingBlue":16,"sneckomod:ConfusingCodex":26,"Bird Faced Urn":14,"Molten Egg 2":26,"Chemical X":23,"StrikeDummy":5,"sneckomod:RareBoosterPack":21,"bronze:MakeshiftBattery":19,"Toy Ornithopter":22},{"Potion Belt":60,"hexamod:CandleOfCauterizing":26,"downfall:HeartBlessingRed":73,"Happy Flower":119,"Astrolabe":47,"Vajra":142,"downfall:HeartBlessingGreen":47,"Incense Burner":26,"sneckomod:SneckoSoul":0,"sneckomod:SneckoTalon":0,"Dream Catcher":113,"Ornamental Fan":16,"downfall:HeartBlessingBlue":73,"sneckomod:ConfusingCodex":124,"Bird Faced Urn":66,"Molten Egg 2":124,"Chemical X":109,"StrikeDummy":16,"sneckomod:RareBoosterPack":100,"bronze:MakeshiftBattery":91,"Toy Ornithopter":108}],"Toy Ornithopter":20},"card_choices":[{"not_picked":["sneckomod:SoulDraw","sneckomod:DiceCrush"],"picked":"sneckomod:UnknownBlock","floor":2},{"not_picked":["sneckomod:Rotation","sneckomod:QuickBite"],"picked":"sneckomod:UnknownBlock","floor":3},{"not_picked":["sneckomod:IronFang","sneckomod:SoulCleanse"],"picked":"sneckomod:QuickBite","floor":4},{"not_picked":["sneckomod:Transmogrify","sneckomod:RainOfDice"],"picked":"sneckomod:UnknownUncommonPower","floor":5},{"not_picked":["sneckomod:DiceCrush","sneckomod:DiceBlock"],"picked":"sneckomod:UnknownCommonAttack","floor":6},{"not_picked":["sneckomod:UnknownUncommonSkill","sneckomod:WideSting"],"picked":"sneckomod:UnknownStrength","floor":8},{"not_picked":["sneckomod:SoulRoll","sneckomod:SoulCleanse"],"picked":"sneckomod:DiceBlock","floor":12},{"not_picked":["sneckomod:Rotation","sneckomod:SoulCleanse"],"picked":"sneckomod:UnknownExhaust","floor":14},{"not_picked":["sneckomod:Nope","sneckomod:QuickMove"],"picked":"sneckomod:SnakeSap","floor":15},{"not_picked":["sneckomod:UnknownRarePower","sneckomod:Transmogrify"],"picked":"sneckomod:GlitteringGambit","floor":16},{"not_picked":["sneckomod:MixItUp","sneckomod:PureSnecko"],"picked":"sneckomod:Memorize","floor":19},{"not_picked":["sneckomod:UnknownCommonAttack+1","sneckomod:QuickBite+1"],"picked":"sneckomod:WideSting+1","floor":22},{"not_picked":["sneckomod:UnknownX","sneckomod:WideSting"],"picked":"sneckomod:MorePower","floor":23},{"not_picked":["sneckomod:SoulRoll","sneckomod:UnknownClassGUARDIAN+1"],"picked":"sneckomod:SnekBeam+1","floor":25},{"not_picked":["sneckomod:Unknown1Cost+1","sneckomod:UnknownVulnerable+1"],"picked":"sneckomod:UnknownDexterity+1","floor":25},{"not_picked":["sneckomod:Unknown0Cost","sneckomod:QuickBite"],"picked":"sneckomod:UnknownBlock","floor":28},{"not_picked":["sneckomod:UnknownCommonSkill+1","sneckomod:Unknown1Cost+1"],"picked":"sneckomod:UnknownDraw+1","floor":29},{"not_picked":["sneckomod:UnknownClassBLUE","sneckomod:QuickMove"],"picked":"sneckomod:UnknownClassGREEN","floor":29},{"not_picked":["sneckomod:QuickMove","sneckomod:UnknownClassGREEN"],"picked":"sneckomod:Nope","floor":31},{"not_picked":["sneckomod:UnknownBlock+1","sneckomod:UnknownDexterity+1"],"picked":"sneckomod:UnknownRarePower+1","floor":31},{"not_picked":["sneckomod:UnknownCommonAttack+1","sneckomod:WideSting"],"picked":"sneckomod:UnknownUncommonPower","floor":32},{"not_picked":["sneckomod:UnknownClassBLUE+1","sneckomod:UnknownDraw+1"],"picked":"sneckomod:UnknownRareAttack+1","floor":33},{"not_picked":["sneckomod:Transmogrify","sneckomod:UnknownRareAttack"],"picked":"sneckomod:UnknownBoss","floor":33},{"not_picked":["sneckomod:UnknownClassBLUE","sneckomod:ImprovisedGuard+1"],"picked":"sneckomod:QuickMove+1","floor":36},{"not_picked":["sneckomod:UnknownClassGREEN+1","sneckomod:UnknownBlock+1"],"picked":"sneckomod:UnknownStrength+1","floor":37},{"not_picked":["sneckomod:UnknownClassGREEN","sneckomod:SerpentIdol"],"picked":"sneckomod:MixItUp","floor":37},{"not_picked":["sneckomod:Unknown0Cost+1","sneckomod:UnknownUncommonAttack+1"],"picked":"sneckomod:UnknownUncommonSkill+1","floor":38},{"not_picked":["sneckomod:UnknownBlock+1","sneckomod:UnknownColorless+1"],"picked":"sneckomod:Unknown3Cost+1","floor":38},{"not_picked":["sneckomod:ImprovisedGuard","sneckomod:DiceBlock"],"picked":"sneckomod:UnknownBlock+1","floor":38},{"not_picked":["sneckomod:UnknownClassBLUE+1","sneckomod:Unknown0Cost+1"],"picked":"sneckomod:UnknownRarePower+1","floor":39},{"not_picked":["sneckomod:DiceBlock","sneckomod:UnknownColorless"],"picked":"sneckomod:Nope+1","floor":39},{"not_picked":["sneckomod:UnknownBlock+1","sneckomod:Unknown3Cost"],"picked":"sneckomod:SoulCleanse+1","floor":40},{"not_picked":["sneckomod:Cheat","sneckomod:QuickBite+1"],"picked":"sneckomod:UnknownUncommonAttack","floor":42},{"not_picked":["sneckomod:Unknown1Cost+1","sneckomod:Unknown0Cost+1"],"picked":"sneckomod:UnknownStrength+1","floor":42},{"not_picked":["sneckomod:UnknownClassBLUE+1","sneckomod:Unknown2Cost+1"],"picked":"sneckomod:UnknownStrength+1","floor":45},{"not_picked":["sneckomod:QuickMove","sneckomod:SerpentIdol"],"picked":"sneckomod:Restock","floor":45},{"not_picked":["sneckomod:Unknown0Cost","sneckomod:IronFang+1"],"picked":"sneckomod:SerpentIdol","floor":49},{"not_picked":["sneckomod:UnknownUncommonPower+1","sneckomod:UnknownDraw+1"],"picked":"sneckomod:Unknown2Cost+1","floor":52},{"not_picked":["sneckomod:IronFang+1","sneckomod:UnknownCommonSkill+1"],"picked":"sneckomod:UnknownDraw+1","floor":52},{"not_picked":["sneckomod:Unknown0Cost","sneckomod:UnknownCommonSkill"],"picked":"sneckomod:WideSting+1","floor":54}],"player_experience":1976995,"relics_obtained":[{"floor":6,"key":"Ornamental Fan"},{"floor":7,"key":"StrikeDummy"},{"floor":8,"key":"hexamod:CandleOfCauterizing"},{"floor":23,"key":"Potion Belt"},{"floor":25,"key":"Bird Faced Urn"},{"floor":38,"key":"Toy Ornithopter"},{"floor":41,"key":"Dream Catcher"},{"floor":42,"key":"Happy Flower"},{"floor":45,"key":"sneckomod:ConfusingCodex"},{"floor":47,"key":"Molten Egg 2"},{"floor":52,"key":"Vajra"}],"event_choices":[{"damage_healed":0,"gold_gain":0,"player_choice":"Ignored","damage_taken":0,"max_hp_gain":0,"max_hp_loss":0,"event_name":"Vampires","floor":20,"gold_loss":0}],"is_beta":false,"boss_relics":[{"not_picked":["Busted Crown","Philosopher\u0027s Stone"],"picked":"Astrolabe"},{"not_picked":["Empty Cage","Runic Pyramid"],"picked":"bronze:MakeshiftBattery"}],"items_purged_floors":[39],"is_endless":false,"potions_floor_spawned":[6,8,14,16,22,23,25,31,32,33,38,42,49],"ascension_level":1}}