{"host":"qy1e0kd24tpj3i2m","time":1612985563,"event":{"mods":["Act Like it!","BaseMod","Better Skull","Better Vampires","Colored Map","Colored Powertips","Custom Start","Faster Ascension Climbing","Friendly Minions","GifTheSpireLib","Gremlin Skip","Highlight Path","Minty Spire (QoL Compilation)","Permanent Neow","Poor People Problems","Quick Restart","Red Circlet Mod","Relic Filter Mod","Relic Sorter","Reorder Act Four","SacredBarkPlus","Shop Mod","StSLib","SuperFastMode","Transform Curses","没有小屋子和绿帽子啦"],"gold_per_floor":[112,126,126,126,137,137,137,170,194,219,219,236,236,255,255,327,327,339,339,339,339],"floor_reached":20,"language":"ZHS","playtime":834,"items_purged":[],"score":364,"play_id":"f4f9fc8c-925e-4596-9960-0cbf2dab861a","local_time":"20210211043243","is_ascension_mode":true,"campfire_choices":[{"data":"Blood for Blood","floor":6.0,"key":"SMITH"},{"data":"True Grit","floor":11.0,"key":"SMITH"},{"data":"Berserk","floor":13.0,"key":"SMITH"},{"floor":15.0,"key":"REST"}],"circlet_count":0,"master_deck":["AscendersBane","Strike_R","Strike_R","Strike_R","Strike_R","Strike_R","Defend_R","Defend_R","Defend_R","Sword Boomerang","Hemokinesis","True Grit+1","Disarm","Blood for Blood+1","Burning Pact","Berserk+1","Flex","Feed","Blood for Blood","Writhe"],"relics":["Black Blood","WarpedTongs","Regal Pillow","Matryoshka","Peace Pipe"],"acts_visited":["Exordium","TheCity"],"potions_floor_usage":[],"damage_taken":[{"damage":9.0,"enemies":"Jaw Worm","floor":1.0,"turns":3.0},{"damage":3.0,"enemies":"2 Louse","floor":2.0,"turns":3.0},{"damage":4.0,"enemies":"Cultist","floor":5.0,"turns":2.0},{"damage":12.0,"enemies":"Gremlin Nob","floor":8.0,"turns":3.0},{"damage":24.0,"enemies":"Lagavulin","floor":10.0,"turns":7.0},{"damage":12.0,"enemies":"Exordium Wildlife","floor":12.0,"turns":4.0},{"damage":11.0,"enemies":"Lots of Slimes","floor":14.0,"turns":4.0},{"damage":50.0,"enemies":"Slime Boss","floor":16.0,"turns":10.0},{"damage":58,"enemies":"Shell Parasite","floor":18,"turns":5},{"damage":0,"enemies":"Masked Bandits","floor":20,"turns":1}],"seed_played":"-2537427611581051857","potions_obtained":[{"floor":1.0,"key":"AttackPotion"},{"floor":5.0,"key":"Fire Potion"},{"floor":8.0,"key":"SteroidPotion"},{"floor":12.0,"key":"SpeedPotion"}],"is_trial":false,"path_per_floor":["M","M","?","?","M","R","?","E","T","E","R","M","R","M","R","B",null,"M","?","?"],"character_chosen":"IRONCLAD","items_purchased":[],"campfire_rested":1,"item_purchase_floors":[],"current_hp_per_floor":[65,68,61,61,63,63,63,57,57,39,39,33,33,28,65,21,62,16,16,16,16],"gold":339,"neow_bonus":"TRANSFORM_TWO_CARDS","is_daily":false,"chose_seed":false,"campfire_upgraded":3,"win_rate":0.0,"timestamp":1612985563,"path_taken":["M","M","?","?","?","R","?","E","T","E","R","?","R","M","R","BOSS","M","?","?"],"items_purchased_type":[],"build_version":"2020-12-22","purchased_purges":0,"victory":false,"max_hp_per_floor":[75,75,75,75,75,75,75,75,75,75,75,75,75,75,75,75,75,75,75,75,75],"card_choices":[{"not_picked":["Wild Strike","Shockwave"],"picked":"True Grit","floor":1.0},{"not_picked":["Sword Boomerang","Dual Wield"],"picked":"Disarm","floor":2.0},{"not_picked":["Iron Wave","Warcry"],"picked":"Blood for Blood","floor":5.0},{"not_picked":["Hemokinesis","Spot Weakness"],"picked":"Berserk","floor":8.0},{"not_picked":["Clothesline","Iron Wave","Rampage"],"picked":"SKIP","floor":10.0},{"not_picked":["Sever Soul","Clothesline"],"picked":"Flex","floor":12.0},{"not_picked":["Anger","Havoc","Clothesline"],"picked":"SKIP","floor":14.0},{"not_picked":["Exhume","Immolate"],"picked":"Feed","floor":16.0},{"not_picked":["Wild Strike","Sword Boomerang"],"picked":"Blood for Blood","floor":18}],"player_experience":1017056,"relics_obtained":[{"floor":8.0,"key":"Regal Pillow"},{"floor":10.0,"key":"Matryoshka"}],"event_choices":[{"cards_removed":["Normality"],"damage_healed":0.0,"max_hp_gain":0.0,"max_hp_loss":0.0,"gold_gain":0.0,"event_name":"Golden Wing","player_choice":"Card Removal","floor":3.0,"gold_loss":0.0,"damage_taken":7.0},{"damage_healed":0.0,"max_hp_gain":0.0,"max_hp_loss":0.0,"gold_gain":0.0,"event_name":"Accursed Blacksmith","player_choice":"Rummage","floor":4.0,"gold_loss":0.0,"damage_taken":0.0,"relics_obtained":["WarpedTongs"],"cards_obtained":["Pain"]},{"damage_healed":0.0,"max_hp_gain":0.0,"max_hp_loss":0.0,"gold_gain":0.0,"cards_transformed":["Pain"],"event_name":"Transmorgrifier","player_choice":"Transformed","floor":7.0,"gold_loss":0.0,"damage_taken":0.0,"cards_obtained":["Burning Pact"]},{"damage_healed":0,"gold_gain":0,"player_choice":"Opened","damage_taken":0,"relics_obtained":["Peace Pipe"],"max_hp_gain":0,"max_hp_loss":0,"event_name":"The Mausoleum","floor":19,"gold_loss":0,"cards_obtained":["Writhe"]},{"damage_healed":0,"gold_gain":0,"player_choice":"Fought Bandits","damage_taken":0,"max_hp_gain":0,"max_hp_loss":0,"event_name":"Masked Bandits","floor":20,"gold_loss":0}],"is_beta":false,"boss_relics":[{"not_picked":["Pandora\u0027s Box","Cursed Key"],"picked":"Black Blood"}],"items_purged_floors":[],"is_endless":false,"potions_floor_spawned":[1,5,8,12],"killed_by":"Masked Bandits","ascension_level":20}}