{"host":"4pckc3u5mqcilakq","time":1612977227,"event":{"mods":["AchievementEnabler","BaseMod","Bestiary","Colored Map","Colored Powertips","Highlight Path","Minty Spire (QoL Compilation)","Quick Restart","Relic Stats"],"gold_per_floor":[119,119,132,132,148,148,173,173,173,216,237,7,45,66,66,197,197,210,110,134,134,147,181,181,214,214,139,152,193,292,310,310,429,429,450,181,181,200,200,234,234,247,272,125,125,149,149,189,189,189,189,189,39,72,72],"floor_reached":56,"language":"ENG","playtime":4825,"items_purged":["Strike_R","Strike_R","Strike_R","Immolate"],"score":1594,"play_id":"2dd052a4-5a5b-4686-83a4-4561081f46c8","local_time":"20210210201347","is_ascension_mode":true,"campfire_choices":[{"data":"Cleave","floor":6.0,"key":"SMITH"},{"data":"Body Slam","floor":8.0,"key":"SMITH"},{"data":"Entrench","floor":15.0,"key":"SMITH"},{"data":"Barricade","floor":24.0,"key":"SMITH"},{"data":"Body Slam","floor":32.0,"key":"SMITH"},{"data":"Entrench","floor":41.0,"key":"SMITH"},{"floor":45.0,"key":"RECALL"},{"data":"Body Slam","floor":47.0,"key":"SMITH"},{"data":"Impervious","floor":49.0,"key":"SMITH"},{"data":"Intimidate","floor":52.0,"key":"SMITH"}],"circlet_count":0,"master_deck":["Defend_R","Defend_R","Defend_R","Defend_R","Body Slam+1","Cleave+1","Bash","Iron Wave","Disarm","Iron Wave","Body Slam+1","Entrench+1","Barricade+1","Shockwave+1","Shrug It Off","Intimidate+1","Flame Barrier+1","Shrug It Off","Impervious+1","CurseOfTheBell","Entrench+1","Entrench+1","Evolve+1","Body Slam+1","Battle Trance+1"],"relics":["Burning Blood","Torii","Golden Idol","HornCleat","Meat on the Bone","ClockworkSouvenir","Empty Cage","Red Skull","Prayer Wheel","Frozen Egg 2","Sundial","Calling Bell","Oddly Smooth Stone","Ice Cream","Matryoshka","Bag of Preparation","Vajra","Potion Belt","Bronze Scales","Dream Catcher","Mummified Hand"],"acts_visited":["Exordium","TheCity","TheBeyond","TheEnding"],"potions_floor_usage":[54,55,55],"damage_taken":[{"damage":1.0,"enemies":"Jaw Worm","floor":1.0,"turns":5.0},{"damage":6.0,"enemies":"Cultist","floor":3.0,"turns":3.0},{"damage":0.0,"enemies":"Small Slimes","floor":5.0,"turns":3.0},{"damage":1.0,"enemies":"2 Fungi Beasts","floor":7.0,"turns":3.0},{"damage":2.0,"enemies":"3 Sentries","floor":10.0,"turns":6.0},{"damage":1.0,"enemies":"Blue Slaver","floor":11.0,"turns":3.0},{"damage":20.0,"enemies":"Lagavulin","floor":13.0,"turns":7.0},{"damage":11.0,"enemies":"Exordium Wildlife","floor":14.0,"turns":2.0},{"damage":44.0,"enemies":"The Guardian","floor":16.0,"turns":17.0},{"damage":36.0,"enemies":"3 Byrds","floor":18.0,"turns":10.0},{"damage":7.0,"enemies":"Chosen","floor":20.0,"turns":8.0},{"damage":9.0,"enemies":"Snake Plant","floor":22.0,"turns":8.0},{"damage":14.0,"enemies":"Book of Stabbing","floor":23.0,"turns":6.0},{"damage":18.0,"enemies":"Gremlin Leader","floor":25.0,"turns":5.0},{"damage":0.0,"enemies":"3 Cultists","floor":28.0,"turns":6.0},{"damage":16.0,"enemies":"Book of Stabbing","floor":29.0,"turns":9.0},{"damage":23.0,"enemies":"Sentry and Sphere","floor":31.0,"turns":10.0},{"damage":0.0,"enemies":"Champ","floor":33.0,"turns":8.0},{"damage":25.0,"enemies":"3 Darklings","floor":35.0,"turns":8.0},{"damage":10.0,"enemies":"3 Shapes","floor":38.0,"turns":10.0},{"damage":0.0,"enemies":"Nemesis","floor":40.0,"turns":9.0},{"damage":8.0,"enemies":"Writhing Mass","floor":42.0,"turns":8.0},{"damage":11.0,"enemies":"4 Shapes","floor":46.0,"turns":5.0},{"damage":0.0,"enemies":"Giant Head","floor":48.0,"turns":6.0},{"damage":25.0,"enemies":"Awakened One","floor":50.0,"turns":11.0},{"damage":12,"enemies":"Shield and Spear","floor":54,"turns":3},{"damage":10,"enemies":"The Heart","floor":55,"turns":8}],"seed_played":"8997595696541330292","potions_obtained":[{"floor":5.0,"key":"Weak Potion"},{"floor":11.0,"key":"Ancient Potion"},{"floor":13.0,"key":"ElixirPotion"},{"floor":14.0,"key":"Regen Potion"},{"floor":22.0,"key":"LiquidMemories"},{"floor":23.0,"key":"Weak Potion"},{"floor":25.0,"key":"Strength Potion"},{"floor":35.0,"key":"SkillPotion"},{"floor":38.0,"key":"SteroidPotion"},{"floor":46.0,"key":"Dexterity Potion"},{"floor":48.0,"key":"DistilledChaos"}],"is_trial":false,"path_per_floor":["M","?","M","?","M","R","M","R","T","E","M","$","E","M","R","B",null,"M","$","M","?","M","E","R","E","T","?","M","E","?","M","R","B",null,"M","$","?","M","?","E","R","M","T","$","R","M","R","E","R","B",null,"R","$","E","B",null],"character_chosen":"IRONCLAD","items_purchased":["ClockworkSouvenir","Bag of Preparation","Bronze Scales"],"campfire_rested":0,"item_purchase_floors":[12,36,44],"current_hp_per_floor":[61,41,41,41,47,47,52,52,52,56,61,61,47,54,54,28,67,49,49,48,33,42,60,60,60,60,60,66,56,56,51,51,57,78,59,59,59,55,55,61,61,59,59,59,59,54,54,60,60,53,74,74,74,68,64],"gold":72,"neow_bonus":"ONE_RARE_RELIC","is_daily":false,"chose_seed":false,"campfire_upgraded":9,"win_rate":0.0,"timestamp":1612977227,"path_taken":["M","?","M","?","M","R","?","R","T","E","M","$","E","M","R","BOSS","M","$","M","?","M","E","R","E","T","?","M","E","?","M","R","BOSS","M","$","?","M","?","E","R","M","T","?","R","M","R","E","R","BOSS","R","$","E","BOSS"],"items_purchased_type":["Relic","Relic","Relic"],"build_version":"2020-12-22","purchased_purges":4,"victory":true,"max_hp_per_floor":[80,80,80,80,80,80,80,80,80,80,80,80,80,80,80,80,80,80,80,80,85,85,85,85,85,85,85,85,85,85,85,85,85,85,85,85,85,85,81,81,81,81,81,81,81,81,81,81,81,81,81,81,81,81,81],"relic_stats":{"Dream Catcher":0,"Torii":42,"counters":[27,187],"Golden Idol":213,"Sundial":[12],"Mummified Hand":[1],"Bronze Scales":[171],"Prayer Wheel":6,"Bag of Preparation":[16],"obtain_stats":[{"Ice Cream":34,"Potion Belt":43,"Torii":0,"Golden Idol":2,"Oddly Smooth Stone":34,"Vajra":40,"Bag of Preparation":36,"Frozen Egg 2":26,"Empty Cage":17,"Burning Blood":0,"ClockworkSouvenir":12,"Calling Bell":34,"Dream Catcher":48,"HornCleat":9,"Matryoshka":34,"Sundial":29,"Mummified Hand":54,"Bronze Scales":44,"Prayer Wheel":25,"Red Skull":23,"Meat on the Bone":10},{"Ice Cream":18,"Potion Belt":22,"Torii":0,"Golden Idol":1,"Oddly Smooth Stone":18,"Vajra":21,"Bag of Preparation":19,"Frozen Egg 2":14,"Empty Cage":9,"Burning Blood":0,"ClockworkSouvenir":6,"Calling Bell":18,"Dream Catcher":24,"HornCleat":4,"Matryoshka":18,"Sundial":16,"Mummified Hand":26,"Bronze Scales":22,"Prayer Wheel":14,"Red Skull":13,"Meat on the Bone":5},{"Ice Cream":119,"Potion Belt":154,"Torii":0,"Golden Idol":5,"Oddly Smooth Stone":119,"Vajra":146,"Bag of Preparation":127,"Frozen Egg 2":86,"Empty Cage":49,"Burning Blood":0,"ClockworkSouvenir":23,"Calling Bell":119,"Dream Catcher":165,"HornCleat":14,"Matryoshka":119,"Sundial":101,"Mummified Hand":179,"Bronze Scales":154,"Prayer Wheel":86,"Red Skull":81,"Meat on the Bone":20}],"Burning Blood":162,"Meat on the Bone":96},"card_choices":[{"not_picked":["Armaments","Iron Wave"],"picked":"Body Slam","floor":1.0},{"not_picked":["Havoc","Iron Wave"],"picked":"Cleave","floor":3.0},{"not_picked":["Havoc","Clash"],"picked":"Iron Wave","floor":5.0},{"not_picked":["Clothesline","Warcry"],"picked":"Disarm","floor":7.0},{"not_picked":["Clothesline","Blood for Blood","Sever Soul"],"picked":"SKIP","floor":10.0},{"not_picked":["Fire Breathing","Blood for Blood"],"picked":"Iron Wave","floor":11.0},{"not_picked":["Reckless Charge","Combust"],"picked":"Body Slam","floor":13.0},{"not_picked":["Body Slam","Heavy Blade"],"picked":"Entrench","floor":14.0},{"not_picked":["Feed","Exhume"],"picked":"Barricade","floor":16.0},{"not_picked":["Cleave","Warcry+1","Sword Boomerang"],"picked":"SKIP","floor":18.0},{"not_picked":["Thunderclap","Anger","Twin Strike+1"],"picked":"SKIP","floor":20.0},{"not_picked":["Whirlwind","Feed"],"picked":"Shockwave+1","floor":22.0},{"not_picked":["Twin Strike","Seeing Red"],"picked":"Shrug It Off","floor":23.0},{"not_picked":["Havoc","Armaments+1"],"picked":"Intimidate","floor":25.0},{"not_picked":["Wild Strike","Warcry","Perfected Strike"],"picked":"SKIP","floor":28.0},{"not_picked":["Immolate","Whirlwind","Cleave"],"picked":"SKIP","floor":28.0},{"not_picked":["Whirlwind","Cleave"],"picked":"Immolate","floor":28.0},{"not_picked":["Wild Strike","Warcry","Perfected Strike"],"picked":"SKIP","floor":28.0},{"not_picked":["Intimidate","Sentinel"],"picked":"Flame Barrier+1","floor":29.0},{"not_picked":["True Grit","Exhume"],"picked":"Shrug It Off","floor":31.0},{"not_picked":["Disarm","Power Through","Clash"],"picked":"SKIP","floor":31.0},{"not_picked":["Barricade+1","Demon Form+1"],"picked":"Impervious","floor":33.0},{"not_picked":["Spot Weakness+1","Anger+1"],"picked":"Entrench+1","floor":35.0},{"not_picked":["Whirlwind","Searing Blow+1"],"picked":"Entrench","floor":35.0},{"not_picked":["Perfected Strike+1","Twin Strike","True Grit+1"],"picked":"SKIP","floor":38.0},{"not_picked":["Perfected Strike","Cleave+1","Dark Embrace+1"],"picked":"SKIP","floor":38.0},{"not_picked":["Anger","Reaper"],"picked":"Evolve+1","floor":40.0},{"not_picked":["Perfected Strike+1","Thunderclap","Clash+1"],"picked":"SKIP","floor":42.0},{"not_picked":["Flex","Clothesline","Sword Boomerang"],"picked":"SKIP","floor":42.0},{"not_picked":["Iron Wave+1","Impervious"],"picked":"Body Slam","floor":46.0},{"not_picked":["Cleave","Pommel Strike+1","Battle Trance+1"],"picked":"SKIP","floor":46.0},{"not_picked":["Cleave","Pommel Strike+1"],"picked":"Battle Trance+1","floor":46.0},{"not_picked":["Shockwave","Shrug It Off+1","Rupture+1"],"picked":"SKIP","floor":48.0},{"not_picked":["Clash+1","Hemokinesis","Rampage+1"],"picked":"SKIP","floor":54}],"player_experience":251145,"relics_obtained":[{"floor":9.0,"key":"HornCleat"},{"floor":10.0,"key":"Meat on the Bone"},{"floor":23.0,"key":"Red Skull"},{"floor":25.0,"key":"Prayer Wheel"},{"floor":26.0,"key":"Frozen Egg 2"},{"floor":29.0,"key":"Sundial"},{"floor":34.0,"key":"Oddly Smooth Stone"},{"floor":34.0,"key":"Ice Cream"},{"floor":34.0,"key":"Matryoshka"},{"floor":40.0,"key":"Vajra"},{"floor":43.0,"key":"Potion Belt"},{"floor":48.0,"key":"Dream Catcher"},{"floor":54,"key":"Mummified Hand"}],"event_choices":[{"damage_healed":0.0,"max_hp_gain":0.0,"max_hp_loss":0.0,"gold_gain":0.0,"event_name":"Golden Idol","player_choice":"Take Damage","floor":2.0,"gold_loss":0.0,"damage_taken":20.0,"relics_obtained":["Golden Idol"]},{"damage_healed":0.0,"max_hp_gain":0.0,"max_hp_loss":0.0,"gold_gain":0.0,"event_name":"Match and Keep!","player_choice":"1 cards matched","floor":4.0,"gold_loss":0.0,"damage_taken":0.0,"cards_obtained":["Bash"]},{"damage_healed":0.0,"max_hp_gain":5.0,"max_hp_loss":0.0,"gold_gain":0.0,"event_name":"Forgotten Altar","player_choice":"Shed Blood","floor":21.0,"gold_loss":0.0,"damage_taken":20.0},{"cards_removed":["Bash"],"damage_healed":0.0,"max_hp_gain":0.0,"max_hp_loss":0.0,"gold_gain":0.0,"event_name":"Beggar","player_choice":"Gave Gold","floor":27.0,"gold_loss":75.0,"damage_taken":0.0},{"damage_healed":0.0,"max_hp_gain":0.0,"max_hp_loss":0.0,"gold_gain":99.0,"event_name":"Nest","player_choice":"Stole From Cult","floor":30.0,"gold_loss":0.0,"damage_taken":0.0},{"damage_healed":0.0,"max_hp_gain":0.0,"max_hp_loss":0.0,"gold_gain":0.0,"event_name":"SensoryStone","player_choice":"Memory 1","floor":37.0,"gold_loss":0.0,"damage_taken":0.0},{"damage_healed":0.0,"max_hp_gain":0.0,"max_hp_loss":4.0,"gold_gain":0.0,"event_name":"Winding Halls","player_choice":"Max HP","floor":39.0,"gold_loss":0.0,"damage_taken":0.0}],"is_beta":false,"boss_relics":[{"not_picked":["Snecko Eye","Black Blood"],"picked":"Empty Cage"},{"not_picked":["Cursed Key","SlaversCollar"],"picked":"Calling Bell"}],"items_purged_floors":[12,19,36,53],"is_endless":false,"potions_floor_spawned":[5,11,13,14,22,23,25,35,38,46,48],"ascension_level":5}}