{"host":"is2s59edl8twrhoj","time":1612970835,"event":{"mods":["BaseMod","Colored Map","Colored Powertips","DeckTracker","Downfall","Minty Spire (QoL Compilation)","StSLib"],"gold_per_floor":[119,132,207,219,89,121,140,140,208,235,160,160,160,160],"floor_reached":13,"language":"ENG","playtime":796,"items_purged":["Strike_R"],"score":167,"play_id":"5fbe6f41-3125-406b-974a-1019d8d23813","local_time":"20210210152715","is_ascension_mode":true,"campfire_choices":[{"data":"Strike_R","floor":8,"key":"PURGE"}],"circlet_count":0,"master_deck":["AscendersBane","Strike_R","Strike_R","Defend_R","Defend_R","Defend_R","Defend_R","Thunderclap","Whirlwind","Flex","Shrug It Off","Carnage","Metallicize"],"relics":["Burning Blood","Peace Pipe","Bottled Lightning","Orichalcum"],"acts_visited":["Exordium"],"potions_floor_usage":[6,13],"damage_taken":[{"damage":11,"enemies":"Cultist","floor":1,"turns":4},{"damage":5,"enemies":"Small Slimes","floor":2,"turns":4},{"damage":0,"enemies":"2 Louse","floor":4,"turns":3},{"damage":26,"enemies":"Gremlin Nob","floor":6,"turns":4},{"damage":5,"enemies":"Large Slime","floor":7,"turns":4},{"damage":20,"enemies":"3 Sentries","floor":10,"turns":5},{"damage":36,"enemies":"Lagavulin","floor":13,"turns":8}],"seed_played":"5833808317641060152","potions_obtained":[{"floor":2,"key":"Fire Potion"},{"floor":6,"key":"SpeedPotion"}],"is_trial":false,"path_per_floor":["M","M","?","M","$","E","M","R","T","E","?","?","E"],"character_chosen":"IRONCLAD","items_purchased":["Shrug It Off"],"campfire_rested":0,"item_purchase_floors":[5],"current_hp_per_floor":[63,64,53,59,59,39,40,40,40,26,26,26,0,0],"gold":160,"neow_bonus":"REMOVE_CARD","is_daily":false,"chose_seed":false,"campfire_upgraded":0,"win_rate":0.0,"timestamp":1612970835,"path_taken":["M","M","?","M","$","E","M","R","T","E","?","?","E"],"items_purchased_type":["Card"],"build_version":"2020-12-22","purchased_purges":1,"victory":false,"max_hp_per_floor":[75,75,75,75,75,75,75,75,75,75,75,75,75,75],"card_choices":[{"not_picked":["Infernal Blade","Body Slam"],"picked":"Thunderclap","floor":1},{"not_picked":["Anger","Ghostly Armor"],"picked":"Whirlwind","floor":2},{"not_picked":["Whirlwind","Armaments"],"picked":"Flex","floor":4},{"not_picked":["Limit Break","Seeing Red"],"picked":"Carnage","floor":6},{"not_picked":["Sword Boomerang","Warcry","Cleave"],"picked":"SKIP","floor":7},{"not_picked":["True Grit","Sever Soul","Metallicize"],"picked":"SKIP","floor":10},{"not_picked":["True Grit","Sever Soul"],"picked":"Metallicize","floor":10}],"player_experience":695111,"relics_obtained":[{"floor":6,"key":"Peace Pipe"},{"floor":9,"key":"Bottled Lightning"},{"floor":10,"key":"Orichalcum"}],"event_choices":[{"damage_healed":0,"gold_gain":75,"player_choice":"Gather Gold","damage_taken":11,"max_hp_gain":0,"max_hp_loss":0,"event_name":"World of Goop","floor":3,"gold_loss":0},{"cards_removed":["Strike_R"],"damage_healed":0,"gold_gain":0,"player_choice":"Card Removal","damage_taken":0,"max_hp_gain":0,"max_hp_loss":0,"event_name":"The Cleric","floor":11,"gold_loss":75},{"damage_healed":0,"gold_gain":0,"player_choice":"Ignored","damage_taken":0,"max_hp_gain":0,"max_hp_loss":0,"event_name":"Golden Idol","floor":12,"gold_loss":0}],"is_beta":false,"boss_relics":[],"items_purged_floors":[5],"is_endless":false,"potions_floor_spawned":[2,6],"killed_by":"Lagavulin","ascension_level":16}}