{"host":"syozzdlzcqop4jia","time":1612997161,"event":{"mods":["AchievementEnabler","BaseMod","Colored Map","Colored Powertips","Minty Spire (QoL Compilation)","Quick Restart"],"gold_per_floor":[111,111,127,2,17,17,42,52,75,175,175,195,195,213,213,310,310,327,345,345,345,345,34,34,44,70,93,105,123,140,140,140],"floor_reached":31,"language":"ENG","playtime":1600,"items_purged":["Defend_R"],"score":264,"play_id":"8f7a1e8a-2a13-4d97-898c-2ba2362899d7","local_time":"20210210234601","is_ascension_mode":false,"campfire_choices":[{"floor":6,"key":"RECALL"},{"floor":11,"key":"REST"},{"data":"Heavy Blade","floor":13,"key":"SMITH"},{"data":"Twin Strike","floor":15,"key":"SMITH"},{"data":"Intimidate","floor":24,"key":"SMITH"}],"circlet_count":0,"master_deck":["Defend_R","Defend_R","Defend_R","Bash","Sword Boomerang","Heavy Blade+1","Shrug It Off","Twin Strike+1","Pommel Strike","Intimidate+1","Sever Soul","Cleave","Demon Form","Sword Boomerang+1","Ghostly Armor","Spot Weakness","Bite","Bite","Bite","Bite","Bite","Flex+1","Pummel","Flex"],"relics":["Burning Blood","Lantern","SlaversCollar","MealTicket","Ginger","Anchor","Nunchaku"],"acts_visited":["Exordium","TheCity"],"potions_floor_usage":[2,18,25,28],"damage_taken":[{"damage":4,"enemies":"2 Louse","floor":1,"turns":3},{"damage":1,"enemies":"Cultist","floor":3,"turns":4},{"damage":1,"enemies":"Jaw Worm","floor":5,"turns":3},{"damage":47,"enemies":"Lagavulin","floor":7,"turns":8},{"damage":0,"enemies":"Looter","floor":8,"turns":3},{"damage":8,"enemies":"Red Slaver","floor":12,"turns":4},{"damage":13,"enemies":"2 Fungi Beasts","floor":14,"turns":4},{"damage":60,"enemies":"Slime Boss","floor":16,"turns":11},{"damage":5,"enemies":"Chosen","floor":18,"turns":4},{"damage":23,"enemies":"Spheric Guardian","floor":19,"turns":5},{"damage":39,"enemies":"Snake Plant","floor":25,"turns":5},{"damage":28,"enemies":"Sentry and Sphere","floor":28,"turns":4},{"damage":21,"enemies":"Shelled Parasite and Fungi","floor":29,"turns":5},{"damage":4,"enemies":"Snecko","floor":30,"turns":4},{"damage":18,"enemies":"3 Cultists","floor":31,"turns":4}],"seed_played":"-1183320927889058739","potions_obtained":[{"floor":2,"key":"Fruit Juice"},{"floor":2,"key":"CultistPotion"},{"floor":2,"key":"GamblersBrew"},{"floor":3,"key":"BlessingOfTheForge"},{"floor":8,"key":"FearPotion"},{"floor":14,"key":"PowerPotion"},{"floor":25,"key":"LiquidMemories"},{"floor":28,"key":"Energy Potion"},{"floor":29,"key":"HeartOfIron"}],"is_trial":false,"path_per_floor":["M","?","M","$","M","R","E","M","T","?","R","M","R","M","R","B",null,"M","M","?","?","?","$","R","M","T","T","M","M","M","M"],"character_chosen":"IRONCLAD","items_purchased":["Shrug It Off","Ginger"],"campfire_rested":1,"item_purchase_floors":[4,23],"current_hp_per_floor":[88,93,93,93,93,93,52,58,58,58,85,83,83,76,76,22,93,93,76,76,65,65,65,65,38,38,38,22,15,23,9,9],"gold":140,"neow_bonus":"TEN_PERCENT_HP_BONUS","is_daily":false,"chose_seed":false,"campfire_upgraded":3,"win_rate":0.0,"timestamp":1612997161,"path_taken":["M","?","M","$","M","R","E","?","T","?","R","M","R","M","R","BOSS","M","M","?","?","?","$","R","M","T","?","M","?","M","M"],"items_purchased_type":["Card","Relic"],"build_version":"2020-12-22","purchased_purges":1,"victory":false,"max_hp_per_floor":[88,93,93,93,93,93,93,93,93,93,93,93,93,93,93,93,93,93,93,93,65,65,65,65,65,65,65,65,65,65,65,65],"card_choices":[{"not_picked":["Intimidate","Feel No Pain"],"picked":"Sword Boomerang","floor":1},{"not_picked":["Reckless Charge","Spot Weakness"],"picked":"Heavy Blade","floor":3},{"not_picked":["Iron Wave","Perfected Strike"],"picked":"Twin Strike","floor":5},{"not_picked":["Burning Pact","Barricade"],"picked":"Pommel Strike","floor":7},{"not_picked":["Evolve","Body Slam"],"picked":"Intimidate","floor":8},{"not_picked":["True Grit","Fire Breathing"],"picked":"Sever Soul","floor":12},{"not_picked":["Disarm","Second Wind"],"picked":"Cleave","floor":14},{"not_picked":["Juggernaut","Feed"],"picked":"Demon Form","floor":16},{"not_picked":["Anger","Sever Soul"],"picked":"Sword Boomerang+1","floor":18},{"not_picked":["Flame Barrier","Seeing Red"],"picked":"Ghostly Armor","floor":19},{"not_picked":["Armaments","Sword Boomerang"],"picked":"Flex+1","floor":25},{"not_picked":["Rage+1","Twin Strike+1"],"picked":"Pummel","floor":28},{"not_picked":["Sentinel+1","Armaments+1","Clothesline"],"picked":"SKIP","floor":29},{"not_picked":["Clash","Cleave"],"picked":"Flex","floor":30}],"player_experience":666790,"relics_obtained":[{"floor":7,"key":"Lantern"},{"floor":26,"key":"Anchor"},{"floor":27,"key":"Nunchaku"}],"event_choices":[{"damage_healed":0,"gold_gain":0,"player_choice":"Got Potions","damage_taken":0,"max_hp_gain":0,"max_hp_loss":0,"event_name":"Lab","floor":2,"gold_loss":0},{"damage_healed":0,"gold_gain":100,"player_choice":"Pray","damage_taken":0,"max_hp_gain":0,"max_hp_loss":0,"event_name":"Golden Shrine","floor":10,"gold_loss":0},{"damage_healed":0,"gold_gain":0,"player_choice":"Read","damage_taken":0,"max_hp_gain":0,"max_hp_loss":0,"event_name":"The Library","floor":20,"gold_loss":0,"cards_obtained":["Spot Weakness"]},{"damage_healed":0,"gold_gain":0,"player_choice":"Became a vampire","damage_taken":0,"max_hp_gain":0,"max_hp_loss":28,"event_name":"Vampires","floor":21,"gold_loss":0,"cards_obtained":["Bite","Bite","Bite","Bite","Bite"]},{"damage_healed":0,"gold_gain":0,"player_choice":"Opened","damage_taken":0,"relics_obtained":["MealTicket"],"max_hp_gain":0,"max_hp_loss":0,"event_name":"The Mausoleum","floor":22,"gold_loss":0}],"is_beta":false,"boss_relics":[{"not_picked":["Black Star","Sozu"],"picked":"SlaversCollar"}],"items_purged_floors":[4],"is_endless":false,"potions_floor_spawned":[3,7,8,12,14,25,28,29],"killed_by":"3 Cultists","ascension_level":0}}