{"host":"a3gu5zu37ht99mpa","time":1612980110,"event":{"mods":["100% Spire Juice","Act Like it!","Arknights","BaseMod","Better Silent Start","BetterRewards","Conspire","Downfall","Energized Spire","GifTheSpireLib","Gold Saver","Halation","Minty Spire (QoL Compilation)","Prisma Mod","Robot Space Explorer","Shop Mod","StSLib","Stuff the Spire","The Servant 0.9.4","Virulent Crown","Wandering Minibosses","yUi"],"gold_per_floor":[99,118,12,32,32,51,99,119,12,12,37,37,37],"floor_reached":12,"language":"ENG","playtime":1505,"items_purged":[],"score":72,"play_id":"15d1e8e1-fc14-4ea8-b7d1-7dbd704b373f","local_time":"20210210130150","is_ascension_mode":false,"campfire_choices":[{"floor":1,"key":"RECALL"}],"circlet_count":0,"master_deck":["Moonworks:Strike","Moonworks:Strike","Moonworks:Strike","Moonworks:Strike","Moonworks:Defend","Moonworks:Defend","Moonworks:Defend","Moonworks:Defend","Moonworks:Ambush","Moonworks:LongDistanceShot","Moonworks:DeployBits","Moonworks:FinalSurgery","Moonworks:SakisCookie","Moonworks:CloudOfSeagulls","Moonworks:CloudOfSeagulls","Moonworks:BigBangBell"],"relics":["Moonworks:BrokenBomb","Moonworks:Homemark","halation:EternalFortune","Bag of Marbles"],"acts_visited":["Exordium"],"potions_floor_usage":[6,6,8],"damage_taken":[{"damage":11,"enemies":"ats:Genji","floor":2,"turns":5},{"damage":0,"enemies":"Small Slimes","floor":3,"turns":3},{"damage":0,"enemies":"Jaw Worm","floor":4,"turns":2},{"damage":4,"enemies":"Large Slime","floor":6,"turns":6},{"damage":1,"enemies":"2 Fungi Beasts","floor":8,"turns":4},{"damage":8,"enemies":"Exordium Wildlife","floor":9,"turns":5},{"damage":71,"enemies":"Gremlin Nob","floor":12,"turns":5}],"seed_played":"-7526239161117951405","potions_obtained":[{"floor":2,"key":"Explosive Potion"},{"floor":3,"key":"DuplicationPotion"},{"floor":4,"key":"DuplicationPotion"},{"floor":8,"key":"Ancient Potion"}],"is_trial":false,"path_per_floor":["R","M","M","M","?","M","T","M","M","?","T","E"],"character_chosen":"THE_STARBREAKER","items_purchased":[],"campfire_rested":0,"item_purchase_floors":[],"current_hp_per_floor":[66,55,55,55,55,53,53,54,46,49,49,0,0],"gold":37,"neow_bonus":"TEN_PERCENT_HP_BONUS","is_daily":false,"chose_seed":false,"campfire_upgraded":0,"win_rate":0.0,"timestamp":1612980110,"path_taken":["R","M","M","M","?","M","T","M","M","?","?","E"],"items_purchased_type":[],"build_version":"2020-12-22","purchased_purges":0,"victory":false,"max_hp_per_floor":[66,66,66,66,66,66,66,66,66,69,69,69,69],"card_choices":[{"not_picked":["Moonworks:SealedMemories","Moonworks:NicePresent"],"picked":"Moonworks:DeployBits","floor":2},{"not_picked":["Moonworks:BigMagnum","Moonworks:FullSpeedAlicianrone"],"picked":"Moonworks:FinalSurgery","floor":3},{"not_picked":["Moonworks:ImOnFire","Moonworks:FullSpeedAlicianrone"],"picked":"Moonworks:SakisCookie","floor":4},{"not_picked":["Moonworks:BigMagnum","Moonworks:DeployBits"],"picked":"Moonworks:CloudOfSeagulls","floor":6},{"not_picked":["Moonworks:EvilSpyWorkPreparation","Moonworks:LulusLuckyEgg"],"picked":"Moonworks:CloudOfSeagulls","floor":8},{"not_picked":["Moonworks:NicePresent","Moonworks:Assault"],"picked":"Moonworks:BigBangBell","floor":9}],"player_experience":14722,"relics_obtained":[{"floor":11,"key":"Bag of Marbles"}],"event_choices":[{"damage_healed":0,"gold_gain":0,"player_choice":"Leave","damage_taken":0,"max_hp_gain":0,"max_hp_loss":0,"event_name":"conspire:Investor","floor":5,"gold_loss":0}],"is_beta":false,"boss_relics":[],"items_purged_floors":[],"is_endless":false,"potions_floor_spawned":[2,3,4,8],"killed_by":"Gremlin Nob","ascension_level":0}}