{"host":"k7udt7atmcuzf6l0","time":1612926721,"event":{"mods":["AchievementEnabler","BaseMod","BetterRewards","Colored Map","Colored Powertips","Highlight Path","Minty Spire (QoL Compilation)","Quick Restart","Rare Cards Sparkle","Relic Stats","StSLib","UnlockEverythingMod"],"gold_per_floor":[118,118,129,147,159,159,8,8,34,63,108,108,123,138,138,236,236,247,66,36,56,56,87,87,87,155,70,83,183,21,39,39,135,135,154,429,446,1,18,18,48,48,48,58,83,83,133,151,151,151],"floor_reached":51,"language":"ZHS","playtime":1793,"items_purged":[],"score":900,"play_id":"3bd31268-b5ea-4bf6-b8b5-e950b28f1871","local_time":"20210210111201","is_ascension_mode":false,"campfire_choices":[{"data":"Flex","floor":6.0,"key":"SMITH"},{"data":"Cleave","floor":8.0,"key":"SMITH"},{"data":"Pummel","floor":12.0,"key":"SMITH"},{"data":"Flex","floor":15.0,"key":"SMITH"},{"floor":25.0,"key":"REST"},{"data":"Trip","floor":32.0,"key":"SMITH"},{"data":"Chrysalis","floor":40.0,"key":"SMITH"},{"data":"Rage","floor":42.0,"key":"SMITH"},{"floor":49,"key":"DIG"}],"circlet_count":0,"master_deck":["Strike_R+1","Strike_R+1","Strike_R+1","Strike_R+1","Strike_R+1","Defend_R+1","Defend_R+1","Defend_R+1","Defend_R+1","Bash+1","Flex+1","Battle Trance","Pummel+1","Cleave+1","Feed","Pommel Strike","Flex+1","Exhume","Rage+1","Chrysalis+1","Thunderclap","True Grit+1","Spot Weakness+1","Trip+1","Pummel","Body Slam+1","Reaper","Heavy Blade+1","Armaments+1","Twin Strike+1","Intimidate+1","Madness","Madness","Metallicize+1","Inflame+1"],"relics":["Burning Blood","FaceOfCleric","Lee\u0027s Waffle","Omamori","Oddly Smooth Stone","Whetstone","Sozu","Ornamental Fan","Gremlin Horn","StrikeDummy","CaptainsWheel","Blue Candle","Coffee Dripper","Magic Flower","Toolbox","Kunai","Shuriken","Dream Catcher","Shovel","Orichalcum"],"acts_visited":["Exordium","TheCity","TheBeyond"],"potions_floor_usage":[],"damage_taken":[{"damage":1.0,"enemies":"Cultist","floor":1.0,"turns":3.0},{"damage":7.0,"enemies":"Small Slimes","floor":3.0,"turns":4.0},{"damage":8.0,"enemies":"Jaw Worm","floor":4.0,"turns":4.0},{"damage":32.0,"enemies":"Large Slime","floor":5.0,"turns":6.0},{"damage":13.0,"enemies":"Lagavulin","floor":10.0,"turns":3.0},{"damage":0.0,"enemies":"3 Louse","floor":13.0,"turns":1.0},{"damage":0.0,"enemies":"2 Fungi Beasts","floor":14.0,"turns":2.0},{"damage":0.0,"enemies":"Slime Boss","floor":16.0,"turns":4.0},{"damage":6.0,"enemies":"3 Byrds","floor":18.0,"turns":4.0},{"damage":3.0,"enemies":"Shell Parasite","floor":21.0,"turns":4.0},{"damage":83.0,"enemies":"Gremlin Leader","floor":23.0,"turns":5.0},{"damage":0.0,"enemies":"Cultist and Chosen","floor":28.0,"turns":4.0},{"damage":0.0,"enemies":"Colosseum Slavers","floor":29.0,"turns":6.0},{"damage":11.0,"enemies":"Colosseum Nobs","floor":29.0,"turns":4.0},{"damage":2.0,"enemies":"Centurion and Healer","floor":31.0,"turns":5.0},{"damage":45.0,"enemies":"Champ","floor":33.0,"turns":10.0},{"damage":0.0,"enemies":"3 Darklings","floor":35.0,"turns":3.0},{"damage":18.0,"enemies":"3 Shapes","floor":37.0,"turns":4.0},{"damage":32.0,"enemies":"Transient","floor":39.0,"turns":5.0},{"damage":54.0,"enemies":"Reptomancer","floor":41.0,"turns":8.0},{"damage":5.0,"enemies":"Sphere and 2 Shapes","floor":44.0,"turns":4.0},{"damage":23.0,"enemies":"Giant Head","floor":45.0,"turns":8.0},{"damage":6.0,"enemies":"Mind Bloom Boss Battle","floor":47.0,"turns":10.0},{"damage":16,"enemies":"Jaw Worm Horde","floor":48,"turns":6},{"damage":54,"enemies":"Donu and Deca","floor":50,"turns":11}],"seed_played":"6067560583701422156","potions_obtained":[{"floor":5.0,"key":"AttackPotion"},{"floor":13.0,"key":"Block Potion"},{"floor":14.0,"key":"Fire Potion"}],"is_trial":false,"path_per_floor":["M","?","M","M","M","R","$","R","T","E","T","R","M","M","R","B",null,"M","$","?","M","?","E","?","R","T","?","M","?","$","M","R","B",null,"M","?","M","$","M","R","E","R","T","M","E","?","?","M","R","B",null],"character_chosen":"IRONCLAD","items_purchased":["Lee\u0027s Waffle","Chrysalis","Trip","Pummel","Magic Flower","Toolbox"],"campfire_rested":1,"item_purchase_floors":[7,19,30,30,38,38],"current_hp_per_floor":[77,77,77,76,51,51,106,106,106,100,100,100,107,112,112,116,116,120,120,120,121,96,20,20,58,58,58,71,80,80,88,88,50,147,151,151,143,143,142,142,114,114,114,139,162,142,152,147,147,137],"gold":151,"neow_bonus":"TWENTY_PERCENT_HP_BONUS","is_daily":false,"chose_seed":false,"campfire_upgraded":7,"win_rate":0.0,"timestamp":1612926721,"path_taken":["M","?","?","M","M","R","$","R","T","E","?","R","M","M","R","BOSS","M","$","?","?","?","E","?","R","T","?","M","?","$","M","R","BOSS","M","?","?","$","M","R","E","R","T","M","E","?","?","M","R","BOSS"],"items_purchased_type":["Relic","Card","Card","Card","Relic","Relic"],"build_version":"2020-12-22","purchased_purges":0,"victory":true,"max_hp_per_floor":[96,96,97,98,99,99,106,106,106,107,107,107,108,112,112,116,116,120,120,120,121,126,127,127,127,127,127,134,142,142,146,146,147,147,151,151,155,155,156,156,157,157,157,161,162,162,166,167,167,168],"relic_stats":{"Lee\u0027s Waffle":55,"Gremlin Horn":[18,22],"counters":[25,128],"Blue Candle":[0],"Magic Flower":[63],"Whetstone":["Bash","Strike_R"],"Orichalcum":[0],"Burning Blood":145,"Sozu":8,"Dream Catcher":0,"Shovel":1,"FaceOfCleric":24,"Ornamental Fan":[132],"Shuriken":[12],"Kunai":[12],"obtain_stats":[{"Lee\u0027s Waffle":7,"Gremlin Horn":26,"Blue Candle":29,"Oddly Smooth Stone":10,"Magic Flower":38,"Omamori":9,"Whetstone":11,"Orichalcum":49,"Burning Blood":0,"Sozu":17,"CaptainsWheel":29,"Dream Catcher":45,"Shovel":47,"FaceOfCleric":2,"Ornamental Fan":23,"Shuriken":43,"Toolbox":38,"Coffee Dripper":34,"Kunai":41,"StrikeDummy":27},{"Lee\u0027s Waffle":4,"Gremlin Horn":11,"Blue Candle":14,"Oddly Smooth Stone":5,"Magic Flower":18,"Omamori":4,"Whetstone":5,"Orichalcum":24,"Burning Blood":0,"Sozu":8,"CaptainsWheel":14,"Dream Catcher":22,"Shovel":23,"FaceOfCleric":1,"Ornamental Fan":11,"Shuriken":20,"Toolbox":18,"Coffee Dripper":16,"Kunai":20,"StrikeDummy":11},{"Lee\u0027s Waffle":17,"Gremlin Horn":40,"Blue Candle":54,"Oddly Smooth Stone":20,"Magic Flower":76,"Omamori":17,"Whetstone":20,"Orichalcum":117,"Burning Blood":0,"Sozu":27,"CaptainsWheel":54,"Dream Catcher":101,"Shovel":111,"FaceOfCleric":3,"Ornamental Fan":40,"Shuriken":89,"Toolbox":76,"Coffee Dripper":69,"Kunai":89,"StrikeDummy":40}]},"card_choices":[{"not_picked":["Pommel Strike","True Grit"],"picked":"Flex","floor":1.0},{"not_picked":["Evolve","True Grit"],"picked":"Battle Trance","floor":3.0},{"not_picked":["Havoc","True Grit"],"picked":"Pummel","floor":4.0},{"not_picked":["Shrug It Off","Clothesline"],"picked":"Cleave","floor":5.0},{"not_picked":["Sever Soul","Impervious"],"picked":"Feed","floor":10.0},{"not_picked":["Body Slam","Sentinel"],"picked":"Pommel Strike","floor":13.0},{"not_picked":["Blood for Blood","Dual Wield"],"picked":"Flex","floor":14.0},{"not_picked":["Brutality","Demon Form"],"picked":"Exhume","floor":16.0},{"not_picked":["Clothesline","Perfected Strike+1"],"picked":"Rage","floor":18.0},{"not_picked":["True Grit","Metallicize"],"picked":"Thunderclap","floor":21.0},{"not_picked":["Clothesline","Havoc"],"picked":"True Grit+1","floor":23.0},{"not_picked":["True Grit","Uppercut","Clothesline"],"picked":"SKIP","floor":28.0},{"not_picked":["Havoc","Blood for Blood"],"picked":"Spot Weakness+1","floor":29.0},{"not_picked":["Clothesline+1","Searing Blow"],"picked":"Body Slam+1","floor":31.0},{"not_picked":["Bludgeon","Corruption"],"picked":"Reaper","floor":33.0},{"not_picked":["Pommel Strike+1","Burning Pact+1"],"picked":"Heavy Blade+1","floor":35.0},{"not_picked":["Clash+1","Twin Strike+1"],"picked":"Armaments+1","floor":37.0},{"not_picked":["Warcry","Pummel","Ghostly Armor+1"],"picked":"SKIP","floor":39.0},{"not_picked":["Sever Soul","Combust","True Grit"],"picked":"SKIP","floor":41.0},{"not_picked":["Burning Pact+1","Heavy Blade"],"picked":"Twin Strike+1","floor":44.0},{"not_picked":["Flame Barrier+1","Ghostly Armor+1"],"picked":"Intimidate+1","floor":45.0},{"not_picked":["Body Slam+1","True Grit+1"],"picked":"Metallicize+1","floor":47.0},{"not_picked":["Blood for Blood","Uppercut+1"],"picked":"Inflame+1","floor":48}],"player_experience":85199,"relics_obtained":[{"floor":9.0,"key":"Omamori"},{"floor":10.0,"key":"Oddly Smooth Stone"},{"floor":11.0,"key":"Whetstone"},{"floor":23.0,"key":"Ornamental Fan"},{"floor":26.0,"key":"Gremlin Horn"},{"floor":29.0,"key":"CaptainsWheel"},{"floor":29.0,"key":"Blue Candle"},{"floor":41.0,"key":"Kunai"},{"floor":43.0,"key":"Shuriken"},{"floor":45.0,"key":"Dream Catcher"},{"floor":47.0,"key":"Shovel"},{"floor":49,"key":"Orichalcum"}],"event_choices":[{"damage_healed":0.0,"max_hp_gain":0.0,"max_hp_loss":0.0,"gold_gain":0.0,"event_name":"FaceTrader","player_choice":"Trade","floor":2.0,"gold_loss":0.0,"damage_taken":0.0,"relics_obtained":["FaceOfCleric"]},{"damage_healed":0.0,"max_hp_gain":0.0,"max_hp_loss":0.0,"gold_gain":0.0,"event_name":"The Woman in Blue","player_choice":"Bought 2 Potions","floor":20.0,"gold_loss":0.0,"damage_taken":0.0},{"damage_healed":0.0,"max_hp_gain":5.0,"max_hp_loss":0.0,"gold_gain":0.0,"event_name":"Forgotten Altar","player_choice":"Shed Blood","floor":22.0,"gold_loss":0.0,"damage_taken":30.0},{"damage_healed":0.0,"max_hp_gain":0.0,"max_hp_loss":0.0,"gold_gain":0.0,"event_name":"Back to Basics","player_choice":"Simplicity","floor":24.0,"gold_loss":0.0,"damage_taken":0.0,"cards_upgraded":["Strike_R","Strike_R","Strike_R","Strike_R","Defend_R","Defend_R","Defend_R","Defend_R"]},{"damage_healed":0.0,"max_hp_gain":0.0,"max_hp_loss":0.0,"gold_gain":0.0,"event_name":"Addict","player_choice":"Obtained Relic","floor":27.0,"gold_loss":85.0,"damage_taken":0.0,"relics_obtained":["StrikeDummy"]},{"damage_healed":0.0,"max_hp_gain":0.0,"max_hp_loss":0.0,"gold_gain":0.0,"event_name":"Colosseum","player_choice":"Fight","floor":29.0,"gold_loss":0.0,"damage_taken":0.0},{"damage_healed":0.0,"max_hp_gain":0.0,"max_hp_loss":0.0,"gold_gain":0.0,"event_name":"Colosseum","player_choice":"Fought Nobs","floor":29.0,"gold_loss":0.0,"damage_taken":0.0},{"damage_healed":0.0,"max_hp_gain":0.0,"max_hp_loss":0.0,"gold_gain":275.0,"event_name":"Golden Shrine","player_choice":"Desecrate","floor":36.0,"gold_loss":0.0,"damage_taken":0.0,"cards_obtained":["Regret"]},{"damage_healed":0.0,"max_hp_gain":0.0,"max_hp_loss":0.0,"gold_gain":0.0,"event_name":"Winding Halls","player_choice":"Embrace Madness","floor":46.0,"gold_loss":0.0,"damage_taken":20.0,"cards_obtained":["Madness","Madness"]},{"damage_healed":0.0,"max_hp_gain":0.0,"max_hp_loss":0.0,"gold_gain":0.0,"event_name":"MindBloom","player_choice":"Fight","floor":47.0,"gold_loss":0.0,"damage_taken":0.0}],"is_beta":false,"boss_relics":[{"not_picked":["Calling Bell","Fusion Hammer"],"picked":"Sozu"},{"not_picked":["Astrolabe","Tiny House"],"picked":"Coffee Dripper"}],"items_purged_floors":[],"is_endless":false,"potions_floor_spawned":[5,13,14,29,29,33,35,39,47,48],"ascension_level":0}}