{"host":"4jj9j1v1tx707ann","time":1612947281,"event":{"mods":["AchievementEnabler","BaseMod","Colored Map","Keyboard Shortcuts","Minty Spire (QoL Compilation)","Permanent Neow","Quick Restart","Rare Cards Sparkle","StSLib","SuperFastMode","everything is the same but u backflip on backflip"],"gold_per_floor":[114,126,139,158,172,172,200,200,200,210,237,256,267,301,301,403,403,413,413,423,37,37,72,83,83,83,83,114,114,141,241,241,344,344,357,357,372,422,66,66,66],"floor_reached":40,"language":"KOR","playtime":1439,"items_purged":["Defend_B"],"score":638,"play_id":"5867e585-6c25-4da8-ba13-7b195115e118","local_time":"20210210175441","is_ascension_mode":true,"campfire_choices":[{"data":"Defragment","floor":6.0,"key":"SMITH"},{"data":"Dualcast","floor":8.0,"key":"SMITH"},{"data":"Sunder","floor":15.0,"key":"SMITH"},{"floor":25.0,"key":"REST"},{"data":"Streamline","floor":27.0,"key":"SMITH"},{"data":"White Noise","floor":29.0,"key":"SMITH"},{"floor":32.0,"key":"REST"}],"circlet_count":0,"master_deck":["Zap","Dualcast+1","Force Field","Glacier","Defragment+1","Sunder+1","Chill","Capacitor","FTL","Core Surge","Hologram","Reboot","Reboot+1","Redo+1","Ball Lightning+1","Streamline+1","Defragment","White Noise+1","Static Discharge","Go for the Eyes+1","BootSequence","Master of Strategy","Discovery","FTL"],"relics":["Cracked Core","Pen Nib","Sundial","Mercury Hourglass","Blue Candle","Astrolabe","Ice Cream","Bottled Tornado","Matryoshka","Vajra","Peace Pipe","WingedGreaves","Question Card","Nuclear Battery"],"acts_visited":["Exordium","TheCity","TheBeyond"],"potions_floor_usage":[],"damage_taken":[{"damage":1.0,"enemies":"Cultist","floor":1.0,"turns":4.0},{"damage":0.0,"enemies":"Small Slimes","floor":2.0,"turns":3.0},{"damage":0.0,"enemies":"2 Louse","floor":3.0,"turns":2.0},{"damage":5.0,"enemies":"Blue Slaver","floor":4.0,"turns":4.0},{"damage":4.0,"enemies":"Lots of Slimes","floor":5.0,"turns":4.0},{"damage":10.0,"enemies":"3 Sentries","floor":7.0,"turns":10.0},{"damage":0.0,"enemies":"Looter","floor":10.0,"turns":2.0},{"damage":4.0,"enemies":"Lagavulin","floor":11.0,"turns":8.0},{"damage":0.0,"enemies":"3 Louse","floor":12.0,"turns":1.0},{"damage":12.0,"enemies":"2 Fungi Beasts","floor":13.0,"turns":3.0},{"damage":2.0,"enemies":"3 Sentries","floor":14.0,"turns":5.0},{"damage":7.0,"enemies":"Slime Boss","floor":16.0,"turns":11.0},{"damage":18.0,"enemies":"Shell Parasite","floor":18.0,"turns":3.0},{"damage":0.0,"enemies":"Spheric Guardian","floor":20.0,"turns":3.0},{"damage":0.0,"enemies":"Gremlin Leader","floor":23.0,"turns":5.0},{"damage":24.0,"enemies":"Snake Plant","floor":24.0,"turns":3.0},{"damage":5.0,"enemies":"Book of Stabbing","floor":28.0,"turns":4.0},{"damage":11.0,"enemies":"Slavers","floor":30.0,"turns":5.0},{"damage":0.0,"enemies":"Colosseum Slavers","floor":31.0,"turns":3.0},{"damage":7.0,"enemies":"Colosseum Nobs","floor":31.0,"turns":3.0},{"damage":15.0,"enemies":"Champ","floor":33.0,"turns":6.0},{"damage":0.0,"enemies":"3 Darklings","floor":35.0,"turns":4.0},{"damage":21,"enemies":"3 Shapes","floor":37,"turns":3},{"damage":11,"enemies":"Mind Bloom Boss Battle","floor":38,"turns":3},{"damage":34,"enemies":"Reptomancer","floor":40,"turns":2}],"seed_played":"-3960225745268529852","potions_obtained":[{"floor":3.0,"key":"Dexterity Potion"},{"floor":4.0,"key":"PotionOfCapacity"},{"floor":5.0,"key":"DistilledChaos"},{"floor":7.0,"key":"SpeedPotion"},{"floor":16.0,"key":"DuplicationPotion"},{"floor":23.0,"key":"Strength Potion"},{"floor":30.0,"key":"DuplicationPotion"},{"floor":35.0,"key":"Fire Potion"},{"floor":38,"key":"Dexterity Potion"}],"is_trial":false,"path_per_floor":["M","M","M","M","M","R","E","R","T","M","E","M","M","E","R","B",null,"M","?","M","$","?","E","M","R","T","R","E","R","E","?","R","B",null,"M","?","M","?","$","E"],"character_chosen":"DEFECT","items_purchased":["Ice Cream","Master of Strategy","Discovery","FTL"],"campfire_rested":2,"item_purchase_floors":[21,39,39,39],"current_hp_per_floor":[49,49,49,44,40,40,30,30,30,30,26,26,14,12,12,5,58,40,40,40,40,40,40,16,38,38,38,33,33,22,15,37,22,62,62,62,41,30,30,0,0],"gold":66,"neow_bonus":"TRANSFORM_TWO_CARDS","is_daily":false,"chose_seed":false,"campfire_upgraded":5,"win_rate":0.0,"timestamp":1612947281,"path_taken":["M","M","?","M","M","R","E","R","T","M","E","M","M","E","R","BOSS","M","?","M","$","?","E","M","R","T","R","E","R","E","?","R","BOSS","M","?","M","?","$","E"],"items_purchased_type":["Relic","Card","Card","Card"],"build_version":"2020-12-22","purchased_purges":1,"victory":false,"max_hp_per_floor":[75,75,75,75,75,75,75,75,75,75,75,75,75,75,75,75,75,75,75,75,75,75,75,75,75,75,75,75,75,75,75,75,75,75,75,75,75,75,75,75,75],"card_choices":[{"not_picked":["Beam Cell","Blizzard"],"picked":"Defragment","floor":1.0},{"not_picked":["Stack","Sunder","Recycle"],"picked":"SKIP","floor":2.0},{"not_picked":["Stack","Recycle"],"picked":"Sunder","floor":2.0},{"not_picked":["Redo","Steam","Force Field"],"picked":"SKIP","floor":3.0},{"not_picked":["Barrage","Gash"],"picked":"Chill","floor":4.0},{"not_picked":["Reinforced Body","Gash"],"picked":"Capacitor","floor":5.0},{"not_picked":["Hologram","Coolheaded"],"picked":"FTL","floor":7.0},{"not_picked":["Leap","Turbo","Compile Driver"],"picked":"SKIP","floor":10.0},{"not_picked":["BootSequence","Lockon"],"picked":"Core Surge","floor":11.0},{"not_picked":["Chill","Reinforced Body","Go for the Eyes"],"picked":"SKIP","floor":12.0},{"not_picked":["Turbo","Aggregate"],"picked":"Hologram","floor":13.0},{"not_picked":["Gash","Double Energy","Static Discharge"],"picked":"SKIP","floor":14.0},{"not_picked":["Gash","Double Energy","Static Discharge"],"picked":"SKIP","floor":14.0},{"not_picked":["Hyperbeam","Biased Cognition"],"picked":"Reboot","floor":16.0},{"not_picked":["Fusion","Turbo"],"picked":"Streamline","floor":18.0},{"not_picked":["Rip and Tear","Steam Power","Undo"],"picked":"SKIP","floor":20.0},{"not_picked":["Force Field","Consume","Go for the Eyes"],"picked":"SKIP","floor":23.0},{"not_picked":["Reprogram","Compile Driver","Sweeping Beam+1"],"picked":"SKIP","floor":24.0},{"not_picked":["Turbo","Compile Driver+1","Rebound"],"picked":"SKIP","floor":28.0},{"not_picked":["Sweeping Beam","Machine Learning","Cold Snap"],"picked":"SKIP","floor":30.0},{"not_picked":["Coolheaded","Sweeping Beam"],"picked":"Go for the Eyes+1","floor":31.0},{"not_picked":["Biased Cognition","Electrodynamics","Thunder Strike"],"picked":"Seek","floor":33.0},{"not_picked":["Reinforced Body","Doom and Gloom","Storm+1"],"picked":"BootSequence","floor":35.0},{"not_picked":["Steam","Streamline","Ball Lightning+1","Consume"],"picked":"SKIP","floor":37}],"player_experience":182959,"relics_obtained":[{"floor":7.0,"key":"Pen Nib"},{"floor":9.0,"key":"Sundial"},{"floor":11.0,"key":"Mercury Hourglass"},{"floor":14.0,"key":"Blue Candle"},{"floor":23.0,"key":"Bottled Tornado"},{"floor":26.0,"key":"Matryoshka"},{"floor":28.0,"key":"Vajra"},{"floor":30.0,"key":"Peace Pipe"},{"floor":31.0,"key":"WingedGreaves"},{"floor":31.0,"key":"Question Card"}],"event_choices":[{"damage_healed":0.0,"max_hp_gain":0.0,"max_hp_loss":0.0,"gold_gain":0.0,"event_name":"The Library","player_choice":"Read","floor":19.0,"gold_loss":0.0,"damage_taken":0.0,"cards_obtained":["Defragment"]},{"damage_healed":0.0,"max_hp_gain":0.0,"max_hp_loss":0.0,"gold_gain":0.0,"cards_transformed":["Defend_B","Defend_B"],"event_name":"Drug Dealer","player_choice":"Became Test Subject","floor":22.0,"gold_loss":0.0,"damage_taken":0.0,"cards_obtained":["White Noise","Static Discharge"]},{"damage_healed":0.0,"max_hp_gain":0.0,"max_hp_loss":0.0,"gold_gain":0.0,"event_name":"Colosseum","player_choice":"Fight","floor":31.0,"gold_loss":0.0,"damage_taken":0.0},{"damage_healed":0.0,"max_hp_gain":0.0,"max_hp_loss":0.0,"gold_gain":0.0,"event_name":"Colosseum","player_choice":"Fought Nobs","floor":31.0,"gold_loss":0.0,"damage_taken":0.0},{"cards_removed":["Seek"],"damage_healed":0,"gold_gain":0,"player_choice":"Removed Skill","damage_taken":0,"max_hp_gain":0,"max_hp_loss":0,"event_name":"Falling","floor":36,"gold_loss":0},{"damage_healed":0,"gold_gain":0,"player_choice":"Fight","damage_taken":0,"max_hp_gain":0,"max_hp_loss":0,"event_name":"MindBloom","floor":38,"gold_loss":0}],"is_beta":false,"boss_relics":[{"not_picked":["SacredBark","Coffee Dripper"],"picked":"Astrolabe"},{"not_picked":["Philosopher\u0027s Stone","Fusion Hammer"],"picked":"Nuclear Battery"}],"items_purged_floors":[21],"is_endless":false,"potions_floor_spawned":[3,4,5,7,13,16,23,28,30,31,35,38],"killed_by":"Reptomancer","ascension_level":6}}