{"host":"mmqs5ul2bvb60kyc","time":1612931131,"event":{"mods":["100% Spire Juice","AchievementEnabler","Act Like it!","BaseMod","Colored Map","Colored Powertips","Gensokyo","Minty Spire (QoL Compilation)","Quick Restart","StSLib","The Dragon Tamer"],"gold_per_floor":[114,127,127,141,141,141,170,200,285,297,309,341,45,75,87,194,206,236,268,134,146,173,185,597,489,525,537,549,561,573,796,808,922,934,962,990,1014,192,204,216,247,259,271,283,312,549,501,513,525,537,549,561,12,40,40],"floor_reached":56,"language":"ZHS","playtime":5832,"items_purged":["Pride"],"score":1375,"play_id":"199b000d-7432-4d84-b8d5-46cadef9f892","local_time":"20210210122531","is_ascension_mode":false,"metric_token":727,"campfire_choices":[{"data":"DTMod:Training","floor":6.0,"key":"SMITH"},{"data":"DTMod:InvisibleFlame","floor":10.0,"key":"SMITH"},{"floor":15.0,"key":"REST"},{"data":"DTMod:Multitask","floor":23.0,"key":"SMITH"},{"data":"Gensokyo:ManorOfTheDishes","floor":29.0,"key":"SMITH"},{"floor":32.0,"key":"REST"},{"data":"DTMod:Threaten","floor":40.0,"key":"SMITH"},{"floor":42.0,"key":"RECALL"},{"data":"DTMod:BurningEnergy","floor":49.0,"key":"SMITH"},{"data":"DTMod:InvisibleFlame","floor":52,"key":"SMITH"}],"dtmod_dragon_data":[50,50,2,1,4,8],"circlet_count":0,"master_deck":["DTMod:Strike","DTMod:Strike","DTMod:Strike","DTMod:Strike","DTMod:TargetDefense","DTMod:TargetDefense","DTMod:TargetDefense","DTMod:TargetDefense","DTMod:SwitchingTactic","DTMod:BurningEnergy+1","DTMod:Training+1","DTMod:InvisibleFlame+1","DTMod:LastStand","DTMod:StunTrap","DTMod:Weaken","DTMod:Multitask+1","DTMod:BreakAttack+1","Gensokyo:AllTheWorldsEvil","DTMod:DeepFocus+1","DTMod:BlazingStrike","Gensokyo:ManorOfTheDishes+1","DTMod:Inferno","DTMod:Threaten+1","DTMod:InvisibleFlame+1","Gensokyo:HAARP","DTMod:ComboAttack+1","Gensokyo:PrivateSquare","DTMod:Conduct+1","DTMod:MagiciansMark+1","Gensokyo:CustomPotion","DTMod:WarmUp","DTMod:LastStand"],"relics":["DTMod:PactStone","NeowsBlessing","Gensokyo:Mercy","Darkstone Periapt","MawBank","Mango","Medical Kit","Juzu Bracelet","Runic Pyramid","Oddly Smooth Stone","FossilizedHelix","Ginger","Old Coin","Gensokyo:MaskOfHope","PreservedInsect","DTMod:SolidMemories","Philosopher\u0027s Stone","ClockworkSouvenir","TheAbacus","DTMod:OddArmor","The Courier","Incense Burner","Akabeko","Bottled Tornado","Ice Cream","Lizard Tail","Pantograph"],"acts_visited":["Exordium","Gensokyo:Gensokyo","Gensokyo:Gensokyoer","TheEnding"],"potions_floor_usage":[55,55,55,55],"damage_taken":[{"damage":0.0,"enemies":"Gensokyo:3_Fairies","floor":1.0,"turns":2.0},{"damage":0.0,"enemies":"Gensokyo:Gryphon","floor":2.0,"turns":1.0},{"damage":0.0,"enemies":"Gensokyo:2_Kodama","floor":4.0,"turns":2.0},{"damage":0.0,"enemies":"Gensokyo:Cirno","floor":7.0,"turns":7.0},{"damage":14.0,"enemies":"Gensokyo:Kitsune","floor":8.0,"turns":6.0},{"damage":6.0,"enemies":"Gensokyo:3_Kodama","floor":12.0,"turns":5.0},{"damage":0.0,"enemies":"Gensokyo:Gryphon_and_Rabbit","floor":14.0,"turns":8.0},{"damage":23.0,"enemies":"Gensokyo:Yukari","floor":16.0,"turns":21.0},{"damage":0.0,"enemies":"Gensokyo:3_Dogs","floor":18.0,"turns":6.0},{"damage":0.0,"enemies":"Gensokyo:Chomper","floor":19.0,"turns":5.0},{"damage":0.0,"enemies":"Gensokyo:Wraith","floor":22.0,"turns":7.0},{"damage":0.0,"enemies":"Gensokyo:Wraith","floor":24.0,"turns":13.0},{"damage":0.0,"enemies":"Gensokyo:Swordslinger","floor":31.0,"turns":6.0},{"damage":37.0,"enemies":"Gensokyo:Eternal_Rivals","floor":33.0,"turns":16.0},{"damage":0.0,"enemies":"Gensokyo:3_Boulders","floor":35.0,"turns":4.0},{"damage":0.0,"enemies":"Gensokyo:AncientGuardian","floor":36.0,"turns":5.0},{"damage":0.0,"enemies":"Gensokyo:4_Bats","floor":37.0,"turns":3.0},{"damage":0.0,"enemies":"Gensokyo:Sharpion","floor":41.0,"turns":6.0},{"damage":0.0,"enemies":"Gensokyo:AtlasGolem","floor":45.0,"turns":5.0},{"damage":1.0,"enemies":"Gensokyo:Kasen","floor":46.0,"turns":7.0},{"damage":0,"enemies":"Gensokyo:Yuyuko","floor":50,"turns":9},{"damage":28,"enemies":"Shield and Spear","floor":54,"turns":5},{"damage":0,"enemies":"The Heart","floor":55,"turns":7}],"seed_played":"-4518244521996113713","potions_obtained":[{"floor":4.0,"key":"Dexterity Potion"},{"floor":7.0,"key":"Strength Potion"},{"floor":12.0,"key":"EntropicBrew"},{"floor":14.0,"key":"EntropicBrew"},{"floor":18.0,"key":"BlessingOfTheForge"},{"floor":33.0,"key":"DuplicationPotion"}],"is_trial":false,"path_per_floor":["M","M","?","M","T","R","E","M","T","R","?","M","COS","M","R","B",null,"M","M","COS","?","M","R","?","?","T","?","$","R","$","M","R","B",null,"M","M","M","COS","?","R","M","R","T","?","M","E","?","$","R","B",null,"R","$","E","B",null],"character_chosen":"THE_DT","items_purchased":["Bottled Tornado","DTMod:WarmUp","Ice Cream"],"campfire_rested":2,"item_purchase_floors":[53,53,53],"current_hp_per_floor":[45,45,45,45,45,45,45,31,31,31,24,18,18,18,35,12,59,59,59,59,65,65,65,65,65,65,59,59,59,59,59,59,22,59,59,59,59,59,51,51,51,51,51,57,57,56,56,56,56,56,65,65,65,37,62],"gold":40,"neow_bonus":"THREE_ENEMY_KILL","is_daily":false,"chose_seed":false,"campfire_upgraded":7,"win_rate":0.0,"timestamp":1612931131,"path_taken":["M","M","?","M","?","R","E","M","T","R","?","M","COS","M","R","BOSS","M","M","COS","?","M","R","?","?","T","?","$","R","?","M","R","BOSS","M","M","M","COS","?","R","M","R","T","?","M","E","?","?","R","BOSS","R","$","E","BOSS"],"items_purchased_type":["Relic","Card","Relic"],"build_version":"2020-12-22","purchased_purges":1,"victory":true,"max_hp_per_floor":[45,45,45,45,45,45,45,45,45,45,59,59,59,59,59,59,59,59,59,59,65,65,65,65,65,65,59,59,59,59,59,59,59,59,59,59,59,59,59,59,59,59,59,65,65,65,65,65,65,65,65,65,65,65,65],"card_choices":[{"not_picked":["DTMod:FlameSlash","DTMod:TagTeam"],"picked":"DTMod:BurningEnergy","floor":1.0},{"not_picked":["DTMod:Cover","DTMod:LastStand"],"picked":"DTMod:Training","floor":2.0},{"not_picked":["DTMod:QuickFly","DTMod:MasterPlan"],"picked":"DTMod:InvisibleFlame","floor":4.0},{"not_picked":["DTMod:Punisher","DTMod:BurningEnergy"],"picked":"DTMod:LastStand","floor":7.0},{"not_picked":["DTMod:InvisibleFlame","DTMod:MasterPlan"],"picked":"DTMod:StunTrap","floor":8.0},{"not_picked":["DTMod:ComboAttack","DTMod:LowKick"],"picked":"DTMod:Weaken","floor":12.0},{"not_picked":["DTMod:Hide","DTMod:FlameSlash","DTMod:HeatWave"],"picked":"SKIP","floor":14.0},{"not_picked":["DTMod:SealedStrike","DTMod:Inferno"],"picked":"DTMod:Multitask","floor":16.0},{"not_picked":["DTMod:MasterPlan+1","DTMod:Haste"],"picked":"DTMod:BreakAttack+1","floor":18.0},{"not_picked":["DTMod:SneakAttack+1","DTMod:Training","DTMod:FlameSlash"],"picked":"SKIP","floor":19.0},{"not_picked":["DTMod:DragonDance+1","DTMod:Punisher+1"],"picked":"DTMod:DeepFocus+1","floor":22.0},{"not_picked":["DTMod:FlameSlash","DTMod:ComboAttack"],"picked":"DTMod:BlazingStrike","floor":22.0},{"not_picked":["Gensokyo:RedCapeBlueCape","Gensokyo:MissMary"],"picked":"Gensokyo:ManorOfTheDishes","floor":27.0},{"not_picked":["DTMod:BizarreTactic","DTMod:Feint","DTMod:Weaken"],"picked":"SKIP","floor":31.0},{"not_picked":["DTMod:Outburst","DTMod:GearUp"],"picked":"DTMod:Inferno","floor":33.0},{"not_picked":["DTMod:BreakAttack+1","DTMod:DarkBreath+1"],"picked":"DTMod:Threaten","floor":35.0},{"not_picked":["DTMod:HeatWave+1","DTMod:Weaken"],"picked":"DTMod:InvisibleFlame","floor":36.0},{"not_picked":["DTMod:Haste+1","DTMod:DarkBreath+1","DTMod:Punisher+1"],"picked":"SKIP","floor":37.0},{"not_picked":["DTMod:RecklessFlurry","DTMod:BuildUp"],"picked":"DTMod:ComboAttack+1","floor":41.0},{"not_picked":["DTMod:Weaken+1","DTMod:MaximumCharge"],"picked":"DTMod:Conduct+1","floor":45.0},{"not_picked":["DTMod:Feint","DTMod:FlameSlash"],"picked":"DTMod:MagiciansMark+1","floor":46.0},{"not_picked":["DTMod:FlameSlash","DTMod:GearUp"],"picked":"DTMod:LastStand","floor":54}],"player_experience":344491,"relics_obtained":[{"floor":5.0,"key":"Darkstone Periapt"},{"floor":7.0,"key":"MawBank"},{"floor":24.0,"key":"Ginger"},{"floor":24.0,"key":"Old Coin"},{"floor":26.0,"key":"PreservedInsect"},{"floor":43.0,"key":"The Courier"},{"floor":46.0,"key":"Akabeko"},{"floor":54,"key":"Pantograph"}],"event_choices":[],"is_beta":false,"boss_relics":[{"not_picked":["Pandora\u0027s Box","SacredBark"],"picked":"Runic Pyramid"},{"not_picked":["Cursed Key","SlaversCollar"],"picked":"Philosopher\u0027s Stone"}],"items_purged_floors":[53],"is_endless":false,"potions_floor_spawned":[4,7,12,14,18,19,22,33,35,37,41],"ascension_level":0}}