{"host":"djoj10dqzzvtkauc","time":1612979993,"event":{"mods":["2.2 Compatiblity","BaseMod","Colored Map","DeckTracker","Highlight Path","Keyboard Shortcuts","Marisa£¨Ùöéë¡¡Øª×âÞÞ£©","Minty Spire (QoL Compilation)","Permanent Neow","Quick Restart","Random Character Button","StSLib","SuperFastMode","everything is the same but u backflip on backflip"],"gold_per_floor":[114,128,6,26,40,40,66,66,93,16,44,44,55,70,70,167,167,187,204,204,222,28,28,38,38,38,38,51,51,64,64,64,166,166,183,183,201,217,0,0,15,15,15,29,44,57,7,24,24,24],"floor_reached":51,"language":"KOR","playtime":2864,"items_purged":["Strike_G"],"score":1042,"play_id":"1edfb7fb-62b3-4293-95f6-5e9022c796e4","local_time":"20210211025953","is_ascension_mode":true,"campfire_choices":[{"data":"Dagger Throw","floor":6.0,"key":"SMITH"},{"floor":8.0,"key":"REST"},{"floor":15.0,"key":"REST"},{"floor":23.0,"key":"REST"},{"data":"Footwork","floor":25.0,"key":"SMITH"},{"data":"Footwork","floor":29.0,"key":"SMITH"},{"floor":32.0,"key":"REST"},{"floor":40.0,"key":"REST"},{"data":"Envenom","floor":42.0,"key":"SMITH"},{"floor":49,"key":"REST"}],"circlet_count":0,"master_deck":["AscendersBane","Survivor","Neutralize","Terror","Backflip","Dagger Throw+1","Choke","Dagger Spray","Cloak And Dagger","Well Laid Plans","Cloak And Dagger","Night Terror","Sucker Punch","Footwork+1","Bullet Time","Envenom+1","Underhanded Strike","Dagger Throw","Well Laid Plans","Bane","Doppelganger","Infinite Blades","Skewer","Flying Knee","Deflect","Acrobatics+1","RitualDagger","Dodge and Roll","Footwork+1","Blade Dance","PiercingWail","After Image","Bouncing Flask","Poisoned Stab+1","Burst","Riddle With Holes+1","Deflect+1","Caltrops+1","PiercingWail","Pain","Burst","Backflip+1","Deflect","Prepared+1"],"relics":["Ring of the Snake","Bird Faced Urn","Anchor","PreservedInsect","Dream Catcher","Pandora\u0027s Box","Juzu Bracelet","Nloth\u0027s Gift","Cursed Key","Red Mask","Lizard Tail"],"acts_visited":["Exordium","TheCity","TheCity","TheBeyond"],"potions_floor_usage":[50],"damage_taken":[{"damage":0.0,"enemies":"Jaw Worm","floor":1.0,"turns":6.0},{"damage":1.0,"enemies":"Cultist","floor":2.0,"turns":3.0},{"damage":0.0,"enemies":"2 Louse","floor":4.0,"turns":3.0},{"damage":35.0,"enemies":"Gremlin Gang","floor":5.0,"turns":6.0},{"damage":9.0,"enemies":"3 Sentries","floor":7.0,"turns":8.0},{"damage":0.0,"enemies":"Gremlin Nob","floor":11.0,"turns":3.0},{"damage":6.0,"enemies":"Exordium Thugs","floor":13.0,"turns":4.0},{"damage":3.0,"enemies":"2 Fungi Beasts","floor":14.0,"turns":4.0},{"damage":42.0,"enemies":"The Guardian","floor":16.0,"turns":17.0},{"damage":30.0,"enemies":"Shell Parasite","floor":18.0,"turns":7.0},{"damage":0.0,"enemies":"3 Byrds","floor":19.0,"turns":5.0},{"damage":24.0,"enemies":"Shelled Parasite and Fungi","floor":21.0,"turns":7.0},{"damage":31.0,"enemies":"Centurion and Healer","floor":24.0,"turns":11.0},{"damage":7.0,"enemies":"Snake Plant","floor":28.0,"turns":8.0},{"damage":32.0,"enemies":"Chosen and Byrds","floor":30.0,"turns":8.0},{"damage":54.0,"enemies":"Collector","floor":33.0,"turns":16.0},{"damage":23.0,"enemies":"3 Shapes","floor":35.0,"turns":5.0},{"damage":17.0,"enemies":"3 Darklings","floor":37.0,"turns":8.0},{"damage":31.0,"enemies":"4 Shapes","floor":38.0,"turns":4.0},{"damage":8.0,"enemies":"Maw","floor":41.0,"turns":7.0},{"damage":12.0,"enemies":"3 Darklings","floor":44.0,"turns":6.0},{"damage":48,"enemies":"Sphere and 2 Shapes","floor":45,"turns":7},{"damage":5,"enemies":"4 Shapes","floor":46,"turns":8},{"damage":11,"enemies":"Writhing Mass","floor":48,"turns":7},{"damage":55,"enemies":"Time Eater","floor":50,"turns":14}],"seed_played":"7211957709789664072","potions_obtained":[{"floor":5.0,"key":"Poison Potion"},{"floor":7.0,"key":"Block Potion"},{"floor":11.0,"key":"Fruit Juice"},{"floor":13.0,"key":"SpeedPotion"},{"floor":21.0,"key":"FearPotion"},{"floor":27.0,"key":"Regen Potion"},{"floor":28.0,"key":"SteroidPotion"},{"floor":30.0,"key":"FearPotion"},{"floor":35.0,"key":"Regen Potion"},{"floor":38.0,"key":"CunningPotion"},{"floor":41.0,"key":"LiquidMemories"},{"floor":46,"key":"Explosive Potion"},{"floor":48,"key":"Ancient Potion"}],"is_trial":false,"path_per_floor":["M","M","$","M","M","R","E","R","T","$","E","?","M","M","R","B",null,"M","M","?","M","$","R","M","R","T","?","M","R","M","?","R","B",null,"M","?","M","M","?","R","M","R","T","M","M","M","$","M","R","B",null],"character_chosen":"THE_SILENT","items_purchased":["Dagger Throw","Well Laid Plans","DollysMirror","Blade Dance","Deflect"],"campfire_rested":6,"item_purchase_floors":[3,10,22,22,47],"current_hp_per_floor":[63,62,62,62,27,27,18,36,36,36,43,43,39,38,58,26,58,36,50,44,28,28,48,35,35,35,35,55,55,33,33,53,13,54,37,37,49,22,22,42,50,50,50,52,12,23,23,28,48,15],"gold":24,"neow_bonus":"ONE_RARE_RELIC","is_daily":false,"chose_seed":false,"campfire_upgraded":4,"win_rate":0.0,"timestamp":1612979993,"path_taken":["M","M","$","M","M","R","E","R","T","$","E","?","M","M","R","BOSS","M","M","?","M","$","R","M","R","T","?","M","R","M","?","R","BOSS","M","?","M","M","?","R","M","R","T","M","M","M","?","M","R","BOSS"],"items_purchased_type":["Card","Card","Relic","Card","Card"],"build_version":"2020-12-22","purchased_purges":1,"victory":true,"max_hp_per_floor":[63,63,63,63,63,63,63,63,63,63,68,68,68,68,68,68,68,68,68,68,68,68,68,68,68,68,68,68,68,68,68,68,68,68,68,68,68,68,68,68,68,68,68,68,68,68,68,68,68,68],"card_choices":[{"not_picked":["Acrobatics","Outmaneuver"],"picked":"Terror","floor":1.0},{"not_picked":["Heel Hook","Outmaneuver"],"picked":"Backflip","floor":2.0},{"not_picked":["Tactician","Outmaneuver"],"picked":"Choke","floor":4.0},{"not_picked":["Accuracy","Riddle With Holes"],"picked":"Dagger Spray","floor":5.0},{"not_picked":["Dagger Spray","Skewer"],"picked":"Cloak And Dagger","floor":7.0},{"not_picked":["Dagger Spray","Deflect"],"picked":"Cloak And Dagger","floor":11.0},{"not_picked":["Flechettes","Riddle With Holes"],"picked":"Night Terror","floor":13.0},{"not_picked":["Noxious Fumes","Flying Knee"],"picked":"Sucker Punch","floor":14.0},{"not_picked":["Dodge and Roll","Underhanded Strike"],"picked":"Footwork","floor":15.0},{"not_picked":["Corpse Explosion","Glass Knife"],"picked":"Bullet Time","floor":16.0},{"not_picked":["All Out Attack+1","Poisoned Stab+1"],"picked":"Deflect","floor":18.0},{"not_picked":["Underhanded Strike","Dagger Throw"],"picked":"Acrobatics+1","floor":19.0},{"not_picked":["Bane","Noxious Fumes"],"picked":"Dodge and Roll","floor":21.0},{"not_picked":["Infinite Blades+1","Flying Knee"],"picked":"PiercingWail","floor":23.0},{"not_picked":["Backstab","Endless Agony+1"],"picked":"After Image","floor":24.0},{"not_picked":["Distraction","Acrobatics"],"picked":"Bouncing Flask","floor":28.0},{"not_picked":["Dagger Throw","Sucker Punch"],"picked":"Poisoned Stab+1","floor":30.0},{"not_picked":["Die Die Die","Corpse Explosion"],"picked":"Burst","floor":33.0},{"not_picked":["Outmaneuver","Tactician"],"picked":"Riddle With Holes+1","floor":35.0},{"not_picked":["Underhanded Strike","Distraction","Outmaneuver"],"picked":"SKIP","floor":37.0},{"not_picked":["Bullet Time","Catalyst+1"],"picked":"Deflect+1","floor":38.0},{"not_picked":["Underhanded Strike+1","Bane+1"],"picked":"Caltrops+1","floor":40.0},{"not_picked":["Flechettes","Dagger Spray"],"picked":"PiercingWail","floor":41.0},{"not_picked":["Blade Dance","Sucker Punch"],"picked":"Burst","floor":44.0},{"not_picked":["Skewer","Deflect","Slice"],"picked":"SKIP","floor":45},{"not_picked":["Blade Dance","Deadly Poison"],"picked":"Backflip+1","floor":46},{"not_picked":["Skewer","Dagger Spray+1"],"picked":"Prepared+1","floor":48}],"player_experience":214812,"relics_obtained":[{"floor":7.0,"key":"Anchor"},{"floor":9.0,"key":"PreservedInsect"},{"floor":11.0,"key":"Dream Catcher"},{"floor":26.0,"key":"Juzu Bracelet"},{"floor":43.0,"key":"Lizard Tail"}],"event_choices":[{"damage_healed":0.0,"max_hp_gain":0.0,"max_hp_loss":0.0,"gold_gain":0.0,"event_name":"WeMeetAgain","player_choice":"Ignored","floor":12.0,"gold_loss":0.0,"damage_taken":0.0},{"damage_healed":0.0,"max_hp_gain":0.0,"max_hp_loss":0.0,"gold_gain":0.0,"event_name":"Nest","player_choice":"Joined the Cult","floor":20.0,"gold_loss":0.0,"damage_taken":6.0,"cards_obtained":["RitualDagger"]},{"damage_healed":0.0,"max_hp_gain":0.0,"max_hp_loss":0.0,"gold_gain":0.0,"event_name":"Lab","player_choice":"Got Potions","floor":27.0,"gold_loss":0.0,"damage_taken":0.0},{"damage_healed":0.0,"max_hp_gain":0.0,"max_hp_loss":0.0,"gold_gain":0.0,"event_name":"N\u0027loth","player_choice":"Traded Relic","floor":31.0,"relics_lost":["DollysMirror"],"gold_loss":0.0,"damage_taken":0.0,"relics_obtained":["Nloth\u0027s Gift"]},{"damage_healed":0.0,"max_hp_gain":0.0,"max_hp_loss":0.0,"gold_gain":0.0,"event_name":"Mysterious Sphere","player_choice":"Ignored","floor":36.0,"gold_loss":0.0,"damage_taken":0.0},{"damage_healed":0.0,"max_hp_gain":0.0,"max_hp_loss":0.0,"gold_gain":0.0,"event_name":"Tomb of Lord Red Mask","player_choice":"Paid","floor":39.0,"gold_loss":217.0,"damage_taken":0.0,"relics_obtained":["Red Mask"]}],"is_beta":false,"boss_relics":[{"not_picked":["Fusion Hammer","SlaversCollar"],"picked":"Pandora\u0027s Box"},{"not_picked":["Astrolabe","Empty Cage"],"picked":"Cursed Key"}],"items_purged_floors":[3],"is_endless":false,"potions_floor_spawned":[5,7,11,13,21,28,30,35,38,41,46,48],"ascension_level":11}}