{"host":"it04jaz8eul1eh3d","time":1612945579,"event":{"mods":["AchievementEnabler","BaseMod","Colored Map","DeckTracker","Keyboard Shortcuts","Minty Spire (QoL Compilation)","SuperFastMode"],"gold_per_floor":[118,118,132,57,57,86,97,97,97,97,132,150,50,69,69,167,167,184,20,31,31,47,47,73,93,93,93,107,125,137,137,137,137,137],"floor_reached":33,"language":"KOR","playtime":828,"items_purged":["Strike_R","Regret","Strike_R"],"score":304,"play_id":"d38becf9-cc89-4f20-82a8-1c545ba07e2d","local_time":"20210210172619","is_ascension_mode":false,"campfire_choices":[{"data":"Armaments","floor":8,"key":"SMITH"},{"data":"Spot Weakness","floor":10,"key":"SMITH"},{"data":"Bash","floor":15,"key":"SMITH"},{"data":"Spot Weakness","floor":23,"key":"SMITH"},{"data":"Whirlwind","floor":27,"key":"SMITH"},{"data":"Heavy Blade","floor":32,"key":"SMITH"}],"circlet_count":0,"master_deck":["Strike_R","Strike_R","Defend_R","Defend_R+1","Defend_R","Defend_R+1","Bash+1","Iron Wave","Spot Weakness+1","Armaments+1","Spot Weakness+1","Heavy Blade+1","Dropkick","Double Tap","Dropkick","Uppercut+1","Whirlwind+1","Flame Barrier"],"relics":["Burning Blood","NeowsBlessing","Meat on the Bone","MealTicket","Nunchaku","War Paint","Sozu","Ancient Tea Set","Toy Ornithopter"],"acts_visited":["Exordium","TheCity"],"potions_floor_usage":[28],"damage_taken":[{"damage":0,"enemies":"Jaw Worm","floor":1,"turns":1},{"damage":0,"enemies":"Cultist","floor":3,"turns":1},{"damage":0,"enemies":"Lagavulin","floor":6,"turns":1},{"damage":4,"enemies":"2 Louse","floor":7,"turns":3},{"damage":43,"enemies":"3 Sentries","floor":11,"turns":11},{"damage":6,"enemies":"2 Fungi Beasts","floor":12,"turns":4},{"damage":3,"enemies":"Red Slaver","floor":14,"turns":3},{"damage":48,"enemies":"Hexaghost","floor":16,"turns":10},{"damage":12,"enemies":"3 Byrds","floor":18,"turns":5},{"damage":20,"enemies":"2 Thieves","floor":20,"turns":5},{"damage":31,"enemies":"Snake Plant","floor":22,"turns":4},{"damage":21,"enemies":"Book of Stabbing","floor":24,"turns":6},{"damage":6,"enemies":"Centurion and Healer","floor":25,"turns":4},{"damage":0,"enemies":"Snecko","floor":28,"turns":3},{"damage":0,"enemies":"Cultist and Chosen","floor":29,"turns":5},{"damage":41,"enemies":"Sentry and Sphere","floor":30,"turns":6},{"damage":67,"enemies":"Automaton","floor":33,"turns":6}],"seed_played":"4018274228311941739","potions_obtained":[{"floor":1,"key":"Dexterity Potion"},{"floor":11,"key":"ColorlessPotion"},{"floor":14,"key":"Strength Potion"}],"is_trial":false,"path_per_floor":["M","?","M","$","?","E","M","R","T","R","E","M","$","M","R","B",null,"M","$","M","?","M","R","E","M","T","R","M","M","M","?","R","B"],"character_chosen":"IRONCLAD","items_purchased":["Dropkick"],"campfire_rested":0,"item_purchase_floors":[19],"current_hp_per_floor":[80,80,80,80,80,80,80,80,80,80,55,55,70,73,73,43,80,74,80,66,66,53,53,50,50,50,50,61,67,44,44,44,0,0],"gold":137,"neow_bonus":"THREE_ENEMY_KILL","is_daily":false,"chose_seed":false,"campfire_upgraded":6,"win_rate":0.0,"timestamp":1612945579,"path_taken":["M","?","?","?","?","E","M","R","T","R","E","M","$","M","R","BOSS","M","$","M","?","?","R","E","M","T","R","M","M","M","?","R","BOSS"],"items_purchased_type":["Card"],"build_version":"2020-12-22","purchased_purges":3,"victory":false,"max_hp_per_floor":[80,80,80,80,80,80,80,80,80,80,80,80,80,80,80,80,80,80,80,80,80,80,80,80,80,80,80,80,80,80,80,80,80,80],"card_choices":[{"not_picked":["Power Through","True Grit","Sword Boomerang"],"picked":"SKIP","floor":1},{"not_picked":["Armaments","Wild Strike"],"picked":"Spot Weakness","floor":3},{"not_picked":["Dark Embrace","Shrug It Off"],"picked":"Armaments","floor":6},{"not_picked":["Warcry","Clothesline","Anger"],"picked":"SKIP","floor":7},{"not_picked":["Reckless Charge","Evolve"],"picked":"Spot Weakness","floor":11},{"not_picked":["Shrug It Off","Fire Breathing"],"picked":"Heavy Blade","floor":12},{"not_picked":["Wild Strike","Clash"],"picked":"Dropkick","floor":14},{"not_picked":["Brutality","Exhume"],"picked":"Double Tap","floor":16},{"not_picked":["Headbutt","Rampage","Anger"],"picked":"SKIP","floor":18},{"not_picked":["Rupture","Anger+1","Evolve"],"picked":"SKIP","floor":20},{"not_picked":["Searing Blow","Cleave+1"],"picked":"Uppercut+1","floor":22},{"not_picked":["Iron Wave","Heavy Blade"],"picked":"Whirlwind","floor":24},{"not_picked":["Double Tap","Armaments"],"picked":"Flame Barrier","floor":25},{"not_picked":["Clash+1","Cleave","Disarm"],"picked":"SKIP","floor":28},{"not_picked":["True Grit","Perfected Strike","Havoc"],"picked":"SKIP","floor":29},{"not_picked":["Anger","Warcry+1","Power Through"],"picked":"SKIP","floor":30}],"player_experience":155400,"relics_obtained":[{"floor":6,"key":"MealTicket"},{"floor":9,"key":"Nunchaku"},{"floor":11,"key":"War Paint"},{"floor":24,"key":"Ancient Tea Set"},{"floor":26,"key":"Toy Ornithopter"}],"event_choices":[{"cards_removed":["Strike_R"],"damage_healed":0,"gold_gain":0,"player_choice":"Took Card","damage_taken":0,"max_hp_gain":0,"max_hp_loss":0,"event_name":"NoteForYourself","floor":2,"gold_loss":0,"cards_obtained":["Iron Wave"]},{"damage_healed":0,"gold_gain":0,"player_choice":"Box","damage_taken":0,"relics_obtained":["Meat on the Bone"],"max_hp_gain":0,"max_hp_loss":0,"event_name":"Big Fish","floor":5,"gold_loss":0,"cards_obtained":["Regret"]},{"damage_healed":0,"gold_gain":0,"player_choice":"Got Potions","damage_taken":0,"max_hp_gain":0,"max_hp_loss":0,"event_name":"Lab","floor":21,"gold_loss":0},{"damage_healed":0,"gold_gain":0,"player_choice":"Ignored","damage_taken":0,"max_hp_gain":0,"max_hp_loss":0,"event_name":"Ghosts","floor":31,"gold_loss":0}],"is_beta":false,"boss_relics":[{"not_picked":["SacredBark","Cursed Key"],"picked":"Sozu"}],"items_purged_floors":[4,13,19],"is_endless":false,"potions_floor_spawned":[1,11,14,20,29,30],"killed_by":"Automaton","ascension_level":0}}