{"host":"f5gffvlv6a66yqkd","time":1612934906,"event":{"mods":["2.2 Compatiblity","BaseMod","Colored Map","Custom Start","DeckTracker","Keyboard Shortcuts","Minty Spire (QoL Compilation)","Permanent Neow","Quick Restart","Relic Stats","StSLib","SuperFastMode"],"gold_per_floor":[316,316,366,385,404,404,433,445,527,539,567,598,126,201,201,280,280,299,39,39,39,56,88,88,104,104,104,123,123,153,171,171,171,171],"floor_reached":33,"language":"KOR","playtime":747,"items_purged":["Strike_P","Strike_P"],"score":620,"play_id":"b2449afc-cff8-4472-a541-f6e8da5e76f1","local_time":"20210210142826","is_ascension_mode":true,"campfire_choices":[{"data":"Eruption","floor":6.0,"key":"SMITH"},{"data":"Ragnarok","floor":8.0,"key":"SMITH"},{"data":"Wallop","floor":10.0,"key":"SMITH"},{"data":"TalkToTheHand","floor":15.0,"key":"SMITH"},{"data":"Scrawl","floor":24.0,"key":"SMITH"},{"floor":27.0,"key":"REST"},{"data":"Omniscience","floor":29.0,"key":"SMITH"},{"floor":32,"key":"RECALL"}],"circlet_count":0,"master_deck":["AscendersBane","Defend_P","Defend_P","Defend_P","Defend_P","Eruption+1","Vigilance","Consecrate+1","Ragnarok+1","Wallop+1","Halt","EmptyFist","TalkToTheHand+1","InnerPeace","FearNoEvil+1","Omniscience+1","Scrawl+1","MasterReality"],"relics":["PureWater","Old Coin","MawBank","HornCleat","Centennial Puzzle","Orrery","VioletLotus","Medical Kit","Ancient Tea Set","White Beast Statue","Whetstone"],"acts_visited":["Exordium","TheCity"],"potions_floor_usage":[30,33],"damage_taken":[{"damage":2.0,"enemies":"Jaw Worm","floor":1.0,"turns":4.0},{"damage":0.0,"enemies":"Cultist","floor":4.0,"turns":4.0},{"damage":5.0,"enemies":"Small Slimes","floor":5.0,"turns":2.0},{"damage":0.0,"enemies":"Gremlin Nob","floor":7.0,"turns":2.0},{"damage":0.0,"enemies":"Looter","floor":11.0,"turns":2.0},{"damage":17.0,"enemies":"Exordium Thugs","floor":12.0,"turns":5.0},{"damage":3.0,"enemies":"The Guardian","floor":16.0,"turns":7.0},{"damage":1.0,"enemies":"Shell Parasite","floor":18.0,"turns":3.0},{"damage":11.0,"enemies":"Chosen","floor":22.0,"turns":6.0},{"damage":18.0,"enemies":"Slavers","floor":23.0,"turns":3.0},{"damage":14.0,"enemies":"Shelled Parasite and Fungi","floor":25.0,"turns":3.0},{"damage":0.0,"enemies":"Centurion and Healer","floor":28.0,"turns":2.0},{"damage":2,"enemies":"Gremlin Leader","floor":30,"turns":2},{"damage":0,"enemies":"Cultist and Chosen","floor":31,"turns":3},{"damage":39,"enemies":"Champ","floor":33,"turns":5}],"seed_played":"58683035121905505","potions_obtained":[{"floor":5.0,"key":"DistilledChaos"},{"floor":7.0,"key":"Explosive Potion"},{"floor":11.0,"key":"LiquidBronze"},{"floor":28.0,"key":"StancePotion"},{"floor":30,"key":"Explosive Potion"},{"floor":31,"key":"Strength Potion"}],"is_trial":false,"path_per_floor":["M","?","?","M","M","R","E","R","T","R","M","M","$","?","R","B",null,"M","$","?","$","M","E","R","M","T","R","M","R","E","M","R","B"],"character_chosen":"WATCHER","items_purchased":["TalkToTheHand","Centennial Puzzle","Orrery","Medical Kit"],"campfire_rested":1,"item_purchase_floors":[13,13,13,19],"current_hp_per_floor":[59,59,53,53,48,48,48,48,48,48,48,31,31,20,20,17,55,54,54,54,54,43,25,25,11,11,31,31,31,29,29,29,0,0],"gold":171,"neow_bonus":"ONE_RARE_RELIC","is_daily":false,"chose_seed":false,"campfire_upgraded":6,"win_rate":0.0,"timestamp":1612934906,"path_taken":["M","?","?","M","M","R","E","R","T","R","?","M","$","?","R","BOSS","M","$","?","?","M","E","R","M","T","R","M","R","E","?","R","BOSS"],"items_purchased_type":["Card","Relic","Relic","Relic"],"build_version":"2020-12-22","purchased_purges":2,"victory":false,"max_hp_per_floor":[68,68,68,68,68,68,68,68,68,68,68,68,68,68,68,68,68,68,68,68,68,68,68,68,68,68,68,68,68,68,68,68,68,68],"relic_stats":{"Centennial Puzzle":[21],"counters":[15,53],"VioletLotus":[15],"Whetstone":["Consecrate","FearNoEvil"],"MawBank":72,"Medical Kit":[2],"obtain_stats":[{"Centennial Puzzle":13,"HornCleat":9,"Orrery":13,"VioletLotus":17,"Whetstone":30,"PureWater":0,"MawBank":7,"Medical Kit":19,"Ancient Tea Set":23,"White Beast Statue":26,"Old Coin":0},{"Centennial Puzzle":6,"HornCleat":4,"Orrery":6,"VioletLotus":7,"Whetstone":13,"PureWater":0,"MawBank":4,"Medical Kit":8,"Ancient Tea Set":10,"White Beast Statue":11,"Old Coin":0},{"Centennial Puzzle":19,"HornCleat":12,"Orrery":19,"VioletLotus":26,"Whetstone":45,"PureWater":0,"MawBank":12,"Medical Kit":29,"Ancient Tea Set":38,"White Beast Statue":41,"Old Coin":0}]},"card_choices":[{"not_picked":["Prostrate","FlurryOfBlows"],"picked":"Consecrate","floor":1.0},{"not_picked":["FollowUp","WindmillStrike","BowlingBash"],"picked":"SKIP","floor":4.0},{"not_picked":["Perseverance","Worship"],"picked":"Wallop","floor":5.0},{"not_picked":["SandsOfTime","Vengeance"],"picked":"Halt","floor":7.0},{"not_picked":["Consecrate","Protect"],"picked":"EmptyFist","floor":11.0},{"not_picked":["Evaluate","WreathOfFlame","EmptyBody"],"picked":"SKIP","floor":12.0},{"not_picked":["Alpha","Pray"],"picked":"InnerPeace","floor":13.0},{"not_picked":["CutThroughFate","FollowUp"],"picked":"FearNoEvil","floor":13.0},{"not_picked":["WheelKick","Halt"],"picked":"Omniscience","floor":13.0},{"not_picked":["DevaForm","Devotion"],"picked":"Scrawl","floor":16.0},{"not_picked":["Collect","ClearTheMind","ThirdEye"],"picked":"SKIP","floor":18.0},{"not_picked":["BowlingBash+1","Consecrate","Crescendo"],"picked":"SKIP","floor":22.0},{"not_picked":["EmptyBody","Ragnarok","Fasting2"],"picked":"SKIP","floor":23.0},{"not_picked":["EmptyFist+1","FollowUp","PathToVictory"],"picked":"SKIP","floor":25.0},{"not_picked":["Protect","EmptyBody","ThirdEye"],"picked":"SKIP","floor":28.0},{"not_picked":["Crescendo+1","Devotion","EmptyBody+1"],"picked":"SKIP","floor":30},{"not_picked":["Wireheading","Evaluate","Protect"],"picked":"SKIP","floor":31}],"player_experience":1721043,"relics_obtained":[{"floor":7.0,"key":"MawBank"},{"floor":9.0,"key":"HornCleat"},{"floor":23.0,"key":"Ancient Tea Set"},{"floor":26.0,"key":"White Beast Statue"},{"floor":30,"key":"Whetstone"}],"event_choices":[{"damage_healed":0.0,"max_hp_gain":0.0,"max_hp_loss":0.0,"gold_gain":0.0,"cards_transformed":["Strike_P"],"event_name":"Living Wall","player_choice":"Change","floor":2.0,"gold_loss":0.0,"damage_taken":0.0,"cards_obtained":["Ragnarok"]},{"damage_healed":0.0,"max_hp_gain":0.0,"max_hp_loss":0.0,"gold_gain":50.0,"event_name":"FaceTrader","player_choice":"Touch","floor":3.0,"gold_loss":0.0,"damage_taken":6.0},{"damage_healed":0.0,"max_hp_gain":0.0,"max_hp_loss":0.0,"gold_gain":75.0,"event_name":"World of Goop","player_choice":"Gather Gold","floor":14.0,"gold_loss":0.0,"damage_taken":11.0},{"damage_healed":0.0,"max_hp_gain":0.0,"max_hp_loss":0.0,"gold_gain":0.0,"cards_transformed":["Strike_P"],"event_name":"Transmorgrifier","player_choice":"Transformed","floor":20.0,"gold_loss":0.0,"damage_taken":0.0,"cards_obtained":["MasterReality"]}],"is_beta":false,"boss_relics":[{"not_picked":["Coffee Dripper","Calling Bell"],"picked":"VioletLotus"}],"items_purged_floors":[13,19],"is_endless":false,"potions_floor_spawned":[5,7,11,16,18,25,28,30,31],"killed_by":"Champ","ascension_level":20}}