{"host":"z609fbm6pkeriks8","time":1612922919,"event":{"mods":["AchievementEnabler","BaseMod","Colored Map","Colored Powertips","Highlight Path","Minty Spire (QoL Compilation)","StSLib"],"gold_per_floor":[111,121,135,155,155,182,182,182,182],"floor_reached":8,"language":"ZHS","playtime":210,"items_purged":[],"score":70,"play_id":"0f65e949-d430-406d-b212-13adc370a629","local_time":"20210210100839","is_ascension_mode":true,"campfire_choices":[{"data":"Infernal Blade","floor":7,"key":"SMITH"}],"circlet_count":0,"master_deck":["Strike_R+1","Strike_R+1","Strike_R","Strike_R","Strike_R","Defend_R","Defend_R","Defend_R","Defend_R","Bash","Dark Shackles","Flex","Iron Wave","Fire Breathing","Infernal Blade+1","Ghostly Armor"],"relics":["Burning Blood","Kunai"],"acts_visited":["Exordium"],"potions_floor_usage":[],"damage_taken":[{"damage":11,"enemies":"Cultist","floor":1,"turns":4},{"damage":0,"enemies":"Small Slimes","floor":2,"turns":3},{"damage":4,"enemies":"Jaw Worm","floor":3,"turns":4},{"damage":35,"enemies":"2 Fungi Beasts","floor":4,"turns":6},{"damage":20,"enemies":"Gremlin Nob","floor":6,"turns":4},{"damage":27,"enemies":"Lagavulin","floor":8,"turns":3}],"seed_played":"-6728398901167141211","potions_obtained":[{"floor":3,"key":"DistilledChaos"},{"floor":6,"key":"Energy Potion"}],"is_trial":false,"path_per_floor":["M","M","M","M","?","E","R","E"],"character_chosen":"IRONCLAD","items_purchased":[],"campfire_rested":0,"item_purchase_floors":[],"current_hp_per_floor":[75,80,80,51,35,21,21,0,0],"gold":182,"neow_bonus":"RANDOM_COLORLESS","is_daily":false,"chose_seed":false,"campfire_upgraded":1,"win_rate":0.0,"timestamp":1612922919,"path_taken":["M","M","M","M","?","E","R","E"],"items_purchased_type":[],"build_version":"2020-12-22","purchased_purges":0,"victory":false,"max_hp_per_floor":[80,80,80,80,80,80,80,80,80],"card_choices":[{"not_picked":["Panacea","Trip"],"picked":"Dark Shackles","floor":0},{"not_picked":["Warcry","Armaments"],"picked":"Flex","floor":1},{"not_picked":["Clash","Feel No Pain"],"picked":"Iron Wave","floor":2},{"not_picked":["Flex","Dark Embrace"],"picked":"Fire Breathing","floor":3},{"not_picked":["Armaments","Pummel"],"picked":"Infernal Blade","floor":4},{"not_picked":["Feel No Pain","Warcry"],"picked":"Ghostly Armor","floor":6}],"player_experience":55811,"relics_obtained":[{"floor":6,"key":"Kunai"}],"event_choices":[{"damage_healed":0,"gold_gain":0,"player_choice":"Entered Light","damage_taken":16,"max_hp_gain":0,"max_hp_loss":0,"event_name":"Shining Light","floor":5,"gold_loss":0,"cards_upgraded":["Strike_R","Strike_R"]}],"is_beta":false,"boss_relics":[],"items_purged_floors":[],"is_endless":false,"potions_floor_spawned":[3,6],"killed_by":"Lagavulin","ascension_level":4}}