{"host":"oehe2dxjvdgux73m","time":1612966170,"event":{"mods":["AchievementEnabler","BaseMod","Colored Map","Colored Powertips","DeckTracker","Keyboard Shortcuts","Minty Spire (QoL Compilation)","Permanent Neow","Quick Restart","StSLib","SuperFastMode"],"gold_per_floor":[116,132,152,227,131,161,161,193,242,242,253,253,272,288,288,392,392,403,403,403,419,419,419,429,429,429,442,457,637,347,447,447,543,543,558,302,302,302,315,343,343,88,112,112,112],"floor_reached":44,"language":"KOR","playtime":1299,"items_purged":["Strike_B","Strike_B"],"score":585,"play_id":"2b3f198a-a066-45ef-bdc1-427d0b03c0d6","local_time":"20210210230930","is_ascension_mode":true,"campfire_choices":[{"floor":7.0,"key":"REST"},{"floor":10.0,"key":"REST"},{"data":"Static Discharge","floor":12.0,"key":"SMITH"},{"floor":15.0,"key":"REST"},{"data":"Defragment","floor":23.0,"key":"SMITH"},{"data":"Coolheaded","floor":25.0,"key":"SMITH"},{"floor":32.0,"key":"REST"},{"floor":41,"key":"REST"}],"circlet_count":0,"master_deck":["Defend_B","Defend_B","Defend_B","Zap","Dualcast","Static Discharge+1","Glacier","Static Discharge+1","Cold Snap","Defragment+1","Compile Driver","Recycle","Aggregate","Coolheaded+1","Core Surge","Multi-Cast","Cold Snap+1","Electrodynamics","Static Discharge","Thunder Strike","Self Repair","Reboot","Static Discharge","Reinforced Body","Consume","Blizzard+1","Turbo+1","Loop","Fission","Compile Driver"],"relics":["Cracked Core","Bottled Flame","Juzu Bracelet","Bronze Scales","Snecko Eye","Fusion Hammer","Blood Vial","Centennial Puzzle"],"acts_visited":["Exordium","TheCity","TheBeyond"],"potions_floor_usage":[40],"damage_taken":[{"damage":16.0,"enemies":"Small Slimes","floor":1.0,"turns":3.0},{"damage":7.0,"enemies":"Jaw Worm","floor":2.0,"turns":3.0},{"damage":1.0,"enemies":"Cultist","floor":3.0,"turns":4.0},{"damage":28.0,"enemies":"Gremlin Nob","floor":6.0,"turns":4.0},{"damage":13.0,"enemies":"3 Sentries","floor":8.0,"turns":7.0},{"damage":0.0,"enemies":"Looter","floor":11.0,"turns":3.0},{"damage":6.0,"enemies":"Red Slaver","floor":13.0,"turns":3.0},{"damage":8.0,"enemies":"Exordium Thugs","floor":14.0,"turns":5.0},{"damage":17.0,"enemies":"Hexaghost","floor":16.0,"turns":6.0},{"damage":8.0,"enemies":"Shell Parasite","floor":18.0,"turns":7.0},{"damage":19.0,"enemies":"2 Thieves","floor":21.0,"turns":3.0},{"damage":7.0,"enemies":"3 Cultists","floor":24.0,"turns":4.0},{"damage":9.0,"enemies":"Snake Plant","floor":27.0,"turns":3.0},{"damage":0.0,"enemies":"Chosen and Byrds","floor":28.0,"turns":4.0},{"damage":20.0,"enemies":"Champ","floor":33.0,"turns":7.0},{"damage":19.0,"enemies":"3 Darklings","floor":35.0,"turns":5.0},{"damage":0,"enemies":"Orb Walker","floor":39,"turns":3},{"damage":27,"enemies":"Giant Head","floor":40,"turns":8},{"damage":65,"enemies":"Transient","floor":44,"turns":4}],"seed_played":"1435649411150918593","potions_obtained":[{"floor":1.0,"key":"Weak Potion"},{"floor":2.0,"key":"Fire Potion"},{"floor":3.0,"key":"Swift Potion"},{"floor":11.0,"key":"Fire Potion"},{"floor":14.0,"key":"Weak Potion"},{"floor":18.0,"key":"Weak Potion"},{"floor":28.0,"key":"BlessingOfTheForge"},{"floor":39,"key":"Swift Potion"}],"is_trial":false,"path_per_floor":["M","M","M","?","$","E","R","E","T","R","M","R","M","M","R","B",null,"M","?","?","M","?","R","M","R","T","M","M","?","$","?","R","B",null,"M","$","?","?","M","E","R","$","T","M"],"character_chosen":"DEFECT","items_purchased":["Cold Snap","Defragment","Self Repair","Reboot","Reinforced Body","Consume","Loop","Fission","Compile Driver"],"campfire_rested":5,"item_purchase_floors":[5,5,30,30,36,36,42,42,42],"current_hp_per_floor":[52,45,44,33,33,5,25,12,12,32,32,32,26,18,38,21,68,60,60,60,41,41,41,34,34,34,25,25,6,6,6,26,13,68,56,56,56,56,63,43,63,63,63,0,0],"gold":112,"neow_bonus":"REMOVE_TWO","is_daily":false,"chose_seed":false,"campfire_upgraded":3,"win_rate":0.0,"timestamp":1612966170,"path_taken":["M","M","M","?","$","E","R","E","T","R","M","R","M","M","R","BOSS","M","?","?","M","?","R","M","R","T","M","M","?","$","?","R","BOSS","M","$","?","?","M","E","R","$","T","M"],"items_purchased_type":["Card","Card","Card","Card","Card","Card","Card","Card","Card"],"build_version":"2020-12-22","purchased_purges":2,"victory":false,"max_hp_per_floor":[68,68,68,68,68,68,68,68,68,68,68,68,68,68,68,68,68,68,68,68,68,68,68,68,68,68,68,68,68,68,68,68,68,68,68,68,68,68,68,68,68,68,68,68,68],"card_choices":[{"not_picked":["Hologram","Storm"],"picked":"Static Discharge","floor":1.0},{"not_picked":["Leap","Hologram"],"picked":"Glacier","floor":2.0},{"not_picked":["Go for the Eyes","Stack"],"picked":"Static Discharge","floor":3.0},{"not_picked":["Rip and Tear","Glacier"],"picked":"Compile Driver","floor":6.0},{"not_picked":["Rip and Tear","Steam"],"picked":"Recycle","floor":8.0},{"not_picked":["Stack","Redo"],"picked":"Aggregate","floor":11.0},{"not_picked":["Sweeping Beam","Rebound"],"picked":"Coolheaded","floor":13.0},{"not_picked":["Redo","Melter"],"picked":"Core Surge","floor":14.0},{"not_picked":["All For One","Fission"],"picked":"Multi-Cast","floor":16.0},{"not_picked":["Steam+1","Turbo"],"picked":"Cold Snap+1","floor":18.0},{"not_picked":["Sweeping Beam","Stack","Hologram"],"picked":"SKIP","floor":21.0},{"not_picked":["Go for the Eyes","BootSequence+1","Barrage+1"],"picked":"SKIP","floor":24.0},{"not_picked":["Redo","Rip and Tear"],"picked":"Static Discharge","floor":27.0},{"not_picked":["Static Discharge","Stack+1"],"picked":"Thunder Strike","floor":28.0},{"not_picked":["Go for the Eyes","Steam+1"],"picked":"Static Discharge","floor":35.0},{"not_picked":["Conserve Battery","Stack"],"picked":"Blizzard+1","floor":39},{"not_picked":["Rebound","Streamline"],"picked":"Turbo+1","floor":40}],"player_experience":451064,"relics_obtained":[{"floor":6.0,"key":"Bottled Flame"},{"floor":8.0,"key":"Juzu Bracelet"},{"floor":9.0,"key":"Bronze Scales"},{"floor":40,"key":"Blood Vial"},{"floor":43,"key":"Centennial Puzzle"}],"event_choices":[{"damage_healed":0.0,"max_hp_gain":0.0,"max_hp_loss":0.0,"gold_gain":75.0,"event_name":"World of Goop","player_choice":"Gather Gold","floor":4.0,"gold_loss":0.0,"damage_taken":11.0},{"damage_healed":0.0,"max_hp_gain":0.0,"max_hp_loss":0.0,"gold_gain":0.0,"cards_transformed":["Strike_B"],"event_name":"Transmorgrifier","player_choice":"Transformed","floor":19.0,"gold_loss":0.0,"damage_taken":0.0,"cards_obtained":["Electrodynamics"]},{"damage_healed":0.0,"max_hp_gain":0.0,"max_hp_loss":0.0,"gold_gain":0.0,"event_name":"Vampires","player_choice":"Ignored","floor":20.0,"gold_loss":0.0,"damage_taken":0.0},{"damage_healed":0.0,"max_hp_gain":0.0,"max_hp_loss":0.0,"gold_gain":0.0,"event_name":"Upgrade Shrine","player_choice":"Upgraded","floor":22.0,"gold_loss":0.0,"damage_taken":0.0,"cards_upgraded":["Static Discharge"]},{"damage_healed":0.0,"max_hp_gain":0.0,"max_hp_loss":0.0,"gold_gain":180.0,"event_name":"Knowing Skull","player_choice":"GOLD GOLD ","floor":29.0,"potions_obtained":[],"gold_loss":0.0,"damage_taken":19.0,"cards_obtained":[]},{"damage_healed":0.0,"max_hp_gain":0.0,"max_hp_loss":0.0,"gold_gain":100.0,"event_name":"Golden Shrine","player_choice":"Pray","floor":31.0,"gold_loss":0.0,"damage_taken":0.0},{"damage_healed":0.0,"max_hp_gain":0.0,"max_hp_loss":0.0,"gold_gain":0.0,"event_name":"Tomb of Lord Red Mask","player_choice":"Ignored","floor":37.0,"gold_loss":0.0,"damage_taken":0.0},{"damage_healed":0,"gold_gain":0,"player_choice":"Ignored","damage_taken":0,"max_hp_gain":0,"max_hp_loss":0,"event_name":"Mysterious Sphere","floor":38,"gold_loss":0}],"is_beta":false,"boss_relics":[{"not_picked":["Coffee Dripper","SacredBark"],"picked":"Snecko Eye"},{"not_picked":["Empty Cage","Calling Bell"],"picked":"Fusion Hammer"}],"items_purged_floors":[30,36],"is_endless":false,"potions_floor_spawned":[1,2,3,11,14,18,28,39],"killed_by":"Transient","ascension_level":4}}