{"host":"m4pe905ae9bldoe7","time":1612951797,"event":{"mods":["BaseMod","Bestiary","Block Reminder","Downfall","Minty Spire (QoL Compilation)","StSLib"],"gold_per_floor":[119,269,344,269,280,311,311,311,311,311,347,347,371,395,410,424,9,9,98,98,118,137,161,161,184,204,24,24,57,57,57,57,100,115,139,139,179,179,272,272,285,310,334,334,334],"floor_reached":44,"language":"ENG","playtime":1572,"items_purged":["Shame"],"score":1028,"play_id":"ec6d492e-b320-4ef9-b9ef-e5b01626a2d8","local_time":"20210210110957","is_ascension_mode":true,"campfire_choices":[{"floor":7,"key":"REST"},{"floor":12,"key":"REST"},{"floor":18,"key":"REST"},{"floor":28,"key":"REST"},{"floor":31,"key":"REST"},{"floor":38,"key":"REST"}],"circlet_count":0,"master_deck":["AscendersBane","Strike_R","Strike_R","Strike_R","Strike_R","Strike_R","Defend_R","Defend_R","Defend_R","Defend_R","Bash","Uppercut","Flex","Injury","Armaments","Cleave+1","Twin Strike+1","Pommel Strike+1","Infernal Blade+1","Uppercut+1","Whirlwind+1","Berserk","Shrug It Off+1","Twin Strike+1","Cleave+1","Heavy Blade+1","Thunderclap+1","Flex+1","Clash+1","Perfected Strike+1","Cleave+1","Ghostly Armor+1","Bludgeon+1","Sword Boomerang+1","Shrug It Off+1","Thunderclap+1"],"relics":["Busted Crown","Vajra","Golden Idol","Question Card","Molten Egg 2","White Beast Statue","Membership Card","Toxic Egg 2","SlaversCollar","Nunchaku","Sling","Orichalcum","Charon\u0027s Ashes","Gremlin Horn","bronze:MakeshiftBattery"],"acts_visited":["Exordium","TheCity","TheBeyond"],"potions_floor_usage":[19,35,39,43,44],"damage_taken":[{"damage":0,"enemies":"Small Slimes","floor":1,"turns":2},{"damage":7,"enemies":"Jaw Worm","floor":5,"turns":2},{"damage":27,"enemies":"3 Sentries","floor":6,"turns":8},{"damage":25,"enemies":"Lagavulin","floor":11,"turns":5},{"damage":0,"enemies":"2 Louse","floor":13,"turns":2},{"damage":2,"enemies":"2 Fungi Beasts","floor":14,"turns":3},{"damage":5,"enemies":"3 Louse","floor":15,"turns":3},{"damage":3,"enemies":"Blue Slaver","floor":16,"turns":2},{"damage":0,"enemies":"Slime Boss","floor":19,"turns":6},{"damage":11,"enemies":"Spheric Guardian","floor":21,"turns":3},{"damage":2,"enemies":"3 Byrds","floor":22,"turns":4},{"damage":8,"enemies":"Cultist and Chosen","floor":23,"turns":4},{"damage":11,"enemies":"Snecko","floor":25,"turns":4},{"damage":28,"enemies":"Shelled Parasite and Fungi","floor":26,"turns":4},{"damage":11,"enemies":"Book of Stabbing","floor":29,"turns":3},{"damage":16,"enemies":"Slavers","floor":33,"turns":3},{"damage":9,"enemies":"Cultist and Chosen","floor":34,"turns":4},{"damage":3,"enemies":"Centurion and Healer","floor":35,"turns":2},{"damage":0,"enemies":"Gremlin Leader","floor":37,"turns":3},{"damage":74,"enemies":"Automaton","floor":39,"turns":8},{"damage":4,"enemies":"Orb Walker","floor":41,"turns":3},{"damage":11,"enemies":"3 Shapes","floor":42,"turns":2},{"damage":42,"enemies":"Writhing Mass","floor":43,"turns":5},{"damage":9,"enemies":"Transient","floor":44,"turns":3}],"seed_played":"6645577814546532500","potions_obtained":[{"floor":1,"key":"sneckomod:MuddlingPotion"},{"floor":11,"key":"DuplicationPotion"},{"floor":13,"key":"FairyPotion"},{"floor":19,"key":"Block Potion"},{"floor":21,"key":"DuplicationPotion"},{"floor":35,"key":"Ancient Potion"},{"floor":37,"key":"Fire Potion"},{"floor":39,"key":"CultistPotion"},{"floor":41,"key":"Block Potion"},{"floor":43,"key":"SteroidPotion"}],"is_trial":false,"path_per_floor":["M","?","?","?","M","E","R","?","T","T","E","R","M","M","M","M","$","R","B",null,"M","M","M","?","M","M","$","R","E","?","R","T","E","M","M","?","E","R","B",null,"M","M","M","M"],"character_chosen":"IRONCLAD","items_purchased":["Membership Card","Toxic Egg 2","Infernal Blade+1","Uppercut+1","Whirlwind+1","Flex+1","Clash+1","Sling"],"campfire_rested":6,"item_purchase_floors":[17,17,17,17,17,27,27,27],"current_hp_per_floor":[68,68,57,57,50,23,45,45,45,45,20,42,42,40,35,32,32,54,54,70,59,57,49,49,38,10,10,32,21,21,43,43,27,18,15,9,9,31,22,62,58,47,5,0,0],"gold":334,"neow_bonus":"BOSS_RELIC","is_daily":false,"chose_seed":false,"campfire_upgraded":0,"win_rate":0.0,"timestamp":1612951797,"path_taken":["M","?","?","?","M","E","R","?","T","T","E","R","M","M","M","M","$","R","BOSS","M","M","M","?","M","M","$","R","E","?","R","T","E","M","M","?","E","R","BOSS","M","M","M","?"],"items_purchased_type":["Relic","Relic","Card","Card","Card","Card","Card","Relic"],"build_version":"2020-12-22","purchased_purges":1,"victory":false,"max_hp_per_floor":[75,75,75,75,75,75,75,75,75,75,75,75,75,75,75,75,75,75,75,75,75,75,75,75,75,75,75,75,75,75,75,75,75,75,75,75,75,75,75,75,75,75,75,75,75],"card_choices":[{"not_picked":[],"picked":"Uppercut","floor":1},{"not_picked":["Iron Wave"],"picked":"SKIP","floor":5},{"not_picked":[],"picked":"Flex","floor":6},{"not_picked":["True Grit","Rage"],"picked":"SKIP","floor":11},{"not_picked":["True Grit","Rage"],"picked":"SKIP","floor":11},{"not_picked":["Iron Wave+1"],"picked":"Armaments","floor":13},{"not_picked":["Combust"],"picked":"Cleave+1","floor":14},{"not_picked":["Reckless Charge+1"],"picked":"Twin Strike+1","floor":15},{"not_picked":["Armaments"],"picked":"Pommel Strike+1","floor":16},{"not_picked":["Impervious+1"],"picked":"Berserk","floor":19},{"not_picked":["Bloodletting+1"],"picked":"Shrug It Off+1","floor":21},{"not_picked":["Pommel Strike+1"],"picked":"Twin Strike+1","floor":22},{"not_picked":["Seeing Red+1"],"picked":"Cleave+1","floor":23},{"not_picked":["Searing Blow+1"],"picked":"Heavy Blade+1","floor":25},{"not_picked":["Pommel Strike+1"],"picked":"Thunderclap+1","floor":26},{"not_picked":["Infernal Blade+1"],"picked":"Perfected Strike+1","floor":29},{"not_picked":["Warcry+1"],"picked":"Cleave+1","floor":33},{"not_picked":["Rupture","Havoc+1"],"picked":"SKIP","floor":34},{"not_picked":["Searing Blow+1","Bloodletting+1"],"picked":"SKIP","floor":35},{"not_picked":["Wild Strike+1"],"picked":"Ghostly Armor+1","floor":37},{"not_picked":["Impervious+1"],"picked":"Bludgeon+1","floor":39},{"not_picked":["Warcry+1"],"picked":"Sword Boomerang+1","floor":41},{"not_picked":["Bloodletting+1"],"picked":"Shrug It Off+1","floor":42},{"not_picked":["Anger+1"],"picked":"Thunderclap+1","floor":43}],"player_experience":542538,"relics_obtained":[{"floor":6,"key":"Vajra"},{"floor":9,"key":"Question Card"},{"floor":10,"key":"Molten Egg 2"},{"floor":11,"key":"White Beast Statue"},{"floor":29,"key":"Orichalcum"},{"floor":33,"key":"Charon\u0027s Ashes"},{"floor":37,"key":"Gremlin Horn"}],"event_choices":[{"damage_healed":0,"gold_gain":150,"player_choice":"AGREE","damage_taken":0,"max_hp_gain":0,"max_hp_loss":0,"event_name":"Liars Game","floor":2,"gold_loss":0,"cards_obtained":["Doubt"]},{"damage_healed":0,"gold_gain":75,"player_choice":"Gather Gold","damage_taken":11,"max_hp_gain":0,"max_hp_loss":0,"event_name":"World of Goop","floor":3,"gold_loss":0},{"cards_removed":["Doubt"],"damage_healed":0,"gold_gain":0,"player_choice":"Card Removal","damage_taken":0,"max_hp_gain":0,"max_hp_loss":0,"event_name":"The Cleric","floor":4,"gold_loss":75},{"damage_healed":0,"gold_gain":0,"player_choice":"Take Wound","damage_taken":0,"relics_obtained":["Golden Idol"],"max_hp_gain":0,"max_hp_loss":0,"event_name":"Golden Idol","floor":8,"gold_loss":0,"cards_obtained":["Injury"]},{"damage_healed":0,"gold_gain":0,"player_choice":"Stole Relic","damage_taken":0,"relics_obtained":["Nunchaku"],"max_hp_gain":0,"max_hp_loss":0,"event_name":"Addict","floor":24,"gold_loss":0,"cards_obtained":["Shame"]},{"damage_healed":0,"gold_gain":0,"player_choice":"Ignored","damage_taken":0,"max_hp_gain":0,"max_hp_loss":0,"event_name":"Vampires","floor":30,"gold_loss":0},{"damage_healed":0,"gold_gain":0,"player_choice":"","damage_taken":6,"max_hp_gain":0,"max_hp_loss":0,"event_name":"Knowing Skull","floor":36,"potions_obtained":[],"gold_loss":0,"cards_obtained":[]}],"is_beta":false,"boss_relics":[{"not_picked":["Runic Dome","Ectoplasm"],"picked":"SlaversCollar"},{"not_picked":["Pandora\u0027s Box","Black Star"],"picked":"bronze:MakeshiftBattery"}],"items_purged_floors":[27],"is_endless":false,"potions_floor_spawned":[1,11,13,14,15,16,19,21,22,23,25,26,29,33,34,35,37,39,41,42,43],"killed_by":"Transient","ascension_level":16}}