{"host":"42037lo9e0pj78nv","time":1612948867,"event":{"mods":["AchievementEnabler","BaseMod","Downfall","Hermit","Highlight Path","Minty Spire (QoL Compilation)","Replay The Spire","Shop Mod","StSLib","The Mystic","The Necromancer"],"gold_per_floor":[114,114,125,125,125,151,151,162,162,172,184,202,202,214,214,314,314,331,331,331,331,342,357,357,240,313,228,228,240,240,240,240,255,255,255,255],"floor_reached":35,"language":"ENG","playtime":3599,"items_purged":[],"score":259,"play_id":"e3083c4b-90e7-49ef-b3cd-fb07554d332f","local_time":"20210210012107","is_ascension_mode":false,"campfire_choices":[{"floor":7,"key":"REST"},{"floor":15,"key":"REST"},{"floor":24,"key":"REST"},{"floor":32,"key":"RECALL"},{"floor":34,"key":"DIG"}],"circlet_count":0,"master_deck":["Strike_W","Strike_W","Strike_W","Defend_W","Defend_W","Defend_W","Negative_Energy_Arrows+1","Bone_Wall","Blood_Whip+1","Exploit","Negative_Energy_Burst","Negative_Energy_Mist","Death_March_Dance","Life_Tap","Bone_Spikes","Strike_from_Beyond+1","Summon_Vampire_Lady","Reap_The_Weak+1","Blood_Shield+1","Blind+1","Bone_Shift+1","Stop_Heart","Bone_Shift","Summon_Undead_Army","Negative_Energy_Javelin","RitualDagger","Exploit","Acid_Javelin"],"relics":["Vampire_Amulet","Gremlin Horn","Iron Hammer","Replay:Grab Bag","Busted Crown","Philosopher\u0027s Stone","Astrolabe","Meat on the Bone","Tiny Chest"],"acts_visited":["Exordium","TheCity"],"potions_floor_usage":[],"damage_taken":[{"damage":0,"enemies":"Small Slimes","floor":1,"turns":4},{"damage":2,"enemies":"Cultist","floor":3,"turns":3},{"damage":43,"enemies":"3 Sentries","floor":6,"turns":9},{"damage":3,"enemies":"Jaw Worm","floor":8,"turns":3},{"damage":5,"enemies":"Exordium Thugs","floor":10,"turns":3},{"damage":6,"enemies":"Large Slime","floor":11,"turns":5},{"damage":1,"enemies":"Exordium Wildlife","floor":12,"turns":2},{"damage":14,"enemies":"Exordium Thugs","floor":14,"turns":4},{"damage":91,"enemies":"Fading Forest","floor":16,"turns":11},{"damage":2,"enemies":"3 Byrds","floor":18,"turns":4},{"damage":3,"enemies":"Chosen","floor":22,"turns":3},{"damage":32,"enemies":"Snake Plant","floor":23,"turns":3},{"damage":13,"enemies":"Cultist and Chosen","floor":29,"turns":4},{"damage":37,"enemies":"Shelled Parasite and Fungi","floor":33,"turns":4},{"damage":80,"enemies":"Champ","floor":35,"turns":9}],"seed_played":"2141041934411670752","potions_obtained":[{"floor":1,"key":"DistilledChaos"},{"floor":8,"key":"Block Potion"},{"floor":10,"key":"sneckomod:MuddlingPotion"},{"floor":11,"key":"LiquidBronze"},{"floor":16,"key":"Slimebound:ThreeZeroPotion"},{"floor":23,"key":"AttackPotion"}],"is_trial":false,"path_per_floor":["M","?","M","?","?","E","R","M","T","M","M","M","?","M","R","B",null,"M","?","?","?","M","M","R","$","T","?","?","M","PTL","PTL","R","M","R","B"],"character_chosen":"NECROMANCER","items_purchased":["Summon_Undead_Army","Negative_Energy_Javelin"],"campfire_rested":3,"item_purchase_floors":[25,25],"current_hp_per_floor":[75,75,75,80,80,43,67,66,66,65,63,66,66,56,80,9,80,80,80,80,80,79,55,79,79,79,79,73,70,70,70,70,46,46,0,0],"gold":255,"neow_bonus":"RANDOM_COLORLESS","is_daily":false,"chose_seed":false,"campfire_upgraded":0,"win_rate":0.0,"timestamp":1612948867,"path_taken":["M","?","?","?","?","E","R","M","T","?","M","M","?","M","R","BOSS","M","?","?","?","M","?","R","$","T","?","?","M","PTL","PTL","R","M","R","BOSS"],"items_purchased_type":["Card","Card"],"build_version":"2020-12-22","purchased_purges":0,"victory":false,"max_hp_per_floor":[75,75,75,80,80,80,80,80,80,80,80,80,80,80,80,80,80,80,80,80,80,80,80,80,80,80,80,80,80,80,80,80,80,80,80,80],"card_choices":[{"not_picked":["Purity","Specialist"],"picked":"Panacea","floor":0},{"not_picked":["Negative_Energy_Sphere","Scare"],"picked":"Blood_Whip","floor":1},{"not_picked":["Blood_Magic","Spectral_Walk"],"picked":"Exploit","floor":3},{"not_picked":["Negative_Energy_Sphere","Violent_Necrosis"],"picked":"Negative_Energy_Burst","floor":6},{"not_picked":["Consume_Illness","Bone_Shift"],"picked":"Negative_Energy_Mist","floor":8},{"not_picked":["Negative_Energy_Shield","Death_Coil"],"picked":"Death_March_Dance","floor":10},{"not_picked":["Deaths_Shadow","Consume_Illness"],"picked":"Life_Tap","floor":11},{"not_picked":["Scare","Strike_from_Beyond"],"picked":"Bone_Spikes","floor":12},{"not_picked":["Slay_Living","Toxic_Smoke_Screen"],"picked":"Shade_Step","floor":14},{"not_picked":["Detonate_Bones","Blood_Wake"],"picked":"Summon_Vampire_Lady","floor":16},{"not_picked":[],"picked":"Bone_Shift+1","floor":18},{"not_picked":["Bone_Spikes"],"picked":"SKIP","floor":22},{"not_picked":[],"picked":"Bone_Shift","floor":23},{"not_picked":[],"picked":"Exploit","floor":29},{"not_picked":[],"picked":"Acid_Javelin","floor":33}],"player_experience":82103,"relics_obtained":[{"floor":6,"key":"Gremlin Horn"},{"floor":9,"key":"Iron Hammer"},{"floor":34,"key":"Tiny Chest"}],"event_choices":[{"damage_healed":0,"gold_gain":0,"player_choice":"Forge","damage_taken":0,"max_hp_gain":0,"max_hp_loss":0,"event_name":"Accursed Blacksmith","floor":2,"gold_loss":0,"cards_upgraded":["Blood_Whip"]},{"damage_healed":0,"gold_gain":0,"player_choice":"Donut","damage_taken":0,"max_hp_gain":5,"max_hp_loss":0,"event_name":"Big Fish","floor":4,"gold_loss":0},{"damage_healed":0,"gold_gain":0,"player_choice":"Grow","damage_taken":0,"max_hp_gain":0,"max_hp_loss":0,"event_name":"Living Wall","floor":5,"gold_loss":0,"cards_upgraded":["Negative_Energy_Arrows"]},{"damage_healed":0,"gold_gain":0,"player_choice":"Read","damage_taken":0,"max_hp_gain":0,"max_hp_loss":0,"event_name":"The Library","floor":20,"gold_loss":0,"cards_obtained":["Stop_Heart"]},{"damage_healed":0,"gold_gain":0,"player_choice":"Got Potions","damage_taken":0,"max_hp_gain":0,"max_hp_loss":0,"event_name":"Lab","floor":21,"gold_loss":0},{"damage_healed":0,"gold_gain":0,"player_choice":"Obtained Relic","damage_taken":0,"relics_obtained":["Meat on the Bone"],"max_hp_gain":0,"max_hp_loss":0,"event_name":"Addict","floor":27,"gold_loss":85},{"damage_healed":0,"gold_gain":0,"player_choice":"Joined the Cult","damage_taken":6,"max_hp_gain":0,"max_hp_loss":0,"event_name":"Nest","floor":28,"gold_loss":0,"cards_obtained":["RitualDagger"]}],"is_beta":false,"boss_relics":[{"not_picked":["Kintsugi","Fusion Hammer"],"picked":"Replay:Grab Bag"},{"not_picked":["Cursed Key","Replay:Wanted Poster"],"picked":"Busted Crown"},{"not_picked":["Velvet Choker","Ectoplasm"],"picked":"Philosopher\u0027s Stone"},{"not_picked":["Snecko Eye","Replay:Drink Me"],"picked":"Astrolabe"}],"items_purged_floors":[],"is_endless":false,"potions_floor_spawned":[1,8,10,11,16,22,23,29,33],"killed_by":"Champ","ascension_level":0}}