{"host":"6xsbn6ynqlzwllfm","time":1612982729,"event":{"mods":["2.2 Compatiblity","BaseMod","Bestiary","Colored Map","Colored Powertips","Curses Come First","Highlight Path","Keyboard Shortcuts","Minty Spire (QoL Compilation)","Relic Stats","Slay the Relics Exporter","StSLib","SuperFastMode"],"gold_per_floor":[118,118,131,146,146,177,177,210,210,241,256,277,49,89,89,180,180,200,200,125,50,50,77,77,105,174,174,174,199,199,212,212,212,212],"floor_reached":33,"language":"ENG","playtime":1841,"items_purged":["Strike_P"],"score":1008,"play_id":"b612187f-56a1-42ae-9e63-1c61743db898","local_time":"20210210134529","daily_mods":["Diverse","Heirloom"],"is_ascension_mode":true,"campfire_choices":[{"data":"Armaments","floor":15,"key":"SMITH"},{"data":"Blade Dance","floor":24,"key":"SMITH"},{"data":"Adrenaline","floor":27,"key":"SMITH"},{"data":"Dual Wield","floor":30,"key":"SMITH"},{"data":"Pray","floor":32,"key":"SMITH"}],"circlet_count":0,"master_deck":["AscendersBane","Defend_P","Defend_P","Defend_P","Eruption","Vigilance","FearNoEvil","Blade Dance+1","All Out Attack","Meteor Strike","Headbutt","Armaments+1","Beam Cell","Adrenaline+1","Dark Embrace","Reaper","Storm of Steel","Dual Wield+1","Evaluate","ConjureBlade","Bloodletting","Pray+1"],"relics":["HolyWater","Turnip","Bloody Idol","Ornamental Fan","Mummified Hand","Yang","Letter Opener","Torii","Ginger","Blood Vial","Molten Egg 2","GoldenEye"],"acts_visited":["Exordium","TheCity"],"potions_floor_usage":[6,8,14,25,31,33],"damage_taken":[{"damage":9,"enemies":"Jaw Worm","floor":1,"turns":7},{"damage":5,"enemies":"Small Slimes","floor":3,"turns":4},{"damage":0,"enemies":"Cultist","floor":4,"turns":2},{"damage":12,"enemies":"Lagavulin","floor":6,"turns":4},{"damage":0,"enemies":"Gremlin Nob","floor":8,"turns":2},{"damage":6,"enemies":"Lagavulin","floor":10,"turns":7},{"damage":0,"enemies":"Exordium Thugs","floor":11,"turns":5},{"damage":12,"enemies":"Blue Slaver","floor":12,"turns":4},{"damage":0,"enemies":"Gremlin Nob","floor":14,"turns":2},{"damage":0,"enemies":"Slime Boss","floor":16,"turns":4},{"damage":0,"enemies":"Spheric Guardian","floor":18,"turns":3},{"damage":0,"enemies":"Book of Stabbing","floor":23,"turns":2},{"damage":42,"enemies":"Gremlin Leader","floor":25,"turns":5},{"damage":0,"enemies":"Book of Stabbing","floor":29,"turns":4},{"damage":0,"enemies":"3 Byrds","floor":31,"turns":2},{"damage":107,"enemies":"Collector","floor":33,"turns":9}],"seed_played":"-4229146745860812884","potions_obtained":[{"floor":3,"key":"FearPotion"},{"floor":4,"key":"FearPotion"},{"floor":10,"key":"DistilledChaos"},{"floor":16,"key":"SpeedPotion"},{"floor":23,"key":"ColorlessPotion"},{"floor":25,"key":"ColorlessPotion"},{"floor":29,"key":"DuplicationPotion"}],"is_trial":true,"path_per_floor":["M","?","M","M","?","E","?","E","T","E","M","M","$","E","R","B",null,"M","?","?","$","?","E","R","E","T","R","?","E","R","M","R","B"],"character_chosen":"WATCHER","items_purchased":["Adrenaline","Dark Embrace"],"campfire_rested":0,"item_purchase_floors":[13,13],"current_hp_per_floor":[52,52,47,47,47,35,35,35,35,29,29,17,17,17,17,29,54,54,54,54,54,54,60,60,25,30,30,30,37,37,48,48,0,0],"gold":212,"neow_bonus":"","is_daily":false,"chose_seed":false,"campfire_upgraded":5,"win_rate":0.0,"timestamp":1612982729,"path_taken":["M","?","M","M","?","E","?","E","T","E","?","M","?","E","R","BOSS","M","?","?","$","?","E","R","E","T","R","?","E","R","M","R","BOSS"],"items_purchased_type":["Card","Card"],"build_version":"2020-12-22","purchased_purges":1,"victory":false,"max_hp_per_floor":[68,62,62,62,62,62,62,62,62,62,62,62,62,62,62,62,62,62,62,62,62,62,62,62,62,62,62,62,62,62,62,62,62,62],"relic_stats":{"Blood Vial":6,"Torii":4,"counters":[16,66],"Ornamental Fan":[180],"Mummified Hand":[15],"Bloody Idol":25,"Yang":[182],"Turnip":[13],"Letter Opener":[190],"Ginger":[7],"GoldenEye":[0],"obtain_stats":[{"Torii":14,"Golden Idol":2,"Yang":9,"Letter Opener":10,"Ginger":23,"GoldenEye":29,"Blood Vial":25,"Ornamental Fan":6,"Mummified Hand":8,"Bloody Idol":19,"HolyWater":17,"Molten Egg 2":26,"Turnip":0,"PureWater":0},{"Torii":9,"Golden Idol":1,"Yang":5,"Letter Opener":6,"Ginger":12,"GoldenEye":14,"Blood Vial":13,"Ornamental Fan":4,"Mummified Hand":5,"Bloody Idol":11,"HolyWater":10,"Molten Egg 2":13,"Turnip":0,"PureWater":0},{"Torii":37,"Golden Idol":7,"Yang":19,"Letter Opener":26,"Ginger":46,"GoldenEye":55,"Blood Vial":51,"Ornamental Fan":17,"Mummified Hand":19,"Bloody Idol":44,"HolyWater":41,"Molten Egg 2":51,"Turnip":0,"PureWater":0}]},"card_choices":[{"not_picked":["Gash","Darkness"],"picked":"FearNoEvil","floor":1},{"not_picked":["Turbo","Body Slam"],"picked":"Blade Dance","floor":3},{"not_picked":["Dagger Throw","Rebound"],"picked":"All Out Attack","floor":4},{"not_picked":["Exhume","Underhanded Strike"],"picked":"Headbutt","floor":6},{"not_picked":["Tactician","Eviscerate"],"picked":"Armaments","floor":8},{"not_picked":["Sword Boomerang","Redo","Pommel Strike"],"picked":"SKIP","floor":10},{"not_picked":["Protect","Cleave"],"picked":"Beam Cell","floor":11},{"not_picked":["ClearTheMind","Storm","Go for the Eyes"],"picked":"SKIP","floor":12},{"not_picked":["EmptyBody","Tactician"],"picked":"Reaper","floor":14},{"not_picked":["Barricade","LessonLearned"],"picked":"Storm of Steel","floor":16},{"not_picked":["Indignation","Redo"],"picked":"Dual Wield","floor":18},{"not_picked":["PathToVictory","Bane"],"picked":"Evaluate","floor":23},{"not_picked":["Fasting2","PiercingWail+1"],"picked":"ConjureBlade","floor":25},{"not_picked":["Thunderclap+1","Hologram"],"picked":"Bloodletting","floor":29},{"not_picked":["Warcry","Acrobatics"],"picked":"Pray","floor":31}],"player_experience":1437067,"relics_obtained":[{"floor":6,"key":"Ornamental Fan"},{"floor":8,"key":"Mummified Hand"},{"floor":9,"key":"Yang"},{"floor":10,"key":"Letter Opener"},{"floor":14,"key":"Torii"},{"floor":23,"key":"Ginger"},{"floor":25,"key":"Blood Vial"},{"floor":26,"key":"Molten Egg 2"},{"floor":29,"key":"GoldenEye"}],"event_choices":[{"damage_healed":0,"gold_gain":0,"player_choice":"Lose Max HP","damage_taken":0,"relics_obtained":["Golden Idol"],"max_hp_gain":0,"max_hp_loss":6,"event_name":"Golden Idol","floor":2,"gold_loss":0},{"damage_healed":0,"gold_gain":0,"cards_transformed":["Strike_P"],"player_choice":"Change","damage_taken":0,"max_hp_gain":0,"max_hp_loss":0,"event_name":"Living Wall","floor":5,"gold_loss":0,"cards_obtained":["Meteor Strike"]},{"cards_removed":["Strike_P"],"damage_healed":0,"gold_gain":0,"player_choice":"Purged","damage_taken":0,"max_hp_gain":0,"max_hp_loss":0,"event_name":"Purifier","floor":7,"gold_loss":0},{"damage_healed":0,"gold_gain":0,"player_choice":"Gave Idol","damage_taken":0,"relics_obtained":["Bloody Idol"],"max_hp_gain":0,"max_hp_loss":0,"event_name":"Forgotten Altar","floor":19,"relics_lost":["Golden Idol"],"gold_loss":0},{"cards_removed":["Strike_P"],"damage_healed":0,"gold_gain":0,"player_choice":"Gave Gold","damage_taken":0,"max_hp_gain":0,"max_hp_loss":0,"event_name":"Beggar","floor":20,"gold_loss":75},{"damage_healed":0,"gold_gain":0,"player_choice":"Ignored","damage_taken":0,"max_hp_gain":0,"max_hp_loss":0,"event_name":"Vampires","floor":22,"gold_loss":0},{"cards_removed":["Defend_P"],"damage_healed":0,"gold_gain":0,"player_choice":"Elegance","damage_taken":0,"max_hp_gain":0,"max_hp_loss":0,"event_name":"Back to Basics","floor":28,"gold_loss":0}],"is_beta":false,"boss_relics":[{"not_picked":["Velvet Choker","Philosopher\u0027s Stone"],"picked":"HolyWater"}],"items_purged_floors":[21],"is_endless":false,"potions_floor_spawned":[3,4,10,16,23,25,29],"killed_by":"Collector","ascension_level":20}}