{"host":"xg4r5pv6chpuampg","time":1612961659,"event":{"mods":["AchievementEnabler","BaseMod","Googly Eyes","Minty Spire (QoL Compilation)"],"gold_per_floor":[113,288,288,118,134,162,162,178,224,247,247,261,288,306,306,407,407,421,435,121,141,141,141,141,141],"floor_reached":24,"language":"ENG","playtime":1359,"items_purged":["Doubt"],"score":243,"play_id":"1afe1d78-ecea-48e1-b0c2-ca4a3de52532","local_time":"20210210155419","is_ascension_mode":true,"campfire_choices":[{"floor":7.0,"key":"RECALL"},{"floor":11.0,"key":"REST"},{"floor":15.0,"key":"REST"},{"floor":23,"key":"REST"}],"circlet_count":0,"master_deck":["Strike_B","Strike_B","Strike_B","Strike_B","Defend_B","Defend_B","Defend_B","Defend_B","Zap","Dualcast","Glacier+1","Redo","Loop+1","Doom and Gloom","Gash","Blizzard","FTL","Storm","Gash","Conserve Battery+1"],"relics":["Cracked Core","NeowsBlessing","Nunchaku","Odd Mushroom","FossilizedHelix","Nuclear Battery","OrangePellets"],"acts_visited":["Exordium","TheCity"],"potions_floor_usage":[18,20],"damage_taken":[{"damage":0.0,"enemies":"Cultist","floor":1.0,"turns":1.0},{"damage":0.0,"enemies":"Jaw Worm","floor":5.0,"turns":1.0},{"damage":0.0,"enemies":"Lagavulin","floor":6.0,"turns":1.0},{"damage":8.0,"enemies":"Small Slimes","floor":8.0,"turns":3.0},{"damage":33.0,"enemies":"The Mushroom Lair","floor":10.0,"turns":4.0},{"damage":4.0,"enemies":"Exordium Wildlife","floor":12.0,"turns":5.0},{"damage":17.0,"enemies":"3 Sentries","floor":13.0,"turns":8.0},{"damage":0.0,"enemies":"2 Fungi Beasts","floor":14.0,"turns":2.0},{"damage":48.0,"enemies":"Hexaghost","floor":16.0,"turns":12.0},{"damage":3,"enemies":"Spheric Guardian","floor":18,"turns":4},{"damage":16,"enemies":"Chosen","floor":19,"turns":5},{"damage":34,"enemies":"Sentry and Sphere","floor":21,"turns":8},{"damage":58,"enemies":"Book of Stabbing","floor":24,"turns":7}],"seed_played":"8003536580653724475","potions_obtained":[{"floor":1.0,"key":"PowerPotion"},{"floor":5.0,"key":"BlessingOfTheForge"},{"floor":13.0,"key":"EssenceOfDarkness"},{"floor":14.0,"key":"FocusPotion"},{"floor":16.0,"key":"DuplicationPotion"},{"floor":18,"key":"Fruit Juice"}],"is_trial":false,"path_per_floor":["M","?","?","$","M","E","R","M","T","?","R","M","E","M","R","B",null,"M","M","$","M","?","R","E"],"character_chosen":"DEFECT","items_purchased":["Redo","Loop","Doom and Gloom","Fruit Juice","OrangePellets"],"campfire_rested":3,"item_purchase_floors":[4,4,4,20,20],"current_hp_per_floor":[75,75,75,75,75,75,75,67,67,34,56,52,35,35,57,9,75,77,61,66,32,32,57,0,0],"gold":141,"neow_bonus":"THREE_ENEMY_KILL","is_daily":false,"chose_seed":false,"campfire_upgraded":0,"win_rate":0.0,"timestamp":1612961659,"path_taken":["M","?","?","?","M","E","R","M","T","?","R","?","E","M","R","BOSS","M","M","$","M","?","R","E"],"items_purchased_type":["Card","Card","Card","Potion","Relic"],"build_version":"2020-12-22","purchased_purges":1,"victory":false,"max_hp_per_floor":[75,75,75,75,75,75,75,75,75,75,75,75,75,75,75,75,75,80,80,85,85,85,85,85,85],"card_choices":[{"not_picked":["Force Field","Leap"],"picked":"Glacier","floor":1.0},{"not_picked":["Coolheaded","Melter"],"picked":"Gash","floor":5.0},{"not_picked":["Consume","Turbo","Hyperbeam"],"picked":"SKIP","floor":6.0},{"not_picked":["Streamline","Stack","Beam Cell"],"picked":"SKIP","floor":8.0},{"not_picked":["Skim","Streamline"],"picked":"Blizzard","floor":10.0},{"not_picked":["Cold Snap","Rebound"],"picked":"FTL","floor":12.0},{"not_picked":["Skim","Auto Shields","Reprogram"],"picked":"SKIP","floor":13.0},{"not_picked":["All For One","Coolheaded"],"picked":"Storm","floor":14.0},{"not_picked":["Steam Power","Conserve Battery+1"],"picked":"Gash","floor":18},{"not_picked":["Coolheaded+1","Storm","Barrage"],"picked":"SKIP","floor":19},{"not_picked":["Ball Lightning","Rebound"],"picked":"Conserve Battery+1","floor":21}],"player_experience":100837,"relics_obtained":[{"floor":6.0,"key":"Nunchaku"},{"floor":10.0,"key":"Odd Mushroom"},{"floor":13.0,"key":"FossilizedHelix"}],"event_choices":[{"damage_healed":0.0,"max_hp_gain":0.0,"max_hp_loss":0.0,"gold_gain":175.0,"event_name":"Liars Game","player_choice":"AGREE","floor":2.0,"gold_loss":0.0,"damage_taken":0.0,"cards_obtained":["Doubt"]},{"damage_healed":0.0,"max_hp_gain":0.0,"max_hp_loss":0.0,"gold_gain":0.0,"event_name":"Living Wall","player_choice":"Grow","floor":3.0,"gold_loss":0.0,"damage_taken":0.0,"cards_upgraded":["Glacier"]},{"damage_healed":0.0,"max_hp_gain":0.0,"max_hp_loss":0.0,"gold_gain":0.0,"event_name":"Mushrooms","player_choice":"Fought Mushrooms","floor":10.0,"gold_loss":0.0,"damage_taken":0.0},{"damage_healed":0,"gold_gain":0,"player_choice":"Upgraded","damage_taken":0,"max_hp_gain":0,"max_hp_loss":0,"event_name":"Upgrade Shrine","floor":22,"gold_loss":0,"cards_upgraded":["Loop"]}],"is_beta":false,"boss_relics":[{"not_picked":["Pandora\u0027s Box","Cursed Key"],"picked":"Nuclear Battery"}],"items_purged_floors":[20],"is_endless":false,"potions_floor_spawned":[1,5,13,14,16,18],"killed_by":"Book of Stabbing","ascension_level":1}}