{"host":"1bzbl1adcbkdzqlf","time":1612930826,"event":{"mods":["BaseMod","Minty Spire (QoL Compilation)","Slay the Relics Exporter"],"gold_per_floor":[116,133,133,208,227,261,261,287,311,311,343,416,442,412,412,519,546,567,577,282,307,153,162,171,171,171,193,225,247,275,309,309,309,309],"floor_reached":33,"language":"ENG","playtime":1381,"items_purged":[],"score":505,"play_id":"36afc879-d286-484b-abf5-39d4410d4979","local_time":"20210209222026","is_ascension_mode":true,"campfire_choices":[{"data":"Perfected Strike","floor":7,"key":"SMITH"},{"floor":10,"key":"REST"},{"floor":15,"key":"REST"},{"floor":23,"key":"REST"},{"data":"RitualDagger","floor":25,"key":"SMITH"},{"data":"Armaments","floor":32,"key":"SMITH"}],"circlet_count":0,"master_deck":["AscendersBane","Strike_R","Strike_R","Strike_R","Strike_R","Strike_R","Defend_R+1","Bash","Perfected Strike+1","Carnage+1","Perfected Strike+1","Intimidate","Pommel Strike","Shockwave+1","Impervious","Demon Form+1","Intimidate+1","Sever Soul+1","Cleave+1","Armaments+1","RitualDagger+1","Rupture+1","Inflame","Fire Breathing","Heavy Blade+1"],"relics":["Mark of Pain","Blood Vial","Potion Belt","PreservedInsect","Regal Pillow","CeramicFish","Lantern","Astrolabe","Whetstone","Nunchaku","Dream Catcher","Vajra","StrikeDummy","Bag of Preparation","War Paint"],"acts_visited":["Exordium","TheCity"],"potions_floor_usage":[6,8,16,16,16,16,28,31,33,33],"damage_taken":[{"damage":2,"enemies":"Jaw Worm","floor":1,"turns":3},{"damage":7,"enemies":"Small Slimes","floor":2,"turns":4},{"damage":1,"enemies":"2 Louse","floor":5,"turns":2},{"damage":25,"enemies":"3 Sentries","floor":6,"turns":5},{"damage":32,"enemies":"Gremlin Nob","floor":8,"turns":4},{"damage":15,"enemies":"Lagavulin","floor":11,"turns":4},{"damage":0,"enemies":"Lagavulin Event","floor":12,"turns":2},{"damage":28,"enemies":"Hexaghost","floor":16,"turns":5},{"damage":8,"enemies":"Spheric Guardian","floor":18,"turns":3},{"damage":19,"enemies":"2 Thieves","floor":19,"turns":3},{"damage":19,"enemies":"Centurion and Healer","floor":27,"turns":4},{"damage":0,"enemies":"Book of Stabbing","floor":28,"turns":2},{"damage":0,"enemies":"Snake Plant","floor":29,"turns":2},{"damage":12,"enemies":"3 Cultists","floor":30,"turns":4},{"damage":7,"enemies":"Gremlin Leader","floor":31,"turns":3},{"damage":74,"enemies":"Collector","floor":33,"turns":6}],"seed_played":"-1156718572433554572","potions_obtained":[{"floor":2,"key":"Ancient Potion"},{"floor":5,"key":"Explosive Potion"},{"floor":6,"key":"Block Potion"},{"floor":12,"key":"SteroidPotion"},{"floor":14,"key":"CultistPotion"},{"floor":14,"key":"AttackPotion"},{"floor":19,"key":"Swift Potion"},{"floor":27,"key":"Fire Potion"},{"floor":30,"key":"GamblersBrew"},{"floor":31,"key":"SkillPotion"}],"is_trial":false,"path_per_floor":["M","M","?","?","M","E","R","E","T","R","E","?","T","?","R","B",null,"M","M","$","T","$","R","?","R","T","M","E","M","M","E","R","B"],"character_chosen":"IRONCLAD","items_purchased":["Whetstone","Nunchaku","Vajra"],"campfire_rested":3,"item_purchase_floors":[20,20,22],"current_hp_per_floor":[70,63,68,57,56,31,31,1,1,26,13,15,15,15,55,29,71,65,48,48,48,48,85,79,79,79,62,64,66,56,51,51,0,0],"gold":309,"neow_bonus":"BOSS_RELIC","is_daily":false,"chose_seed":false,"campfire_upgraded":3,"win_rate":0.0,"timestamp":1612930826,"path_taken":["M","M","?","?","M","E","R","E","T","R","E","?","?","?","R","BOSS","M","M","$","?","$","R","?","R","T","M","E","?","M","E","R","BOSS"],"items_purchased_type":["Relic","Relic","Relic"],"build_version":"2020-12-22","purchased_purges":0,"victory":false,"max_hp_per_floor":[80,80,85,85,85,85,85,85,85,85,85,85,85,85,85,85,85,85,85,85,85,85,85,85,85,85,85,85,85,85,85,85,85,85],"card_choices":[{"not_picked":["Twin Strike","Rage"],"picked":"Perfected Strike","floor":1},{"not_picked":["Metallicize","Entrench"],"picked":"Carnage","floor":2},{"not_picked":["Clash","True Grit"],"picked":"Perfected Strike","floor":5},{"not_picked":["Barricade","Body Slam"],"picked":"Intimidate","floor":6},{"not_picked":["Reckless Charge","Searing Blow"],"picked":"Pommel Strike","floor":8},{"not_picked":["Entrench","Berserk","Infernal Blade"],"picked":"SKIP","floor":11},{"not_picked":["Twin Strike","Shrug It Off"],"picked":"Shockwave","floor":12},{"not_picked":["Barricade","Juggernaut"],"picked":"Impervious","floor":16},{"not_picked":["Pommel Strike","Rage"],"picked":"Cleave+1","floor":18},{"not_picked":["Havoc","Iron Wave","Pommel Strike"],"picked":"SKIP","floor":19},{"not_picked":["Searing Blow","Shrug It Off"],"picked":"Armaments","floor":23},{"not_picked":["Seeing Red","Burning Pact+1"],"picked":"Rupture+1","floor":27},{"not_picked":["Pummel","Reckless Charge+1","Metallicize"],"picked":"SKIP","floor":28},{"not_picked":["Anger","Infernal Blade"],"picked":"Inflame","floor":29},{"not_picked":["Havoc+1","Hemokinesis"],"picked":"Fire Breathing","floor":30},{"not_picked":["Dropkick","Shrug It Off"],"picked":"Heavy Blade+1","floor":31}],"player_experience":409720,"relics_obtained":[{"floor":6,"key":"Blood Vial"},{"floor":8,"key":"Potion Belt"},{"floor":9,"key":"PreservedInsect"},{"floor":11,"key":"Regal Pillow"},{"floor":13,"key":"Lantern"},{"floor":21,"key":"Dream Catcher"},{"floor":26,"key":"StrikeDummy"},{"floor":28,"key":"Bag of Preparation"},{"floor":31,"key":"War Paint"}],"event_choices":[{"damage_healed":0,"gold_gain":0,"player_choice":"Donut","damage_taken":0,"max_hp_gain":5,"max_hp_loss":0,"event_name":"Big Fish","floor":3,"gold_loss":0},{"damage_healed":0,"gold_gain":75,"player_choice":"Gather Gold","damage_taken":11,"max_hp_gain":0,"max_hp_loss":0,"event_name":"World of Goop","floor":4,"gold_loss":0},{"damage_healed":0,"gold_gain":0,"player_choice":"Searched \u00273\u0027 times","damage_taken":0,"relics_obtained":["CeramicFish"],"max_hp_gain":0,"max_hp_loss":0,"event_name":"Dead Adventurer","floor":12,"gold_loss":0},{"damage_healed":0,"gold_gain":0,"player_choice":"Bought 2 Potions","damage_taken":0,"max_hp_gain":0,"max_hp_loss":0,"event_name":"The Woman in Blue","floor":14,"gold_loss":0},{"damage_healed":0,"gold_gain":0,"player_choice":"Joined the Cult","damage_taken":6,"max_hp_gain":0,"max_hp_loss":0,"event_name":"Nest","floor":24,"gold_loss":0,"cards_obtained":["RitualDagger"]}],"is_beta":false,"boss_relics":[{"not_picked":["Velvet Choker","Pandora\u0027s Box"],"picked":"Astrolabe"}],"items_purged_floors":[],"is_endless":false,"potions_floor_spawned":[2,5,6,12,19,27,30,31],"killed_by":"Collector","ascension_level":11}}