{"host":"2qv44oxt58ptq59r","time":1612990924,"event":{"mods":["AchievementEnabler","BaseMod","Colored Powertips","Highlight Path","Minty Spire (QoL Compilation)","Permanent Neow","StSLib"],"gold_per_floor":[112,131,30,40,54,54,2,21,45,70,70,84,112,126,126,226,226,240,240,240,255,33,33,49,49,74,89,89,108,108,78,78,180,180,199,9,29,29,29],"floor_reached":38,"language":"ENG","playtime":3336,"items_purged":["Strike_R"],"score":524,"play_id":"f17b3aba-2a5b-4f8c-8ba1-0cdd7af9d252","local_time":"20210210210204","is_ascension_mode":true,"campfire_choices":[{"data":"Bash","floor":6.0,"key":"SMITH"},{"floor":11.0,"key":"REST"},{"data":"Inflame","floor":15.0,"key":"SMITH"},{"data":"1","floor":23.0,"key":"LIFT"},{"data":"2","floor":25.0,"key":"LIFT"},{"floor":28.0,"key":"REST"},{"data":"3","floor":30.0,"key":"LIFT"},{"data":"Limit Break","floor":32.0,"key":"SMITH"}],"circlet_count":0,"master_deck":["Strike_R","Strike_R","Strike_R","Defend_R","Defend_R","Defend_R","Defend_R","Bash+1","Carnage","Thunderclap","Sword Boomerang","Cleave","Rage","Inflame+1","Blood for Blood","Juggernaut","Whirlwind","Limit Break+1","Shrug It Off","Fire Breathing","Demon Form","CurseOfTheBell","Metallicize","Armaments"],"relics":["Burning Blood","Art of War","Blood Vial","Ancient Tea Set","Busted Crown","Girya","Vajra","Anchor","Calling Bell","Akabeko","The Courier","Champion Belt","MealTicket"],"acts_visited":["Exordium","TheCity","TheBeyond"],"potions_floor_usage":[38],"damage_taken":[{"damage":0.0,"enemies":"Cultist","floor":1.0,"turns":3.0},{"damage":14.0,"enemies":"Jaw Worm","floor":2.0,"turns":4.0},{"damage":12.0,"enemies":"Small Slimes","floor":4.0,"turns":2.0},{"damage":10.0,"enemies":"Exordium Thugs","floor":5.0,"turns":4.0},{"damage":0.0,"enemies":"3 Louse","floor":8.0,"turns":2.0},{"damage":25.0,"enemies":"Lagavulin","floor":10.0,"turns":6.0},{"damage":7.0,"enemies":"Gremlin Gang","floor":12.0,"turns":5.0},{"damage":17.0,"enemies":"3 Sentries","floor":13.0,"turns":5.0},{"damage":0.0,"enemies":"Exordium Wildlife","floor":14.0,"turns":3.0},{"damage":57.0,"enemies":"Hexaghost","floor":16.0,"turns":8.0},{"damage":12.0,"enemies":"Chosen","floor":18.0,"turns":4.0},{"damage":17.0,"enemies":"Spheric Guardian","floor":21.0,"turns":4.0},{"damage":18.0,"enemies":"Snake Plant","floor":24.0,"turns":2.0},{"damage":18.0,"enemies":"Shelled Parasite and Fungi","floor":27.0,"turns":3.0},{"damage":4.0,"enemies":"Centurion and Healer","floor":29.0,"turns":3.0},{"damage":42.0,"enemies":"Champ","floor":33.0,"turns":8.0},{"damage":14.0,"enemies":"3 Darklings","floor":35.0,"turns":4.0},{"damage":0,"enemies":"3 Shapes","floor":37,"turns":6},{"damage":77,"enemies":"2 Orb Walkers","floor":38,"turns":3}],"seed_played":"-3627100806580163564","potions_obtained":[{"floor":2.0,"key":"ColorlessPotion"},{"floor":4.0,"key":"SpeedPotion"},{"floor":10.0,"key":"AttackPotion"},{"floor":13.0,"key":"Energy Potion"},{"floor":16.0,"key":"EssenceOfSteel"},{"floor":21.0,"key":"Weak Potion"},{"floor":29.0,"key":"SkillPotion"},{"floor":31.0,"key":"Dexterity Potion"},{"floor":31.0,"key":"EssenceOfSteel"},{"floor":37,"key":"PowerPotion"}],"is_trial":false,"path_per_floor":["M","M","$","M","M","R","$","M","T","E","R","M","E","M","R","B",null,"M","?","?","M","$","R","M","R","T","M","R","M","R","?","R","B",null,"M","$","M","?"],"character_chosen":"IRONCLAD","items_purchased":["CultistPotion","Block Potion","Vajra","MealTicket","Metallicize","Armaments"],"campfire_rested":2,"item_purchase_floors":[3,7,22,36,36,36],"current_hp_per_floor":[78,70,70,64,60,60,60,66,66,47,71,72,63,71,71,22,66,62,62,62,53,53,53,43,43,43,33,57,61,61,61,61,27,67,61,61,69,0,0],"gold":29,"neow_bonus":"TRANSFORM_CARD","is_daily":false,"chose_seed":false,"campfire_upgraded":3,"win_rate":0.0,"timestamp":1612990924,"path_taken":["M","M","?","M","M","R","$","M","T","E","R","?","E","M","R","BOSS","M","?","?","M","$","R","M","R","T","M","R","?","R","?","R","BOSS","M","$","?","?"],"items_purchased_type":["Potion","Potion","Relic","Relic","Card","Card"],"build_version":"2020-12-22","purchased_purges":1,"victory":false,"max_hp_per_floor":[80,80,80,80,80,80,80,80,80,80,80,80,80,80,80,80,80,80,80,80,80,80,80,80,80,80,80,80,80,80,80,80,80,80,80,80,80,80,80],"card_choices":[{"not_picked":["Clash","Armaments"],"picked":"Thunderclap","floor":1.0},{"not_picked":["Heavy Blade","Wild Strike"],"picked":"Sword Boomerang","floor":2.0},{"not_picked":["Dark Embrace","Heavy Blade"],"picked":"Cleave","floor":4.0},{"not_picked":["Disarm","Flame Barrier"],"picked":"Rage","floor":5.0},{"not_picked":["Warcry","Pommel Strike"],"picked":"Inflame","floor":8.0},{"not_picked":["Pommel Strike","Offering"],"picked":"Blood for Blood","floor":10.0},{"not_picked":["Anger","Power Through","Iron Wave"],"picked":"SKIP","floor":12.0},{"not_picked":["Warcry","True Grit"],"picked":"Juggernaut","floor":13.0},{"not_picked":["Rage","Reckless Charge"],"picked":"Whirlwind","floor":14.0},{"not_picked":["Double Tap","Fiend Fire"],"picked":"Limit Break","floor":16.0},{"not_picked":[],"picked":"Shrug It Off","floor":18.0},{"not_picked":[],"picked":"Fire Breathing","floor":21.0},{"not_picked":["Iron Wave+1"],"picked":"SKIP","floor":24.0},{"not_picked":["Havoc"],"picked":"SKIP","floor":27.0},{"not_picked":["Thunderclap"],"picked":"SKIP","floor":29.0},{"not_picked":[],"picked":"Demon Form","floor":33.0},{"not_picked":["Anger+1"],"picked":"SKIP","floor":35.0},{"not_picked":["Dual Wield"],"picked":"SKIP","floor":37}],"player_experience":5668386,"relics_obtained":[{"floor":9.0,"key":"Art of War"},{"floor":10.0,"key":"Blood Vial"},{"floor":13.0,"key":"Ancient Tea Set"},{"floor":20.0,"key":"Girya"},{"floor":26.0,"key":"Anchor"},{"floor":34.0,"key":"Akabeko"},{"floor":34.0,"key":"The Courier"},{"floor":34.0,"key":"Champion Belt"}],"event_choices":[{"damage_healed":0.0,"max_hp_gain":0.0,"max_hp_loss":0.0,"gold_gain":0.0,"event_name":"Cursed Tome","player_choice":"Ignored","floor":19.0,"gold_loss":0.0,"damage_taken":0.0},{"damage_healed":0.0,"max_hp_gain":0.0,"max_hp_loss":0.0,"gold_gain":0.0,"event_name":"Wheel of Change","player_choice":"Relic","floor":20.0,"gold_loss":0.0,"damage_taken":0.0},{"damage_healed":0.0,"max_hp_gain":0.0,"max_hp_loss":0.0,"gold_gain":0.0,"event_name":"The Woman in Blue","player_choice":"Bought 2 Potions","floor":31.0,"gold_loss":0.0,"damage_taken":0.0},{"damage_healed":0,"gold_gain":0,"player_choice":"Fight","damage_taken":0,"max_hp_gain":0,"max_hp_loss":0,"event_name":"Mysterious Sphere","floor":38,"gold_loss":0}],"is_beta":false,"boss_relics":[{"not_picked":["Runic Pyramid","Cursed Key"],"picked":"Busted Crown"},{"not_picked":["Astrolabe","Black Blood"],"picked":"Calling Bell"}],"items_purged_floors":[22],"is_endless":false,"potions_floor_spawned":[2,4,10,13,16,21,29,37],"killed_by":"2 Orb Walkers","ascension_level":7}}