{"host":"qs9tt0idvebcxhcs","time":1612927779,"event":{"mods":["BaseMod","Downfall","Friendly Minions","Highlight Path","Minty Spire (QoL Compilation)","StSLib","Synergy Search","The Administrix"],"gold_per_floor":[99,118,136,136,136,147,147,180,192,204,233,14,28,28,40,136,136,136,149,108,108,3,19,19,49,49,64,81,81,81,81],"floor_reached":29,"language":"ENG","playtime":2924,"items_purged":["Guardian:Strike_Guardian"],"score":270,"play_id":"1dd43a93-2e87-4a3d-9653-a28f4f12a97a","local_time":"20210210132939","is_ascension_mode":false,"campfire_choices":[{"data":"Apotheosis","floor":1.0,"key":"SMITH"},{"data":"Guardian:TwinSlam","floor":9.0,"key":"SMITH"},{"floor":18.0,"key":"RECALL"},{"floor":26,"key":"REST"}],"circlet_count":0,"master_deck":["Guardian:CurlUp","Guardian:TwinSlam+1","Apotheosis+1","Guardian:BodySlam","Guardian:Incinerate","Guardian:ChargeCore","Guardian:StasisStrike","Guardian:StasisStrike","Guardian:RollAttack","Guardian:Clone","Guardian:ShieldSpikes","Guardian:PiercingHide+1","Guardian:Recover","Guardian:CrystalBeam","Guardian:Planning","Guardian:DecasProtection+1","Guardian:Gem_Green","Guardian:GuardianWhirl+1","Guardian:StasisField"],"relics":["Guardian:ModeShifter","Singing Bowl","Regal Pillow","MawBank","Pandora\u0027s Box","Ornamental Fan"],"acts_visited":["Exordium","TheCity"],"potions_floor_usage":[29],"damage_taken":[{"damage":0.0,"enemies":"2 Louse","floor":2.0,"turns":3.0},{"damage":6.0,"enemies":"Jaw Worm","floor":3.0,"turns":5.0},{"damage":0.0,"enemies":"Small Slimes","floor":6.0,"turns":4.0},{"damage":0.0,"enemies":"Lagavulin","floor":8.0,"turns":10.0},{"damage":13.0,"enemies":"Gremlin Gang","floor":11.0,"turns":4.0},{"damage":0.0,"enemies":"downfall:FleeingMerchant","floor":12.0,"turns":4.0},{"damage":0.0,"enemies":"Large Slime","floor":13.0,"turns":4.0},{"damage":10.0,"enemies":"Exordium Thugs","floor":15.0,"turns":3.0},{"damage":14.0,"enemies":"SI_SHIV_ARCHETYPE","floor":16.0,"turns":9.0},{"damage":6.0,"enemies":"Chosen","floor":19.0,"turns":5.0},{"damage":6.0,"enemies":"downfall:FleeingMerchant","floor":20.0,"turns":4.0},{"damage":11.0,"enemies":"downfall:FleeingMerchant","floor":22.0,"turns":4.0},{"damage":10.0,"enemies":"Shell Parasite","floor":23.0,"turns":5.0},{"damage":21,"enemies":"Book of Stabbing","floor":25,"turns":5},{"damage":2,"enemies":"Snake Plant","floor":27,"turns":4},{"damage":0,"enemies":"Snecko","floor":28,"turns":5},{"damage":62,"enemies":"Gremlin Leader","floor":29,"turns":7}],"seed_played":"7127488898278488076","potions_obtained":[{"floor":6.0,"key":"bronze:BurnAndBuffPotion"},{"floor":11.0,"key":"bronze:BurnAndBuffPotion"},{"floor":15.0,"key":"sneckomod:MuddlingPotion"},{"floor":16.0,"key":"DistilledChaos"}],"is_trial":false,"path_per_floor":["R","M","M","?","T","M","T","E","R","?","M","$","M","?","M","B",null,"R","M","$","?","$","M","T","E","R","M","M","E"],"character_chosen":"GUARDIAN","items_purchased":["Guardian:StasisStrike","Guardian:Recover","Guardian:Gem_Purple","Guardian:Gem_Green"],"campfire_rested":1,"item_purchase_floors":[12,20,22,22],"current_hp_per_floor":[56,56,50,50,50,50,50,50,50,50,37,37,37,37,27,13,80,80,74,68,60,49,39,39,18,57,57,59,0,0,0],"gold":81,"neow_bonus":"RANDOM_COLORLESS_2","is_daily":false,"chose_seed":false,"campfire_upgraded":2,"win_rate":0.0,"timestamp":1612927779,"path_taken":["R","M","M","?","?","M","T","E","R","?","?","$","M","?","M","BOSS","R","M","$","?","$","M","T","E","R","?","M","E"],"items_purchased_type":["Card","Card","Card","Card"],"build_version":"2020-12-22","purchased_purges":1,"victory":false,"max_hp_per_floor":[80,80,80,80,80,80,80,80,80,80,80,80,80,80,80,80,80,80,80,80,80,80,80,80,80,80,82,84,84,84,84],"card_choices":[{"not_picked":["The Bomb","Thinking Ahead"],"picked":"Apotheosis","floor":0.0},{"not_picked":["Guardian:GuardianWhirl","Guardian:Gem_Cyan"],"picked":"Guardian:Gem_Green","floor":2.0},{"not_picked":["Guardian:Gem_Cyan","Guardian:TemporalShield"],"picked":"Guardian:BodySlam","floor":3.0},{"not_picked":["Guardian:CrystalBeam","Guardian:TemporalShield"],"picked":"Guardian:Gem_Cyan","floor":6.0},{"not_picked":["Guardian:EvasiveProtocol","Guardian:ShieldSpikes"],"picked":"Guardian:Incinerate","floor":8.0},{"not_picked":["Guardian:RefractedBeam","Guardian:Emergency"],"picked":"Guardian:Gem_White","floor":11.0},{"not_picked":["Guardian:TemporalStrike","Guardian:PrimingBeam"],"picked":"Guardian:ChargeCore","floor":12.0},{"not_picked":["Guardian:Gem_Cyan","Guardian:Reroute"],"picked":"Guardian:StasisStrike","floor":13.0},{"not_picked":["Guardian:Planning","Guardian:PolyBeam"],"picked":"Guardian:Gem_Green","floor":15.0},{"not_picked":["Guardian:SphericShield","Guardian:StasisStrike"],"picked":"Guardian:BaubleBeam","floor":16.0},{"not_picked":["Guardian:RollAttack","Guardian:VentSteam"],"picked":"Guardian:PiercingHide+1","floor":19.0},{"not_picked":["Guardian:Gem_Cyan","Guardian:BronzeOrb"],"picked":"Guardian:Gem_Yellow","floor":20.0},{"not_picked":["Guardian:Preprogram","Guardian:PolyBeam"],"picked":"Guardian:DecasProtection+1","floor":22.0},{"not_picked":["Guardian:TemporalShield","Guardian:Recover"],"picked":"Guardian:GuardianWhirl+1","floor":23.0},{"not_picked":["Guardian:SentryBeam","Guardian:Recover"],"picked":"Guardian:StasisField","floor":25},{"not_picked":["Guardian:RollAttack","Guardian:Gem_Fragmented","Guardian:ShieldSpikes"],"picked":"Singing Bowl","floor":27},{"not_picked":["Guardian:Reroute+1","Guardian:Harden","Guardian:TemporalStrike+1"],"picked":"Singing Bowl","floor":28}],"player_experience":372738,"relics_obtained":[{"floor":5.0,"key":"Singing Bowl"},{"floor":7.0,"key":"Regal Pillow"},{"floor":8.0,"key":"MawBank"},{"floor":25,"key":"Ornamental Fan"}],"event_choices":[{"cards_removed":["Guardian:Strike_Guardian"],"damage_healed":0.0,"max_hp_gain":0.0,"max_hp_loss":0.0,"gold_gain":0.0,"event_name":"The Cleric","player_choice":"Card Removal","floor":4.0,"gold_loss":0.0,"damage_taken":0.0},{"cards_removed":["Guardian:Strike_Guardian"],"damage_healed":0.0,"max_hp_gain":0.0,"max_hp_loss":0.0,"gold_gain":0.0,"event_name":"Bonfire Elementals","player_choice":"Offered Basic","floor":10.0,"gold_loss":0.0,"damage_taken":0.0}],"is_beta":false,"boss_relics":[{"not_picked":["bronze:MakeshiftBattery","SacredBark"],"picked":"Pandora\u0027s Box"}],"items_purged_floors":[12],"is_endless":false,"potions_floor_spawned":[6,11,15,16,23,25,27,28],"killed_by":"Gremlin Leader","ascension_level":0}}