{"host":"4ag909k4xupnj24b","time":1612954620,"event":{"mods":["BaseMod","Minty Spire (QoL Compilation)","StSLib"],"gold_per_floor":[119,134,146,161,177,177,216,216,241,241,263,263,306,335,335,335,335],"floor_reached":16,"language":"ENG","playtime":642,"items_purged":[],"score":205,"play_id":"386a1c31-db1b-4720-ae51-8e140ef17c6b","local_time":"20210210025700","is_ascension_mode":true,"campfire_choices":[{"floor":6,"key":"REST"},{"floor":10,"key":"REST"},{"floor":12,"key":"REST"},{"floor":15,"key":"REST"}],"circlet_count":0,"master_deck":["AscendersBane","Strike_B","Strike_B","Strike_B","Strike_B","Defend_B","Defend_B","Defend_B","Defend_B","Zap","Dualcast","Sweeping Beam","Rebound","Coolheaded","Consume","Genetic Algorithm","Coolheaded","Barrage","Biased Cognition","Biased Cognition"],"relics":["Inserter","CeramicFish","Art of War","Omamori","Tiny Chest"],"acts_visited":["Exordium"],"potions_floor_usage":[7,13,13],"damage_taken":[{"damage":7,"enemies":"Jaw Worm","floor":1,"turns":5},{"damage":5,"enemies":"Cultist","floor":2,"turns":4},{"damage":1,"enemies":"2 Louse","floor":3,"turns":2},{"damage":40,"enemies":"Exordium Thugs","floor":4,"turns":5},{"damage":8,"enemies":"Blue Slaver","floor":5,"turns":7},{"damage":8,"enemies":"Lagavulin","floor":7,"turns":9},{"damage":14,"enemies":"Large Slime","floor":11,"turns":6},{"damage":17,"enemies":"3 Sentries","floor":13,"turns":7},{"damage":9,"enemies":"Looter","floor":14,"turns":4},{"damage":45,"enemies":"Slime Boss","floor":16,"turns":6}],"seed_played":"1357444244681202747","potions_obtained":[{"floor":5,"key":"AttackPotion"},{"floor":7,"key":"PowerPotion"},{"floor":11,"key":"AttackPotion"},{"floor":13,"key":"EssenceOfSteel"}],"is_trial":false,"path_per_floor":["M","M","M","M","M","R","E","?","T","R","M","R","E","M","R","B"],"character_chosen":"DEFECT","items_purchased":[],"campfire_rested":4,"item_purchase_floors":[],"current_hp_per_floor":[57,52,51,11,3,24,16,16,16,37,23,44,27,18,39,0,0],"gold":335,"neow_bonus":"BOSS_RELIC","is_daily":false,"chose_seed":false,"campfire_upgraded":0,"win_rate":0.0,"timestamp":1612954620,"path_taken":["M","M","M","M","M","R","E","?","T","R","M","R","E","M","R","BOSS"],"items_purchased_type":[],"build_version":"2020-12-22","purchased_purges":0,"victory":false,"max_hp_per_floor":[71,71,71,71,71,71,71,71,71,71,71,71,71,71,71,71,71],"card_choices":[{"not_picked":["Turbo","Stack"],"picked":"Sweeping Beam","floor":1},{"not_picked":["Stack","Steam"],"picked":"Rebound","floor":2},{"not_picked":["Darkness","Streamline"],"picked":"Coolheaded","floor":3},{"not_picked":["Coolheaded","Streamline"],"picked":"Consume","floor":4},{"not_picked":["Rebound","Scrape"],"picked":"Genetic Algorithm","floor":5},{"not_picked":["Darkness","Steam Power"],"picked":"Coolheaded","floor":7},{"not_picked":["Hologram","Chaos"],"picked":"Barrage","floor":11},{"not_picked":["Steam","Coolheaded"],"picked":"Biased Cognition","floor":13},{"not_picked":["Sunder","Leap"],"picked":"Biased Cognition","floor":14}],"player_experience":891118,"relics_obtained":[{"floor":7,"key":"CeramicFish"},{"floor":9,"key":"Omamori"},{"floor":13,"key":"Tiny Chest"}],"event_choices":[{"damage_healed":0,"gold_gain":0,"player_choice":"Searched \u00271\u0027 times","damage_taken":0,"relics_obtained":["Art of War"],"max_hp_gain":0,"max_hp_loss":0,"event_name":"Dead Adventurer","floor":8,"gold_loss":0}],"is_beta":false,"boss_relics":[],"items_purged_floors":[],"is_endless":false,"potions_floor_spawned":[5,7,11,13],"killed_by":"Slime Boss","ascension_level":16}}