{"host":"e8rlfedn69rz2s07","time":1612993228,"event":{"mods":["AchievementEnabler","BaseMod","Minty Spire (QoL Compilation)","Permanent Neow","Relic Stats"],"gold_per_floor":[119,130,130,145,145,172,172,197,197,197,231,259,296,315,315,419,419,434,434,449,476,495,536,536,575,657,657,131,174,203,241,241,373,373,413,280,307,366,366,401,132,158,158,158,158],"floor_reached":44,"language":"ENG","playtime":7612,"items_purged":["Strike_P","Strike_P","Strike_P"],"score":722,"play_id":"5bbada36-e5e7-4944-be3d-0f5c1907c0a1","local_time":"20210210234028","is_ascension_mode":true,"campfire_choices":[{"floor":7.0,"key":"RECALL"},{"floor":10.0,"key":"REST"},{"floor":15.0,"key":"REST"},{"floor":24,"key":"REST"},{"floor":27,"key":"REST"},{"floor":32,"key":"REST"}],"circlet_count":0,"master_deck":["Strike_P+1","Defend_P","Defend_P","Defend_P","Defend_P","Eruption+1","Vigilance","CutThroughFate","Tantrum","EmptyFist","WheelKick","Tantrum+1","ConjureBlade","BowlingBash","Ragnarok","Ragnarok+1","Vengeance+1","Halt+1","EmptyBody","Adaptation","HandOfGreed","Blasphemy","Halt","Vault","Swivel+1","Halt","ClearTheMind","Master of Strategy","Violence","Dark Shackles","InnerPeace","LessonLearned"],"relics":["Fusion Hammer","Pear","Singing Bowl","Pantograph","CeramicFish","Smiling Mask","Black Star","Bag of Preparation","Vajra","Red Mask","Sling","Eternal Feather","Art of War","Runic Pyramid","CaptainsWheel","Ancient Tea Set","Whetstone","Lee\u0027s Waffle","Frozen Egg 2","Bird Faced Urn","Mummified Hand"],"acts_visited":["Exordium","TheCity","TheBeyond"],"potions_floor_usage":[23,33,40],"damage_taken":[{"damage":2.0,"enemies":"2 Louse","floor":1.0,"turns":3.0},{"damage":0.0,"enemies":"Small Slimes","floor":2.0,"turns":2.0},{"damage":7.0,"enemies":"Jaw Worm","floor":4.0,"turns":5.0},{"damage":10.0,"enemies":"Gremlin Nob","floor":6.0,"turns":3.0},{"damage":17.0,"enemies":"Lagavulin","floor":8.0,"turns":5.0},{"damage":0.0,"enemies":"Gremlin Nob","floor":11.0,"turns":2.0},{"damage":0.0,"enemies":"Lots of Slimes","floor":12.0,"turns":2.0},{"damage":3.0,"enemies":"3 Sentries","floor":13.0,"turns":3.0},{"damage":0.0,"enemies":"Exordium Wildlife","floor":14.0,"turns":1.0},{"damage":26.0,"enemies":"The Guardian","floor":16.0,"turns":9.0},{"damage":22.0,"enemies":"Shell Parasite","floor":18.0,"turns":4.0},{"damage":1.0,"enemies":"3 Byrds","floor":20.0,"turns":3.0},{"damage":4.0,"enemies":"Centurion and Healer","floor":21.0,"turns":4.0},{"damage":12.0,"enemies":"Shelled Parasite and Fungi","floor":22.0,"turns":2.0},{"damage":26,"enemies":"Slavers","floor":23,"turns":4},{"damage":0,"enemies":"Masked Bandits","floor":25,"turns":2},{"damage":25,"enemies":"Gremlin Leader","floor":29,"turns":4},{"damage":0,"enemies":"Cultist and Chosen","floor":30,"turns":3},{"damage":2,"enemies":"Sentry and Sphere","floor":31,"turns":3},{"damage":79,"enemies":"Champ","floor":33,"turns":9},{"damage":16,"enemies":"3 Shapes","floor":35,"turns":2},{"damage":0,"enemies":"Mind Bloom Boss Battle","floor":38,"turns":3},{"damage":28,"enemies":"Reptomancer","floor":40,"turns":4},{"damage":0,"enemies":"Nemesis","floor":42,"turns":6},{"damage":99999,"enemies":"Giant Head","floor":44,"turns":6}],"seed_played":"-3138693035029196158","potions_obtained":[{"floor":6.0,"key":"StancePotion"},{"floor":8.0,"key":"Block Potion"},{"floor":11.0,"key":"GamblersBrew"},{"floor":14.0,"key":"AttackPotion"},{"floor":29,"key":"Block Potion"},{"floor":30,"key":"BlessingOfTheForge"},{"floor":38,"key":"Ancient Potion"}],"is_trial":false,"path_per_floor":["M","M","?","M","?","E","R","E","T","R","E","M","E","M","R","B",null,"M","?","M","M","M","E","R","?","T","R","$","E","M","M","R","B",null,"M","$","?","?","?","E","$","E","T","E"],"character_chosen":"WATCHER","items_purchased":["Adaptation","HandOfGreed","Sling","LiquidMemories","Halt","ClearTheMind","Lee\u0027s Waffle","DistilledChaos"],"campfire_rested":5,"item_purchase_floors":[28,28,28,28,36,36,41,41],"current_hp_per_floor":[70,70,75,68,68,68,68,53,53,79,79,79,76,76,89,63,89,69,50,51,47,35,9,36,36,36,63,63,38,38,38,81,16,95,79,79,69,94,90,62,97,99,99,0,0],"gold":158,"neow_bonus":"BOSS_RELIC","is_daily":false,"chose_seed":false,"campfire_upgraded":0,"win_rate":0.0,"timestamp":1612993228,"path_taken":["M","M","?","M","?","E","R","E","T","R","E","M","E","M","R","BOSS","M","?","M","?","M","E","R","?","T","R","$","E","M","M","R","BOSS","M","$","?","?","?","E","?","E","T","E"],"items_purchased_type":["Card","Card","Relic","Potion","Card","Card","Relic","Potion"],"build_version":"2020-12-22","purchased_purges":3,"victory":false,"max_hp_per_floor":[72,72,77,77,77,87,87,89,89,89,89,89,89,89,89,89,89,91,91,93,93,93,93,93,93,93,93,93,93,93,95,95,95,95,95,95,95,95,90,90,97,99,99,99,99],"relic_stats":{"Lee\u0027s Waffle":35,"Singing Bowl":10,"counters":[25,93],"CeramicFish":198,"Eternal Feather":15,"Bag of Preparation":[20],"Whetstone":["Ragnarok","Tantrum"],"Smiling Mask":150,"Mummified Hand":[0],"Pantograph":39,"Bird Faced Urn":[0],"Black Star":4,"Art of War":[7],"obtain_stats":[{"Lee\u0027s Waffle":41,"Pear":6,"Singing Bowl":8,"CeramicFish":11,"Vajra":23,"Eternal Feather":29,"Bag of Preparation":23,"Whetstone":40,"Frozen Egg 2":42,"Smiling Mask":13,"Sling":28,"Ancient Tea Set":40,"CaptainsWheel":38,"Mummified Hand":43,"Pantograph":9,"Bird Faced Urn":42,"Fusion Hammer":0,"Black Star":17,"Red Mask":25,"Art of War":29,"PureWater":0,"Runic Pyramid":34},{"Lee\u0027s Waffle":23,"Pear":4,"Singing Bowl":5,"CeramicFish":6,"Vajra":15,"Eternal Feather":17,"Bag of Preparation":15,"Whetstone":23,"Frozen Egg 2":24,"Smiling Mask":8,"Sling":16,"Ancient Tea Set":23,"CaptainsWheel":22,"Mummified Hand":24,"Pantograph":5,"Bird Faced Urn":24,"Fusion Hammer":0,"Black Star":10,"Red Mask":16,"Art of War":17,"PureWater":0,"Runic Pyramid":20},{"Lee\u0027s Waffle":82,"Pear":13,"Singing Bowl":18,"CeramicFish":20,"Vajra":52,"Eternal Feather":58,"Bag of Preparation":52,"Whetstone":82,"Frozen Egg 2":88,"Smiling Mask":25,"Sling":54,"Ancient Tea Set":82,"CaptainsWheel":78,"Mummified Hand":88,"Pantograph":18,"Bird Faced Urn":88,"Fusion Hammer":0,"Black Star":35,"Red Mask":54,"Art of War":58,"PureWater":0,"Runic Pyramid":73}]},"card_choices":[{"not_picked":["ClearTheMind","Halt","CrushJoints"],"picked":"SKIP","floor":1.0},{"not_picked":["Consecrate","CrushJoints"],"picked":"CutThroughFate","floor":2.0},{"not_picked":["FollowUp","EmptyFist"],"picked":"Tantrum","floor":4.0},{"not_picked":["DevaForm","ReachHeaven"],"picked":"EmptyFist","floor":6.0},{"not_picked":["Judgement","CutThroughFate","EmptyFist"],"picked":"Singing Bowl","floor":8.0},{"not_picked":["Perseverance","Evaluate"],"picked":"WheelKick","floor":11.0},{"not_picked":["CutThroughFate","CrushJoints"],"picked":"Tantrum","floor":12.0},{"not_picked":["LikeWater","Prostrate"],"picked":"ConjureBlade","floor":13.0},{"not_picked":["FollowUp","Sanctity"],"picked":"BowlingBash","floor":14.0},{"not_picked":["DeusExMachina","Blasphemy"],"picked":"Ragnarok","floor":16.0},{"not_picked":["BowlingBash","CrushJoints+1","ReachHeaven"],"picked":"Singing Bowl","floor":18.0},{"not_picked":["Prostrate","ClearTheMind","Evaluate"],"picked":"Singing Bowl","floor":20.0},{"not_picked":["Evaluate","EmptyFist"],"picked":"Ragnarok","floor":21.0},{"not_picked":["FlyingSleeves","PathToVictory"],"picked":"Vengeance+1","floor":22.0},{"not_picked":["BattleHymn+1","Vengeance"],"picked":"Halt+1","floor":23},{"not_picked":["ForeignInfluence","DeceiveReality+1"],"picked":"EmptyBody","floor":25},{"not_picked":["EmptyBody+1","Conclude"],"picked":"Blasphemy","floor":29},{"not_picked":["PathToVictory+1","Study"],"picked":"Halt","floor":30},{"not_picked":["PathToVictory","Consecrate+1","Crescendo"],"picked":"Singing Bowl","floor":31},{"not_picked":["Establishment","DeusExMachina"],"picked":"Vault","floor":33},{"not_picked":["EmptyMind","FollowUp"],"picked":"Swivel+1","floor":35},{"not_picked":["Bandage Up","Jack Of All Trades"],"picked":"Master of Strategy","floor":37},{"not_picked":["Bandage Up","Deep Breath"],"picked":"Violence","floor":37},{"not_picked":["Panacea","Madness"],"picked":"Dark Shackles","floor":37},{"not_picked":["Prostrate+1","ThirdEye"],"picked":"InnerPeace","floor":38},{"not_picked":["Consecrate","Sanctity"],"picked":"LessonLearned","floor":40},{"not_picked":["BowlingBash","Crescendo+1","FollowUp+1"],"picked":"Singing Bowl","floor":42}],"player_experience":1064595,"relics_obtained":[{"floor":6.0,"key":"Pear"},{"floor":8.0,"key":"Singing Bowl"},{"floor":9.0,"key":"Pantograph"},{"floor":11.0,"key":"CeramicFish"},{"floor":13.0,"key":"Smiling Mask"},{"floor":23,"key":"Bag of Preparation"},{"floor":23,"key":"Vajra"},{"floor":25,"key":"Red Mask"},{"floor":29,"key":"Eternal Feather"},{"floor":29,"key":"Art of War"},{"floor":38,"key":"CaptainsWheel"},{"floor":40,"key":"Ancient Tea Set"},{"floor":40,"key":"Whetstone"},{"floor":42,"key":"Frozen Egg 2"},{"floor":42,"key":"Bird Faced Urn"},{"floor":43,"key":"Mummified Hand"}],"event_choices":[{"damage_healed":0.0,"max_hp_gain":5.0,"max_hp_loss":0.0,"gold_gain":0.0,"event_name":"Big Fish","player_choice":"Donut","floor":3.0,"gold_loss":0.0,"damage_taken":0.0},{"damage_healed":0.0,"max_hp_gain":0.0,"max_hp_loss":0.0,"gold_gain":0.0,"event_name":"Living Wall","player_choice":"Grow","floor":5.0,"gold_loss":0.0,"damage_taken":0.0,"cards_upgraded":["Eruption"]},{"damage_healed":0.0,"max_hp_gain":0.0,"max_hp_loss":0.0,"gold_gain":0.0,"event_name":"Knowing Skull","player_choice":"POTION POTION ","floor":19.0,"potions_obtained":["PowerPotion","StancePotion"],"gold_loss":0.0,"damage_taken":19.0,"cards_obtained":[]},{"damage_healed":0,"gold_gain":0,"player_choice":"Fought Bandits","damage_taken":0,"max_hp_gain":0,"max_hp_loss":0,"event_name":"Masked Bandits","floor":25,"gold_loss":0},{"damage_healed":0,"gold_gain":0,"player_choice":"Memory 3","damage_taken":10,"max_hp_gain":0,"max_hp_loss":0,"event_name":"SensoryStone","floor":37,"gold_loss":0},{"damage_healed":0,"gold_gain":0,"player_choice":"Fight","damage_taken":0,"max_hp_gain":0,"max_hp_loss":0,"event_name":"MindBloom","floor":38,"gold_loss":0},{"damage_healed":0,"gold_gain":0,"player_choice":"Max HP","damage_taken":0,"max_hp_gain":0,"max_hp_loss":5,"event_name":"Winding Halls","floor":39,"gold_loss":0}],"is_beta":false,"boss_relics":[{"not_picked":["Calling Bell","Runic Dome"],"picked":"Black Star"},{"not_picked":["Astrolabe","Philosopher\u0027s Stone"],"picked":"Runic Pyramid"}],"items_purged_floors":[28,36,41],"is_endless":false,"potions_floor_spawned":[6,8,11,14,20,21,29,30,38,42],"killed_by":"Giant Head","ascension_level":3}}