{"host":"yfdtuf6ojcxn06xg","time":1612940678,"event":{"mods":["2.2 Compatiblity","AchievementEnabler","BaseMod","Colored Map","Colored Powertips","Curses Come First","Hermit","JesterMod","Jorbs\u0027s Wanderer Trilogy","Minty Spire (QoL Compilation)","Quick Restart","Rare Cards Sparkle","Relic Stats","Replay The Spire","StSLib","The Cursed","The Disciple","The Hierophant","The Jungle","The Marked","The Necromancer","The Servant 0.9.4"],"gold_per_floor":[115,10,10,27,41,41,70,16,16,16,16,27,27,38,65,75,75,176,176,192,91,91,41,41,41,59,90,90,90,40,40,40,50,50,145,145,161,161,177,192,192,192],"floor_reached":41,"language":"ENG","playtime":1461,"items_purged":["Strike_B","Strike_B","Defend_B"],"score":486,"play_id":"f69ad845-d0b0-4eca-9005-08a5808ee04b","local_time":"20210210020438","is_ascension_mode":true,"campfire_choices":[{"data":"Zap","floor":6,"key":"SMITH"},{"floor":13,"key":"REST"},{"floor":17,"key":"REST"},{"floor":25,"key":"REST"},{"floor":29,"key":"REST"},{"data":"Glacier","floor":32,"key":"SMITH"},{"floor":34,"key":"REST"}],"circlet_count":0,"master_deck":["Defend_B","Defend_B","Zap+1","Dualcast","FIFO Queue","Compile Driver","Loop+1","Ball Lightning","Ball Lightning","Coolheaded","Glacier+1","Multi-Cast","Barrage","Electrodynamics","Crystallizer+1","Chill","ReplayTheSpireMod:Calculation Training","ReplayTheSpireMod:Calculation Training","Defragment+1","ReplayTheSpireMod:Calculation Training","Auto Shields","Thunder Strike","Loop+1","Sweeping Beam+1","Sunder+1","Crystallizer+1","ReplayTheSpireMod:Calculation Training+1"],"relics":["Cracked Core","Ice Cream","Mango","Smiling Mask","Snecko Eye","Prayer Wheel","MutagenicStrength","Meat on the Bone","HornCleat","Ring of Chaos"],"acts_visited":["Exordium","TheCity","TheBeyond"],"potions_floor_usage":[15,16,35,40],"damage_taken":[{"damage":10,"enemies":"Small Slimes","floor":1,"turns":3},{"damage":7,"enemies":"Jaw Worm","floor":4,"turns":2},{"damage":1,"enemies":"Cultist","floor":5,"turns":3},{"damage":31,"enemies":"3 Sentries","floor":7,"turns":6},{"damage":8,"enemies":"Looter","floor":12,"turns":3},{"damage":29,"enemies":"Exordium Thugs","floor":14,"turns":4},{"damage":4,"enemies":"Gremlin Nob","floor":15,"turns":3},{"damage":0,"enemies":"2 Fungi Beasts","floor":16,"turns":2},{"damage":22,"enemies":"The Guardian","floor":18,"turns":8},{"damage":70,"enemies":"3 Byrds","floor":20,"turns":6},{"damage":4,"enemies":"Chosen","floor":26,"turns":4},{"damage":29,"enemies":"Slavers","floor":27,"turns":3},{"damage":23,"enemies":"Centurion and Healer","floor":33,"turns":4},{"damage":18,"enemies":"Collector","floor":35,"turns":9},{"damage":0,"enemies":"3 Shapes","floor":37,"turns":3},{"damage":1,"enemies":"3 Darklings","floor":39,"turns":6},{"damage":50,"enemies":"Transient","floor":40,"turns":5},{"damage":57,"enemies":"2 Orb Walkers","floor":41,"turns":3}],"seed_played":"-4424372444911690029","potions_obtained":[{"floor":4,"key":"Elixir"},{"floor":14,"key":"GamblersBrew"},{"floor":15,"key":"Explosive Potion"},{"floor":16,"key":"Venom Potion"},{"floor":26,"key":"SteroidPotion"},{"floor":33,"key":"Adrenaline Potion"},{"floor":37,"key":"SteroidPotion"},{"floor":39,"key":"Adrenaline Potion"}],"is_trial":false,"path_per_floor":["M","$","?","M","M","R","E","$","PTL","PTL","T","M","R","M","E","M","R","B",null,"M","$","?","$","?","R","M","E","T","R","$","?","R","M","R","B",null,"M","?","M","M","?"],"character_chosen":"DEFECT","items_purchased":["Loop","Ball Lightning","Barrage","ReplayTheSpireMod:Calculation Training"],"campfire_rested":5,"item_purchase_floors":[2,2,8,21],"current_hp_per_floor":[65,65,65,58,57,57,26,26,26,26,40,32,58,29,25,25,51,29,89,19,19,19,19,19,45,41,12,12,38,38,38,38,27,53,47,89,89,89,88,50,0,0],"gold":192,"neow_bonus":"TRANSFORM_CARD","is_daily":false,"chose_seed":false,"campfire_upgraded":2,"win_rate":0.0,"timestamp":1612940678,"path_taken":["M","$","?","M","M","R","E","?","PTL","PTL","T","?","R","M","E","M","R","BOSS","M","$","?","?","?","R","M","E","T","R","$","?","R","M","R","BOSS","M","?","?","M","?"],"items_purchased_type":["Card","Card","Card","Card"],"build_version":"2020-12-22","purchased_purges":3,"victory":false,"max_hp_per_floor":[75,75,75,75,75,75,75,75,75,75,89,89,89,89,89,89,89,89,89,89,89,89,89,89,89,89,89,89,89,89,89,89,89,89,89,89,89,89,89,89,89,89],"relic_stats":{"counters":[18,76],"Snecko Eye":[69,69,73,80],"Prayer Wheel":6,"Smiling Mask":150,"obtain_stats":[{"Ice Cream":7,"HornCleat":28,"MutagenicStrength":24,"Snecko Eye":19,"Mango":11,"Prayer Wheel":20,"Ring of Chaos":36,"Cracked Core":0,"Smiling Mask":15,"Meat on the Bone":27},{"Ice Cream":4,"HornCleat":12,"MutagenicStrength":10,"Snecko Eye":9,"Mango":4,"Prayer Wheel":10,"Ring of Chaos":14,"Cracked Core":0,"Smiling Mask":7,"Meat on the Bone":12},{"Ice Cream":14,"HornCleat":46,"MutagenicStrength":40,"Snecko Eye":34,"Mango":14,"Prayer Wheel":35,"Ring of Chaos":59,"Cracked Core":0,"Smiling Mask":24,"Meat on the Bone":46}],"Meat on the Bone":36},"card_choices":[{"not_picked":["Beam Cell","Panic Button"],"picked":"Compile Driver","floor":1},{"not_picked":["BootSequence","Force Field"],"picked":"Coolheaded","floor":4},{"not_picked":["Hologram","Sweeping Beam"],"picked":"Glacier","floor":5},{"not_picked":["ReplayGash","Conserve Battery"],"picked":"Multi-Cast","floor":7},{"not_picked":["Gash","Rebound","Compile Driver"],"picked":"SKIP","floor":12},{"not_picked":["Melter","Glacier","Heatsinks"],"picked":"SKIP","floor":14},{"not_picked":["Go for the Eyes","Compile Driver","Rebound"],"picked":"SKIP","floor":15},{"not_picked":["Lockon","ReplaySort"],"picked":"Electrodynamics","floor":16},{"not_picked":["Hyperbeam","Amplify"],"picked":"ReplayTheSpireMod:Fabricate Wheel","floor":18},{"not_picked":["Ball Lightning","Barrage+1"],"picked":"Crystallizer+1","floor":20},{"not_picked":["Tempest","Panic Button+1"],"picked":"Chill","floor":20},{"not_picked":["ReplayTheSpireMod:GoodbyeWorld","Steam"],"picked":"Defragment+1","floor":26},{"not_picked":["Rip and Tear","Compile Driver","Beam Cell"],"picked":"SKIP","floor":26},{"not_picked":["Gash+1","Barrage"],"picked":"ReplayTheSpireMod:Calculation Training","floor":27},{"not_picked":["Undo","Sweeping Beam+1"],"picked":"Auto Shields","floor":33},{"not_picked":["Go for the Eyes","Hologram","Leap"],"picked":"SKIP","floor":33},{"not_picked":["Buffer","All For One"],"picked":"Thunder Strike","floor":35},{"not_picked":["Capacitor","Beam Cell"],"picked":"Loop","floor":37},{"not_picked":["Recycle","Steam+1","Blizzard"],"picked":"SKIP","floor":37},{"not_picked":["Stack+1","Gash"],"picked":"Sweeping Beam+1","floor":39},{"not_picked":["Core Surge","Blizzard"],"picked":"Sunder+1","floor":39},{"not_picked":["Barrage","Stack"],"picked":"Crystallizer+1","floor":40},{"not_picked":["Fusion","Stack+1"],"picked":"ReplayTheSpireMod:Calculation Training+1","floor":40}],"player_experience":255249,"relics_obtained":[{"floor":7,"key":"Ice Cream"},{"floor":11,"key":"Mango"},{"floor":15,"key":"Smiling Mask"},{"floor":27,"key":"Meat on the Bone"},{"floor":28,"key":"HornCleat"}],"event_choices":[{"cards_removed":["Strike_B"],"damage_healed":0,"gold_gain":0,"player_choice":"Purged","damage_taken":0,"max_hp_gain":0,"max_hp_loss":0,"event_name":"Purifier","floor":22,"gold_loss":0},{"damage_healed":0,"gold_gain":0,"player_choice":"Inject Mutagens","damage_taken":0,"relics_obtained":["MutagenicStrength"],"max_hp_gain":0,"max_hp_loss":0,"event_name":"Drug Dealer","floor":24,"gold_loss":0},{"cards_removed":["Defend_B"],"damage_healed":0,"gold_gain":0,"player_choice":"Elegance","damage_taken":0,"max_hp_gain":0,"max_hp_loss":0,"event_name":"Back to Basics","floor":31,"gold_loss":0},{"damage_healed":0,"gold_gain":0,"player_choice":"Forge","damage_taken":0,"max_hp_gain":0,"max_hp_loss":0,"event_name":"Accursed Blacksmith","floor":38,"gold_loss":0,"cards_upgraded":["Loop"]},{"damage_healed":0,"gold_gain":0,"player_choice":"Fight","damage_taken":0,"max_hp_gain":0,"max_hp_loss":0,"event_name":"Mysterious Sphere","floor":41,"gold_loss":0}],"is_beta":false,"boss_relics":[{"not_picked":["Velvet Choker","Astrolabe"],"picked":"Snecko Eye"},{"not_picked":["Runic Pyramid","Cursed Key"],"picked":"Ring of Chaos"}],"items_purged_floors":[21,23,30],"is_endless":false,"potions_floor_spawned":[4,14,15,16,26,33,37,39],"killed_by":"2 Orb Walkers","ascension_level":2}}