{"host":"phapnj0danpxvjlm","time":1612979715,"event":{"mods":["Ascension Reborn","BaseMod","Better Note","Better Third Choice","BetterRewards","Bossed Relics","Colored Powertips","Downfall","Hermit","Minty Spire (QoL Compilation)","Permanent Neow","Quick Restart","Rare Cards Sparkle","Spire Arcade","StSLib","The Animator","The Necromancer","The Wild Card"],"gold_per_floor":[99,117,130,145,145,170,170,70,80,100,110,95,95,95,106,205,205,105,120,13,30,15,27,27,40,40,25,25,58,20,42,68,80,80,80],"floor_reached":33,"language":"ENG","playtime":1711,"items_purged":[],"score":218,"play_id":"dfea8622-a45b-47aa-8ccf-787248285fd6","local_time":"20210210185515","is_ascension_mode":true,"campfire_choices":[{"data":"Slimebound:Split","floor":1,"key":"SMITH"},{"floor":8,"key":"RECALL"},{"data":"Slimebound:MassRepurpose","floor":13,"key":"SMITH"},{"data":"Slimebound:OozeBath","floor":18,"key":"SMITH"},{"data":"Slimebound:Grow","floor":26,"key":"SMITH"}],"circlet_count":0,"master_deck":["Slimebound:Strike_Slimebound","Slimebound:Strike_Slimebound","Slimebound:Strike_Slimebound","Slimebound:Tackle","Slimebound:Defend_Slimebound","Slimebound:Defend_Slimebound","Slimebound:Defend_Slimebound","Slimebound:Defend_Slimebound","Slimebound:Split+1","Slimebound:CorrosiveSpit","Slimebound:SlimeBrawl","Slimebound:GoopSpray","Slimebound:PrepareCrush","Slimebound:SplitLeeching","Slimebound:MassRepurpose+1","theWildCard:Scathach","Slimebound:Nibble","Slimebound:OozeBath+1","expansioncontent:Chronoboost","Slimebound:Grow+1","Slimebound:Grow","downfall:Bewildered","Slimebound:SelfFormingGoo"],"relics":["Slimebound:AbsorbEndCombatUpgraded","Orichalcum","Bottled Lightning","downfall:HeartBlessingBlue","downfall:HeartBlessingRed","Letter Opener","sneckomod:BabySnecko","MawBank"],"acts_visited":["Exordium","TheCity"],"potions_floor_usage":[16,16,21,22,27,32],"damage_taken":[{"damage":4,"enemies":"Small Slimes","floor":2,"turns":3},{"damage":7,"enemies":"Jaw Worm","floor":3,"turns":3},{"damage":0,"enemies":"Cultist","floor":4,"turns":3},{"damage":6,"enemies":"Large Slime","floor":9,"turns":5},{"damage":0,"enemies":"Blue Slaver","floor":10,"turns":4},{"damage":0,"enemies":"Exordium Thugs","floor":11,"turns":4},{"damage":7,"enemies":"downfall:FleeingMerchant","floor":12,"turns":4},{"damage":0,"enemies":"Red Slaver","floor":15,"turns":2},{"damage":0,"enemies":"IC_STATUS_ARCHETYPE","floor":16,"turns":5},{"damage":10,"enemies":"3 Byrds","floor":19,"turns":5},{"damage":10,"enemies":"downfall:FleeingMerchant","floor":20,"turns":4},{"damage":0,"enemies":"3 Cultists","floor":21,"turns":5},{"damage":12,"enemies":"downfall:FleeingMerchant","floor":22,"turns":4},{"damage":3,"enemies":"Centurion and Healer","floor":23,"turns":5},{"damage":0,"enemies":"Snecko","floor":25,"turns":4},{"damage":22,"enemies":"downfall:FleeingMerchant","floor":27,"turns":4},{"damage":26,"enemies":"Book of Stabbing","floor":29,"turns":5},{"damage":16,"enemies":"Snake Plant","floor":31,"turns":4},{"damage":5,"enemies":"Sentry and Sphere","floor":32,"turns":6},{"damage":63,"enemies":"SI_MIRROR_ARCHETYPE","floor":33,"turns":12}],"seed_played":"6748715240006019557","potions_obtained":[{"floor":2,"key":"DuplicationPotion"},{"floor":10,"key":"Explosive Potion"},{"floor":15,"key":"FearPotion"},{"floor":21,"key":"LiquidBronze"},{"floor":23,"key":"Slimebound:SlimedPotion"},{"floor":29,"key":"SkillPotion"},{"floor":32,"key":"bronze:BurnAndBuffPotion"}],"is_trial":false,"path_per_floor":["R","M","M","M","?","T","T","R","M","M","M","$","R","?","M","B",null,"R","M","$","M","$","M","T","M","R","$","?","E","?","M","M","B"],"character_chosen":"SLIMEBOUND","items_purchased":["expansioncontent:Chronoboost"],"campfire_rested":0,"item_purchase_floors":[20],"current_hp_per_floor":[65,63,58,60,60,60,60,70,72,75,75,72,72,72,74,75,75,75,71,68,75,66,69,69,75,75,56,56,39,68,55,53,0,0,0],"gold":80,"neow_bonus":"RANDOM_COMMON_RELIC","is_daily":false,"chose_seed":false,"campfire_upgraded":4,"win_rate":0.0,"timestamp":1612979715,"path_taken":["R","M","M","M","?","?","T","R","M","M","?","$","R","?","M","BOSS","R","M","$","M","$","M","T","M","R","$","?","E","?","M","M","BOSS"],"items_purchased_type":["Card"],"build_version":"2020-12-22","purchased_purges":0,"victory":false,"max_hp_per_floor":[65,65,65,65,65,65,65,75,75,75,75,75,75,75,75,75,75,75,75,75,75,75,75,75,75,75,75,75,75,75,75,75,75,75,75],"card_choices":[{"not_picked":["Slimebound:SlimeSpikes","Slimebound:FormOfPuddle"],"picked":"Slimebound:SlimeBrawl","floor":2},{"not_picked":["Slimebound:ViciousTackle","Slimebound:Prepare"],"picked":"Slimebound:GoopSpray","floor":3},{"not_picked":["Slimebound:FlameTackle","Slimebound:LivingWall","Slimebound:SplitMire"],"picked":"SKIP","floor":4},{"not_picked":["Slimebound:ItLooksTasty","Slimebound:GoopSpray"],"picked":"Slimebound:PrepareCrush","floor":9},{"not_picked":["Slimebound:Replication","Slimebound:LivingWall"],"picked":"Slimebound:SplitLeeching","floor":10},{"not_picked":["Slimebound:SlimeBarrage","Slimebound:FinishingTackle"],"picked":"Slimebound:MassRepurpose","floor":11},{"not_picked":["Slimebound:SplitLeeching","Slimebound:Dissolve","Slimebound:Prepare"],"picked":"SKIP","floor":12},{"not_picked":["Slimebound:Grow","Slimebound:SplitMire"],"picked":"Slimebound:Nibble","floor":15},{"not_picked":["Slimebound:Teamwork","Slimebound:MassFeed"],"picked":"Slimebound:OozeBath","floor":16},{"not_picked":["Slimebound:SplitLeeching","Slimebound:FinishingTackle","Slimebound:ProtectTheBoss"],"picked":"SKIP","floor":19},{"not_picked":["Slimebound:GrowthPunch+1","Slimebound:LeechEnergy","Slimebound:FinishingTackle"],"picked":"SKIP","floor":20},{"not_picked":["Slimebound:FormOfPuddle","Slimebound:Replication+1","Slimebound:SlimeSpikes+1"],"picked":"SKIP","floor":21},{"not_picked":["Slimebound:SlimeBarrage","Slimebound:SplitSpecialist"],"picked":"Slimebound:Grow","floor":22},{"not_picked":["Slimebound:GoopSpray+1","Slimebound:FormOfPuddle"],"picked":"Slimebound:Grow","floor":23},{"not_picked":["Slimebound:ServeAndProtect+1","Slimebound:FinishingTackle+1","Slimebound:SamplingLick"],"picked":"SKIP","floor":25},{"not_picked":["Slimebound:LeechingTouch+1","Slimebound:HauntingLick","Slimebound:FinishingTackle"],"picked":"SKIP","floor":27},{"not_picked":["Slimebound:ComboTackle","Slimebound:SlimeSpikes+1","Slimebound:PressTheAttack"],"picked":"SKIP","floor":29},{"not_picked":["Slimebound:SplitBruiser","Slimebound:LivingWall","Slimebound:GoopTackle"],"picked":"SKIP","floor":31},{"not_picked":["Slimebound:SlimeSpikes","Slimebound:LevelUp"],"picked":"Slimebound:SelfFormingGoo","floor":32}],"player_experience":531763,"relics_obtained":[{"floor":7,"key":"Bottled Lightning"},{"floor":24,"key":"Letter Opener"},{"floor":29,"key":"MawBank"}],"event_choices":[],"is_beta":false,"boss_relics":[{"not_picked":["Philosopher\u0027s Stone","Busted Crown"],"picked":"Slimebound:AbsorbEndCombatUpgraded"}],"items_purged_floors":[],"is_endless":false,"potions_floor_spawned":[2,10,15,21,23,29,32],"killed_by":"SI_MIRROR_ARCHETYPE","ascension_level":-6}}