{"host":"uxx7prhn9zlu6i2v","time":1612920242,"event":{"mods":["100% Spire Juice","Act Like it!","Arknights","Ascension Reborn","BaseMod","Bossed Relics","CapriCore","Faster Ascension Climbing","Gensokyo","Hallownest","HololiveMod","Lobotomy","LobotomyExtend","Marisa????????","Minty Spire (QoL Compilation)","Permanent Neow","Reimu??????","Relic Filter","Relic Sorter","Spicy Shops","Spire Arcade","StSLib","The Administrix","Yakumo Yukari mod"],"gold_per_floor":[92,17,37,37,37,79,100,100,100],"floor_reached":8,"language":"ENG","playtime":826,"items_purged":[],"score":81,"play_id":"73051702-f17e-4311-9f4d-4fc4ea346da3","local_time":"20210209192402","is_ascension_mode":true,"campfire_choices":[],"circlet_count":0,"master_deck":["AscendersBane","Hololive_Strike","Hololive_Strike","Hololive_Defend","Hololive_Defend","Hololive_HuntDinosaur","Hololive_CallHimemoriLuna","Hololive_CallSpadeEcho","Hololive_CallInugamiKorone","Hololive_CallMoonaHoshinova","Hololive_CallAkaiHaato","Hololive_StrengthChampion","Hallownest:skillGreenpathMap","Hololive_Watashimo","Hololive_CocoNews","MeatLantern"],"relics":["Hololive_TheStar","CogitoBucket","RabbitCall","LetterFromLob","Hallownest:DreamNailRelic","Potion Belt"],"acts_visited":["Hallownest:Greenpath"],"potions_floor_usage":[8],"damage_taken":[{"damage":0.0,"enemies":"Hallownest:monsterHuskWarrior","floor":1.0,"turns":4.0},{"damage":0.0,"enemies":"2_ Uuma","floor":3.0,"turns":6.0},{"damage":0.0,"enemies":"Hallownest:eliteVengeflyKing","floor":6.0,"turns":9.0},{"damage":0,"enemies":"Hallownest:monsterHuskGuard","floor":7,"turns":4},{"damage":38,"enemies":"Hallownest:eliteCrystalGuardian","floor":8,"turns":2}],"seed_played":"5172151518218976566","potions_obtained":[{"floor":6,"key":"Block Potion"}],"is_trial":false,"path_per_floor":["M","?","M","?","?","E","M","E"],"character_chosen":"Hololive_HololiveCharacter","items_purchased":[],"campfire_rested":0,"item_purchase_floors":[],"current_hp_per_floor":[27,27,27,27,27,27,27,0,0],"gold":100,"neow_bonus":"","is_daily":false,"chose_seed":false,"campfire_upgraded":0,"win_rate":0.0,"timestamp":1612920242,"path_taken":["M","?","M","?","?","E","?","E"],"items_purchased_type":[],"build_version":"2020-12-22","purchased_purges":0,"victory":false,"max_hp_per_floor":[30,30,30,30,30,30,30,30,30],"card_choices":[{"not_picked":["QueenBee","Scorched","ShyLook"],"picked":"Singing Bowl","floor":1.0},{"not_picked":["Hololive_Psychosis","Hololive_Drill","Hololive_Breathe"],"picked":"Hololive_StrengthChampion","floor":1.0},{"not_picked":["SingingMachine","SnowQueen","Variant"],"picked":"Singing Bowl","floor":3.0},{"not_picked":["Hololive_Rebound","Hololive_Breathe","Hololive_HuntDinosaur"],"picked":"Hololive_Watashimo","floor":3.0},{"not_picked":["Hololive_CallRoboco","Hololive_FlyingPonyTail","Hololive_AWSL"],"picked":"Hololive_CocoNews","floor":6},{"not_picked":["BeautyBeast","Scorched","MHz"],"picked":"Singing Bowl","floor":7},{"not_picked":["Woodsman","Porccubus"],"picked":"MeatLantern","floor":7},{"not_picked":["Hololive_FlyingPonyTail","Hololive_Trident","Hololive_OvertimeWork","Hololive_Drill"],"picked":"SKIP","floor":7}],"player_experience":1028797,"relics_obtained":[{"floor":1.0,"key":"LetterFromLob"},{"floor":6,"key":"Potion Belt"}],"event_choices":[],"is_beta":false,"boss_relics":[],"items_purged_floors":[],"is_endless":false,"potions_floor_spawned":[6],"killed_by":"Hallownest:eliteCrystalGuardian","ascension_level":0}}