{"host":"q57ekfojy3i00x9o","time":1612958740,"event":{"mods":["Act Like it!","Arknights","Aspiration","BaseMod","Colored Map","Energized Spire","Hermit","Minty Spire (QoL Compilation)","Quick Restart","Spicy Shops","Spikes Relics","StSLib","slay the spire mod where everything is the same but ironclad has a cowboy hat"],"gold_per_floor":[117,134,134,309,309,337,337,371,371,371,371,384,2,2,2,101,101,120,120,120,131,164,164,175,189,244,279,297,331,331,343,343,443,443,463,300,316,15,33,33,33,33,83,83,305,305,315,366,366,366,366],"floor_reached":50,"language":"RUS","playtime":1239,"items_purged":[],"score":799,"play_id":"010f544b-bc7d-480a-873d-f958da153544","local_time":"20210210170540","is_ascension_mode":true,"campfire_choices":[{"data":"ats:Explosion Area Strengthen","floor":7.0,"key":"SMITH"},{"data":"ats:Armor Crushing Shot","floor":11.0,"key":"SMITH"},{"data":"Apotheosis","floor":15.0,"key":"SMITH"},{"data":"ats:Ambush","floor":23.0,"key":"SMITH"},{"data":"ats:Echo Reverb","floor":32.0,"key":"SMITH"},{"floor":40,"key":"REST"},{"data":"ats:Apocalypse","floor":42,"key":"SMITH"},{"data":"ats:Flexible Camouflage","floor":44,"key":"SMITH"},{"data":"ats:Rat Pack","floor":49,"key":"SMITH"}],"circlet_count":0,"master_deck":["ats:Strike S","ats:Armor Crushing Shot+1","ats:Defend","ats:Defend","ats:Defend","ats:Defend","ats:Emotion Absorption","ats:Explosion Area Strengthen+1","ats:Explosion Area Strengthen+1","ats:Closed Bolt Burst Fire+1","ats:Leaping Hammer+1","ats:Shell Defense","Apotheosis+1","ats:Guard Mode","ats:Ambush+1","ats:Shell Defense","ats:Sashimi Platter+1","ats:Song Of Battle+1","ats:Neurotoxin+1","ats:Sashimi Platter+1","ats:Poison Spread+1","ats:Powerful Strike+1","ats:Echo Reverb+1","ats:Rat Pack+1","ats:Blood Oath+1","ats:LN2 Cannon+1","ats:Part Time Job+1","ats:Consecutive Shot Auto+1","ats:Thermite Blade+1","Swift Strike+1","ats:Flexible Camouflage+1","ats:Explosion Area Strengthen+1","ats:Apocalypse+1","ats:Leaping Hammer+1","ats:Shell Defense+1","Mind Blast+1","ats:Apocalypse+1"],"relics":["ats:Sanity","NeowsBlessing","Molten Egg 2","ats:Originium","SpikesRelics:DaevaFist","Eternal Feather","RollingBoulder","aspiration:StickyExplosives_weak","Sling","Philosopher\u0027s Stone","Red Mask","Blood Vial","Omamori","Singing Bowl","Nloth\u0027s Gift","Astrolabe","Vajra","Bronze Scales","Pocketwatch"],"acts_visited":["Exordium","TheCity","TheBeyond"],"potions_floor_usage":[48],"damage_taken":[{"damage":0.0,"enemies":"Cultist","floor":1.0,"turns":1.0},{"damage":0.0,"enemies":"Jaw Worm","floor":2.0,"turns":1.0},{"damage":0.0,"enemies":"Lagavulin","floor":6.0,"turns":1.0},{"damage":10.0,"enemies":"3 Sentries","floor":8.0,"turns":3.0},{"damage":0.0,"enemies":"2 Louse","floor":12.0,"turns":2.0},{"damage":46.0,"enemies":"Hexaghost","floor":16.0,"turns":9.0},{"damage":0.0,"enemies":"Chosen","floor":18.0,"turns":4.0},{"damage":12.0,"enemies":"Spheric Guardian","floor":21.0,"turns":4.0},{"damage":0.0,"enemies":"Masked Bandits","floor":22.0,"turns":4.0},{"damage":31.0,"enemies":"Centurion and Healer","floor":24.0,"turns":7.0},{"damage":9.0,"enemies":"Snake Plant","floor":25.0,"turns":5.0},{"damage":20.0,"enemies":"Book of Stabbing","floor":27.0,"turns":6.0},{"damage":20.0,"enemies":"Cultist and Chosen","floor":28.0,"turns":5.0},{"damage":0.0,"enemies":"Gremlin Leader","floor":29.0,"turns":7.0},{"damage":3.0,"enemies":"Sentry and Sphere","floor":31.0,"turns":5.0},{"damage":44.0,"enemies":"Champ","floor":33.0,"turns":12.0},{"damage":9.0,"enemies":"3 Shapes","floor":35.0,"turns":3.0},{"damage":0,"enemies":"Orb Walker","floor":37,"turns":3},{"damage":61,"enemies":"Spire Growth","floor":39,"turns":6},{"damage":21,"enemies":"4 Shapes","floor":47,"turns":2},{"damage":43,"enemies":"2 Orb Walkers","floor":48,"turns":5},{"damage":105,"enemies":"Donu and Deca","floor":50,"turns":5}],"seed_played":"4291957384132145228","potions_obtained":[{"floor":1.0,"key":"LiquidMemories"},{"floor":6.0,"key":"Swift Potion"},{"floor":8.0,"key":"FearPotion"},{"floor":12.0,"key":"DistilledChaos"},{"floor":18.0,"key":"BlessingOfTheForge"},{"floor":27.0,"key":"ColorlessPotion"},{"floor":28.0,"key":"FearPotion"},{"floor":37,"key":"SpeedPotion"},{"floor":39,"key":"PowerPotion"}],"is_trial":false,"path_per_floor":["M","M","?","?","?","E","R","E","T","T","R","M","$","?","R","B",null,"M","?","?","M","?","R","M","M","T","E","M","E","?","M","R","B",null,"M","$","M","$","M","R","?","R","T","R","?","?","M","?","R","B"],"character_chosen":"DOCTOR_CLASS","items_purchased":["Sling","Apotheosis","ats:Guard Mode","ats:Thermite Blade+1","Swift Strike+1","Vajra","ats:Explosion Area Strengthen+1","ats:Apocalypse","ats:Leaping Hammer+1"],"campfire_rested":1,"item_purchase_floors":[13,13,13,36,36,38,38,38,38],"current_hp_per_floor":[65,65,65,65,65,65,65,55,55,55,64,64,64,64,72,31,62,64,51,51,39,50,62,49,60,60,77,67,77,77,77,77,60,73,77,77,77,77,28,72,72,77,77,77,77,73,56,50,71,0,0],"gold":366,"neow_bonus":"THREE_ENEMY_KILL","is_daily":false,"chose_seed":false,"campfire_upgraded":8,"win_rate":0.0,"timestamp":1612958740,"path_taken":["M","?","?","?","?","E","R","E","T","?","R","?","$","?","R","BOSS","M","?","?","?","?","R","M","M","T","E","M","E","?","M","R","BOSS","M","$","M","$","M","R","?","R","T","R","?","?","M","?","R","BOSS"],"items_purchased_type":["Relic","Card","Card","Card","Card","Relic","Card","Card","Card"],"build_version":"2020-12-22","purchased_purges":0,"victory":false,"max_hp_per_floor":[72,72,72,72,72,72,72,72,72,72,72,72,72,72,72,72,72,72,77,77,77,77,77,77,77,77,77,77,77,77,77,77,77,77,77,77,77,77,77,77,77,77,77,77,77,73,73,75,75,75,75],"card_choices":[{"not_picked":["ats:Part Time Job","ats:Shell Defense"],"picked":"ats:Explosion Area Strengthen","floor":1.0},{"not_picked":["ats:Consecutive Shot Auto","ats:Assault Order"],"picked":"ats:Explosion Area Strengthen","floor":2.0},{"not_picked":["ats:Disruption Kick+1","ats:Shell Defense"],"picked":"ats:Closed Bolt Burst Fire+1","floor":6.0},{"not_picked":["ats:Shell Defense","ats:Burning Ground"],"picked":"ats:Leaping Hammer+1","floor":8.0},{"not_picked":["ats:Flame Of Heaven","ats:Revitalization"],"picked":"ats:Shell Defense","floor":12.0},{"not_picked":["ats:Calcification","ats:Volcano+1"],"picked":"ats:Ambush","floor":16.0},{"not_picked":["ats:Counter Healing Mode","ats:Assault Order"],"picked":"ats:Shell Defense","floor":18.0},{"not_picked":["ats:Flexible Camouflage+1","ats:Thermite Blade+1"],"picked":"ats:Sashimi Platter+1","floor":21.0},{"not_picked":["ats:Ignite+1","ats:Healing Strengthening"],"picked":"ats:Song Of Battle+1","floor":22.0},{"not_picked":["ats:Curse Doll","ats:Blood Oath+1"],"picked":"ats:Neurotoxin+1","floor":24.0},{"not_picked":["ats:Healing Strengthening","ats:Demon Strength+1","ats:Burning Ground+1"],"picked":"SKIP","floor":25.0},{"not_picked":["ats:Flexible Camouflage+1","ats:Volcano+1"],"picked":"ats:Sashimi Platter+1","floor":27.0},{"not_picked":["ats:Curse Doll","ats:Ignite+1"],"picked":"ats:Poison Spread+1","floor":28.0},{"not_picked":["ats:Encircling Forest","ats:Composite Medical Shells"],"picked":"ats:Powerful Strike+1","floor":29.0},{"not_picked":["ats:Closed Bolt Burst Fire+1","ats:Defend Order"],"picked":"ats:Echo Reverb","floor":31.0},{"not_picked":["ats:Shadow Assault+1","ats:Volcano+1"],"picked":"ats:Rat Pack","floor":33.0},{"not_picked":["ats:Explosion Area Strengthen+1","ats:Healing Strengthening+1"],"picked":"ats:Consecutive Shot Auto+1","floor":35.0},{"not_picked":["ats:Neurotoxin","ats:Spore Proliferation+1"],"picked":"ats:Flexible Camouflage","floor":37},{"not_picked":["ats:Blood Oath+1","ats:Cat Scratch+1"],"picked":"ats:Shell Defense+1","floor":39},{"not_picked":["Panacea","Dramatic Entrance+1"],"picked":"Mind Blast+1","floor":41},{"not_picked":["ats:Shadow Assault+1","ats:Cat Scratch+1"],"picked":"ats:Apocalypse+1","floor":47},{"not_picked":["ats:Ignite+1","ats:Absolute Focus+1","ats:Very Hot Blade+1"],"picked":"Singing Bowl","floor":48}],"player_experience":757416,"relics_obtained":[{"floor":6.0,"key":"ats:Originium"},{"floor":6.0,"key":"SpikesRelics:DaevaFist"},{"floor":8.0,"key":"ats:Originium"},{"floor":8.0,"key":"Eternal Feather"},{"floor":9.0,"key":"RollingBoulder"},{"floor":10.0,"key":"aspiration:StickyExplosives_weak"},{"floor":22.0,"key":"Red Mask"},{"floor":26.0,"key":"Blood Vial"},{"floor":27.0,"key":"ats:Originium"},{"floor":27.0,"key":"Omamori"},{"floor":29.0,"key":"ats:Originium"},{"floor":29.0,"key":"Singing Bowl"},{"floor":43,"key":"Bronze Scales"},{"floor":48,"key":"Pocketwatch"}],"event_choices":[{"damage_healed":0.0,"max_hp_gain":0.0,"max_hp_loss":0.0,"gold_gain":175.0,"event_name":"Liars Game","player_choice":"AGREE","floor":4.0,"gold_loss":0.0,"damage_taken":0.0,"cards_obtained":["Doubt"]},{"damage_healed":0.0,"max_hp_gain":0.0,"max_hp_loss":0.0,"gold_gain":0.0,"event_name":"Living Wall","player_choice":"Grow","floor":5.0,"gold_loss":0.0,"damage_taken":0.0,"cards_upgraded":["ats:Explosion Area Strengthen"]},{"damage_healed":0.0,"max_hp_gain":0.0,"max_hp_loss":0.0,"gold_gain":0.0,"event_name":"Dead Adventurer","player_choice":"Searched \u00271\u0027 times","floor":14.0,"gold_loss":0.0,"damage_taken":0.0,"relics_obtained":["aspiration:HiddenCompartment"]},{"damage_healed":0.0,"max_hp_gain":5.0,"max_hp_loss":0.0,"gold_gain":0.0,"event_name":"Forgotten Altar","player_choice":"Shed Blood","floor":19.0,"gold_loss":0.0,"damage_taken":18.0},{"cards_removed":["Doubt","Injury"],"damage_healed":0.0,"max_hp_gain":0.0,"max_hp_loss":0.0,"gold_gain":0.0,"event_name":"Fountain of Cleansing","player_choice":"Removed Curses","floor":20.0,"gold_loss":0.0,"damage_taken":0.0},{"damage_healed":0.0,"max_hp_gain":0.0,"max_hp_loss":0.0,"gold_gain":0.0,"event_name":"Masked Bandits","player_choice":"Fought Bandits","floor":22.0,"gold_loss":0.0,"damage_taken":0.0},{"damage_healed":0.0,"max_hp_gain":0.0,"max_hp_loss":0.0,"gold_gain":0.0,"event_name":"N\u0027loth","player_choice":"Traded Relic","floor":30.0,"relics_lost":["aspiration:HiddenCompartment"],"gold_loss":0.0,"damage_taken":0.0,"relics_obtained":["Nloth\u0027s Gift"]},{"damage_healed":0,"gold_gain":0,"player_choice":"Memory 1","damage_taken":0,"max_hp_gain":0,"max_hp_loss":0,"event_name":"SensoryStone","floor":41,"gold_loss":0},{"damage_healed":0,"gold_gain":222,"player_choice":"Wore Mask","damage_taken":0,"max_hp_gain":0,"max_hp_loss":0,"event_name":"Tomb of Lord Red Mask","floor":45,"gold_loss":0},{"damage_healed":0,"gold_gain":0,"player_choice":"Max HP","damage_taken":0,"max_hp_gain":0,"max_hp_loss":4,"event_name":"Winding Halls","floor":46,"gold_loss":0},{"damage_healed":0,"gold_gain":0,"player_choice":"Fight","damage_taken":0,"max_hp_gain":0,"max_hp_loss":0,"event_name":"Mysterious Sphere","floor":48,"gold_loss":0}],"is_beta":false,"boss_relics":[{"not_picked":["ats:Sanity Plus","aspiration:PoetsPen_weak"],"picked":"Philosopher\u0027s Stone"},{"not_picked":["energizedSpire:EnergizedDie","aspiration:FutureDiary"],"picked":"Astrolabe"}],"items_purged_floors":[],"is_endless":false,"potions_floor_spawned":[1,6,8,12,18,27,28,37,39],"killed_by":"Donu and Deca","ascension_level":7}}