{"host":"a9gsz7kv8aebwp1f","time":1612985382,"event":{"mods":["AchievementEnabler","BaseMod","Minty Spire (QoL Compilation)"],"gold_per_floor":[109,109,109,125,125,164,177,177,177,198,216,235,253,273,273,273,273],"floor_reached":16,"language":"KOR","playtime":709,"items_purged":[],"score":164,"play_id":"e9f3c4f9-4b5a-49ff-932b-02f321d4e5ee","local_time":"20210211042942","is_ascension_mode":true,"campfire_choices":[{"data":"Armaments","floor":8,"key":"SMITH"},{"floor":15,"key":"REST"}],"circlet_count":0,"master_deck":["AscendersBane","Strike_R","Strike_R","Strike_R","Strike_R","Strike_R","Defend_R","Defend_R","Defend_R","Defend_R","Bash","Madness","Metallicize+1","Shockwave","Injury","Armaments+1","Sword Boomerang","Whirlwind","Rage","Twin Strike","Perfected Strike"],"relics":["Burning Blood","Golden Idol","White Beast Statue","The Courier"],"acts_visited":["Exordium"],"potions_floor_usage":[6,14,16,16],"damage_taken":[{"damage":4,"enemies":"2 Louse","floor":1,"turns":3},{"damage":16,"enemies":"Jaw Worm","floor":4,"turns":6},{"damage":32,"enemies":"3 Sentries","floor":6,"turns":14},{"damage":2,"enemies":"Cultist","floor":7,"turns":4},{"damage":2,"enemies":"Exordium Wildlife","floor":10,"turns":6},{"damage":12,"enemies":"Exordium Thugs","floor":11,"turns":5},{"damage":22,"enemies":"Lots of Slimes","floor":12,"turns":2},{"damage":8,"enemies":"Blue Slaver","floor":13,"turns":5},{"damage":15,"enemies":"Exordium Wildlife","floor":14,"turns":5},{"damage":40,"enemies":"Hexaghost","floor":16,"turns":11}],"seed_played":"-4898430806659497864","potions_obtained":[{"floor":4,"key":"GamblersBrew"},{"floor":7,"key":"ColorlessPotion"},{"floor":10,"key":"BlessingOfTheForge"},{"floor":11,"key":"AttackPotion"},{"floor":12,"key":"Explosive Potion"},{"floor":14,"key":"DistilledChaos"}],"is_trial":false,"path_per_floor":["M","?","?","M","?","E","M","R","T","M","M","M","M","M","R","B"],"character_chosen":"IRONCLAD","items_purchased":[],"campfire_rested":1,"item_purchase_floors":[],"current_hp_per_floor":[74,74,74,64,64,38,42,42,42,46,40,24,22,13,37,0,0],"gold":273,"neow_bonus":"RANDOM_COLORLESS","is_daily":false,"chose_seed":false,"campfire_upgraded":1,"win_rate":0.0,"timestamp":1612985382,"path_taken":["M","?","?","M","?","E","M","R","T","?","M","?","M","M","R","BOSS"],"items_purchased_type":[],"build_version":"2020-12-22","purchased_purges":0,"victory":false,"max_hp_per_floor":[80,80,80,80,80,80,80,80,80,80,80,80,80,80,80,80,80],"card_choices":[{"not_picked":["Dramatic Entrance","Enlightenment"],"picked":"Madness","floor":0},{"not_picked":["Clothesline","Headbutt"],"picked":"Metallicize","floor":1},{"not_picked":["Searing Blow","Iron Wave"],"picked":"Shockwave","floor":4},{"not_picked":["Exhume","Havoc"],"picked":"Armaments","floor":6},{"not_picked":["Havoc","True Grit"],"picked":"Sword Boomerang","floor":7},{"not_picked":["Twin Strike","Anger"],"picked":"Whirlwind","floor":10},{"not_picked":["Iron Wave","Dark Embrace"],"picked":"Rage","floor":11},{"not_picked":["Evolve","Entrench"],"picked":"Twin Strike","floor":12},{"not_picked":["Searing Blow","Clash"],"picked":"Perfected Strike","floor":13},{"not_picked":["Warcry","Brutality","Bloodletting"],"picked":"SKIP","floor":14}],"player_experience":456381,"relics_obtained":[{"floor":6,"key":"White Beast Statue"},{"floor":9,"key":"The Courier"}],"event_choices":[{"damage_healed":0,"gold_gain":0,"player_choice":"Grow","damage_taken":0,"max_hp_gain":0,"max_hp_loss":0,"event_name":"Living Wall","floor":2,"gold_loss":0,"cards_upgraded":["Metallicize"]},{"damage_healed":0,"gold_gain":0,"player_choice":"Leave","damage_taken":0,"max_hp_gain":0,"max_hp_loss":0,"event_name":"The Cleric","floor":3,"gold_loss":0},{"damage_healed":0,"gold_gain":0,"player_choice":"Take Wound","damage_taken":0,"relics_obtained":["Golden Idol"],"max_hp_gain":0,"max_hp_loss":0,"event_name":"Golden Idol","floor":5,"gold_loss":0,"cards_obtained":["Injury"]}],"is_beta":false,"boss_relics":[],"items_purged_floors":[],"is_endless":false,"potions_floor_spawned":[4,7,10,11,12,13,14],"killed_by":"Hexaghost","ascension_level":11}}