{"host":"o3b7ow6d1xe49css","time":1612952088,"event":{"mods":["Act Like it!","Aspiration","BaseMod","Bestiary","Better Altar","Better Match","Better Note","Better Sensory Stone","Better Skull","Better Third Choice","Colored Powertips","Conspire","Energized Spire","Force Act Four","GifTheSpireLib","Halation","Hermit","Hubris","Infinite Spire","Lobotomy","Minty Spire (QoL Compilation)","Quick Restart","Rare Cards Sparkle","Relic Filter Mod","Reliquary","Replay The Spire","Spicy Shops","Spikes Relics","Spire Arcade","StSLib","Stuff the Spire","The Blue Laboratory","Wandering Minibosses"],"gold_per_floor":[113,128,147,47,71,71,110,110,133,150,150,196,196,224,224,261,261],"floor_reached":16,"language":"ENG","playtime":624,"items_purged":[],"score":150,"play_id":"16c3d739-fc47-4a7e-9f0a-3a5df14dc4e3","local_time":"20210210011448","daily_mods":["Heirloom","Flight"],"is_ascension_mode":true,"campfire_choices":[{"data":"Zap","floor":6,"key":"SMITH"},{"data":"conspire:SpireCoStock","floor":8,"key":"SMITH"},{"floor":11,"key":"REST"},{"data":"StuffTheSpire:Snapshot","floor":15,"key":"SMITH"},{"data":"conspire:SpireCoStock","floor":15,"key":"SMITH"}],"circlet_count":0,"master_deck":["Strike_B","Strike_B","Strike_B","Strike_B","Defend_B","Defend_B","Defend_B","Defend_B","Zap+1","Dualcast","Ball Lightning","Scorched","conspire:SpireCoStock+1","conspire:SpireCoStock+1","Sweeping Beam","StuffTheSpire:Plugnplay","Echo Form","StuffTheSpire:Snapshot+1"],"relics":["Cracked Core","Ring of Chaos","halation:BlackBeret","CogitoBucket","ReplayTheSpireMod:TigerMarble","Centennial Puzzle","ResearcherNote","StrikeDummy","Replay:Arrowhead"],"acts_visited":["Exordium"],"potions_floor_usage":[5,5,7,7,12,12],"damage_taken":[{"damage":0,"enemies":"Cultist","floor":1,"turns":4},{"damage":7,"enemies":"Jaw Worm","floor":2,"turns":3},{"damage":3,"enemies":"2 Louse","floor":3,"turns":2},{"damage":7,"enemies":"Looter","floor":5,"turns":4},{"damage":10,"enemies":"3 Sentries","floor":7,"turns":4},{"damage":7,"enemies":"Exordium Wildlife","floor":10,"turns":3},{"damage":6,"enemies":"Replay:BlueRogue","floor":12,"turns":3},{"damage":10,"enemies":"Gremlin Nob","floor":14,"turns":3},{"damage":53,"enemies":"Fading Forest","floor":16,"turns":7}],"seed_played":"2905572030293190550","potions_obtained":[{"floor":1,"key":"Flashbang"},{"floor":3,"key":"EntropicBrew"},{"floor":10,"key":"AttackPotion"},{"floor":12,"key":"Doom Potion"}],"is_trial":true,"path_per_floor":["M","M","M","?","M","R","E","R","T","M","R","E","?","E","R","B"],"character_chosen":"DEFECT","items_purchased":[],"campfire_rested":1,"item_purchase_floors":[],"current_hp_per_floor":[75,68,65,65,58,58,48,48,48,41,63,57,57,47,47,6,6],"gold":261,"neow_bonus":"","is_daily":false,"chose_seed":false,"campfire_upgraded":4,"win_rate":0.0,"timestamp":1612952088,"path_taken":["M","M","M","?","M","R","E","R","T","M","R","E","?","E","R","BOSS"],"items_purchased_type":[],"build_version":"2020-12-22","purchased_purges":0,"victory":false,"max_hp_per_floor":[75,75,75,75,75,75,75,75,75,75,75,75,75,75,75,75,75],"card_choices":[{"not_picked":["Rebound","Blizzard"],"picked":"StuffTheSpire:SnapShoot","floor":1},{"not_picked":["VoidDream","MeatLantern","MHz"],"picked":"Singing Bowl","floor":1},{"not_picked":["FieryBird","GreedKing","Murderer"],"picked":"Singing Bowl","floor":2},{"not_picked":["Barrage","Turbo","ReplaySort"],"picked":"SKIP","floor":2},{"not_picked":["Redo","Streamline"],"picked":"Ball Lightning","floor":3},{"not_picked":["Bloodbath","Wellcheers"],"picked":"Scorched","floor":3},{"not_picked":["GalaxyChild","BlackSwan","ShyLook"],"picked":"Singing Bowl","floor":5},{"not_picked":["Beam Cell","ReplayTheSpireMod:Dual Polarity"],"picked":"Sweeping Beam","floor":5},{"not_picked":["Funeral","Bloodbath","CherryBlossoms"],"picked":"Singing Bowl","floor":7},{"not_picked":["Go for the Eyes","ReplayTheSpireMod:GoodbyeWorld","StuffTheSpire:LoadUp"],"picked":"SKIP","floor":7},{"not_picked":["Rebound","Gash"],"picked":"StuffTheSpire:Plugnplay","floor":10},{"not_picked":["QueenOfHatred","OSAHOGD","Scarecrow"],"picked":"Singing Bowl","floor":10},{"not_picked":["Ball Lightning","aspiration:Polymerization"],"picked":"Echo Form","floor":12},{"not_picked":["Alriune","MeatLantern","Funeral"],"picked":"Singing Bowl","floor":12},{"not_picked":["Turbo","StuffTheSpire:Plugnplay","Redo"],"picked":"SKIP","floor":14}],"player_experience":1344860,"relics_obtained":[{"floor":7,"key":"ReplayTheSpireMod:TigerMarble"},{"floor":9,"key":"Centennial Puzzle"},{"floor":12,"key":"StrikeDummy"},{"floor":14,"key":"Replay:Arrowhead"}],"event_choices":[{"damage_healed":0,"gold_gain":0,"player_choice":"Invest 2","damage_taken":0,"max_hp_gain":0,"max_hp_loss":0,"event_name":"conspire:Investor","floor":4,"gold_loss":0}],"is_beta":false,"boss_relics":[],"items_purged_floors":[],"is_endless":false,"potions_floor_spawned":[1,3,10,12],"killed_by":"Fading Forest","ascension_level":5}}