{"host":"h4lp0eeso8a0ssq0","time":1612924943,"event":{"mods":["2.2 Compatiblity","AchievementEnabler","BaseMod","CapriCore","Colored Map","Minty Spire (QoL Compilation)","StSLib","SuperFastMode"],"gold_per_floor":[110,110,36,46,46,46,64,81,81,109,125,125,139,239,239,312,312,326,337,352,372,51,51,67,67,67,86,86,86,114,114,114,114,114],"floor_reached":33,"language":"KOR","playtime":787,"items_purged":["Strike_G"],"score":511,"play_id":"d18af24b-2545-4f79-b38c-c7666d142327","local_time":"20210210114223","is_ascension_mode":true,"campfire_choices":[{"floor":6.0,"key":"REST"},{"floor":12.0,"key":"REST"},{"data":"Accuracy","floor":15.0,"key":"SMITH"},{"floor":23.0,"key":"REST"},{"floor":25,"key":"REST"},{"data":"Cloak And Dagger","floor":29,"key":"SMITH"},{"floor":32,"key":"REST"}],"circlet_count":0,"master_deck":["AscendersBane","Strike_G+1","Defend_G","Defend_G","Defend_G","Defend_G","Survivor","Neutralize","Quick Slash+1","Accuracy+1","Backstab","Quick Slash","Blade Dance","Cloak And Dagger+1","Dagger Throw","Sucker Punch","Storm of Steel","PiercingWail","Cloak And Dagger","Accuracy+1","Quick Slash+1"],"relics":["Ring of the Snake","Frozen Egg 2","The Specimen","Sozu","PreservedInsect","Turnip","Tingsha"],"acts_visited":["Exordium","TheCity"],"potions_floor_usage":[24,33],"damage_taken":[{"damage":1.0,"enemies":"Cultist","floor":1.0,"turns":5.0},{"damage":3.0,"enemies":"Small Slimes","floor":4.0,"turns":5.0},{"damage":0.0,"enemies":"Jaw Worm","floor":7.0,"turns":2.0},{"damage":0.0,"enemies":"Blue Slaver","floor":8.0,"turns":3.0},{"damage":9.0,"enemies":"Lagavulin","floor":10.0,"turns":7.0},{"damage":12.0,"enemies":"Exordium Thugs","floor":11.0,"turns":5.0},{"damage":0.0,"enemies":"2 Fungi Beasts","floor":13.0,"turns":2.0},{"damage":25.0,"enemies":"The Guardian","floor":16.0,"turns":14.0},{"damage":3.0,"enemies":"Chosen","floor":18.0,"turns":3.0},{"damage":14.0,"enemies":"Spheric Guardian","floor":19.0,"turns":4.0},{"damage":20.0,"enemies":"Snecko","floor":20.0,"turns":4.0},{"damage":11.0,"enemies":"Snake Plant","floor":21.0,"turns":5.0},{"damage":0,"enemies":"Centurion and Healer","floor":24,"turns":4},{"damage":0,"enemies":"3 Cultists","floor":27,"turns":4},{"damage":24,"enemies":"Book of Stabbing","floor":30,"turns":4},{"damage":50,"enemies":"Champ","floor":33,"turns":7}],"seed_played":"754218439230444535","potions_obtained":[{"floor":1.0,"key":"BlessingOfTheForge"},{"floor":7.0,"key":"SneckoOil"},{"floor":10.0,"key":"Regen Potion"},{"floor":13.0,"key":"Poison Potion"}],"is_trial":false,"path_per_floor":["M","?","$","M","?","R","M","M","T","E","M","R","M","?","R","B",null,"M","M","M","M","$","R","M","R","T","M","?","R","E","?","R","B"],"character_chosen":"THE_SILENT","items_purchased":["Accuracy","Accuracy+1","PreservedInsect"],"campfire_rested":5,"item_purchase_floors":[3,22,22],"current_hp_per_floor":[43,43,43,40,20,39,39,39,39,30,32,51,51,51,51,26,56,53,39,19,8,8,27,27,46,46,46,46,46,22,22,41,0,0],"gold":114,"neow_bonus":"REMOVE_TWO","is_daily":false,"chose_seed":false,"campfire_upgraded":2,"win_rate":0.0,"timestamp":1612924943,"path_taken":["M","?","$","?","?","R","M","M","T","E","M","R","M","?","R","BOSS","M","M","?","M","$","R","M","R","T","M","?","R","E","?","R","BOSS"],"items_purchased_type":["Card","Card","Relic"],"build_version":"2020-12-22","purchased_purges":1,"victory":false,"max_hp_per_floor":[66,66,66,66,66,66,66,66,66,66,66,66,66,66,66,66,66,66,66,66,66,66,66,66,66,66,66,66,66,66,66,66,66,66],"card_choices":[{"not_picked":["Bane","Slice"],"picked":"Quick Slash","floor":1.0},{"not_picked":["Calculated Gamble","Quick Slash"],"picked":"Backstab","floor":4.0},{"not_picked":["Outmaneuver","Venomology"],"picked":"Quick Slash","floor":7.0},{"not_picked":["Distraction","Bane"],"picked":"Blade Dance","floor":8.0},{"not_picked":["PiercingWail","Escape Plan"],"picked":"Cloak And Dagger","floor":10.0},{"not_picked":["Slice","Eviscerate"],"picked":"Dagger Throw","floor":11.0},{"not_picked":["Bane","Catalyst"],"picked":"Sucker Punch","floor":13.0},{"not_picked":["Venomology","Envenom+1"],"picked":"Storm of Steel","floor":16.0},{"not_picked":["Masterful Stab","Dash"],"picked":"PiercingWail","floor":18.0},{"not_picked":["Outmaneuver","Tactician","Crippling Poison+1"],"picked":"SKIP","floor":19.0},{"not_picked":["Catalyst","Concentrate"],"picked":"Cloak And Dagger","floor":20.0},{"not_picked":["Outmaneuver","Sucker Punch","Eviscerate"],"picked":"SKIP","floor":21.0},{"not_picked":["Skewer","Slice"],"picked":"Quick Slash+1","floor":24},{"not_picked":["Flying Knee","Distraction","Backstab+1"],"picked":"SKIP","floor":27},{"not_picked":["Underhanded Strike+1","Dodge and Roll+1","Bane"],"picked":"SKIP","floor":30}],"player_experience":203694,"relics_obtained":[{"floor":9.0,"key":"Frozen Egg 2"},{"floor":10.0,"key":"The Specimen"},{"floor":26,"key":"Turnip"},{"floor":30,"key":"Tingsha"}],"event_choices":[{"cards_removed":["Strike_G"],"damage_healed":0.0,"max_hp_gain":0.0,"max_hp_loss":0.0,"gold_gain":0.0,"event_name":"Bonfire Elementals","player_choice":"Offered Basic","floor":2.0,"gold_loss":0.0,"damage_taken":0.0},{"damage_healed":0.0,"max_hp_gain":0.0,"max_hp_loss":0.0,"gold_gain":0.0,"event_name":"Shining Light","player_choice":"Entered Light","floor":5.0,"gold_loss":0.0,"damage_taken":20.0,"cards_upgraded":["Quick Slash","Strike_G"]},{"damage_healed":0.0,"max_hp_gain":0.0,"max_hp_loss":0.0,"gold_gain":100.0,"event_name":"Wheel of Change","player_choice":"Gold","floor":14.0,"gold_loss":0.0,"damage_taken":0.0},{"damage_healed":0,"gold_gain":0,"player_choice":"Ignored","damage_taken":0,"max_hp_gain":0,"max_hp_loss":0,"event_name":"Vampires","floor":28,"gold_loss":0},{"cards_removed":["Strike_G"],"damage_healed":0,"gold_gain":0,"player_choice":"Elegance","damage_taken":0,"max_hp_gain":0,"max_hp_loss":0,"event_name":"Back to Basics","floor":31,"gold_loss":0}],"is_beta":false,"boss_relics":[{"not_picked":["Runic Pyramid","Fusion Hammer"],"picked":"Sozu"}],"items_purged_floors":[22],"is_endless":false,"potions_floor_spawned":[1,7,10,13,18,20,24,27],"killed_by":"Champ","ascension_level":18}}