{"host":"jqkewjmybebgw3gd","time":1612962195,"event":{"mods":["AchievementEnabler","BaseMod","Colored Map","DeckTracker","Minty Spire (QoL Compilation)","StSLib","SuperFastMode"],"gold_per_floor":[127,148,148,158,184,184,205,205,231,266,266,322,361,382,382,496,496,510,510,527,442,464,490,490,507,530,564,589,589,589,606,606,715,715,728,728,327,389,389,389,430,442,442,442,120,120,154,20,20,20,20,20,20,63,63],"floor_reached":56,"language":"KOR","playtime":2789,"items_purged":["Strike_P","Defend_P"],"score":1458,"play_id":"a9f621ea-5b57-4ca6-825f-af6bf7a1af4b","local_time":"20210210220315","is_ascension_mode":true,"campfire_choices":[{"data":"Eruption","floor":6.0,"key":"SMITH"},{"data":"Blasphemy","floor":8.0,"key":"SMITH"},{"data":"Vigilance","floor":11.0,"key":"SMITH"},{"floor":15.0,"key":"REST"},{"floor":24.0,"key":"REST"},{"floor":30.0,"key":"REST"},{"floor":32.0,"key":"REST"},{"floor":40.0,"key":"RECALL"},{"data":"MentalFortress","floor":44.0,"key":"SMITH"},{"data":"Ragnarok","floor":46.0,"key":"SMITH"},{"data":"TalkToTheHand","floor":49.0,"key":"SMITH"},{"data":"TalkToTheHand","floor":52,"key":"SMITH"}],"circlet_count":0,"master_deck":["Strike_P+1","Strike_P+1","Defend_P","Defend_P","Eruption+1","Vigilance+1","Tantrum+1","EmptyMind","FollowUp","Blasphemy+1","Tantrum","LessonLearned+1","FlurryOfBlows+1","DevaForm","Vengeance","EmptyFist+1","Indignation","Ragnarok+1","MentalFortress+1","TalkToTheHand+1","Halt+1","TalkToTheHand+1","ClearTheMind+1","MentalFortress+1","Adaptation+1"],"relics":["PureWater","CeramicFish","Oddly Smooth Stone","Happy Flower","Damaru","Omamori","SacredBark","Strawberry","Letter Opener","Nunchaku","Akabeko","Art of War","MutagenicStrength","Empty Cage","Bottled Tornado","Ice Cream","Matryoshka","Ancient Tea Set","Pen Nib","Pocketwatch","ClockworkSouvenir","Centennial Puzzle","DollysMirror","Vajra"],"acts_visited":["Exordium","TheCity","TheBeyond","TheEnding"],"potions_floor_usage":[50,55],"damage_taken":[{"damage":0.0,"enemies":"Cultist","floor":1.0,"turns":2.0},{"damage":0.0,"enemies":"2 Louse","floor":2.0,"turns":2.0},{"damage":0.0,"enemies":"Small Slimes","floor":4.0,"turns":2.0},{"damage":5.0,"enemies":"Looter","floor":5.0,"turns":3.0},{"damage":0.0,"enemies":"Exordium Thugs","floor":7.0,"turns":2.0},{"damage":0.0,"enemies":"Gremlin Nob","floor":10.0,"turns":2.0},{"damage":22.0,"enemies":"Gremlin Nob","floor":12.0,"turns":3.0},{"damage":24.0,"enemies":"Lagavulin","floor":13.0,"turns":5.0},{"damage":0.0,"enemies":"Large Slime","floor":14.0,"turns":3.0},{"damage":0.0,"enemies":"Slime Boss","floor":16.0,"turns":3.0},{"damage":11.0,"enemies":"3 Byrds","floor":18.0,"turns":4.0},{"damage":15.0,"enemies":"2 Thieves","floor":20.0,"turns":3.0},{"damage":12.0,"enemies":"Shelled Parasite and Fungi","floor":22.0,"turns":4.0},{"damage":6.0,"enemies":"Book of Stabbing","floor":23.0,"turns":3.0},{"damage":8.0,"enemies":"Centurion and Healer","floor":25.0,"turns":3.0},{"damage":0.0,"enemies":"Gremlin Leader","floor":27.0,"turns":4.0},{"damage":29.0,"enemies":"Snake Plant","floor":28.0,"turns":2.0},{"damage":0.0,"enemies":"Chosen and Byrds","floor":31.0,"turns":3.0},{"damage":14.0,"enemies":"Champ","floor":33.0,"turns":6.0},{"damage":10.0,"enemies":"3 Shapes","floor":35.0,"turns":2.0},{"damage":3.0,"enemies":"2 Orb Walkers","floor":38.0,"turns":4.0},{"damage":0.0,"enemies":"Giant Head","floor":41.0,"turns":5.0},{"damage":0.0,"enemies":"3 Darklings","floor":42.0,"turns":3.0},{"damage":0.0,"enemies":"Reptomancer","floor":47.0,"turns":2.0},{"damage":20,"enemies":"Donu and Deca","floor":50,"turns":4},{"damage":0,"enemies":"Shield and Spear","floor":54,"turns":3},{"damage":39,"enemies":"The Heart","floor":55,"turns":5}],"seed_played":"-4549807093762353724","potions_obtained":[{"floor":1.0,"key":"BlessingOfTheForge"},{"floor":4.0,"key":"SteroidPotion"},{"floor":5.0,"key":"Dexterity Potion"},{"floor":7.0,"key":"Fire Potion"},{"floor":14.0,"key":"BlessingOfTheForge"},{"floor":23.0,"key":"GamblersBrew"},{"floor":25.0,"key":"Weak Potion"},{"floor":31.0,"key":"AttackPotion"},{"floor":35.0,"key":"Explosive Potion"},{"floor":36.0,"key":"Strength Potion"},{"floor":36.0,"key":"DistilledChaos"},{"floor":41.0,"key":"Ambrosia"},{"floor":42.0,"key":"DuplicationPotion"}],"is_trial":false,"path_per_floor":["M","M","?","M","M","R","M","R","T","E","R","?","E","M","R","B",null,"M","?","M","?","M","E","R","M","T","E","M","?","R","M","R","B",null,"M","?","$","?","T","R","E","M","T","R","$","R","E","$","R","B",null,"R","$","E","B",null],"character_chosen":"WATCHER","items_purchased":["MentalFortress","Bottled Tornado","TalkToTheHand","ClockworkSouvenir","DollysMirror"],"campfire_rested":4,"item_purchase_floors":[37,37,45,45,48],"current_hp_per_floor":[72,72,60,60,55,55,55,55,55,55,55,33,9,9,30,30,72,61,68,53,53,41,35,58,50,50,50,21,21,44,44,67,53,79,69,69,69,66,66,66,66,66,66,66,66,66,66,66,66,46,79,79,79,79,40],"gold":63,"neow_bonus":"RANDOM_COMMON_RELIC","is_daily":false,"chose_seed":false,"campfire_upgraded":7,"win_rate":0.0,"timestamp":1612962195,"path_taken":["M","M","?","M","M","R","M","R","T","E","R","?","E","M","R","BOSS","M","?","M","?","M","E","R","M","T","E","M","?","R","M","R","BOSS","M","?","?","?","?","R","E","?","T","R","?","R","E","$","R","BOSS","R","$","E","BOSS"],"items_purchased_type":["Card","Relic","Card","Relic","Relic"],"build_version":"2020-12-22","purchased_purges":2,"victory":true,"max_hp_per_floor":[72,72,72,72,72,72,72,72,72,72,72,72,72,72,72,72,72,72,79,79,79,79,79,79,79,79,79,79,79,79,79,79,79,79,79,79,79,79,79,79,79,79,79,79,79,79,79,79,79,79,79,79,79,79,79],"card_choices":[{"not_picked":["CarveReality","Worship"],"picked":"Tantrum","floor":1.0},{"not_picked":["PathToVictory","Prostrate"],"picked":"EmptyMind","floor":2.0},{"not_picked":["CutThroughFate","Prostrate","Halt"],"picked":"SKIP","floor":4.0},{"not_picked":["JustLucky","ForeignInfluence"],"picked":"FollowUp","floor":5.0},{"not_picked":["FollowUp","Protect"],"picked":"Blasphemy","floor":7.0},{"not_picked":["MasterReality","EmptyBody"],"picked":"Tantrum","floor":10.0},{"not_picked":["Perseverance","Protect"],"picked":"LessonLearned","floor":13.0},{"not_picked":["BattleHymn","CrushJoints"],"picked":"FlurryOfBlows","floor":14.0},{"not_picked":["MasterReality","Omniscience"],"picked":"DevaForm","floor":16.0},{"not_picked":["Worship","CutThroughFate+1","CrushJoints"],"picked":"SKIP","floor":18.0},{"not_picked":["SashWhip","JustLucky","Evaluate"],"picked":"SKIP","floor":20.0},{"not_picked":["CutThroughFate","Protect+1"],"picked":"Vengeance","floor":22.0},{"not_picked":["Prostrate","Evaluate","Nirvana+1"],"picked":"SKIP","floor":23.0},{"not_picked":["Consecrate+1","JustLucky","Establishment"],"picked":"SKIP","floor":25.0},{"not_picked":["CrushJoints","ClearTheMind"],"picked":"EmptyFist+1","floor":27.0},{"not_picked":["Consecrate","Wireheading"],"picked":"Indignation","floor":28.0},{"not_picked":["WaveOfTheHand+1","Protect","Indignation"],"picked":"SKIP","floor":31.0},{"not_picked":["Brilliance","ConjureBlade"],"picked":"Ragnarok","floor":33.0},{"not_picked":["FollowUp","Vengeance","SandsOfTime"],"picked":"SKIP","floor":35.0},{"not_picked":["BowlingBash+1","Wireheading"],"picked":"TalkToTheHand","floor":38.0},{"not_picked":["ThirdEye","Consecrate+1"],"picked":"Halt+1","floor":41.0},{"not_picked":["JustLucky","CutThroughFate+1","ThirdEye"],"picked":"SKIP","floor":42.0},{"not_picked":["SandsOfTime","ThirdEye"],"picked":"ClearTheMind+1","floor":47.0},{"not_picked":["CrushJoints+1","JustLucky"],"picked":"Adaptation+1","floor":54}],"player_experience":515944,"relics_obtained":[{"floor":10.0,"key":"Happy Flower"},{"floor":13.0,"key":"Omamori"},{"floor":23.0,"key":"Nunchaku"},{"floor":26.0,"key":"Akabeko"},{"floor":27.0,"key":"Art of War"},{"floor":38.0,"key":"Ice Cream"},{"floor":39.0,"key":"Matryoshka"},{"floor":41.0,"key":"Ancient Tea Set"},{"floor":43.0,"key":"Pen Nib"},{"floor":43.0,"key":"Pocketwatch"},{"floor":47.0,"key":"Centennial Puzzle"},{"floor":54,"key":"Vajra"}],"event_choices":[{"damage_healed":0.0,"max_hp_gain":0.0,"max_hp_loss":0.0,"gold_gain":0.0,"event_name":"Scrap Ooze","player_choice":"Success","floor":3.0,"gold_loss":0.0,"damage_taken":12.0,"relics_obtained":["Oddly Smooth Stone"]},{"damage_healed":0.0,"max_hp_gain":0.0,"max_hp_loss":0.0,"gold_gain":30.0,"event_name":"Dead Adventurer","player_choice":"Searched \u00273\u0027 times","floor":12.0,"gold_loss":0.0,"damage_taken":0.0,"relics_obtained":["Damaru"]},{"damage_healed":0.0,"max_hp_gain":0.0,"max_hp_loss":0.0,"gold_gain":0.0,"event_name":"The Mausoleum","player_choice":"Opened","floor":19.0,"gold_loss":0.0,"damage_taken":0.0,"relics_obtained":["Strawberry"],"cards_obtained":["Writhe"]},{"damage_healed":0.0,"max_hp_gain":0.0,"max_hp_loss":0.0,"gold_gain":0.0,"event_name":"Addict","player_choice":"Obtained Relic","floor":21.0,"gold_loss":85.0,"damage_taken":0.0,"relics_obtained":["Letter Opener"]},{"damage_healed":0.0,"max_hp_gain":0.0,"max_hp_loss":0.0,"gold_gain":0.0,"event_name":"Drug Dealer","player_choice":"Inject Mutagens","floor":29.0,"gold_loss":0.0,"damage_taken":0.0,"relics_obtained":["MutagenicStrength"]},{"damage_healed":0.0,"max_hp_gain":0.0,"max_hp_loss":0.0,"gold_gain":0.0,"event_name":"Lab","player_choice":"Got Potions","floor":36.0,"gold_loss":0.0,"damage_taken":0.0},{"damage_healed":0.0,"max_hp_gain":0.0,"max_hp_loss":0.0,"gold_gain":0.0,"event_name":"Mysterious Sphere","player_choice":"Fight","floor":38.0,"gold_loss":0.0,"damage_taken":0.0}],"is_beta":false,"boss_relics":[{"not_picked":["Snecko Eye","Runic Dome"],"picked":"SacredBark"},{"not_picked":["Busted Crown","Cursed Key"],"picked":"Empty Cage"}],"items_purged_floors":[37,45],"is_endless":false,"potions_floor_spawned":[1,4,5,7,14,23,25,31,35,41,42],"ascension_level":1}}