{"host":"zhec3g4cvsmevugl","time":1612941767,"event":{"mods":["BaseMod","BetterRewards","Minty Spire (QoL Compilation)","Relic Stats","Slay-I","StSLib"],"gold_per_floor":[119,119,135,210,210,239,239,251,276,276,294,294,313,348,348,449,449,462,482,482,482,106,140,140,140,165,199,199,216,226,244,244,244,244],"floor_reached":33,"language":"ENG","playtime":1798,"items_purged":["Regret"],"score":483,"play_id":"d0148d80-f85c-4fb1-b28c-e93a808a2497","local_time":"20210210152247","is_ascension_mode":true,"campfire_choices":[{"floor":7,"key":"REST"},{"floor":10,"key":"REST"},{"floor":15,"key":"REST"},{"floor":24,"key":"REST"},{"floor":32,"key":"REST"}],"circlet_count":0,"master_deck":["Strike_G+1","Strike_G+1","Strike_G+1","Strike_G+1","Strike_G+1","Defend_G+1","Defend_G+1","Defend_G+1","Defend_G+1","Defend_G+1","Survivor","Neutralize","Metamorphosis+1","Flechettes","Phantasmal Killer","Setup","Terror","Chill","Jack Of All Trades","Skewer","Endless Agony","Self Repair","Quick Slash","Perfected Strike","Finesse","Immolate","Sever Soul","Carnage","Streamline","RitualDagger","Noxious Fumes","Blood for Blood+1","Night Terror","Inflame"],"relics":["Ring of the Snake","Dream Catcher","PrismaticShard","Happy Flower","Bag of Marbles","Lantern","Calipers","SlaversCollar","White Beast Statue","Regal Pillow","TwistedFunnel","Potion Belt","Snake Skull","Tiny Chest"],"acts_visited":["Exordium","TheCity"],"potions_floor_usage":[16,27,30,31,33,33,33],"damage_taken":[{"damage":9,"enemies":"Small Slimes","floor":1,"turns":4},{"damage":0,"enemies":"Cultist","floor":3,"turns":3},{"damage":16,"enemies":"Lagavulin","floor":6,"turns":4},{"damage":4,"enemies":"Jaw Worm","floor":8,"turns":3},{"damage":4,"enemies":"3 Louse","floor":11,"turns":4},{"damage":18,"enemies":"Exordium Thugs","floor":13,"turns":3},{"damage":31,"enemies":"Gremlin Nob","floor":14,"turns":4},{"damage":30,"enemies":"Slime Boss","floor":16,"turns":9},{"damage":42,"enemies":"Spheric Guardian","floor":18,"turns":5},{"damage":3,"enemies":"3 Byrds","floor":19,"turns":3},{"damage":8,"enemies":"Slavers","floor":23,"turns":3},{"damage":0,"enemies":"Gremlin Leader","floor":27,"turns":3},{"damage":13,"enemies":"Shelled Parasite and Fungi","floor":29,"turns":4},{"damage":2,"enemies":"Cultist and Chosen","floor":30,"turns":4},{"damage":36,"enemies":"Sentry and Sphere","floor":31,"turns":5},{"damage":53,"enemies":"Champ","floor":33,"turns":8}],"seed_played":"-6291586695125913798","potions_obtained":[{"floor":1,"key":"Poison Potion"},{"floor":11,"key":"Poison Potion"},{"floor":18,"key":"Swift Potion"},{"floor":23,"key":"Dexterity Potion"},{"floor":27,"key":"SmokeBomb"},{"floor":29,"key":"Swift Potion"},{"floor":30,"key":"AttackPotion"},{"floor":31,"key":"LiquidBronze"}],"is_trial":false,"path_per_floor":["M","?","M","?","?","E","R","M","T","R","M","?","M","E","R","B",null,"M","M","?","?","$","E","R","?","T","E","?","M","M","M","R","B"],"character_chosen":"THE_SILENT","items_purchased":["Dream Catcher","PrismaticShard","Metamorphosis","Regal Pillow","TwistedFunnel"],"campfire_rested":5,"item_purchase_floors":[0,0,0,22,22],"current_hp_per_floor":[40,40,40,29,29,13,34,30,30,51,47,47,36,12,33,10,70,35,32,32,32,32,24,60,54,54,54,54,41,46,17,53,0,0],"gold":244,"neow_bonus":"","is_daily":false,"chose_seed":false,"campfire_upgraded":0,"win_rate":0.0,"timestamp":1612941767,"path_taken":["M","?","?","?","?","E","R","?","T","R","M","?","M","E","R","BOSS","M","M","?","?","$","E","R","?","T","E","?","M","M","M","R","BOSS"],"items_purchased_type":["Relic","Relic","Card","Relic","Relic"],"build_version":"2020-12-22","purchased_purges":1,"victory":false,"max_hp_per_floor":[70,70,70,70,70,70,70,70,70,70,70,70,70,70,70,70,70,70,70,70,70,70,70,70,70,70,70,70,70,70,70,70,70,70],"relic_stats":{"Dream Catcher":5,"Regal Pillow":30,"Happy Flower":[20],"counters":[42,148],"Tiny Chest":0,"Snake Skull":[18],"obtain_stats":[{"Darkstone Periapt":24,"TwistedFunnel":22,"Lantern":9,"Regal Pillow":22,"Calipers":14,"Torii":44,"Snake Skull":26,"Bag of Preparation":45,"Boot":21,"Cursed Key":34,"PrismaticShard":0,"Nunchaku":27,"Dream Catcher":0,"Pantograph":43,"Philosopher\u0027s Stone":17,"Tiny Chest":27,"Toxic Egg 2":5,"Ring of the Snake":0,"Potion Belt":23,"Pear":28,"Happy Flower":5,"Blue Candle":26,"Oddly Smooth Stone":11,"White Beast Statue":20,"Mercury Hourglass":9,"SlaversCollar":17,"Bottled Flame":7,"Turnip":28,"Bag of Marbles":13,"Membership Card":5,"TungstenRod":48},{"Darkstone Periapt":13,"TwistedFunnel":36,"Lantern":30,"Regal Pillow":36,"Calipers":33,"Torii":23,"Snake Skull":37,"Bag of Preparation":24,"Boot":11,"Cursed Key":17,"PrismaticShard":26,"Nunchaku":15,"Dream Catcher":26,"Pantograph":22,"Philosopher\u0027s Stone":8,"Tiny Chest":38,"Toxic Egg 2":2,"Ring of the Snake":0,"Potion Belt":37,"Pear":15,"Happy Flower":28,"Blue Candle":14,"Oddly Smooth Stone":4,"White Beast Statue":36,"Mercury Hourglass":3,"SlaversCollar":34,"Bottled Flame":3,"Turnip":15,"Bag of Marbles":6,"Membership Card":2,"TungstenRod":25},{"Darkstone Periapt":41,"TwistedFunnel":121,"Lantern":93,"Regal Pillow":121,"Calipers":104,"Torii":69,"Snake Skull":124,"Bag of Preparation":71,"Boot":36,"Cursed Key":54,"PrismaticShard":79,"Nunchaku":48,"Dream Catcher":79,"Pantograph":68,"Philosopher\u0027s Stone":29,"Tiny Chest":127,"Toxic Egg 2":4,"Ring of the Snake":0,"Potion Belt":124,"Pear":48,"Happy Flower":86,"Blue Candle":44,"Oddly Smooth Stone":15,"White Beast Statue":121,"Mercury Hourglass":11,"SlaversCollar":113,"Bottled Flame":11,"Turnip":48,"Bag of Marbles":19,"Membership Card":4,"TungstenRod":73}],"Ring of the Snake":[86]},"card_choices":[{"not_picked":["Gash","Endless Agony"],"picked":"Setup","floor":1},{"not_picked":["FlurryOfBlows","Well Laid Plans"],"picked":"Terror","floor":3},{"not_picked":["Juggernaut","ThirdEye"],"picked":"Chill","floor":6},{"not_picked":["Turbo","FlurryOfBlows"],"picked":"Jack Of All Trades","floor":7},{"not_picked":["Darkness","Streamline"],"picked":"Skewer","floor":8},{"not_picked":["Rip and Tear","CrushJoints"],"picked":"Endless Agony","floor":10},{"not_picked":["Sword Boomerang","Backflip"],"picked":"Self Repair","floor":11},{"not_picked":["Dual Wield","FlyingSleeves"],"picked":"Quick Slash","floor":13},{"not_picked":["Clothesline","Headbutt"],"picked":"Perfected Strike","floor":14},{"not_picked":["Thunder Strike","Headbutt"],"picked":"Finesse","floor":15},{"not_picked":["Grand Finale","Wraith Form v2"],"picked":"Immolate","floor":16},{"not_picked":["ClearTheMind","Nirvana"],"picked":"Sever Soul","floor":18},{"not_picked":["PathToVictory+1","Streamline"],"picked":"Carnage","floor":19},{"not_picked":["Warcry","Disarm+1"],"picked":"Streamline","floor":23},{"not_picked":["Armaments+1","Uppercut"],"picked":"Noxious Fumes","floor":27},{"not_picked":["Loop","Conserve Battery"],"picked":"Blood for Blood+1","floor":29},{"not_picked":["Havoc","Slice","Evaluate"],"picked":"SKIP","floor":30},{"not_picked":["Capacitor","Redo+1"],"picked":"Night Terror","floor":31},{"not_picked":["Sword Boomerang","Perfected Strike"],"picked":"Inflame","floor":32}],"player_experience":248127,"relics_obtained":[{"floor":6,"key":"Bag of Marbles"},{"floor":9,"key":"Lantern"},{"floor":14,"key":"Calipers"},{"floor":23,"key":"Potion Belt"},{"floor":26,"key":"Snake Skull"},{"floor":27,"key":"Tiny Chest"}],"event_choices":[{"damage_healed":0,"gold_gain":0,"player_choice":"Ignored","damage_taken":0,"max_hp_gain":0,"max_hp_loss":0,"event_name":"Purifier","floor":2,"gold_loss":0},{"damage_healed":0,"gold_gain":75,"player_choice":"Gather Gold","damage_taken":11,"max_hp_gain":0,"max_hp_loss":0,"event_name":"World of Goop","floor":4,"gold_loss":0},{"damage_healed":0,"gold_gain":0,"player_choice":"Box","damage_taken":0,"relics_obtained":["Happy Flower"],"max_hp_gain":0,"max_hp_loss":0,"event_name":"Big Fish","floor":5,"gold_loss":0,"cards_obtained":["Regret"]},{"damage_healed":0,"gold_gain":0,"player_choice":"Grow","damage_taken":0,"max_hp_gain":0,"max_hp_loss":0,"event_name":"Living Wall","floor":12,"gold_loss":0,"cards_upgraded":["Metamorphosis"]},{"damage_healed":0,"gold_gain":0,"player_choice":"Opened","damage_taken":0,"relics_obtained":["White Beast Statue"],"max_hp_gain":0,"max_hp_loss":0,"event_name":"The Mausoleum","floor":20,"gold_loss":0},{"damage_healed":0,"gold_gain":0,"player_choice":"Ignored","damage_taken":0,"max_hp_gain":0,"max_hp_loss":0,"event_name":"Vampires","floor":21,"gold_loss":0},{"damage_healed":0,"gold_gain":0,"player_choice":"Joined the Cult","damage_taken":6,"max_hp_gain":0,"max_hp_loss":0,"event_name":"Nest","floor":25,"gold_loss":0,"cards_obtained":["RitualDagger"]},{"damage_healed":0,"gold_gain":0,"player_choice":"Simplicity","damage_taken":0,"max_hp_gain":0,"max_hp_loss":0,"event_name":"Back to Basics","floor":28,"gold_loss":0,"cards_upgraded":["Strike_G","Strike_G","Strike_G","Strike_G","Strike_G","Defend_G","Defend_G","Defend_G","Defend_G","Defend_G"]}],"is_beta":false,"boss_relics":[{"not_picked":["Runic Dome","Sozu"],"picked":"SlaversCollar"}],"items_purged_floors":[22],"is_endless":false,"potions_floor_spawned":[1,11,18,23,27,29,30,31],"killed_by":"Champ","ascension_level":3}}