{"host":"p4v0hquynnreu717","time":1612969047,"event":{"mods":["BaseMod","Better Vampires","DeckTracker","Googly Eyes","Minty Spire (QoL Compilation)","Quick Restart","StSLib","SuperFastMode"],"gold_per_floor":[118,129,142,157,157,157,186,186,186,218,218,30,43,43,43,114,114,124,124,174,99,111,111,111,122,200,211,211,226,226,257,257,336,336,348,359,409,428,428,463,463,493,493,522,536,536,41,73,73,73,73,73,33,63,63],"floor_reached":56,"language":"ZHS","playtime":3259,"items_purged":["Defend_R","Defend_R"],"score":2063,"play_id":"113c4400-4b12-451f-871f-bc1cc3787eeb","local_time":"20210210225727","is_ascension_mode":true,"campfire_choices":[{"data":"Havoc","floor":6.0,"key":"SMITH"},{"data":"Spot Weakness","floor":8.0,"key":"SMITH"},{"data":"Heavy Blade","floor":11.0,"key":"SMITH"},{"data":"Apotheosis","floor":15.0,"key":"SMITH"},{"data":"Limit Break","floor":23.0,"key":"SMITH"},{"data":"Barricade","floor":28.0,"key":"SMITH"},{"data":"Inflame","floor":30.0,"key":"SMITH"},{"data":"Feel No Pain","floor":32.0,"key":"SMITH"},{"data":"Evolve","floor":41.0,"key":"SMITH"},{"floor":46.0,"key":"RECALL"},{"data":"True Grit","floor":49.0,"key":"SMITH"},{"data":"Feel No Pain","floor":52,"key":"SMITH"}],"circlet_count":0,"master_deck":["AscendersBane","Defend_R","Defend_R","Spot Weakness+1","Feel No Pain+1","Havoc+1","Shrug It Off","Heavy Blade+1","Apotheosis+1","Feed+1","Dark Embrace+1","Impervious+1","Shrug It Off","Limit Break+1","Barricade+1","Feel No Pain+1","Pommel Strike+1","Inflame+1","Reaper+1","Evolve+1","Power Through","True Grit+1","Battle Trance","Second Wind"],"relics":["Burning Blood","NeowsBlessing","Sundial","Blood Vial","Astrolabe","Gremlin Horn","Calipers","Mark of Pain","FossilizedHelix","Whetstone","Oddly Smooth Stone","PreservedInsect","Shuriken","ClockworkSouvenir","Akabeko","CaptainsWheel"],"acts_visited":["Exordium","TheCity","TheBeyond","TheEnding"],"potions_floor_usage":[50,55],"damage_taken":[{"damage":0.0,"enemies":"Cultist","floor":1.0,"turns":1.0},{"damage":0.0,"enemies":"Small Slimes","floor":2.0,"turns":1.0},{"damage":0.0,"enemies":"Jaw Worm","floor":3.0,"turns":1.0},{"damage":17.0,"enemies":"Looter","floor":4.0,"turns":3.0},{"damage":35.0,"enemies":"Lagavulin","floor":7.0,"turns":8.0},{"damage":21.0,"enemies":"Gremlin Nob","floor":10.0,"turns":5.0},{"damage":2.0,"enemies":"Large Slime","floor":13.0,"turns":4.0},{"damage":11.0,"enemies":"Slime Boss","floor":16.0,"turns":9.0},{"damage":13.0,"enemies":"Spheric Guardian","floor":18.0,"turns":6.0},{"damage":18.0,"enemies":"Shell Parasite","floor":22.0,"turns":20.0},{"damage":21.0,"enemies":"Centurion and Healer","floor":25.0,"turns":7.0},{"damage":0.0,"enemies":"Snecko","floor":27.0,"turns":9.0},{"damage":16.0,"enemies":"Cultist and Chosen","floor":29.0,"turns":8.0},{"damage":10.0,"enemies":"Gremlin Leader","floor":31.0,"turns":6.0},{"damage":10.0,"enemies":"Automaton","floor":33.0,"turns":6.0},{"damage":28.0,"enemies":"Orb Walker","floor":35.0,"turns":7.0},{"damage":41.0,"enemies":"3 Darklings","floor":36.0,"turns":6.0},{"damage":30.0,"enemies":"Writhing Mass","floor":38.0,"turns":6.0},{"damage":69.0,"enemies":"Reptomancer","floor":40.0,"turns":11.0},{"damage":39.0,"enemies":"Nemesis","floor":42.0,"turns":9.0},{"damage":62.0,"enemies":"Reptomancer","floor":44.0,"turns":9.0},{"damage":22.0,"enemies":"Jaw Worm Horde","floor":45.0,"turns":8.0},{"damage":7.0,"enemies":"Nemesis","floor":48.0,"turns":9.0},{"damage":46,"enemies":"Awakened One","floor":50,"turns":7},{"damage":57,"enemies":"Shield and Spear","floor":54,"turns":8},{"damage":59,"enemies":"The Heart","floor":55,"turns":9}],"seed_played":"-3951470954980781659","potions_obtained":[{"floor":2.0,"key":"ColorlessPotion"},{"floor":4.0,"key":"HeartOfIron"},{"floor":7.0,"key":"HeartOfIron"},{"floor":25.0,"key":"DistilledChaos"},{"floor":27.0,"key":"DuplicationPotion"},{"floor":33.0,"key":"SpeedPotion"},{"floor":35.0,"key":"BlessingOfTheForge"},{"floor":38.0,"key":"DistilledChaos"},{"floor":42.0,"key":"LiquidBronze"}],"is_trial":false,"path_per_floor":["M","M","M","M","?","R","E","R","T","E","R","$","M","?","R","B",null,"M","?","?","$","M","R","?","M","T","M","R","M","R","E","R","B",null,"M","M","?","M","?","E","R","E","T","E","M","R","$","E","R","B",null,"R","$","E","B",null],"character_chosen":"IRONCLAD","items_purchased":["Apotheosis","Shuriken","ClockworkSouvenir","Second Wind"],"campfire_rested":0,"item_purchase_floors":[12,47,47,53],"current_hp_per_floor":[74,75,75,64,69,69,40,40,40,25,25,25,31,24,24,21,65,64,64,64,64,58,58,58,49,49,61,61,57,57,59,59,60,95,79,115,115,91,91,115,115,86,86,123,127,127,127,130,130,135,135,135,135,139,139],"gold":63,"neow_bonus":"THREE_ENEMY_KILL","is_daily":false,"chose_seed":false,"campfire_upgraded":11,"win_rate":0.0,"timestamp":1612969047,"path_taken":["M","M","?","?","?","R","E","R","T","E","R","$","M","?","R","BOSS","M","?","?","$","M","R","?","M","T","?","R","?","R","E","R","BOSS","M","M","?","?","?","E","R","E","T","E","M","R","$","E","R","BOSS","R","$","E","BOSS"],"items_purchased_type":["Card","Relic","Relic","Card"],"build_version":"2020-12-22","purchased_purges":2,"victory":true,"max_hp_per_floor":[75,75,75,75,80,80,80,80,80,80,80,80,80,80,80,80,80,84,84,84,84,88,88,88,92,92,96,96,100,100,104,104,107,107,111,115,115,115,115,115,115,119,119,123,127,127,127,131,131,135,135,135,135,139,139],"card_choices":[{"not_picked":["Flex","Perfected Strike","Clash"],"picked":"SKIP","floor":1.0},{"not_picked":["Shrug It Off","Cleave"],"picked":"Spot Weakness","floor":2.0},{"not_picked":["Body Slam","Shrug It Off"],"picked":"Feel No Pain","floor":3.0},{"not_picked":["Cleave","Shrug It Off"],"picked":"Havoc","floor":4.0},{"not_picked":["Clash","Spot Weakness"],"picked":"Shrug It Off","floor":7.0},{"not_picked":["Juggernaut","Entrench"],"picked":"Heavy Blade","floor":10.0},{"not_picked":["Pommel Strike","Body Slam","Searing Blow"],"picked":"SKIP","floor":13.0},{"not_picked":["Barricade","Juggernaut"],"picked":"Feed","floor":16.0},{"not_picked":["Wild Strike","Blood for Blood"],"picked":"Shrug It Off","floor":18.0},{"not_picked":["Pummel","Anger"],"picked":"Feel No Pain","floor":22.0},{"not_picked":["Sword Boomerang","Twin Strike","Havoc"],"picked":"SKIP","floor":25.0},{"not_picked":["Spot Weakness","Havoc"],"picked":"Pommel Strike+1","floor":27.0},{"not_picked":["Seeing Red","Armaments"],"picked":"Inflame","floor":29.0},{"not_picked":["Bludgeon","Clothesline+1","Flex"],"picked":"SKIP","floor":31.0},{"not_picked":["Demon Form","Impervious"],"picked":"Reaper","floor":33.0},{"not_picked":["Dropkick+1","Feel No Pain"],"picked":"Evolve","floor":35.0},{"not_picked":["Anger","Flex"],"picked":"Power Through","floor":36.0},{"not_picked":["Sword Boomerang","Heavy Blade"],"picked":"True Grit","floor":38.0},{"not_picked":["Havoc","Whirlwind","Spot Weakness+1"],"picked":"SKIP","floor":40.0},{"not_picked":["Cleave+1","Perfected Strike+1","Flame Barrier+1"],"picked":"SKIP","floor":42.0},{"not_picked":["Twin Strike+1","Cleave+1","Heavy Blade"],"picked":"SKIP","floor":44.0},{"not_picked":["Thunderclap","Hemokinesis","Armaments"],"picked":"SKIP","floor":45.0},{"not_picked":["Flex+1","Spot Weakness+1"],"picked":"Battle Trance","floor":48.0},{"not_picked":["Clash","Power Through","Second Wind"],"picked":"SKIP","floor":54}],"player_experience":819098,"relics_obtained":[{"floor":7.0,"key":"Sundial"},{"floor":10.0,"key":"Blood Vial"},{"floor":26.0,"key":"Gremlin Horn"},{"floor":31.0,"key":"Calipers"},{"floor":40.0,"key":"FossilizedHelix"},{"floor":42.0,"key":"Whetstone"},{"floor":43.0,"key":"Oddly Smooth Stone"},{"floor":44.0,"key":"PreservedInsect"},{"floor":48.0,"key":"Akabeko"},{"floor":54,"key":"CaptainsWheel"}],"event_choices":[{"damage_healed":0.0,"max_hp_gain":5.0,"max_hp_loss":0.0,"gold_gain":0.0,"event_name":"Big Fish","player_choice":"Donut","floor":5.0,"gold_loss":0.0,"damage_taken":0.0},{"cards_removed":["Strike_R"],"damage_healed":0.0,"max_hp_gain":0.0,"max_hp_loss":0.0,"gold_gain":0.0,"event_name":"Golden Wing","player_choice":"Card Removal","floor":14.0,"gold_loss":0.0,"damage_taken":7.0},{"damage_healed":0.0,"max_hp_gain":0.0,"max_hp_loss":0.0,"gold_gain":0.0,"cards_transformed":["Fire Breathing","Strike_R"],"event_name":"Drug Dealer","player_choice":"Became Test Subject","floor":19.0,"gold_loss":0.0,"damage_taken":0.0,"cards_obtained":["Limit Break","Barricade"]},{"damage_healed":0.0,"max_hp_gain":0.0,"max_hp_loss":0.0,"gold_gain":50.0,"event_name":"Nest","player_choice":"Stole From Cult","floor":20.0,"gold_loss":0.0,"damage_taken":0.0},{"cards_removed":["Bash"],"damage_healed":0.0,"max_hp_gain":0.0,"max_hp_loss":0.0,"gold_gain":0.0,"event_name":"Back to Basics","player_choice":"Elegance","floor":24.0,"gold_loss":0.0,"damage_taken":0.0},{"damage_healed":0.0,"max_hp_gain":0.0,"max_hp_loss":0.0,"gold_gain":50.0,"event_name":"Golden Shrine","player_choice":"Pray","floor":37.0,"gold_loss":0.0,"damage_taken":0.0},{"damage_healed":0.0,"max_hp_gain":0.0,"max_hp_loss":0.0,"gold_gain":0.0,"event_name":"Match and Keep!","player_choice":"0 cards matched","floor":39.0,"gold_loss":0.0,"damage_taken":0.0,"cards_obtained":[]}],"is_beta":false,"boss_relics":[{"not_picked":["Tiny House","Busted Crown"],"picked":"Astrolabe"},{"not_picked":["Velvet Choker","Philosopher\u0027s Stone"],"picked":"Mark of Pain"}],"items_purged_floors":[21,47],"is_endless":false,"potions_floor_spawned":[2,4,7,25,27,33,35,38,42],"ascension_level":15}}