{"host":"m4ma59c07ng6aza7","time":1612921663,"event":{"mods":["2.2 Compatiblity","AchievementEnabler","Act Like it!","AlwaysNeverKeys","Aspiration","BaseMod","Better Altar","Better Note","Better Sensory Stone","Better Skull","Better Third Choice","BetterRewards","Block Reminder","Colored Map","Colored Powertips","Conspire","Curses Come First","Dark Map","DeckTracker","Defuse TimeMaze Blight","Energized Spire","GifTheSpireLib","Halation","Highlight Path","Hubris","Infinite Spire","Minty Spire (QoL Compilation)","Permanent Neow","Quick Restart","Rare Cards Sparkle","RatMod","Relic Filter","Relic Sorter","Relic Stats","Replay The Spire","Reworked Bosses","Shop Mod","Spikes Relics","StSLib","Stuff the Spire","SuperFastMode","The Blue Laboratory","The Sage","Uncapped","Unceasing Turn Reminder","UnlockEverythingMod","Waifu the Spire","egg"],"gold_per_floor":[110,110,128,138,138,163,163],"floor_reached":6,"language":"ENG","playtime":379,"items_purged":[],"score":46,"play_id":"309a0a7b-05fa-4fc1-b008-800e500c753f","local_time":"20210209174743","is_ascension_mode":false,"campfire_choices":[],"circlet_count":0,"master_deck":["Strike_R","Strike_R","Strike_R","Strike_R","Strike_R","Defend_R","Defend_R","Defend_R","Defend_R","Bash","Iron Wave","ReplayTheSpireMod:Stacked"],"relics":["Burning Blood","Vajra","Replay:Bottled Steam"],"acts_visited":["Exordium"],"potions_floor_usage":[],"damage_taken":[{"damage":1,"enemies":"Jaw Worm","floor":1,"turns":4},{"damage":5,"enemies":"Cultist","floor":3,"turns":4},{"damage":0,"enemies":"Small Slimes","floor":4,"turns":3},{"damage":31,"enemies":"3 Sentries","floor":6,"turns":10}],"seed_played":"-5404364585288605775","potions_obtained":[{"floor":6,"key":"Dexterity Potion"}],"is_trial":false,"path_per_floor":["M","$","M","M","?","E"],"character_chosen":"IRONCLAD","items_purchased":[],"campfire_rested":0,"item_purchase_floors":[],"current_hp_per_floor":[80,80,80,80,80,55,55],"gold":163,"neow_bonus":"RANDOM_COMMON_RELIC","is_daily":false,"chose_seed":false,"campfire_upgraded":0,"win_rate":0.0,"timestamp":1612921663,"path_taken":["M","$","M","M","?","E"],"items_purchased_type":[],"build_version":"2020-12-22","purchased_purges":0,"victory":false,"max_hp_per_floor":[80,80,80,80,80,80,80],"relic_stats":{"counters":[4,21],"obtain_stats":[{"Vajra":0,"Burning Blood":0,"Replay:Bottled Steam":6},{"Vajra":0,"Burning Blood":0,"Replay:Bottled Steam":4},{"Vajra":0,"Burning Blood":0,"Replay:Bottled Steam":21}],"Burning Blood":12},"card_choices":[{"not_picked":["Cleave","Run Through","Dropkick"],"picked":"SKIP","floor":1},{"not_picked":["ReplayTheSpireMod:Strike From Hell","Replay:Undeath\u0027s Touch"],"picked":"Iron Wave","floor":3},{"not_picked":["Rage","StuffTheSpire:Slingshot"],"picked":"ReplayTheSpireMod:Stacked","floor":4}],"player_experience":43343,"relics_obtained":[{"floor":6,"key":"Replay:Bottled Steam"}],"event_choices":[{"damage_healed":0,"gold_gain":0,"player_choice":"Ignored","damage_taken":0,"max_hp_gain":0,"max_hp_loss":0,"event_name":"betterNote:BetterNote","floor":5,"gold_loss":0,"cards_obtained":["Voices"]}],"is_beta":false,"boss_relics":[],"items_purged_floors":[],"is_endless":false,"potions_floor_spawned":[6],"killed_by":"3 Sentries","ascension_level":0}}