{"host":"1xo5g347e5o4auts","time":1612969633,"event":{"mods":["BaseMod","Minty Spire (QoL Compilation)","Permanent Neow","StSLib"],"gold_per_floor":[31,31,31,91,131,190,230,309,378,432,483,483,494,549,549,653,653,694,707,145,181,199,250,250,313,313,337,367,367,402,440,440,543,543,553,40,59,0,93,127,171,206,206,206,263,302,369,425,425,450,450,450,450,35,65,90],"floor_reached":57,"language":"ENG","playtime":2684,"items_purged":["Strike_P","Strike_P"],"score":3436,"play_id":"3e385579-435b-4ff7-a5dc-ce4a0e3b4691","local_time":"20210210170713","is_ascension_mode":true,"campfire_choices":[{"data":"LikeWater","floor":15.0,"key":"SMITH"},{"data":"Omniscience","floor":24.0,"key":"SMITH"},{"data":"TalkToTheHand","floor":29.0,"key":"SMITH"},{"data":"Wallop","floor":32.0,"key":"SMITH"},{"data":"TalkToTheHand","floor":44.0,"key":"SMITH"},{"floor":49.0,"key":"RECALL"},{"data":"Omniscience","floor":53.0,"key":"SMITH"}],"circlet_count":0,"master_deck":["AscendersBane","Strike_P","Strike_P","Defend_P","Defend_P","Defend_P","Defend_P","Eruption","Vigilance","HandOfGreed+1","EmptyFist","JustLucky","BowlingBash","CutThroughFate","ClearTheMind","Adaptation","LikeWater+1","Omniscience+1","DevaForm","Meditate+1","FlurryOfBlows","TalkToTheHand+1","Vengeance","Wallop+1","Protect","Vault","TalkToTheHand+1","Omniscience+1","TalkToTheHand","Wallop","Protect+1","WheelKick+1","FlurryOfBlows","Omniscience+1","Wish+1","Vault+1"],"relics":["PureWater","PreservedInsect","Thread and Needle","Tiny Chest","White Beast Statue","Bronze Scales","Pear","InkBottle","HornCleat","SacredBark","Sling","Akabeko","Bag of Preparation","Centennial Puzzle","Orichalcum","VioletLotus","Vajra","Lee\u0027s Waffle","Red Mask","Shuriken","Toxic Egg 2","FossilizedHelix","Meat on the Bone","DollysMirror","StoneCalendar"],"acts_visited":["Exordium","TheCity","TheBeyond","TheEnding"],"potions_floor_usage":[56,56],"damage_taken":[{"damage":2.0,"enemies":"Jaw Worm","floor":1.0,"turns":3.0},{"damage":2.0,"enemies":"2 Louse","floor":4.0,"turns":3.0},{"damage":0.0,"enemies":"Cultist","floor":5.0,"turns":2.0},{"damage":20.0,"enemies":"Lagavulin","floor":6.0,"turns":6.0},{"damage":1.0,"enemies":"Large Slime","floor":7.0,"turns":2.0},{"damage":1.0,"enemies":"3 Sentries","floor":8.0,"turns":5.0},{"damage":0.0,"enemies":"Gremlin Nob","floor":11.0,"turns":2.0},{"damage":0.0,"enemies":"Exordium Thugs","floor":13.0,"turns":3.0},{"damage":0.0,"enemies":"3 Sentries","floor":14.0,"turns":2.0},{"damage":7.0,"enemies":"Hexaghost","floor":16.0,"turns":8.0},{"damage":0.0,"enemies":"Shell Parasite","floor":18.0,"turns":3.0},{"damage":0.0,"enemies":"Chosen","floor":19.0,"turns":3.0},{"damage":0.0,"enemies":"Snecko","floor":21.0,"turns":5.0},{"damage":7.0,"enemies":"Snake Plant","floor":22.0,"turns":5.0},{"damage":3.0,"enemies":"Slavers","floor":23.0,"turns":3.0},{"damage":0.0,"enemies":"Shelled Parasite and Fungi","floor":25.0,"turns":1.0},{"damage":11.0,"enemies":"Gremlin Leader","floor":28.0,"turns":3.0},{"damage":0.0,"enemies":"3 Cultists","floor":30.0,"turns":4.0},{"damage":4.0,"enemies":"Snake Plant","floor":31.0,"turns":3.0},{"damage":55.0,"enemies":"Automaton","floor":33.0,"turns":10.0},{"damage":0.0,"enemies":"Orb Walker","floor":35.0,"turns":5.0},{"damage":8.0,"enemies":"3 Darklings","floor":37.0,"turns":5.0},{"damage":0.0,"enemies":"4 Shapes","floor":39.0,"turns":7.0},{"damage":0.0,"enemies":"Giant Head","floor":40.0,"turns":6.0},{"damage":1.0,"enemies":"Spire Growth","floor":41.0,"turns":4.0},{"damage":1.0,"enemies":"Sphere and 2 Shapes","floor":42.0,"turns":5.0},{"damage":0.0,"enemies":"Nemesis","floor":45.0,"turns":5.0},{"damage":0.0,"enemies":"Jaw Worm Horde","floor":46.0,"turns":3.0},{"damage":0.0,"enemies":"4 Shapes","floor":47.0,"turns":9.0},{"damage":0.0,"enemies":"Giant Head","floor":48.0,"turns":4.0},{"damage":0.0,"enemies":"Time Eater","floor":50.0,"turns":9.0},{"damage":0.0,"enemies":"Awakened One","floor":51.0,"turns":10.0},{"damage":0.0,"enemies":"Shield and Spear","floor":55.0,"turns":3.0},{"damage":50,"enemies":"The Heart","floor":56,"turns":10}],"seed_played":"2833867856405488628","potions_obtained":[{"floor":1.0,"key":"Energy Potion"},{"floor":6.0,"key":"SneckoOil"},{"floor":11.0,"key":"AttackPotion"},{"floor":13.0,"key":"Ambrosia"},{"floor":14.0,"key":"Ancient Potion"},{"floor":16.0,"key":"LiquidMemories"},{"floor":18.0,"key":"SteroidPotion"},{"floor":19.0,"key":"Block Potion"},{"floor":21.0,"key":"Block Potion"},{"floor":23.0,"key":"DuplicationPotion"},{"floor":25.0,"key":"LiquidBronze"},{"floor":28.0,"key":"BlessingOfTheForge"},{"floor":30.0,"key":"Explosive Potion"},{"floor":31.0,"key":"Regen Potion"},{"floor":33.0,"key":"GamblersBrew"},{"floor":35.0,"key":"Fire Potion"},{"floor":37.0,"key":"Ancient Potion"},{"floor":40.0,"key":"Ambrosia"},{"floor":41.0,"key":"DuplicationPotion"}],"is_trial":false,"path_per_floor":["M","?","?","M","M","E","M","E","T","T","E","T","M","E","R","B",null,"M","M","$","M","M","E","R","M","T","T","E","R","M","M","R","B",null,"M","$","M","?","M","E","M","M","T","R","E","M","M","E","R","B","B",null,"R","$","E","B",null],"character_chosen":"WATCHER","items_purchased":["DevaForm","Sling","Akabeko","Omniscience","Vajra","Lee\u0027s Waffle","DollysMirror","Wish+1","Regen Potion"],"campfire_rested":0,"item_purchase_floors":[20,20,20,36,36,36,54,54,54],"current_hp_per_floor":[59,59,54,52,52,32,31,30,30,30,40,40,40,40,40,33,67,67,67,67,67,60,57,57,57,57,57,46,46,46,42,42,41,69,69,85,77,77,77,77,76,75,75,75,75,75,75,75,75,75,75,83,83,83,83,82],"gold":90,"neow_bonus":"RANDOM_COLORLESS_2","is_daily":false,"chose_seed":false,"campfire_upgraded":6,"win_rate":0.0,"timestamp":1612969633,"path_taken":["M","?","?","M","M","E","M","E","T","?","E","?","?","E","R","BOSS","M","M","$","M","M","E","R","M","T","?","E","R","M","M","R","BOSS","M","$","M","?","M","E","M","M","T","R","E","M","M","E","R","BOSS","BOSS","R","$","E","BOSS"],"items_purchased_type":["Card","Relic","Relic","Card","Relic","Relic","Relic","Card","Potion"],"build_version":"2020-12-22","purchased_purges":2,"victory":true,"max_hp_per_floor":[68,68,68,68,68,68,68,68,68,68,78,78,78,78,78,78,78,78,78,78,78,78,78,78,78,78,78,78,78,78,78,78,78,78,78,85,85,85,85,85,85,85,85,85,85,85,85,85,85,85,85,85,85,85,85,85],"card_choices":[{"not_picked":["Transmutation","Metamorphosis"],"picked":"HandOfGreed","floor":0.0},{"not_picked":["Vengeance","DeceiveReality"],"picked":"EmptyFist","floor":1.0},{"not_picked":["EmptyFist","FlyingSleeves"],"picked":"JustLucky","floor":4.0},{"not_picked":["EmptyFist","MentalFortress"],"picked":"BowlingBash","floor":5.0},{"not_picked":["JustLucky","Vengeance"],"picked":"CutThroughFate","floor":6.0},{"not_picked":["SashWhip","FlyingSleeves"],"picked":"ClearTheMind","floor":7.0},{"not_picked":["Judgement","BattleHymn","ReachHeaven"],"picked":"SKIP","floor":8.0},{"not_picked":["Evaluate","Consecrate","Crescendo"],"picked":"SKIP","floor":11.0},{"not_picked":["BowlingBash","Evaluate"],"picked":"Adaptation","floor":13.0},{"not_picked":["CrushJoints","JustLucky"],"picked":"LikeWater","floor":14.0},{"not_picked":["MasterReality","Establishment"],"picked":"Omniscience","floor":16.0},{"not_picked":["FollowUp","EmptyBody+1","ThirdEye"],"picked":"SKIP","floor":18.0},{"not_picked":["Crescendo","InnerPeace","Sanctity"],"picked":"SKIP","floor":19.0},{"not_picked":["Halt","ClearTheMind","EmptyFist"],"picked":"SKIP","floor":21.0},{"not_picked":["CrushJoints+1","Evaluate"],"picked":"Meditate+1","floor":22.0},{"not_picked":["SashWhip","Swivel"],"picked":"FlurryOfBlows","floor":23.0},{"not_picked":["BattleHymn","CutThroughFate"],"picked":"TalkToTheHand","floor":25.0},{"not_picked":["FearNoEvil","CutThroughFate"],"picked":"Vengeance","floor":28.0},{"not_picked":["Wireheading","SandsOfTime"],"picked":"Wallop","floor":30.0},{"not_picked":["Evaluate","Ragnarok"],"picked":"Protect","floor":31.0},{"not_picked":["Judgement","SpiritShield"],"picked":"Vault","floor":33.0},{"not_picked":["Prostrate","CutThroughFate"],"picked":"TalkToTheHand","floor":35.0},{"not_picked":["CarveReality+1","LikeWater"],"picked":"TalkToTheHand","floor":37.0},{"not_picked":["EmptyBody","Crescendo"],"picked":"Wallop","floor":39.0},{"not_picked":["EmptyMind","ReachHeaven+1"],"picked":"Protect+1","floor":40.0},{"not_picked":["FollowUp","SashWhip","DeceiveReality"],"picked":"SKIP","floor":41.0},{"not_picked":["EmptyMind","Wallop+1","Study"],"picked":"SKIP","floor":42.0},{"not_picked":["MasterReality","CutThroughFate+1","Perseverance+1"],"picked":"SKIP","floor":45.0},{"not_picked":["JustLucky","BattleHymn","DeceiveReality+1"],"picked":"SKIP","floor":46.0},{"not_picked":["JustLucky","BattleHymn","DeceiveReality+1"],"picked":"SKIP","floor":46.0},{"not_picked":["FlyingSleeves","Prostrate+1"],"picked":"WheelKick+1","floor":47.0},{"not_picked":["DeceiveReality+1","Sanctity+1"],"picked":"FlurryOfBlows","floor":48.0},{"not_picked":["Study","SandsOfTime"],"picked":"Vault+1","floor":55.0}],"player_experience":1473034,"relics_obtained":[{"floor":6.0,"key":"Thread and Needle"},{"floor":8.0,"key":"Tiny Chest"},{"floor":9.0,"key":"White Beast Statue"},{"floor":10.0,"key":"Bronze Scales"},{"floor":11.0,"key":"Pear"},{"floor":12.0,"key":"InkBottle"},{"floor":14.0,"key":"HornCleat"},{"floor":23.0,"key":"Bag of Preparation"},{"floor":27.0,"key":"Centennial Puzzle"},{"floor":28.0,"key":"Orichalcum"},{"floor":40.0,"key":"Shuriken"},{"floor":43.0,"key":"Toxic Egg 2"},{"floor":45.0,"key":"FossilizedHelix"},{"floor":48.0,"key":"Meat on the Bone"},{"floor":55.0,"key":"StoneCalendar"}],"event_choices":[{"damage_healed":0.0,"max_hp_gain":0.0,"max_hp_loss":0.0,"gold_gain":0.0,"event_name":"Living Wall","player_choice":"Grow","floor":2.0,"gold_loss":0.0,"damage_taken":0.0,"cards_upgraded":["HandOfGreed"]},{"damage_healed":0.0,"max_hp_gain":0.0,"max_hp_loss":0.0,"gold_gain":0.0,"event_name":"Scrap Ooze","player_choice":"Success","floor":3.0,"gold_loss":0.0,"damage_taken":5.0,"relics_obtained":["PreservedInsect"]},{"damage_healed":0.0,"max_hp_gain":0.0,"max_hp_loss":0.0,"gold_gain":0.0,"event_name":"Tomb of Lord Red Mask","player_choice":"Paid","floor":38.0,"gold_loss":59.0,"damage_taken":0.0,"relics_obtained":["Red Mask"]}],"is_beta":false,"boss_relics":[{"not_picked":["Fusion Hammer","Busted Crown"],"picked":"SacredBark"},{"not_picked":["Tiny House","Runic Dome"],"picked":"VioletLotus"}],"items_purged_floors":[20,36],"is_endless":false,"potions_floor_spawned":[1,6,11,13,14,16,18,19,21,22,23,25,28,30,31,33,35,37,39,40,41,42,45,46,47,48,55],"ascension_level":20}}