{"host":"d52brwsy6af8zvaq","time":1612925146,"event":{"mods":["AchievementEnabler","BaseMod","Bestiary","Highlight Path","Minty Spire (QoL Compilation)","Quick Restart","Relic Stats","ojb\u0027s Better Paths Mod"],"gold_per_floor":[114,11,22,32,0,0,30,48,48,48,126,145,178,190,190,265,265,278,278,203,229,41,66,66,101,113,18,18,18,38,38,38],"floor_reached":31,"language":"ENG","playtime":2183,"items_purged":["Strike_B","Strike_B"],"score":566,"play_id":"ebed22f7-3e22-4b1d-a83e-be87ce6facbd","local_time":"20210209194546","is_ascension_mode":true,"campfire_choices":[{"data":"Zap","floor":6.0,"key":"SMITH"},{"floor":10.0,"key":"REST"},{"floor":15.0,"key":"REST"},{"floor":24,"key":"REST"},{"floor":29,"key":"REST"}],"circlet_count":0,"master_deck":["AscendersBane","Strike_B","Defend_B","Defend_B","Defend_B","Defend_B","Zap+1","Dualcast","Cold Snap","Barrage","Sweeping Beam","Coolheaded","Gash","Doom and Gloom","Leap","Ball Lightning+1","White Noise","Echo Form","Buffer","Hologram","Leap","BootSequence","Conserve Battery"],"relics":["Cracked Core","Bag of Marbles","Molten Egg 2","Letter Opener","Busted Crown","Juzu Bracelet","Membership Card","TungstenRod","MawBank","Bottled Flame"],"acts_visited":["Exordium","TheCity"],"potions_floor_usage":[],"damage_taken":[{"damage":1.0,"enemies":"Cultist","floor":1.0,"turns":3.0},{"damage":8.0,"enemies":"2 Louse","floor":3.0,"turns":3.0},{"damage":10.0,"enemies":"Jaw Worm","floor":4.0,"turns":3.0},{"damage":21.0,"enemies":"3 Sentries","floor":7.0,"turns":7.0},{"damage":2.0,"enemies":"Exordium Thugs","floor":8.0,"turns":4.0},{"damage":1.0,"enemies":"Blue Slaver","floor":12.0,"turns":4.0},{"damage":31.0,"enemies":"Lagavulin","floor":13.0,"turns":7.0},{"damage":0.0,"enemies":"Large Slime","floor":14.0,"turns":4.0},{"damage":21.0,"enemies":"The Guardian","floor":16.0,"turns":9.0},{"damage":9.0,"enemies":"Shell Parasite","floor":18.0,"turns":3.0},{"damage":0.0,"enemies":"3 Byrds","floor":19.0,"turns":1.0},{"damage":29.0,"enemies":"Gremlin Leader","floor":23.0,"turns":8.0},{"damage":31,"enemies":"Book of Stabbing","floor":25,"turns":6},{"damage":36,"enemies":"Shelled Parasite and Fungi","floor":30,"turns":8},{"damage":36,"enemies":"Gremlin Leader","floor":31,"turns":7}],"seed_played":"1533535749805028529","potions_obtained":[{"floor":1.0,"key":"Fruit Juice"},{"floor":12.0,"key":"SteroidPotion"},{"floor":14.0,"key":"Dexterity Potion"},{"floor":16.0,"key":"DistilledChaos"},{"floor":18.0,"key":"SmokeBomb"}],"is_trial":false,"path_per_floor":["M","$","M","M","?","R","E","M","T","R","T","M","E","M","R","B",null,"M","M","?","T","$","E","R","E","T","$","?","R","M","E"],"character_chosen":"DEFECT","items_purchased":["Sweeping Beam","Membership Card","Leap","FairyPotion"],"campfire_rested":4,"item_purchase_floors":[2,22,22,27],"current_hp_per_floor":[68,68,60,50,50,50,29,27,27,49,49,48,17,17,39,18,62,53,53,53,53,53,24,46,15,15,15,15,37,1,0,0],"gold":38,"neow_bonus":"THREE_CARDS","is_daily":false,"chose_seed":false,"campfire_upgraded":1,"win_rate":0.0,"timestamp":1612925146,"path_taken":["M","$","M","?","?","R","E","M","T","R","?","M","E","M","R","BOSS","M","M","?","?","$","E","R","E","T","?","?","R","M","E"],"items_purchased_type":["Card","Relic","Card","Potion"],"build_version":"2020-12-22","purchased_purges":2,"victory":false,"max_hp_per_floor":[76,76,76,76,76,76,76,76,76,76,76,76,76,76,76,76,76,76,76,76,76,76,76,76,76,76,76,76,76,76,76,76],"relic_stats":{"Busted Crown":8,"counters":[15,77],"Juzu Bracelet":0,"Letter Opener":[72],"MawBank":24,"obtain_stats":[{"Bottled Flame":26,"Busted Crown":17,"Molten Egg 2":9,"Bag of Marbles":7,"Juzu Bracelet":21,"Letter Opener":13,"Membership Card":22,"Cracked Core":0,"MawBank":25,"TungstenRod":23},{"Bottled Flame":13,"Busted Crown":9,"Molten Egg 2":5,"Bag of Marbles":4,"Juzu Bracelet":11,"Letter Opener":7,"Membership Card":11,"Cracked Core":0,"MawBank":13,"TungstenRod":12},{"Bottled Flame":62,"Busted Crown":44,"Molten Egg 2":20,"Bag of Marbles":16,"Juzu Bracelet":48,"Letter Opener":31,"Membership Card":48,"Cracked Core":0,"MawBank":62,"TungstenRod":56}],"TungstenRod":18},"card_choices":[{"not_picked":["Compile Driver","Go for the Eyes"],"picked":"Cold Snap","floor":0.0},{"not_picked":["Melter","Beam Cell"],"picked":"Barrage","floor":1.0},{"not_picked":["Genetic Algorithm","Redo"],"picked":"Coolheaded","floor":3.0},{"not_picked":["Tempest","Compile Driver"],"picked":"Gash","floor":4.0},{"not_picked":["Coolheaded","Multi-Cast"],"picked":"Doom and Gloom","floor":7.0},{"not_picked":["Stack","Tempest"],"picked":"Leap","floor":8.0},{"not_picked":["Hello World","Steam"],"picked":"Ball Lightning+1","floor":12.0},{"not_picked":["Compile Driver+1","Tempest"],"picked":"White Noise","floor":13.0},{"not_picked":["Barrage+1","Hologram"],"picked":"Echo Form","floor":14.0},{"not_picked":["Machine Learning","Hyperbeam+1"],"picked":"Buffer","floor":16.0},{"not_picked":[],"picked":"Hologram","floor":18.0},{"not_picked":[],"picked":"BootSequence","floor":23.0},{"not_picked":["Lockon+1"],"picked":"SKIP","floor":25},{"not_picked":[],"picked":"Conserve Battery","floor":30}],"player_experience":2204510,"relics_obtained":[{"floor":7.0,"key":"Bag of Marbles"},{"floor":9.0,"key":"Molten Egg 2"},{"floor":13.0,"key":"Letter Opener"},{"floor":21.0,"key":"Juzu Bracelet"},{"floor":23.0,"key":"TungstenRod"},{"floor":25,"key":"MawBank"},{"floor":26,"key":"Bottled Flame"}],"event_choices":[{"damage_healed":0.0,"max_hp_gain":0.0,"max_hp_loss":0.0,"gold_gain":0.0,"event_name":"World of Goop","player_choice":"Left Gold","floor":5.0,"gold_loss":32.0,"damage_taken":0.0},{"cards_removed":["Strike_B"],"damage_healed":0.0,"max_hp_gain":0.0,"max_hp_loss":0.0,"gold_gain":0.0,"event_name":"Beggar","player_choice":"Gave Gold","floor":20.0,"gold_loss":75.0,"damage_taken":0.0},{"damage_healed":0,"gold_gain":0,"player_choice":"Ignored","damage_taken":0,"max_hp_gain":0,"max_hp_loss":0,"event_name":"The Mausoleum","floor":28,"gold_loss":0}],"is_beta":false,"boss_relics":[{"not_picked":["Calling Bell","Empty Cage"],"picked":"Busted Crown"}],"items_purged_floors":[2,27],"is_endless":false,"potions_floor_spawned":[1,12,14,16,18,19],"killed_by":"Gremlin Leader","ascension_level":20}}