{"host":"spoxbmo2txwgdxt2","time":1612998078,"event":{"mods":["AchievementEnabler","Act Like it!","BaseMod","Colored Powertips","Gensokyo","Hallownest","Highlight Path","KomeijiMod","Minty Spire (QoL Compilation)","Quick Restart","Shop Mod","StSLib"],"gold_per_floor":[112,112,125,91,91,116,46,76,76,106,106,122,122,122,122,217,217,231,242,73,169,180,515,515,548,548,548,568,595,612,626,626,745,745,761,828,728,826,826,851,863,289,289,289,289,109,126,153,153,153,153,153,39,65,65],"floor_reached":56,"language":"ZHS","playtime":7279,"items_purged":["Hallownest:curseDreamersLament"],"score":1413,"play_id":"6b46aa84-0374-463f-ad9c-ab6b9f898d79","local_time":"20210211070118","is_ascension_mode":false,"campfire_choices":[{"data":"Dash_Komeiji","floor":15.0,"key":"SMITH"},{"data":"WumiGaWareru","floor":24.0,"key":"SMITH"},{"data":"Searching","floor":27.0,"key":"SMITH"},{"data":"LittleLegion","floor":32.0,"key":"SMITH"},{"data":"TenguhouSokujitsuken","floor":41,"key":"SMITH"},{"data":"MiraiBunraku","floor":45,"key":"SMITH"},{"floor":49,"key":"RECALL"},{"data":"MunenMusou","floor":52,"key":"SMITH"}],"circlet_count":0,"master_deck":["Strike_Komeiji","Strike_Komeiji","Defend_Komeiji+1","Defend_Komeiji","Defend_Komeiji","Dash_Komeiji+1","KoKei+1","SelfTokamak","SeishiRoten+1","VampireKiss","HagoromoKu+1","ArtfulChanter","NingyouFukuhei+1","HagoromoMizu","NingyouMusou+1","HelanNingyou","GroundStardust+1","Searching+1","SeishiRoten+1","KokorosuKi+1","WumiGaWareru+1","HagoromoMizu+1","NingyouSP+1","LittleLegion","MiraiBunraku+1","HagoromoKu+1","LittleLegion+1","MunenMusou+1","DemonLordCradle+1","TenguhouSokujitsuken+1","HagoromoMizu+1","ArtfulChanter+1","ArtfulChanter+1"],"relics":["KomeijisEye","SpellCardsRule","MusicBox","Potion Belt","Pocketwatch","Akabeko","Gensokyo:CelestialsFlawlessClothing","ReiryokuShyu","Red Mask","Mummified Hand","Clue","Singing Bowl","Clue","Coffee Dripper","Hallownest:SoulVesselRelic","Hallownest:BeastSealRelic","MerchantsRug","MigarariNingyou","RingOfDollmaker","Letter Opener","Hallownest:StagBellRelic1","PreservedInsect","Bronze Scales","SpellExtend"],"acts_visited":["Gensokyo:Gensokyo","TheCity","Hallownest:KingdomsEdge","TheEnding"],"potions_floor_usage":[50,55,55,55],"damage_taken":[{"damage":8.0,"enemies":"Gensokyo:Python","floor":1.0,"turns":4.0},{"damage":0.0,"enemies":"Gensokyo:Gryphon","floor":3.0,"turns":1.0},{"damage":3.0,"enemies":"Gensokyo:Aya","floor":6.0,"turns":3.0},{"damage":3.0,"enemies":"Gensokyo:Mamizou","floor":8.0,"turns":10.0},{"damage":21.0,"enemies":"Gensokyo:Aya","floor":10.0,"turns":5.0},{"damage":0.0,"enemies":"Gensokyo:LivingMonolith","floor":12.0,"turns":3.0},{"damage":3.0,"enemies":"Gensokyo:Reimu","floor":16.0,"turns":6.0},{"damage":18.0,"enemies":"3 Byrds","floor":18.0,"turns":9.0},{"damage":3.0,"enemies":"Shell Parasite","floor":19.0,"turns":7.0},{"damage":17.0,"enemies":"Snake Plant","floor":21.0,"turns":6.0},{"damage":0.0,"enemies":"Centurion and Healer","floor":22.0,"turns":7.0},{"damage":23.0,"enemies":"Slavers","floor":23.0,"turns":6.0},{"damage":4.0,"enemies":"Masked Bandits","floor":25.0,"turns":2.0},{"damage":8.0,"enemies":"Snecko","floor":28.0,"turns":5.0},{"damage":5.0,"enemies":"Book of Stabbing","floor":29.0,"turns":7.0},{"damage":0.0,"enemies":"3 Cultists","floor":30.0,"turns":3.0},{"damage":2.0,"enemies":"Cultist and Chosen","floor":31.0,"turns":4.0},{"damage":10.0,"enemies":"Champ","floor":33.0,"turns":14.0},{"damage":3.0,"enemies":"Hallownest:Shield_Heavy","floor":35.0,"turns":4.0},{"damage":6.0,"enemies":"Hallownest:3_Siblings","floor":36.0,"turns":10.0},{"damage":2,"enemies":"Hallownest:2_Great","floor":38,"turns":6},{"damage":6,"enemies":"Hallownest:eliteHiveKnight","floor":40,"turns":9},{"damage":4,"enemies":"Hallownest:monsterPrimalAspid","floor":47,"turns":5},{"damage":1,"enemies":"Hallownest:eliteCollector","floor":48,"turns":9},{"damage":3,"enemies":"Hallownest:Radiance","floor":50,"turns":12},{"damage":40,"enemies":"Shield and Spear","floor":54,"turns":8},{"damage":19,"enemies":"The Heart","floor":55,"turns":7}],"seed_played":"-8539421808927065713","potions_obtained":[{"floor":1.0,"key":"UndeadPotion"},{"floor":3.0,"key":"PowerPotion"},{"floor":18.0,"key":"Fire Potion"},{"floor":22.0,"key":"Weak Potion"},{"floor":25.0,"key":"ColorlessPotion"},{"floor":29.0,"key":"LiquidMemories"},{"floor":36.0,"key":"Explosive Potion"},{"floor":40,"key":"LiquidBronze"},{"floor":48,"key":"FearPotion"},{"floor":54,"key":"EssenceOfSteel"}],"is_trial":false,"path_per_floor":["M","?","M","$","?","E","?","E","T","?","?","M","?","$","R","B",null,"M","M","$","M","M","E","R","?","T","R","M","E","M","M","R","B",null,"M","M","?","M","?","E","R","$","T","T","R","?","M","E","R","B",null,"R","$","E","B",null],"character_chosen":"KomeijiSatori","items_purchased":["HagoromoKu","Searching","MerchantsRug","MigarariNingyou","RingOfDollmaker","Bronze Scales"],"campfire_rested":0,"item_purchase_floors":[4,20,42,42,42,53],"current_hp_per_floor":[42,42,42,42,35,47,47,47,47,26,26,41,25,25,25,37,64,46,43,43,35,64,41,41,37,37,37,32,30,33,31,31,24,64,63,66,66,66,66,65,65,65,65,65,65,65,66,66,66,63,74,74,74,34,57],"gold":65,"neow_bonus":"TRANSFORM_TWO_CARDS","is_daily":false,"chose_seed":false,"campfire_upgraded":7,"win_rate":0.0,"timestamp":1612998078,"path_taken":["M","?","M","$","?","E","?","E","T","?","?","?","?","?","R","BOSS","M","M","$","?","M","E","R","?","T","R","M","E","M","M","R","BOSS","M","M","?","M","?","E","R","?","T","?","R","?","M","E","R","BOSS","R","$","E","BOSS"],"items_purchased_type":["Card","Card","Relic","Relic","Relic","Relic"],"build_version":"2020-12-22","purchased_purges":1,"victory":true,"max_hp_per_floor":[50,50,50,50,64,64,64,64,64,64,64,64,64,64,64,64,64,64,64,64,64,64,64,64,64,64,64,64,64,64,64,64,64,64,66,68,68,70,70,72,72,72,72,72,72,72,74,74,74,74,74,74,74,74,74],"card_choices":[{"not_picked":["NingyouKisou+1","SeekerWire+1"],"picked":"SeishiRoten+1","floor":1.0},{"not_picked":["MusuNoYume","SeekerWire+1"],"picked":"VampireKiss","floor":3.0},{"not_picked":["SuitokuNoKyoryu","KeiseiJin+1"],"picked":"ArtfulChanter","floor":6.0},{"not_picked":["Mishyaguji+1","HagoromoMizu"],"picked":"NingyouFukuhei+1","floor":8.0},{"not_picked":["KeiseiJin+1","SeekerDolls"],"picked":"HagoromoMizu","floor":10.0},{"not_picked":["ShyakuBuku","KinbakuJin+1"],"picked":"NingyouMusou+1","floor":12.0},{"not_picked":["YuumeiNoKurin","WumiGaWareru"],"picked":"HelanNingyou","floor":16.0},{"not_picked":["SuitokuNoKyoryu","DemonLordCradle","KinbakuJin+1"],"picked":"SKIP","floor":18.0},{"not_picked":["RikonNoKama+1","DochyakuKami+1"],"picked":"GroundStardust+1","floor":19.0},{"not_picked":["SenseofElegance","JyouchiJin+1"],"picked":"SeishiRoten+1","floor":21.0},{"not_picked":["HagoromoMizu","KinbakuJin+1","MusuNoYume+1"],"picked":"SKIP","floor":21.0},{"not_picked":["HenyouMirume","SeekerDolls"],"picked":"KokorosuKi+1","floor":22.0},{"not_picked":["DemonLordCradle","SeekerWire+1","SenyouGoraku+1"],"picked":"SKIP","floor":22.0},{"not_picked":["NingyouChiyari+1","DochyakuKami+1"],"picked":"WumiGaWareru","floor":23.0},{"not_picked":["MajikuruSanhai+1","KouPou+1"],"picked":"HagoromoMizu+1","floor":25.0},{"not_picked":["HagoromoMizu","MusuNoYume+1"],"picked":"NingyouSP+1","floor":28.0},{"not_picked":["DemonLordCradle+1","NingyouFukuhei+1"],"picked":"LittleLegion","floor":29.0},{"not_picked":["KokorosuKi+1","SeekerWire+1"],"picked":"MiraiBunraku","floor":30.0},{"not_picked":["EnMu+1","HagoromoMizu"],"picked":"HagoromoKu+1","floor":30.0},{"not_picked":["JyouchiJin+1","KinbakuJin+1"],"picked":"LittleLegion","floor":31.0},{"not_picked":["YuumeiNoKurin","HisouTensoku"],"picked":"MunenMusou","floor":33.0},{"not_picked":["JyouchiJin+1","Melting","FreezeTouchMe"],"picked":"Singing Bowl","floor":35.0},{"not_picked":["KeiseiJin+1","HagoromoMizu","GasuOrimono+1"],"picked":"Singing Bowl","floor":36.0},{"not_picked":["NingyouKisou+1","KeiseiJin+1"],"picked":"DemonLordCradle+1","floor":38},{"not_picked":["NingyouKisou+1","JigokuNoTaiyou","MajikuruSanhai+1"],"picked":"Singing Bowl","floor":38},{"not_picked":["SenseofElegance+1","NarrowSpark"],"picked":"TenguhouSokujitsuken","floor":40},{"not_picked":["NingyouShinki+1","Sabishigari+1","NingyouSP+1"],"picked":"Singing Bowl","floor":40},{"not_picked":["ShyakuBuku+1","HisouNoKen+1","FreezeTouchMe"],"picked":"Singing Bowl","floor":47},{"not_picked":["Mishyaguji+1","SeekerWire+1"],"picked":"HagoromoMizu+1","floor":48},{"not_picked":["EnMu+1","JigokuNoTaiyou"],"picked":"ArtfulChanter+1","floor":54},{"not_picked":["NingyouKisou+1","HisouNoKen"],"picked":"ArtfulChanter+1","floor":54}],"player_experience":324197,"relics_obtained":[{"floor":6.0,"key":"Potion Belt"},{"floor":8.0,"key":"Pocketwatch"},{"floor":9.0,"key":"Smiling Mask"},{"floor":10.0,"key":"Akabeko"},{"floor":23.0,"key":"Old Coin"},{"floor":25.0,"key":"Red Mask"},{"floor":26.0,"key":"Mummified Hand"},{"floor":28.0,"key":"Juzu Bracelet"},{"floor":29.0,"key":"Clue"},{"floor":29.0,"key":"Singing Bowl"},{"floor":31.0,"key":"Clue"},{"floor":40,"key":"MawBank"},{"floor":44,"key":"Letter Opener"},{"floor":48,"key":"PreservedInsect"},{"floor":54,"key":"SpellExtend"}],"event_choices":[{"damage_healed":0.0,"max_hp_gain":0.0,"max_hp_loss":0.0,"gold_gain":0.0,"event_name":"Masked Bandits","player_choice":"Fought Bandits","floor":25.0,"gold_loss":0.0,"damage_taken":0.0}],"is_beta":false,"boss_relics":[{"not_picked":["SacredBark","Runic Pyramid"],"picked":"ReiryokuShyu"},{"not_picked":["Busted Crown","SlaversCollar"],"picked":"Coffee Dripper"}],"items_purged_floors":[42],"is_endless":false,"potions_floor_spawned":[1,3,18,22,25,29,36,40,48,54],"ascension_level":0}}