{"host":"13o02hya6v6rzuva","time":1612953036,"event":{"mods":["BaseMod","Minty Spire (QoL Compilation)","Relic Stats"],"gold_per_floor":[119,119,136,148,223,248,248,260,329,329,329,347,381,451,451,451,451],"floor_reached":16,"language":"ENG","playtime":496,"items_purged":[],"score":212,"play_id":"8e577384-f53c-4cf8-aa5c-654ba334b182","local_time":"20210210113036","is_ascension_mode":true,"campfire_choices":[{"data":"Predator","floor":7,"key":"SMITH"},{"data":"Blade Dance","floor":10,"key":"SMITH"},{"floor":15,"key":"REST"}],"circlet_count":0,"master_deck":["AscendersBane","Strike_G","Strike_G+1","Strike_G","Strike_G","Strike_G","Defend_G","Defend_G","Defend_G","Defend_G","Defend_G","Survivor+1","Neutralize","Predator","Blur","Predator+1","Blade Dance+1","Die Die Die","Heel Hook","Deflect","Dash","Crippling Poison"],"relics":["Ring of the Snake","WingedGreaves","Question Card","SsserpentHead","MealTicket"],"acts_visited":["Exordium"],"potions_floor_usage":[6,6,16],"damage_taken":[{"damage":0,"enemies":"2 Louse","floor":1,"turns":2},{"damage":0,"enemies":"Small Slimes","floor":3,"turns":7},{"damage":0,"enemies":"Cultist","floor":4,"turns":3},{"damage":0,"enemies":"Gremlin Nob","floor":6,"turns":2},{"damage":3,"enemies":"Large Slime","floor":8,"turns":5},{"damage":8,"enemies":"Looter","floor":12,"turns":2},{"damage":11,"enemies":"3 Sentries","floor":13,"turns":6},{"damage":0,"enemies":"Blue Slaver","floor":14,"turns":3},{"damage":44,"enemies":"The Guardian","floor":16,"turns":14}],"seed_played":"2403229375721262410","potions_obtained":[{"floor":1,"key":"FearPotion"},{"floor":3,"key":"Strength Potion"},{"floor":8,"key":"SpeedPotion"}],"is_trial":false,"path_per_floor":["M","?","M","M","?","E","R","M","T","R","?","M","E","M","R","B"],"character_chosen":"THE_SILENT","items_purchased":[],"campfire_rested":1,"item_purchase_floors":[],"current_hp_per_floor":[63,49,49,49,38,38,38,35,35,35,35,27,16,16,37,0,0],"gold":451,"neow_bonus":"THREE_CARDS","is_daily":false,"chose_seed":false,"campfire_upgraded":2,"win_rate":0.0,"timestamp":1612953036,"path_taken":["M","?","M","M","?","E","R","M","T","R","?","M","E","?","R","BOSS"],"items_purchased_type":[],"build_version":"2020-12-22","purchased_purges":0,"victory":false,"max_hp_per_floor":[70,70,70,70,70,70,70,70,70,70,70,70,70,70,70,70,70],"relic_stats":{"SsserpentHead":50,"counters":[9,44],"MealTicket":0,"Question Card":3,"obtain_stats":[{"SsserpentHead":11,"MealTicket":13,"WingedGreaves":6,"Question Card":9,"Ring of the Snake":0},{"SsserpentHead":5,"MealTicket":7,"WingedGreaves":4,"Question Card":5,"Ring of the Snake":0},{"SsserpentHead":19,"MealTicket":27,"WingedGreaves":14,"Question Card":19,"Ring of the Snake":0}],"Ring of the Snake":[18]},"card_choices":[{"not_picked":["Quick Slash","Setup"],"picked":"Predator","floor":0},{"not_picked":["Cloak And Dagger","Prepared"],"picked":"Blur","floor":1},{"not_picked":["Accuracy","Prepared"],"picked":"Predator","floor":3},{"not_picked":["Slice","Accuracy"],"picked":"Blade Dance","floor":4},{"not_picked":["Unload","Outmaneuver"],"picked":"Die Die Die","floor":6},{"not_picked":["Underhanded Strike","Expertise"],"picked":"Heel Hook","floor":8},{"not_picked":["Dagger Spray","Acrobatics","Bane"],"picked":"Deflect","floor":12},{"not_picked":["Slice","Flying Knee","Reflex"],"picked":"Dash","floor":13},{"not_picked":["Backstab","Poisoned Stab","Blur"],"picked":"Crippling Poison","floor":14}],"player_experience":1215777,"relics_obtained":[{"floor":6,"key":"WingedGreaves"},{"floor":9,"key":"Question Card"},{"floor":13,"key":"MealTicket"}],"event_choices":[{"damage_healed":0,"gold_gain":0,"player_choice":"Entered Light","damage_taken":14,"max_hp_gain":0,"max_hp_loss":0,"event_name":"Shining Light","floor":2,"gold_loss":0,"cards_upgraded":["Survivor","Strike_G"]},{"damage_healed":0,"gold_gain":75,"player_choice":"Gather Gold","damage_taken":11,"max_hp_gain":0,"max_hp_loss":0,"event_name":"World of Goop","floor":5,"gold_loss":0},{"damage_healed":0,"gold_gain":0,"player_choice":"Trade","damage_taken":0,"relics_obtained":["SsserpentHead"],"max_hp_gain":0,"max_hp_loss":0,"event_name":"FaceTrader","floor":11,"gold_loss":0}],"is_beta":false,"boss_relics":[],"items_purged_floors":[],"is_endless":false,"potions_floor_spawned":[1,3,4,8],"killed_by":"The Guardian","ascension_level":11}}