{"host":"n2havra2dgtcizuw","time":1612962368,"event":{"mods":["100% Spire Juice","ATMod(阿瑾Mod)","Bard","BaseMod","Downfall","Marisa（F雨　魔理沙）","Minty Spire (QoL Compilation)","Permanent Neow","Reliquary","Remilia（蕾米莉亚）","Replay The Spire","RumiaBox-露米娅的神秘盒子","StSLib","TestMod","The Alterego","The Animator","The Servant 0.9.4","[IsaacMod]以撒尖塔"],"gold_per_floor":[113,137,148,148,9,9,39,49,49,49,65,65,91,102,102,199,199,209,230,245,61,74,74,110,110,135,168,168,182,213,213,213,320,320,334,334,112,1111,706,706,747,768,794,794,810,832,832,854,854,873],"floor_reached":51,"language":"ZHS","playtime":3444,"items_purged":[],"score":1170,"play_id":"dad96fa5-7259-4266-b4db-e544de895fea","local_time":"20210210210608","is_ascension_mode":false,"campfire_choices":[{"data":"alterego_mod:Weigh","floor":6,"key":"SMITH"},{"data":"alterego_mod:Impale","floor":12,"key":"SMITH"},{"data":"alterego_mod:GIGAMILK","floor":15,"key":"SMITH"},{"data":"alterego_mod:Venus","floor":23,"key":"SMITH"},{"data":"alterego_mod:TrashNCrash","floor":25,"key":"SMITH"},{"data":"alterego_mod:Tantrum","floor":32,"key":"SMITH"},{"data":"testmod-Librarian","floor":40,"key":"SMITH"},{"data":"alterego_mod:Palingenesis","floor":44,"key":"SMITH"},{"floor":47,"key":"REST"},{"data":"alterego_mod:Nekomimi","floor":49,"key":"SMITH"}],"circlet_count":0,"master_deck":["alterego_mod:Strike","alterego_mod:Strike","alterego_mod:Strike","alterego_mod:Strike","alterego_mod:Defend","alterego_mod:Defend","alterego_mod:Defend","alterego_mod:Impale+1","alterego_mod:BigMeatyClaws","alterego_mod:BrynhildrsRune","BloodyBrimstone","alterego_mod:Alter","AT_IchimonjiDouble","alterego_mod:Rip","alterego_mod:Cycle","CommonCold","alterego_mod:Weigh+1","alterego_mod:Bounce","alterego_mod:Cooking","alterego_mod:HighServant","alterego_mod:GIGAMILK+1","alterego_mod:Cushion","alterego_mod:Venus+1","CurseOfTheBell","alterego_mod:Tantrum+1","alterego_mod:ClassAdvantage","alterego_mod:Santa+1","alterego_mod:Clones+1","alterego_mod:TrashNCrash+1","alterego_mod:SakuraFive","alterego_mod:Nekomimi+1","alterego_mod:TrickOrTreatment","alterego_mod:BusterCard","alterego_mod:Pet+1","alterego_mod:BiFurious","alterego_mod:Palingenesis+1","alterego_mod:InsideBaseball","testmod-SelfRegulatingSystem","Secret Technique","testmod-Librarian+1","alterego_mod:Undulate+1","alterego_mod:Exercise","alterego_mod:Birthday+1","alterego_mod:DeftHands+1","alterego_mod:Skirt+1","alterego_mod:MaintainEyeContact","alterego_mod:Nekomimi+1"],"relics":["alterego_mod:MasochisticConstitution","testmod-TestBox","HushsDoor","AT_ATBox","testmod-GiftOfSatan","Leech","Pen Nib","ReplayTheSpireMod:Ring of Exchange","reliquary:Boomerang","reliquary:TridentHead","AT_BellowingDragoncrestRing","testmod-Acrobat","MagicDraw1","testmod-BlackFramedGlasses","Boot","AT_TimeSand","AT_EbonyIvory","BookOfRevelations","Replay:Rubber Ducky","ReplayTheSpireMod:ShopPack","SatanicBible","MyShadow","Vajra","Membership Card","Kunai","Slimebound:PreparedRelic","Simple Rune","ReplayTheSpireMod:TigerMarble"],"acts_visited":["Exordium","TheCity","TheBeyond"],"potions_floor_usage":[24,41,50],"damage_taken":[{"damage":1,"enemies":"Cultist","floor":1,"turns":3},{"damage":0,"enemies":"2 Louse","floor":3,"turns":2},{"damage":11,"enemies":"3 Sentries","floor":7,"turns":2},{"damage":0,"enemies":"Small Slimes","floor":8,"turns":2},{"damage":0,"enemies":"Exordium Wildlife","floor":11,"turns":2},{"damage":0,"enemies":"Gremlin Nob","floor":13,"turns":3},{"damage":0,"enemies":"Lots of Slimes","floor":14,"turns":1},{"damage":0,"enemies":"Fading Forest","floor":16,"turns":11},{"damage":15,"enemies":"2 Thieves","floor":18,"turns":2},{"damage":0,"enemies":"Chosen","floor":19,"turns":4},{"damage":3,"enemies":"Snake Plant","floor":20,"turns":5},{"damage":18,"enemies":"Shelled Parasite and Fungi","floor":22,"turns":2},{"damage":0,"enemies":"Slavers","floor":24,"turns":1},{"damage":15,"enemies":"Replay:Snechameleon","floor":27,"turns":2},{"damage":10,"enemies":"Chosen and Byrds","floor":29,"turns":2},{"damage":18,"enemies":"Book of Stabbing","floor":30,"turns":3},{"damage":3,"enemies":"Pondfish","floor":33,"turns":6},{"damage":0,"enemies":"3 Shapes","floor":35,"turns":1},{"damage":19,"enemies":"Giant Head","floor":41,"turns":6},{"damage":9,"enemies":"3 Darklings","floor":42,"turns":3},{"damage":9,"enemies":"4 Shapes","floor":45,"turns":1},{"damage":16,"enemies":"Spire Growth","floor":46,"turns":2},{"damage":0,"enemies":"Maw","floor":48,"turns":3},{"damage":4,"enemies":"Awakened One","floor":50,"turns":7}],"seed_played":"1685899064939220241","potions_obtained":[{"floor":3,"key":"SteroidPotion"},{"floor":13,"key":"Dexterity Potion"},{"floor":14,"key":"Guardian:BlockOnCardUsePotion"},{"floor":18,"key":"Venom Potion"},{"floor":20,"key":"testmod-TestPotion"},{"floor":27,"key":"Energy Potion"},{"floor":42,"key":"Ancient Potion"},{"floor":46,"key":"Explosive Potion"}],"is_trial":false,"path_per_floor":["M","T","M","?","$","R","E","M","T","$","M","R","E","M","R","B",null,"M","M","M","$","M","R","E","R","T","E","$","M","E","?","R","B",null,"M","?","$","?","$","R","E","M","T","R","M","M","R","M","R","B",null],"character_chosen":"The_Alterego","items_purchased":["alterego_mod:Weigh","alterego_mod:Tantrum","alterego_mod:ClassAdvantage","Boot","alterego_mod:SakuraFive","alterego_mod:InsideBaseball","SatanicBible","MyShadow","Vajra","alterego_mod:Exercise","Membership Card","Kunai","Slimebound:PreparedRelic"],"campfire_rested":1,"item_purchase_floors":[5,17,17,21,21,34,34,34,37,37,39,39,39],"current_hp_per_floor":[70,70,76,76,76,76,66,77,77,77,85,85,88,88,88,95,87,74,85,86,86,82,82,83,83,83,72,72,80,78,78,78,90,85,85,85,85,85,85,85,68,72,72,72,66,57,83,89,89,84],"gold":873,"neow_bonus":"ONE_RANDOM_RARE_CARD","is_daily":false,"chose_seed":false,"campfire_upgraded":9,"win_rate":0.0,"timestamp":1612962368,"path_taken":["M","?","M","?","$","R","E","?","T","$","M","R","E","M","R","BOSS","M","M","M","$","M","R","E","R","T","E","?","M","E","?","R","BOSS","M","?","$","?","$","R","E","M","T","R","M","M","R","?","R","BOSS"],"items_purchased_type":["Card","Card","Card","Relic","Card","Card","Relic","Relic","Relic","Card","Relic","Relic","Relic"],"build_version":"2020-12-22","purchased_purges":0,"victory":true,"max_hp_per_floor":[71,71,76,76,76,76,77,82,82,82,87,87,88,88,88,95,87,88,85,86,86,97,97,97,97,97,98,98,103,109,109,109,110,85,85,85,85,85,85,85,86,87,87,87,88,89,89,89,89,87],"card_choices":[{"not_picked":[],"picked":"BloodyBrimstone","floor":0},{"not_picked":["alterego_mod:Jiggle","alterego_mod:Mirror"],"picked":"alterego_mod:Rip","floor":1},{"not_picked":["alterego_mod:Cushion","alterego_mod:Pet"],"picked":"alterego_mod:Cycle","floor":3},{"not_picked":["alterego_mod:DestructionOfProperty","alterego_mod:RidiculouslyBig"],"picked":"alterego_mod:Bounce","floor":7},{"not_picked":["alterego_mod:Punishment","Bomb"],"picked":"alterego_mod:Cooking","floor":8},{"not_picked":["alterego_mod:Swimsuit","alterego_mod:Birthday"],"picked":"alterego_mod:HighServant","floor":11},{"not_picked":["alterego_mod:ChallengeComplete","alterego_mod:Bloomers"],"picked":"alterego_mod:GIGAMILK","floor":13},{"not_picked":["alterego_mod:DiscoLights","alterego_mod:Santa"],"picked":"alterego_mod:Cushion","floor":14},{"not_picked":["alterego_mod:BrynhildrRomantia","alterego_mod:AlterEgo"],"picked":"alterego_mod:Venus","floor":16},{"not_picked":["alterego_mod:Mirror","alterego_mod:MagicResistance"],"picked":"alterego_mod:Santa+1","floor":18},{"not_picked":["alterego_mod:DustData+1","alterego_mod:DeftHands+1"],"picked":"alterego_mod:Clones+1","floor":19},{"not_picked":["alterego_mod:Cycle","alterego_mod:Skirt"],"picked":"alterego_mod:TrashNCrash","floor":20},{"not_picked":["alterego_mod:PresenceConcealment","alterego_mod:Complex+1"],"picked":"alterego_mod:Nekomimi","floor":22},{"not_picked":["alterego_mod:STier","alterego_mod:Undulate+1"],"picked":"alterego_mod:TrickOrTreatment","floor":24},{"not_picked":["alterego_mod:SakuraLabyrinth+1","alterego_mod:BeGentle"],"picked":"alterego_mod:BusterCard","floor":27},{"not_picked":["alterego_mod:Birthday","alterego_mod:Alter"],"picked":"alterego_mod:Pet+1","floor":29},{"not_picked":["alterego_mod:SakuraPetals","alterego_mod:Undulate+1"],"picked":"alterego_mod:BiFurious","floor":30},{"not_picked":["alterego_mod:InsideBaseball","alterego_mod:Alter"],"picked":"alterego_mod:Palingenesis","floor":33},{"not_picked":["AT_TearsDenial","Thinking Ahead"],"picked":"testmod-SelfRegulatingSystem","floor":34},{"not_picked":["Flash of Steel","Madness"],"picked":"Secret Technique","floor":34},{"not_picked":["testmod-BackupPower","AT_Homeward"],"picked":"testmod-Librarian","floor":34},{"not_picked":["alterego_mod:Cooking","alterego_mod:Pet"],"picked":"alterego_mod:Undulate+1","floor":35},{"not_picked":["alterego_mod:InsideBaseball","alterego_mod:DestructionOfProperty+1"],"picked":"alterego_mod:Birthday+1","floor":41},{"not_picked":["alterego_mod:DiscoLights","alterego_mod:Skirt"],"picked":"alterego_mod:DeftHands+1","floor":42},{"not_picked":["alterego_mod:SuperDuperMasochism+1","alterego_mod:PerceptionDisorder"],"picked":"alterego_mod:Skirt+1","floor":45},{"not_picked":["alterego_mod:Mirror","alterego_mod:HighServant+1"],"picked":"alterego_mod:MaintainEyeContact","floor":46},{"not_picked":["alterego_mod:Jiggle+1","alterego_mod:Support"],"picked":"alterego_mod:Nekomimi+1","floor":48}],"player_experience":727433,"relics_obtained":[{"floor":2,"key":"Pen Nib"},{"floor":4,"key":"ReplayTheSpireMod:Ring of Exchange"},{"floor":7,"key":"reliquary:Boomerang"},{"floor":9,"key":"reliquary:TridentHead"},{"floor":13,"key":"AT_BellowingDragoncrestRing"},{"floor":17,"key":"testmod-Acrobat"},{"floor":17,"key":"MagicDraw1"},{"floor":17,"key":"testmod-BlackFramedGlasses"},{"floor":24,"key":"AT_TimeSand"},{"floor":26,"key":"AT_EbonyIvory"},{"floor":27,"key":"BookOfRevelations"},{"floor":30,"key":"Replay:Rubber Ducky"},{"floor":41,"key":"Simple Rune"},{"floor":43,"key":"ReplayTheSpireMod:TigerMarble"}],"event_choices":[{"cards_removed":["alterego_mod:Defend"],"damage_healed":0,"gold_gain":0,"player_choice":"Removed Skill","damage_taken":0,"max_hp_gain":0,"max_hp_loss":0,"event_name":"Falling","floor":36,"gold_loss":0},{"damage_healed":0,"gold_gain":999,"player_choice":"Sell","damage_taken":0,"max_hp_gain":0,"max_hp_loss":0,"event_name":"恩洛斯的盘子","floor":38,"relics_lost":["Calling Bell"],"gold_loss":0}],"is_beta":false,"boss_relics":[{"not_picked":["reliquary:BrokenClock","testmod-Register"],"picked":"Calling Bell"},{"not_picked":[]},{"not_picked":["ReplayTheSpireMod:CursedCoin","Orrery"],"picked":"ReplayTheSpireMod:ShopPack"},{"not_picked":[]}],"items_purged_floors":[],"is_endless":false,"potions_floor_spawned":[3,13,14,18,20,22,27,30,42,46,48],"ascension_level":0}}