{"host":"c4wbe3youf5363qr","time":1612941037,"event":{"mods":["Act Like it!","BaseMod","Bestiary","Curses Come First","DeckTracker","Energized Spire","Minty Spire (QoL Compilation)","Relic Stats","Reliquary","StSLib","The Marked"],"gold_per_floor":[121,133,220,251,438,450,450],"floor_reached":6,"language":"ENG","playtime":133,"items_purged":[],"score":34,"play_id":"1780a5fd-85c4-43de-91cd-50a5b4cdae70","local_time":"20210209231037","is_ascension_mode":false,"campfire_choices":[],"circlet_count":0,"master_deck":["Strike_P","Strike_P","Strike_P","Strike_P","Defend_P","Defend_P","Defend_P","Defend_P","Eruption","Vigilance","CurseOfTheBell","MentalFortress","Doubt"],"relics":["Calling Bell","Du-Vu Doll","MawBank","Singing Bowl"],"acts_visited":["Exordium"],"potions_floor_usage":[],"damage_taken":[{"damage":0,"enemies":"2 Louse","floor":1,"turns":3},{"damage":9,"enemies":"Jaw Worm","floor":4,"turns":3},{"damage":54,"enemies":"Gremlin Nob","floor":6,"turns":3}],"seed_played":"-7731317145991569987","potions_obtained":[{"floor":4,"key":"BottledMiracle"}],"is_trial":false,"path_per_floor":["M","?","?","M","?","E"],"character_chosen":"WATCHER","items_purchased":[],"campfire_rested":0,"item_purchase_floors":[],"current_hp_per_floor":[74,74,63,54,54,0,0],"gold":450,"neow_bonus":"BOSS_RELIC","is_daily":false,"chose_seed":false,"campfire_upgraded":0,"win_rate":0.0,"timestamp":1612941037,"path_taken":["M","?","?","M","?","E"],"items_purchased_type":[],"build_version":"2020-12-22","purchased_purges":0,"victory":false,"max_hp_per_floor":[74,74,74,74,74,74,74],"relic_stats":{"Singing Bowl":2,"counters":[3,9],"MawBank":72,"obtain_stats":[{"Calling Bell":0,"Du-Vu Doll":0,"Singing Bowl":0,"PureWater":0,"MawBank":0},{"Calling Bell":0,"Du-Vu Doll":0,"Singing Bowl":0,"PureWater":0,"MawBank":0},{"Calling Bell":0,"Du-Vu Doll":0,"Singing Bowl":0,"PureWater":0,"MawBank":0}]},"card_choices":[{"not_picked":["Evaluate","SignatureMove","DeceiveReality"],"picked":"Singing Bowl","floor":1},{"not_picked":["ThirdEye","FollowUp"],"picked":"MentalFortress","floor":4}],"player_experience":330301,"relics_obtained":[{"floor":0,"key":"Du-Vu Doll"},{"floor":0,"key":"MawBank"},{"floor":0,"key":"Singing Bowl"}],"event_choices":[{"damage_healed":0,"gold_gain":0,"player_choice":"Leave","damage_taken":0,"max_hp_gain":0,"max_hp_loss":0,"event_name":"The Cleric","floor":2,"gold_loss":0},{"damage_healed":0,"gold_gain":75,"player_choice":"Gather Gold","damage_taken":11,"max_hp_gain":0,"max_hp_loss":0,"event_name":"World of Goop","floor":3,"gold_loss":0},{"damage_healed":0,"gold_gain":175,"player_choice":"AGREE","damage_taken":0,"max_hp_gain":0,"max_hp_loss":0,"event_name":"Liars Game","floor":5,"gold_loss":0,"cards_obtained":["Doubt"]}],"is_beta":false,"boss_relics":[],"items_purged_floors":[],"is_endless":false,"potions_floor_spawned":[4],"killed_by":"Gremlin Nob","ascension_level":0}}