{"host":"dv29tre2e7vje47n","time":1612964686,"event":{"mods":["AchievementEnabler","BaseMod","Colored Map","Colored Powertips","DeckTracker","Displayed Cursed Tome","Downfall","Friendly Minions","Googly Eyes","Highlight Path","Key Reminder","Minty Spire (QoL Compilation)","Quick Restart","Random Character Button","Rare Cards Sparkle","Relic Sorter","Relic Stats","Replay The Spire","Spire Arcade","Spire Birthday Party","StSLib","SuperFastMode","Unceasing Turn Reminder"],"gold_per_floor":[110,122,137,137,122,122,122,138,138,157,157,187,187,218,218,338,438,465,480,480,244,244,244,244],"floor_reached":22,"language":"ENG","playtime":802,"items_purged":["sneckomod:Strike"],"score":195,"play_id":"fcdd1626-4f2c-4a60-8f71-e611516ca6b0","local_time":"20210210144446","is_ascension_mode":true,"campfire_choices":[{"data":"sneckomod:Cheat","floor":6,"key":"SMITH"},{"data":"sneckomod:TailWhip","floor":9,"key":"SMITH"},{"data":"sneckomod:IronFang","floor":11,"key":"SMITH"},{"floor":15,"key":"REST"}],"circlet_count":0,"master_deck":["sneckomod:Strike","sneckomod:Strike","sneckomod:Defend","sneckomod:Defend","sneckomod:Defend","sneckomod:TailWhip+1","sneckomod:SnekBite","sneckomod:Unknown","sneckomod:Unknown","sneckomod:UnknownBlock","sneckomod:Rotation","sneckomod:PureSnecko","sneckomod:Cheat+1","sneckomod:IronFang+1","sneckomod:ImprovisedAttack+1","sneckomod:Nope","sneckomod:Transmogrify","sneckomod:UnendingSupply","sneckomod:UnknownClassTHE_CHAMP_GRAY","hexamod:SuperheatedStrike","sneckomod:UnknownBoss","sneckomod:SnakeSap"],"relics":["sneckomod:SneckoSoul","downfall:BrokenWingStatue","Replay:Wanted Poster","Eternal Feather","Blue Doll"],"acts_visited":["Exordium","TheCity"],"potions_floor_usage":[],"damage_taken":[{"damage":0,"enemies":"Cultist","floor":1,"turns":2},{"damage":3,"enemies":"Jaw Worm","floor":2,"turns":2},{"damage":1,"enemies":"2 Louse","floor":3,"turns":3},{"damage":8,"enemies":"downfall:FleeingMerchant","floor":5,"turns":4},{"damage":21,"enemies":"2 Fungi Beasts","floor":8,"turns":5},{"damage":31,"enemies":"Exordium Thugs","floor":10,"turns":8},{"damage":23,"enemies":"Lagavulin","floor":12,"turns":9},{"damage":0,"enemies":"Large Slime","floor":14,"turns":3},{"damage":32,"enemies":"WA_ARCHETYPE_RETAIN","floor":16,"turns":6},{"damage":10,"enemies":"Shell Parasite","floor":18,"turns":6},{"damage":55,"enemies":"Centurion and Healer","floor":19,"turns":11},{"damage":21,"enemies":"downfall:FleeingMerchant","floor":21,"turns":4},{"damage":35,"enemies":"Snecko","floor":22,"turns":4}],"seed_played":"8784496839628098077","potions_obtained":[{"floor":1,"key":"Elixir"},{"floor":10,"key":"Cursed Concoction"}],"is_trial":false,"path_per_floor":["M","M","M","?","$","R","T","M","R","M","R","E","?","M","R","B",null,"R_BF","M","?","$","M"],"character_chosen":"THE_SNECKO","items_purchased":["Blue Doll"],"campfire_rested":1,"item_purchase_floors":[21],"current_hp_per_floor":[99,96,95,95,87,87,87,66,66,35,35,12,12,19,48,16,99,94,49,49,28,0,0,0],"gold":244,"neow_bonus":"TEN_PERCENT_HP_BONUS","is_daily":false,"chose_seed":false,"campfire_upgraded":3,"win_rate":0.0,"timestamp":1612964686,"path_taken":["M","M","?","?","$","R","T","M","R","M","R","E","?","M","R","BOSS","R_BF","M","?","$","M"],"items_purchased_type":["Relic"],"build_version":"2020-12-22","purchased_purges":1,"victory":false,"max_hp_per_floor":[99,99,99,99,99,99,99,99,99,99,99,99,99,99,99,99,99,99,99,99,99,99,99,99],"relic_stats":{"counters":[13,67],"Eternal Feather":0,"obtain_stats":[{"Replay:Wanted Poster":17,"Replay:Bandana":12,"downfall:BrokenWingStatue":4,"Eternal Feather":19,"Blue Doll":21,"Pen Nib":18,"sneckomod:SneckoSoul":0,"Mirror":7},{"Replay:Wanted Poster":9,"Replay:Bandana":7,"downfall:BrokenWingStatue":3,"Eternal Feather":11,"Blue Doll":12,"Pen Nib":10,"sneckomod:SneckoSoul":0,"Mirror":4},{"Replay:Wanted Poster":42,"Replay:Bandana":33,"downfall:BrokenWingStatue":7,"Eternal Feather":59,"Blue Doll":63,"Pen Nib":48,"sneckomod:SneckoSoul":0,"Mirror":11}]},"card_choices":[{"not_picked":["sneckomod:DiceBlock","sneckomod:SoulDraw"],"picked":"sneckomod:UnknownBlock","floor":1},{"not_picked":["sneckomod:RainOfDice","sneckomod:SnekBeam"],"picked":"sneckomod:Rotation","floor":2},{"not_picked":["sneckomod:SoulRoll","sneckomod:UnknownCommonSkill"],"picked":"sneckomod:PureSnecko","floor":3},{"not_picked":["sneckomod:DefensiveFlair","sneckomod:SerpentIdol"],"picked":"sneckomod:Cheat","floor":5},{"not_picked":["sneckomod:Unknown1Cost","sneckomod:DiceBlock","sneckomod:SoulCleanse"],"picked":"SKIP","floor":8},{"not_picked":["sneckomod:UnknownCommonAttack","sneckomod:MixItUp","sneckomod:IronFang"],"picked":"SKIP","floor":10},{"not_picked":["sneckomod:UnknownCommonAttack","sneckomod:MixItUp"],"picked":"sneckomod:IronFang","floor":10},{"not_picked":["sneckomod:UnknownUncommonPower","sneckomod:IronFang"],"picked":"sneckomod:ImprovisedAttack","floor":12},{"not_picked":["sneckomod:RainOfDice","sneckomod:Nope","sneckomod:UnknownCommonSkill"],"picked":"SKIP","floor":14},{"not_picked":["sneckomod:RainOfDice","sneckomod:UnknownCommonSkill"],"picked":"sneckomod:Nope","floor":14},{"not_picked":["sneckomod:UnlimitedRolls","sneckomod:Mudshield"],"picked":"sneckomod:Transmogrify","floor":16},{"not_picked":["sneckomod:UnknownStrike+1","sneckomod:UnknownClassTHE_CHAMP_GRAY"],"picked":"sneckomod:UnendingSupply","floor":18},{"not_picked":["sneckomod:IronFang","sneckomod:SoulCleanse"],"picked":"sneckomod:UnknownClassTHE_CHAMP_GRAY","floor":19},{"not_picked":["sneckomod:SoulDraw+1","sneckomod:UnknownClassRED+1"],"picked":"sneckomod:SnakeSap","floor":21}],"player_experience":12992,"relics_obtained":[{"floor":7,"key":"Mirror"},{"floor":12,"key":"Replay:Bandana"},{"floor":18,"key":"Pen Nib"},{"floor":19,"key":"Eternal Feather"}],"event_choices":[],"is_beta":false,"boss_relics":[{"not_picked":["Tiny House","Painkiller Herb"],"picked":"Replay:Wanted Poster"}],"items_purged_floors":[21],"is_endless":false,"potions_floor_spawned":[1,8,10,12,18],"killed_by":"Snecko","ascension_level":1}}