{"host":"65j9mga0429zsj8m","time":1612946602,"event":{"mods":["2.2 Compatiblity","BaseMod","Downfall","GifTheSpireLib","Minty Spire (QoL Compilation)","StSLib"],"gold_per_floor":[0,16,16,16,30,44,122,122,140,167,167,267,293,303,316,417,417,417,436,448,448,19,48,72,72,72,89,109,138,138,153,163,163,163,163],"floor_reached":33,"language":"ENG","playtime":2942,"items_purged":["bronze:Strike"],"score":374,"play_id":"a0950447-f95d-4bb8-abff-e2e1a40889d8","local_time":"20210210194322","is_ascension_mode":false,"campfire_choices":[{"data":"bronze:Replicate","floor":1.0,"key":"SMITH"},{"data":"bronze:Flail","floor":8.0,"key":"SMITH"},{"data":"1","floor":11.0,"key":"LIFT"},{"data":"bronze:HardenedForm","floor":18,"key":"SMITH"},{"floor":25,"key":"REST"}],"circlet_count":0,"master_deck":["bronze:Strike","bronze:Defend","bronze:Defend","bronze:Defend","bronze:Defend","bronze:Replicate+1","bronze:Goto","bronze:Constructor","bronze:Flail+1","bronze:HyperBeam","bronze:Constructor","bronze:AlphaBuild","bronze:BitShift","bronze:Separator","bronze:HardenedForm+1","bronze:GetLatest","bronze:Separator","bronze:Iterate","bronze:BitShift","bronze:CloningBeam","bronze:Flail","bronze:BronzeOrb","bronze:Return","bronze:Turbo","bronze:BurnOut","bronze:Fortify+1","bronze:FollowUp+1"],"relics":["bronze:BronzeCore","downfall:BrokenWingStatue","Question Card","Girya","Nunchaku","Runic Pyramid","Bag of Preparation","Potion Belt","Bottled Lightning","bronze:SilverBullet","Nilry\u0027s Codex"],"acts_visited":["Exordium","TheCity"],"potions_floor_usage":[16,29,31,33,33,33],"damage_taken":[{"damage":8.0,"enemies":"2 Louse","floor":2.0,"turns":2.0},{"damage":1.0,"enemies":"Jaw Worm","floor":5.0,"turns":3.0},{"damage":0.0,"enemies":"Small Slimes","floor":6.0,"turns":3.0},{"damage":0.0,"enemies":"3 Louse","floor":9.0,"turns":1.0},{"damage":0.0,"enemies":"3 Sentries","floor":10.0,"turns":3.0},{"damage":0.0,"enemies":"Lagavulin","floor":13.0,"turns":6.0},{"damage":0.0,"enemies":"Large Slime","floor":14.0,"turns":3.0},{"damage":6.0,"enemies":"Exordium Wildlife","floor":15.0,"turns":2.0},{"damage":23,"enemies":"IC_STATUS_ARCHETYPE","floor":16,"turns":5},{"damage":21,"enemies":"Shell Parasite","floor":19,"turns":5},{"damage":10,"enemies":"3 Byrds","floor":20,"turns":5},{"damage":0,"enemies":"downfall:FleeingMerchant","floor":22,"turns":4},{"damage":27,"enemies":"Gremlin Leader","floor":23,"turns":6},{"damage":8,"enemies":"Centurion and Healer","floor":27,"turns":5},{"damage":2,"enemies":"Snecko","floor":28,"turns":4},{"damage":0,"enemies":"Slavers","floor":29,"turns":4},{"damage":20,"enemies":"Shelled Parasite and Fungi","floor":31,"turns":5},{"damage":0,"enemies":"Centurion and Healer","floor":32,"turns":3},{"damage":6,"enemies":"DF_ARCHETYPE_CLAW","floor":33,"turns":2}],"seed_played":"-4896113299372565024","potions_obtained":[{"floor":2.0,"key":"EssenceOfSteel"},{"floor":6.0,"key":"SmokeBomb"},{"floor":10.0,"key":"hexamod:SoulburnPotion"},{"floor":27,"key":"SpeedPotion"},{"floor":29,"key":"FearPotion"},{"floor":31,"key":"bronze:CleanCodePotion"},{"floor":32,"key":"FearPotion"}],"is_trial":false,"path_per_floor":["R","M","?","?","M","M","T","R","M","E","R","?","E","M","M","B",null,"R","M","M","?","$","E","T","R","?","M","M","E","?","M","M","B"],"character_chosen":"THE_AUTOMATON","items_purchased":["Bag of Preparation","bronze:Flail","Potion Belt"],"campfire_rested":1,"item_purchase_floors":[22,22,22],"current_hp_per_floor":[84,76,76,76,75,75,75,75,75,75,75,75,75,75,69,46,84,84,63,53,53,53,26,26,51,51,43,41,41,25,5,5,0,0,0],"gold":163,"neow_bonus":"TWENTY_PERCENT_HP_BONUS","is_daily":false,"chose_seed":false,"campfire_upgraded":3,"win_rate":0.0,"timestamp":1612946602,"path_taken":["R","M","?","?","M","M","T","R","M","E","R","?","E","?","M","BOSS","R","M","M","?","$","E","T","R","?","M","M","E","?","?","M","BOSS"],"items_purchased_type":["Relic","Card","Relic"],"build_version":"2020-12-22","purchased_purges":1,"victory":false,"max_hp_per_floor":[84,84,84,84,84,84,84,84,84,84,84,84,84,84,84,84,84,84,84,84,84,84,84,84,84,84,84,84,84,84,84,84,84,84,84],"card_choices":[{"not_picked":["bronze:Refactor","bronze:NullPointer","bronze:DarkDash"],"picked":"SKIP","floor":2.0},{"not_picked":["bronze:OilSpill","bronze:Overheat"],"picked":"bronze:Constructor","floor":5.0},{"not_picked":["bronze:WhirlingStrike","bronze:Invalidate"],"picked":"bronze:Flail","floor":6.0},{"not_picked":["bronze:BronzeArmor","bronze:WhirlingStrike","bronze:FollowUp"],"picked":"bronze:HyperBeam","floor":9.0},{"not_picked":["bronze:ForceShield","bronze:Invalidate","bronze:Branch"],"picked":"bronze:Constructor","floor":10.0},{"not_picked":["bronze:GetLatest","bronze:Constructor","bronze:Backtrace"],"picked":"bronze:AlphaBuild","floor":13.0},{"not_picked":["bronze:BugBarrage","bronze:WildBeam","bronze:DelayedGuard"],"picked":"bronze:BitShift","floor":14.0},{"not_picked":["bronze:Allocate","bronze:Invalidate","bronze:WildBeam"],"picked":"bronze:Separator","floor":15.0},{"not_picked":["bronze:Break","bronze:Assembly","bronze:Format"],"picked":"bronze:HardenedForm","floor":16},{"not_picked":["bronze:Repulsor","bronze:ForLoop","bronze:DelayedGuard"],"picked":"bronze:GetLatest","floor":19},{"not_picked":["bronze:Deprecate+1","bronze:OilSpill","bronze:DelayedGuard"],"picked":"bronze:Separator","floor":20},{"not_picked":["bronze:Backtrace","bronze:Fortify","bronze:OilSpill"],"picked":"bronze:CloningBeam","floor":22},{"not_picked":["bronze:MaxOutput","bronze:Separator","bronze:Repair"],"picked":"bronze:BronzeOrb","floor":23},{"not_picked":["bronze:OilSpill","bronze:BuggyMess","bronze:Shell"],"picked":"bronze:Return","floor":27},{"not_picked":["bronze:Deprecate","bronze:Constructor","bronze:BugBarrage+1"],"picked":"bronze:Turbo","floor":28},{"not_picked":["bronze:Overheat","bronze:Separator","bronze:Deprecate+1"],"picked":"bronze:BurnOut","floor":29},{"not_picked":["bronze:Repulsor","bronze:BugBarrage","bronze:Overheat"],"picked":"bronze:Fortify+1","floor":31},{"not_picked":["bronze:Overheat+1","bronze:ForceShield","bronze:BronzeOrb"],"picked":"bronze:FollowUp+1","floor":32}],"player_experience":80525,"relics_obtained":[{"floor":7.0,"key":"Question Card"},{"floor":10.0,"key":"Girya"},{"floor":13.0,"key":"Nunchaku"},{"floor":23,"key":"Bottled Lightning"},{"floor":29,"key":"bronze:SilverBullet"},{"floor":30,"key":"Nilry\u0027s Codex"}],"event_choices":[{"damage_healed":0.0,"max_hp_gain":0.0,"max_hp_loss":0.0,"gold_gain":100.0,"event_name":"Wheel of Change","player_choice":"Gold","floor":12.0,"gold_loss":0.0,"damage_taken":0.0},{"damage_healed":0,"gold_gain":0,"cards_transformed":["bronze:Strike","bronze:Strike"],"player_choice":"Became Test Subject","damage_taken":0,"max_hp_gain":0,"max_hp_loss":0,"event_name":"Drug Dealer","floor":21,"gold_loss":0,"cards_obtained":["bronze:Iterate","bronze:BitShift"]}],"is_beta":false,"boss_relics":[{"not_picked":["Calling Bell","Snecko Eye"],"picked":"Runic Pyramid"}],"items_purged_floors":[22],"is_endless":false,"potions_floor_spawned":[2,6,10,15,27,29,31,32],"killed_by":"DF_ARCHETYPE_CLAW","ascension_level":0}}