{"host":"8rqsnaeml9gxb0kp","time":1612994149,"event":{"mods":["AchievementEnabler","BaseMod","Dark Map","Minty Spire (QoL Compilation)","Relic Stats","StSLib","slay the spire mod where everything is the same but ironclad has a cowboy hat"],"gold_per_floor":[99,99,99,59,59,59,39,39,39,39,39,39,39,39,39,39,39,39,39,39,0,0,0,0,0,0,0,0,0],"floor_reached":28,"language":"ENG","playtime":957,"items_purged":[],"score":464,"play_id":"2bb791c8-d9e6-4fc1-b259-20acffe64157","local_time":"20210210135549","is_ascension_mode":true,"campfire_choices":[{"data":"Bash","floor":6.0,"key":"SMITH"},{"data":"Pommel Strike","floor":8.0,"key":"SMITH"},{"data":"Intimidate","floor":10.0,"key":"SMITH"},{"floor":15.0,"key":"REST"},{"floor":24.0,"key":"REST"}],"circlet_count":0,"master_deck":["AscendersBane","Strike_R","Strike_R","Strike_R","Defend_R+1","Defend_R","Defend_R","Defend_R","Bash+1","Pommel Strike+1","Intimidate+1","Bloodletting","Pommel Strike","Dual Wield+1","Immolate","Headbutt","Offering","Demon Form","Cleave","Flame Barrier"],"relics":["Ectoplasm","Matryoshka","InkBottle","Sozu","Bottled Flame","War Paint","Nloth\u0027s Gift"],"acts_visited":["Exordium","TheCity"],"potions_floor_usage":[],"damage_taken":[{"damage":4.0,"enemies":"Jaw Worm","floor":1.0,"turns":4.0},{"damage":1.0,"enemies":"Cultist","floor":2.0,"turns":3.0},{"damage":0.0,"enemies":"Small Slimes","floor":3.0,"turns":3.0},{"damage":1.0,"enemies":"Looter","floor":4.0,"turns":3.0},{"damage":11.0,"enemies":"Blue Slaver","floor":5.0,"turns":3.0},{"damage":7.0,"enemies":"Lots of Slimes","floor":11.0,"turns":5.0},{"damage":32.0,"enemies":"Gremlin Nob","floor":12.0,"turns":4.0},{"damage":20.0,"enemies":"Slime Boss","floor":16.0,"turns":8.0},{"damage":36.0,"enemies":"Shell Parasite","floor":18.0,"turns":4.0},{"damage":22.0,"enemies":"2 Thieves","floor":21.0,"turns":2.0},{"damage":30.0,"enemies":"Slavers","floor":23.0,"turns":4.0},{"damage":27,"enemies":"Centurion and Healer","floor":25,"turns":5},{"damage":19,"enemies":"Snake Plant","floor":28,"turns":2}],"seed_played":"1188761745978848134","potions_obtained":[{"floor":2.0,"key":"PowerPotion"},{"floor":7.0,"key":"PowerPotion"},{"floor":11.0,"key":"Explosive Potion"}],"is_trial":false,"path_per_floor":["M","M","M","M","M","R","?","R","T","R","M","E","$","?","R","B",null,"M","?","?","M","?","E","R","M","T","?","M"],"character_chosen":"IRONCLAD","items_purchased":[],"campfire_rested":2,"item_purchase_floors":[],"current_hp_per_floor":[64,63,63,62,51,51,51,51,51,51,44,12,12,37,59,39,66,30,30,75,53,53,23,45,18,18,18,0,0],"gold":0,"neow_bonus":"BOSS_RELIC","is_daily":false,"chose_seed":false,"campfire_upgraded":3,"win_rate":0.0,"timestamp":1612994149,"path_taken":["M","M","M","M","M","R","?","R","T","R","M","E","?","?","R","BOSS","M","?","?","?","?","E","R","M","T","?","?"],"items_purchased_type":[],"build_version":"2020-12-22","purchased_purges":0,"victory":false,"max_hp_per_floor":[75,75,75,75,75,75,75,75,75,75,75,75,75,75,75,75,75,75,75,75,75,75,75,75,75,75,75,75,75],"relic_stats":{"Sozu":2,"counters":[13,50],"Ectoplasm":425,"Nloth\u0027s Gift":0,"War Paint":["Defend_R","Dual Wield"],"obtain_stats":[{"Sozu":17,"Bottled Flame":26,"Matryoshka":9,"Ectoplasm":0,"The Courier":23,"Nloth\u0027s Gift":27,"War Paint":26,"Burning Blood":0,"InkBottle":12},{"Sozu":8,"Bottled Flame":12,"Matryoshka":5,"Ectoplasm":0,"The Courier":11,"Nloth\u0027s Gift":12,"War Paint":12,"Burning Blood":0,"InkBottle":7},{"Sozu":33,"Bottled Flame":48,"Matryoshka":16,"Ectoplasm":0,"The Courier":43,"Nloth\u0027s Gift":48,"War Paint":48,"Burning Blood":0,"InkBottle":25}],"InkBottle":[9]},"card_choices":[{"not_picked":["Shrug It Off","Evolve"],"picked":"Pommel Strike","floor":1.0},{"not_picked":["Sentinel","True Grit"],"picked":"Intimidate","floor":2.0},{"not_picked":["Sword Boomerang","Sentinel"],"picked":"Bloodletting","floor":3.0},{"not_picked":["Body Slam","Evolve"],"picked":"Pommel Strike","floor":4.0},{"not_picked":["True Grit","Iron Wave","Clash"],"picked":"SKIP","floor":5.0},{"not_picked":["Body Slam","Evolve","Heavy Blade"],"picked":"SKIP","floor":11.0},{"not_picked":["Bloodletting","Rampage"],"picked":"Dual Wield","floor":12.0},{"not_picked":["Impervious","Berserk"],"picked":"Immolate","floor":16.0},{"not_picked":["Flex","Iron Wave"],"picked":"Headbutt","floor":18.0},{"not_picked":["Second Wind","Clash","Flex"],"picked":"SKIP","floor":21.0},{"not_picked":["Disarm","Flex"],"picked":"Cleave","floor":23.0},{"not_picked":["Armaments","Rage"],"picked":"Flame Barrier","floor":25}],"player_experience":193219,"relics_obtained":[{"floor":9.0,"key":"Matryoshka"},{"floor":12.0,"key":"InkBottle"},{"floor":23.0,"key":"The Courier"},{"floor":26,"key":"Bottled Flame"},{"floor":26,"key":"War Paint"}],"event_choices":[{"damage_healed":0.0,"max_hp_gain":0.0,"max_hp_loss":0.0,"gold_gain":0.0,"event_name":"The Woman in Blue","player_choice":"Bought 1 Potion","floor":7.0,"gold_loss":0.0,"damage_taken":0.0},{"damage_healed":25.0,"max_hp_gain":0.0,"max_hp_loss":0.0,"gold_gain":0.0,"event_name":"Big Fish","player_choice":"Banana","floor":14.0,"gold_loss":0.0,"damage_taken":0.0},{"damage_healed":0.0,"max_hp_gain":0.0,"max_hp_loss":0.0,"gold_gain":50.0,"event_name":"Nest","player_choice":"Stole From Cult","floor":19.0,"gold_loss":0.0,"damage_taken":0.0},{"damage_healed":45.0,"max_hp_gain":0.0,"max_hp_loss":0.0,"gold_gain":0.0,"event_name":"Wheel of Change","player_choice":"Full Heal","floor":20.0,"gold_loss":0.0,"damage_taken":0.0},{"damage_healed":0.0,"max_hp_gain":0.0,"max_hp_loss":0.0,"gold_gain":0.0,"cards_transformed":["Strike_R","Strike_R"],"event_name":"Drug Dealer","player_choice":"Became Test Subject","floor":22.0,"gold_loss":0.0,"damage_taken":0.0,"cards_obtained":["Offering","Demon Form"]},{"damage_healed":0,"gold_gain":0,"player_choice":"Traded Relic","damage_taken":0,"relics_obtained":["Nloth\u0027s Gift"],"max_hp_gain":0,"max_hp_loss":0,"event_name":"N\u0027loth","floor":27,"relics_lost":["The Courier"],"gold_loss":0}],"is_beta":false,"boss_relics":[{"not_picked":["Runic Pyramid","Velvet Choker"],"picked":"Sozu"}],"items_purged_floors":[],"is_endless":false,"potions_floor_spawned":[2,11,18,25],"killed_by":"Snake Plant","ascension_level":19}}