{"host":"v9ordiuf4xzdpttp","time":1612922992,"event":{"mods":["AchievementEnabler","Act Like it!","Aspiration","Bartender","BaseMod","Better Third Choice","Better Vampires","CCEM2","Colored Map","Gold Saver","Halation","Hermit","Hubris","Infinite Spire","Ironclad Rager","Jedi Mod","Marked Mod","Melee Mod","Minty Spire (QoL Compilation)","Quick Restart","Reliquary","Remove Card Discount Mod","Replay The Spire","SOS???????","Shop Mod","Small Relic Pack","Spicy Shops","StSLib","The Construct","The Death Knight","The Hierophant","The Runesmith","The Senshi","The Servant 0.9.4","The Showman","??????REMEMod"],"gold_per_floor":[144,144,144,144,99,99,148,148,148,197,246,295,14,63,63,388,388,437,437,352,404,406,406],"floor_reached":22,"language":"ENG","playtime":1120,"items_purged":[],"score":176,"play_id":"e6548ba1-6193-4cf2-b6fc-490a88817ea7","local_time":"20210209210952","daily_mods":["SealedDeck","Purple Cards","Midas"],"is_ascension_mode":false,"campfire_choices":[{"floor":6,"key":"REST"},{"floor":8,"key":"REST"},{"floor":15,"key":"REST"}],"circlet_count":0,"master_deck":["PiercingWail","Toxin Wave","Outmaneuver","Infinite Blades","Outmaneuver","Flying Knee","Toxin Wave","Deadly Poison","REME_Repentance","REME_Repentance","Jack Of All Trades","Slice","Poisoned Stab","Consecrate","Poisoned Stab","Flash of Steel","REME_GrazeFinale","REME_GrazeFinale","Perseverance","Replay:LoomingThreat","Wireheading","Insight","Slice"],"relics":["Ring of the Snake","REME_ComplimentaryCards","Golden Idol","hubris:Towel","CultistMask","ReplayTheSpireMod:TigerMarble","halation:Prosthetics","halation:IllGainedPizza"],"acts_visited":["Exordium","TheCity"],"potions_floor_usage":[16,16,16],"damage_taken":[{"damage":11,"enemies":"Jaw Worm","floor":1,"turns":3},{"damage":0,"enemies":"Small Slimes","floor":7,"turns":2},{"damage":0,"enemies":"Cultist","floor":10,"turns":2},{"damage":6,"enemies":"2 Fungi Beasts","floor":11,"turns":2},{"damage":26,"enemies":"Large Slime","floor":12,"turns":4},{"damage":0,"enemies":"3 Louse","floor":14,"turns":2},{"damage":55,"enemies":"Hexaghost","floor":16,"turns":9},{"damage":19,"enemies":"3 Byrds","floor":18,"turns":3},{"damage":21,"enemies":"Spheric Guardian","floor":21,"turns":4},{"damage":24,"enemies":"Shelled Parasite and Fungi","floor":22,"turns":1}],"seed_played":"-5810517303651203205","potions_obtained":[{"floor":1,"key":"DeathKnight:RimePotion"},{"floor":7,"key":"EssenceOfSteel"},{"floor":12,"key":"Elixir"},{"floor":14,"key":"Dexterity Potion"}],"is_trial":false,"path_per_floor":["M","?","?","?","$","R","M","R","T","M","M","M","$","M","R","B",null,"M","?","?","M","M"],"character_chosen":"THE_SILENT","items_purchased":["Poisoned Stab","Flash of Steel","REME_GrazeFinale"],"campfire_rested":3,"item_purchase_floors":[5,13,13],"current_hp_per_floor":[59,42,42,42,42,63,63,70,70,70,64,40,40,40,61,6,35,35,35,35,14,0,0],"gold":406,"neow_bonus":"","is_daily":true,"chose_seed":false,"campfire_upgraded":0,"win_rate":0.0,"timestamp":1612922992,"path_taken":["M","?","?","?","$","R","M","R","T","?","M","M","$","M","R","BOSS","M","?","?","M","M"],"items_purchased_type":["Card","Card","Card"],"build_version":"2020-12-22","purchased_purges":0,"victory":false,"max_hp_per_floor":[70,70,70,70,70,70,70,70,70,70,70,70,70,70,70,70,35,35,35,35,35,35,35],"card_choices":[{"not_picked":["MarkedMod:OneThousandNeedles","ICR:Serenity"],"picked":"Slice","floor":1},{"not_picked":["EmptyFist","FlyingSleeves","Acrobatics"],"picked":"SKIP","floor":7},{"not_picked":["REME_Repentance","MarkedMod:FirstStrike"],"picked":"Consecrate","floor":10},{"not_picked":["Underhanded Strike","ThirdEye"],"picked":"Poisoned Stab","floor":11},{"not_picked":["ClearTheMind","Bane","Judgement"],"picked":"SKIP","floor":12},{"not_picked":["FlurryOfBlows","EmptyFist"],"picked":"Perseverance","floor":14},{"not_picked":["Blasphemy","Storm of Steel"],"picked":"Replay:LoomingThreat","floor":16},{"not_picked":["Replay:ManipulateFuture","Dash"],"picked":"Wireheading","floor":18},{"not_picked":["Dagger Throw","SignatureMove+1"],"picked":"Slice","floor":21}],"player_experience":329914,"relics_obtained":[{"floor":9,"key":"ReplayTheSpireMod:TigerMarble"}],"event_choices":[{"damage_healed":0,"gold_gain":0,"player_choice":"Take Damage","damage_taken":17,"relics_obtained":["Golden Idol"],"max_hp_gain":0,"max_hp_loss":0,"event_name":"Golden Idol","floor":2,"gold_loss":0},{"damage_healed":0,"gold_gain":0,"player_choice":"Trade","damage_taken":0,"relics_obtained":["CultistMask"],"max_hp_gain":0,"max_hp_loss":0,"event_name":"FaceTrader","floor":4,"gold_loss":0},{"damage_healed":0,"gold_gain":0,"player_choice":"Insight","damage_taken":0,"max_hp_gain":0,"max_hp_loss":0,"event_name":"betterThird:BetterWriting","floor":19,"gold_loss":0,"cards_obtained":["Insight"]},{"damage_healed":0,"gold_gain":0,"player_choice":"Obtained Relic","damage_taken":0,"relics_obtained":["halation:IllGainedPizza"],"max_hp_gain":0,"max_hp_loss":0,"event_name":"Addict","floor":20,"gold_loss":85}],"is_beta":false,"boss_relics":[{"not_picked":["jedi:battlestandard","hubris:Stopwatch"],"picked":"halation:Prosthetics"}],"items_purged_floors":[],"is_endless":false,"potions_floor_spawned":[1,7,12,14],"killed_by":"Shelled Parasite and Fungi","ascension_level":0}}