{"host":"6pgtslebjnyv5xmi","time":1612950553,"event":{"mods":["AchievementEnabler","BaseMod","Colored Map","Minty Spire (QoL Compilation)","Rare Cards Sparkle","StSLib","SuperFastMode","The Cursed","everything is the same but u backflip on backflip"],"gold_per_floor":[117,135,135,147,297,331,256,256,304,304,304],"floor_reached":10,"language":"KOR","playtime":271,"items_purged":["Doubt"],"score":125,"play_id":"98a55f1d-c199-47a2-9607-7b36acc732b6","local_time":"20210210184913","is_ascension_mode":true,"campfire_choices":[{"data":"Seeing Red","floor":8,"key":"SMITH"}],"circlet_count":0,"master_deck":["AscendersBane","Strike_R","Strike_R","Strike_R","Strike_R","Defend_R","Defend_R","Defend_R","Defend_R","Bash","Twin Strike","Seeing Red+1","Inflame"],"relics":["Burning Blood","NeowsBlessing","Regal Pillow","Orichalcum"],"acts_visited":["Exordium"],"potions_floor_usage":[6,6,6],"damage_taken":[{"damage":0,"enemies":"Small Slimes","floor":1,"turns":1},{"damage":0,"enemies":"Cultist","floor":2,"turns":1},{"damage":0,"enemies":"2 Louse","floor":4,"turns":1},{"damage":35,"enemies":"Lagavulin","floor":6,"turns":6},{"damage":47,"enemies":"3 Sentries","floor":10,"turns":9}],"seed_played":"-2335964642800726270","potions_obtained":[{"floor":4,"key":"EntropicBrew"}],"is_trial":false,"path_per_floor":["M","M","?","M","?","E","$","R","T","E"],"character_chosen":"IRONCLAD","items_purchased":[],"campfire_rested":0,"item_purchase_floors":[],"current_hp_per_floor":[74,75,75,75,75,46,46,46,46,0,0],"gold":304,"neow_bonus":"THREE_ENEMY_KILL","is_daily":false,"chose_seed":false,"campfire_upgraded":1,"win_rate":0.0,"timestamp":1612950553,"path_taken":["M","M","?","?","?","E","$","R","T","E"],"items_purchased_type":[],"build_version":"2020-12-22","purchased_purges":1,"victory":false,"max_hp_per_floor":[75,75,75,75,75,75,75,75,75,75,75],"card_choices":[{"not_picked":["Clash","True Grit"],"picked":"Twin Strike","floor":1},{"not_picked":["True Grit","Shrug It Off"],"picked":"Seeing Red","floor":2},{"not_picked":["Twin Strike","Burning Pact"],"picked":"Inflame","floor":4},{"not_picked":["Rage","Sentinel","Dropkick"],"picked":"SKIP","floor":6}],"player_experience":1100723,"relics_obtained":[{"floor":6,"key":"Regal Pillow"},{"floor":9,"key":"Orichalcum"}],"event_choices":[{"cards_removed":["Strike_R"],"damage_healed":0,"gold_gain":0,"player_choice":"Purged","damage_taken":0,"max_hp_gain":0,"max_hp_loss":0,"event_name":"Purifier","floor":3,"gold_loss":0},{"damage_healed":0,"gold_gain":150,"player_choice":"AGREE","damage_taken":0,"max_hp_gain":0,"max_hp_loss":0,"event_name":"Liars Game","floor":5,"gold_loss":0,"cards_obtained":["Doubt"]}],"is_beta":false,"boss_relics":[],"items_purged_floors":[7],"is_endless":false,"potions_floor_spawned":[4],"killed_by":"3 Sentries","ascension_level":18}}