{"host":"l6elh4j9kblzg1qy","time":1612989523,"event":{"mods":["BaseMod","Downfall","Minty Spire (QoL Compilation)","Replay The Spire","StSLib"],"gold_per_floor":[209,268,268,335,42,42,62,62,141,40,40,90,118,168,168,271,271,289,358,408,130,146,146,196,246,246,246,310,324,338,27,27,130,130,144,33,53,70,132,132,132],"floor_reached":40,"language":"SPA","playtime":1695,"items_purged":["BasicCrystalCard"],"score":436,"play_id":"6148a568-98cd-4e13-9cd0-277104f529a3","local_time":"20210210213843","is_ascension_mode":false,"campfire_choices":[{"floor":6,"key":"REST"},{"data":"Dualcast","floor":8,"key":"SMITH"},{"data":"Sweeping Beam","floor":11,"key":"SMITH"},{"floor":15,"key":"RECALL"},{"data":"Electrodynamics","floor":23,"key":"SMITH"},{"data":"Defragment","floor":27,"key":"SMITH"}],"circlet_count":0,"master_deck":["Strike_B","Strike_B","Strike_B","Defend_B+1","Defend_B+1","Defend_B","Defend_B","Zap+1","Dualcast+1","Double Energy+1","Hyperbeam+1","Sweeping Beam+1","Ball Lightning+1","Reinforced Body","Electrodynamics+1","Rebound+1","Hyperbeam+1","Defragment+1","Leap","Stack+1","Beam Cell+1","Biased Cognition","Sunder+1","Doom and Gloom+1","Parasite","Auto Shields+1"],"relics":["Cracked Core","Gremlin Horn","SsserpentHead","Replay:Baseball","Guide Book","Letter Opener","Replay:Antivirus Software","Replay:Rubber Ducky","bronze:MakeshiftBattery","Bottled Lightning","Replay:Bottled Steam","War Paint","Membership Card","Sozu","Bag of Marbles"],"acts_visited":["Exordium","TheCity","TheBeyond"],"potions_floor_usage":[16,16,29,33,33,33,33,37,39],"damage_taken":[{"damage":5,"enemies":"Small Slimes","floor":1,"turns":4},{"damage":1,"enemies":"Jaw Worm","floor":4,"turns":3},{"damage":0,"enemies":"2 Louse","floor":7,"turns":1},{"damage":0,"enemies":"3 Sentries","floor":13,"turns":1},{"damage":35,"enemies":"The Guardian","floor":16,"turns":10},{"damage":17,"enemies":"Shell Parasite","floor":18,"turns":5},{"damage":0,"enemies":"Spheric Guardian","floor":19,"turns":2},{"damage":13,"enemies":"Shelled Parasite and Fungi","floor":22,"turns":2},{"damage":0,"enemies":"Centurion and Healer","floor":28,"turns":3},{"damage":0,"enemies":"Sentry and Sphere","floor":29,"turns":2},{"damage":0,"enemies":"Cultist and Chosen","floor":30,"turns":2},{"damage":2,"enemies":"Automaton","floor":33,"turns":8},{"damage":12,"enemies":"3 Shapes","floor":35,"turns":2},{"damage":26,"enemies":"3 Darklings","floor":37,"turns":3},{"damage":35,"enemies":"Writhing Mass","floor":38,"turns":4},{"damage":0,"enemies":"Jaw Worm Horde","floor":39,"turns":3},{"damage":2,"enemies":"R_Hoarder","floor":40,"turns":2}],"seed_played":"6876240435237070955","potions_obtained":[{"floor":2,"key":"DistilledChaos"},{"floor":13,"key":"Guardian:BlockOnCardUsePotion"},{"floor":18,"key":"Strength Potion"},{"floor":22,"key":"Explosive Potion"},{"floor":30,"key":"EntropicBrew"},{"floor":33,"key":"LifebloodPotion"}],"is_trial":false,"path_per_floor":["M","?","?","M","$","R","M","R","T","$","R","?","E","?","R","B",null,"M","M","?","$","M","R","?","?","T","R","M","M","M","$","R","B",null,"M","$","M","M","M","E"],"character_chosen":"DEFECT","items_purchased":["Replay:Baseball","Guide Book","Replay:Antivirus Software","Bottled Lightning","Defragment","War Paint","Membership Card","Bag of Marbles"],"campfire_rested":1,"item_purchase_floors":[5,5,10,21,21,31,31,36],"current_hp_per_floor":[70,40,40,39,39,61,61,61,61,61,61,61,61,61,61,26,75,58,58,58,58,45,45,45,45,45,45,45,45,45,45,67,65,75,63,63,37,2,2,0,0],"gold":132,"neow_bonus":"HUNDRED_GOLD","is_daily":false,"chose_seed":false,"campfire_upgraded":4,"win_rate":0.0,"timestamp":1612989523,"path_taken":["M","?","?","?","$","R","M","R","T","?","R","?","E","?","R","BOSS","M","?","?","?","M","R","?","?","T","R","?","M","M","$","R","BOSS","M","$","M","M","?","E"],"items_purchased_type":["Relic","Relic","Relic","Relic","Card","Relic","Relic","Relic"],"build_version":"2020-12-22","purchased_purges":1,"victory":false,"max_hp_per_floor":[75,75,75,75,75,75,75,75,75,75,75,75,75,75,75,75,75,75,75,75,75,75,75,75,75,75,75,75,75,75,75,75,75,75,75,75,75,75,75,75,75],"card_choices":[{"not_picked":["Cold Snap","Go for the Eyes"],"picked":"Double Energy","floor":1},{"not_picked":["Glacier","ReplaySolidLightProjector"],"picked":"Hyperbeam","floor":4},{"not_picked":["BasicCrystalCard","Stack"],"picked":"Sweeping Beam","floor":7},{"not_picked":["Recycle","Conserve Battery"],"picked":"Ball Lightning","floor":13},{"not_picked":["Mirror Shield","Thunder Strike"],"picked":"Electrodynamics","floor":16},{"not_picked":["Crystallizer+1","Cold Snap"],"picked":"Rebound+1","floor":18},{"not_picked":["Barrage","FTL","ReplaySolidLightProjector"],"picked":"SKIP","floor":19},{"not_picked":["Sweeping Beam","ReplaySort"],"picked":"BasicCrystalCard","floor":22},{"not_picked":["Steam Power","Hologram"],"picked":"Leap","floor":28},{"not_picked":["Leap","Streamline+1"],"picked":"Stack+1","floor":29},{"not_picked":["Streamline","Self Repair+1"],"picked":"Beam Cell+1","floor":30},{"not_picked":["ReplayRNGCard","Amplify"],"picked":"Biased Cognition","floor":33},{"not_picked":["BasicCrystalCard+1","Ball Lightning+1"],"picked":"Sunder+1","floor":35},{"not_picked":["Stack+1","Recycle"],"picked":"Doom and Gloom+1","floor":37},{"not_picked":["Cold Snap","Panic Button"],"picked":"Auto Shields+1","floor":38},{"not_picked":["Panic Button","Auto Shields","Sweeping Beam"],"picked":"SKIP","floor":39}],"player_experience":92479,"relics_obtained":[{"floor":2,"key":"Gremlin Horn"},{"floor":9,"key":"Letter Opener"},{"floor":13,"key":"Replay:Rubber Ducky"},{"floor":26,"key":"Replay:Bottled Steam"}],"event_choices":[{"damage_healed":0,"gold_gain":0,"player_choice":"Trade","damage_taken":0,"relics_obtained":["SsserpentHead"],"max_hp_gain":0,"max_hp_loss":0,"event_name":"FaceTrader","floor":3,"gold_loss":0},{"damage_healed":0,"gold_gain":0,"cards_transformed":["Strike_B"],"player_choice":"Transformed","damage_taken":0,"max_hp_gain":0,"max_hp_loss":0,"event_name":"Transmorgrifier","floor":14,"gold_loss":0,"cards_obtained":["Reinforced Body"]},{"damage_healed":0,"gold_gain":0,"player_choice":"Copied","damage_taken":0,"max_hp_gain":0,"max_hp_loss":0,"event_name":"Duplicator","floor":20,"gold_loss":0,"cards_obtained":["Hyperbeam"]},{"damage_healed":0,"gold_gain":0,"player_choice":"Ignored","damage_taken":0,"max_hp_gain":0,"max_hp_loss":0,"event_name":"Beggar","floor":24,"gold_loss":0},{"damage_healed":0,"gold_gain":0,"player_choice":"Ignored","damage_taken":0,"max_hp_gain":0,"max_hp_loss":0,"event_name":"Ghosts","floor":25,"gold_loss":0}],"is_beta":false,"boss_relics":[{"not_picked":["Replay:Bronze Core","Replay:Ancient Bell"],"picked":"bronze:MakeshiftBattery"},{"not_picked":["Honey Jar","Astrolabe"],"picked":"Sozu"}],"items_purged_floors":[36],"is_endless":false,"potions_floor_spawned":[13,18,22,30,33,37,38],"killed_by":"R_Hoarder","ascension_level":0}}