{"host":"soyfmymeou4emntr","time":1612925220,"event":{"mods":["BaseMod","Minty Spire (QoL Compilation)","Permanent Neow","Relic Sorter","Relic Stats","StSLib"],"gold_per_floor":[116,116,128,203,213,248,248,275,275,275,306,306,333,333,333,333,333],"floor_reached":16,"language":"ENG","playtime":910,"items_purged":[],"score":302,"play_id":"a6e93d2b-06b7-4e90-b305-24ba780ea78f","local_time":"20210209194700","is_ascension_mode":true,"campfire_choices":[{"data":"Hemokinesis","floor":7.0,"key":"SMITH"},{"floor":10.0,"key":"REST"},{"data":"Corruption","floor":12,"key":"SMITH"},{"floor":15,"key":"REST"}],"circlet_count":0,"master_deck":["AscendersBane","Strike_R","Strike_R","Strike_R","Strike_R","Strike_R","Defend_R","Defend_R","Defend_R","Defend_R","Bash+1","Wild Strike","Anger","Hemokinesis+1","Clothesline","Flame Barrier","Corruption+1","Shockwave","Demon Form"],"relics":["Burning Blood","Anchor","Matryoshka","Tiny Chest","MealTicket","Toy Ornithopter","Art of War"],"acts_visited":["Exordium"],"potions_floor_usage":[11,11,13,13,16],"damage_taken":[{"damage":7.0,"enemies":"Small Slimes","floor":1.0,"turns":3.0},{"damage":7.0,"enemies":"Jaw Worm","floor":3.0,"turns":2.0},{"damage":2.0,"enemies":"2 Louse","floor":5.0,"turns":2.0},{"damage":47.0,"enemies":"3 Sentries","floor":6.0,"turns":10.0},{"damage":25.0,"enemies":"Lagavulin","floor":8.0,"turns":5.0},{"damage":30,"enemies":"3 Sentries","floor":11,"turns":8},{"damage":4,"enemies":"Gremlin Nob","floor":13,"turns":3},{"damage":52,"enemies":"Slime Boss","floor":16,"turns":7}],"seed_played":"671601485811769203","potions_obtained":[{"floor":1.0,"key":"BloodPotion"},{"floor":6.0,"key":"FearPotion"},{"floor":8.0,"key":"FearPotion"},{"floor":11,"key":"EntropicBrew"}],"is_trial":false,"path_per_floor":["M","?","M","?","M","E","R","E","T","R","E","R","E","?","R","B"],"character_chosen":"IRONCLAD","items_purchased":[],"campfire_rested":2,"item_purchase_floors":[],"current_hp_per_floor":[67,67,66,55,59,18,18,14,14,36,12,12,24,24,46,0,0],"gold":333,"neow_bonus":"THREE_CARDS","is_daily":false,"chose_seed":false,"campfire_upgraded":2,"win_rate":0.0,"timestamp":1612925220,"path_taken":["M","?","M","?","M","E","R","E","T","R","E","R","E","?","R","BOSS"],"items_purchased_type":[],"build_version":"2020-12-22","purchased_purges":0,"victory":false,"max_hp_per_floor":[75,75,75,75,75,75,75,75,75,75,75,75,75,75,75,75,75],"relic_stats":{"counters":[8,40],"Tiny Chest":0,"MealTicket":0,"Art of War":[0],"obtain_stats":[{"Anchor":6,"Matryoshka":8,"Tiny Chest":9,"MealTicket":9,"Art of War":13,"Burning Blood":0,"Toy Ornithopter":11},{"Anchor":4,"Matryoshka":5,"Tiny Chest":5,"MealTicket":5,"Art of War":7,"Burning Blood":0,"Toy Ornithopter":6},{"Anchor":17,"Matryoshka":22,"Tiny Chest":22,"MealTicket":22,"Art of War":33,"Burning Blood":0,"Toy Ornithopter":30}],"Burning Blood":42,"Toy Ornithopter":15},"card_choices":[{"not_picked":["Flame Barrier","Thunderclap"],"picked":"Wild Strike","floor":0.0},{"not_picked":["Combust","Wild Strike"],"picked":"Anger","floor":1.0},{"not_picked":["Feel No Pain","Blood for Blood"],"picked":"Hemokinesis","floor":3.0},{"not_picked":["Havoc","Wild Strike"],"picked":"Clothesline","floor":5.0},{"not_picked":["Thunderclap","Ghostly Armor"],"picked":"Flame Barrier","floor":6.0},{"not_picked":["Blood for Blood","Flex"],"picked":"Corruption","floor":8.0},{"not_picked":["Cleave","Pommel Strike"],"picked":"Shockwave","floor":11},{"not_picked":["Wild Strike","Body Slam"],"picked":"Demon Form","floor":13}],"player_experience":3174905,"relics_obtained":[{"floor":6.0,"key":"Anchor"},{"floor":8.0,"key":"Matryoshka"},{"floor":9.0,"key":"Tiny Chest"},{"floor":9.0,"key":"MealTicket"},{"floor":11,"key":"Toy Ornithopter"},{"floor":13,"key":"Art of War"}],"event_choices":[{"damage_healed":0.0,"max_hp_gain":0.0,"max_hp_loss":0.0,"gold_gain":0.0,"event_name":"Living Wall","player_choice":"Grow","floor":2.0,"gold_loss":0.0,"damage_taken":0.0,"cards_upgraded":["Bash"]},{"damage_healed":0.0,"max_hp_gain":0.0,"max_hp_loss":0.0,"gold_gain":75.0,"event_name":"World of Goop","player_choice":"Gather Gold","floor":4.0,"gold_loss":0.0,"damage_taken":11.0},{"damage_healed":0,"gold_gain":0,"player_choice":"Ignored","damage_taken":0,"max_hp_gain":0,"max_hp_loss":0,"event_name":"Liars Game","floor":14,"gold_loss":0}],"is_beta":false,"boss_relics":[],"items_purged_floors":[],"is_endless":false,"potions_floor_spawned":[1,6,8,11],"killed_by":"Slime Boss","ascension_level":20}}