{"host":"kpyoctgc7jne3jiy","time":1612916766,"event":{"mods":["AchievementEnabler","BaseMod","Minty Spire (QoL Compilation)","Relic Stats"],"gold_per_floor":[116,128,128,145,1,33,50,50,73,87,97,124,124,158,158,260,260,280,299,399,415,51,51,71,99,125,135,154,4,4,35,35,136,136,156,176,76,87,101,101,130,146,171,15,15,15,15,15,15,15,15,15,15,48,48,48],"floor_reached":55,"language":"ENG","playtime":3338,"items_purged":["Strike_G","Strike_G"],"score":1149,"play_id":"bc195702-822c-4163-af95-a7507c58bd70","local_time":"20210210012606","is_ascension_mode":true,"campfire_choices":[{"floor":8.0,"key":"REST"},{"floor":13.0,"key":"REST"},{"floor":15.0,"key":"REST"},{"data":"Noxious Fumes","floor":23.0,"key":"SMITH"},{"floor":30.0,"key":"REST"},{"floor":32.0,"key":"REST"},{"floor":40.0,"key":"REST"},{"floor":45.0,"key":"RECALL"},{"floor":47.0,"key":"REST"},{"floor":49.0,"key":"REST"},{"floor":52,"key":"REST"}],"circlet_count":0,"master_deck":["AscendersBane","Strike_G","Strike_G","Defend_G","Defend_G","Defend_G","Defend_G","Defend_G","Survivor","Neutralize+1","Choke+1","All Out Attack","Crippling Poison","Acrobatics","Wraith Form v2","Bouncing Flask","Sucker Punch","Terror","Deadly Poison","Well Laid Plans","Corpse Explosion","Envenom","Leg Sweep","Bane","Noxious Fumes+1","Expertise+1","PiercingWail","Backflip+1","Adrenaline","Bane+1","Wraith Form v2","Deflect+1","Madness","Madness","Wraith Form v2","Predator+1"],"relics":["Philosopher\u0027s Stone","Pen Nib","Bronze Scales","Odd Mushroom","Ancient Tea Set","Snecko Eye","Kunai","Happy Flower","Omamori","Anchor","Gremlin Horn","Sozu","Whetstone","PreservedInsect","Art of War"],"acts_visited":["Exordium","TheCity","TheBeyond","TheEnding"],"potions_floor_usage":[55],"damage_taken":[{"damage":0.0,"enemies":"Jaw Worm","floor":1.0,"turns":4.0},{"damage":0.0,"enemies":"2 Louse","floor":2.0,"turns":3.0},{"damage":0.0,"enemies":"Cultist","floor":4.0,"turns":2.0},{"damage":34.0,"enemies":"3 Sentries","floor":6.0,"turns":9.0},{"damage":4.0,"enemies":"Looter","floor":7.0,"turns":4.0},{"damage":5.0,"enemies":"2 Fungi Beasts","floor":10.0,"turns":3.0},{"damage":1.0,"enemies":"Gremlin Gang","floor":11.0,"turns":3.0},{"damage":21.0,"enemies":"The Mushroom Lair","floor":12.0,"turns":4.0},{"damage":17.0,"enemies":"Lagavulin","floor":14.0,"turns":6.0},{"damage":19.0,"enemies":"The Guardian","floor":16.0,"turns":8.0},{"damage":1.0,"enemies":"Chosen","floor":18.0,"turns":4.0},{"damage":0.0,"enemies":"Spheric Guardian","floor":19.0,"turns":4.0},{"damage":0.0,"enemies":"Shelled Parasite and Fungi","floor":21.0,"turns":4.0},{"damage":7.0,"enemies":"Cultist and Chosen","floor":24.0,"turns":6.0},{"damage":49.0,"enemies":"Gremlin Leader","floor":25.0,"turns":5.0},{"damage":0.0,"enemies":"3 Cultists","floor":27.0,"turns":3.0},{"damage":0.0,"enemies":"Chosen and Byrds","floor":28.0,"turns":6.0},{"damage":0.0,"enemies":"Book of Stabbing","floor":31.0,"turns":5.0},{"damage":40.0,"enemies":"Champ","floor":33.0,"turns":12.0},{"damage":0.0,"enemies":"3 Shapes","floor":35.0,"turns":4.0},{"damage":8.0,"enemies":"3 Darklings","floor":36.0,"turns":5.0},{"damage":10.0,"enemies":"Maw","floor":38.0,"turns":7.0},{"damage":10.0,"enemies":"4 Shapes","floor":39.0,"turns":3.0},{"damage":27.0,"enemies":"Nemesis","floor":41.0,"turns":7.0},{"damage":0.0,"enemies":"Jaw Worm Horde","floor":42.0,"turns":2.0},{"damage":55,"enemies":"Donu and Deca","floor":50,"turns":9},{"damage":18,"enemies":"Shield and Spear","floor":54,"turns":5},{"damage":53,"enemies":"The Heart","floor":55,"turns":10}],"seed_played":"7441033721580186292","potions_obtained":[{"floor":2.0,"key":"Regen Potion"},{"floor":4.0,"key":"DistilledChaos"},{"floor":11.0,"key":"Fire Potion"},{"floor":21.0,"key":"SteroidPotion"},{"floor":27.0,"key":"Fire Potion"},{"floor":28.0,"key":"Weak Potion"}],"is_trial":false,"path_per_floor":["M","M","?","M","$","E","M","R","T","M","M","?","R","E","R","B",null,"M","M","?","M","$","R","M","E","T","M","M","$","R","E","R","B",null,"M","M","$","M","M","R","E","M","T","$","R","?","R","?","R","B",null,"R","$","E","B"],"character_chosen":"THE_SILENT","items_purchased":["Wraith Form v2","Bouncing Flask","Kunai","Noxious Fumes","Anchor","PreservedInsect"],"campfire_rested":9,"item_purchase_floors":[5,5,22,22,29,44],"current_hp_per_floor":[63,63,63,63,63,29,25,46,46,41,40,19,40,23,44,25,59,58,58,58,58,58,58,51,2,2,14,14,14,35,35,56,16,57,57,49,49,39,29,50,23,23,23,23,23,14,35,35,56,1,53,70,70,52,0,0],"gold":48,"neow_bonus":"BOSS_RELIC","is_daily":false,"chose_seed":false,"campfire_upgraded":1,"win_rate":0.0,"timestamp":1612916766,"path_taken":["M","M","?","M","$","E","M","R","T","M","M","?","R","E","R","BOSS","M","M","?","?","$","R","M","E","T","M","M","$","R","E","R","BOSS","M","M","$","M","M","R","E","M","T","$","R","?","R","?","R","BOSS","R","$","E","BOSS"],"items_purchased_type":["Card","Card","Relic","Card","Relic","Relic"],"build_version":"2020-12-22","purchased_purges":2,"victory":false,"max_hp_per_floor":[70,70,70,70,70,70,70,70,70,70,70,70,70,70,70,70,70,70,70,70,70,70,70,70,70,70,70,70,70,70,70,70,70,70,70,70,70,70,70,70,70,70,70,70,70,70,70,70,70,70,70,70,70,70,70,70],"relic_stats":{"Sozu":1,"Happy Flower":[26],"Gremlin Horn":[5,5],"counters":[28,147],"Bronze Scales":[481],"Snecko Eye":[175,210,188,204],"Pen Nib":[15],"PreservedInsect":77,"Art of War":[3],"Kunai":[5],"Whetstone":["Neutralize","Choke"],"obtain_stats":[{"Happy Flower":25,"Gremlin Horn":31,"Pen Nib":6,"PreservedInsect":44,"Omamori":26,"Whetstone":41,"Odd Mushroom":12,"Ancient Tea Set":14,"Sozu":34,"Anchor":29,"Bronze Scales":9,"Snecko Eye":17,"Philosopher\u0027s Stone":0,"Art of War":54,"Kunai":22,"Ring of the Snake":0},{"Happy Flower":15,"Gremlin Horn":18,"Pen Nib":4,"PreservedInsect":25,"Omamori":15,"Whetstone":24,"Odd Mushroom":8,"Ancient Tea Set":9,"Sozu":19,"Anchor":17,"Bronze Scales":5,"Snecko Eye":10,"Philosopher\u0027s Stone":0,"Art of War":27,"Kunai":13,"Ring of the Snake":0},{"Happy Flower":69,"Gremlin Horn":83,"Pen Nib":18,"PreservedInsect":123,"Omamori":69,"Whetstone":121,"Odd Mushroom":32,"Ancient Tea Set":38,"Sozu":95,"Anchor":78,"Bronze Scales":22,"Snecko Eye":46,"Philosopher\u0027s Stone":0,"Art of War":137,"Kunai":58,"Ring of the Snake":0}]},"card_choices":[{"not_picked":["Deflect","Acrobatics"],"picked":"Choke","floor":1.0},{"not_picked":["Poisoned Stab","Riddle With Holes"],"picked":"All Out Attack","floor":2.0},{"not_picked":["Outmaneuver","Doppelganger"],"picked":"Acrobatics","floor":4.0},{"not_picked":["Caltrops","Slice"],"picked":"Sucker Punch","floor":6.0},{"not_picked":["Underhanded Strike","Infinite Blades"],"picked":"Terror","floor":7.0},{"not_picked":["Eviscerate","Deflect"],"picked":"Deadly Poison","floor":10.0},{"not_picked":["Blur","Bane"],"picked":"Well Laid Plans","floor":11.0},{"not_picked":["Underhanded Strike","Dagger Throw"],"picked":"Corpse Explosion","floor":14.0},{"not_picked":["Malaise","Tools of the Trade"],"picked":"Envenom","floor":16.0},{"not_picked":["Eviscerate+1","Noxious Fumes"],"picked":"Leg Sweep","floor":18.0},{"not_picked":["Cloak And Dagger","Accuracy"],"picked":"Bane","floor":19.0},{"not_picked":["Underhanded Strike+1","Acrobatics","Dagger Spray"],"picked":"SKIP","floor":21.0},{"not_picked":["Crippling Poison","Slice+1"],"picked":"Expertise+1","floor":24.0},{"not_picked":["Bouncing Flask+1","Infinite Blades"],"picked":"PiercingWail","floor":25.0},{"not_picked":["Deadly Poison+1","Cloak And Dagger"],"picked":"Backflip+1","floor":27.0},{"not_picked":["Underhanded Strike+1","Leg Sweep+1"],"picked":"Adrenaline","floor":28.0},{"not_picked":["Dagger Spray+1","Dagger Throw"],"picked":"Bane+1","floor":31.0},{"not_picked":["Flying Knee","Outmaneuver","Infinite Blades"],"picked":"SKIP","floor":35.0},{"not_picked":["Sucker Punch","Accuracy+1","Prepared"],"picked":"SKIP","floor":36.0},{"not_picked":["Sucker Punch","Deflect","Outmaneuver+1"],"picked":"SKIP","floor":38.0},{"not_picked":["All Out Attack","Deadly Poison"],"picked":"Wraith Form v2","floor":39.0},{"not_picked":["Envenom","Masterful Stab","Doppelganger"],"picked":"SKIP","floor":41.0},{"not_picked":["Underhanded Strike","Dagger Spray"],"picked":"Deflect+1","floor":42.0},{"not_picked":["Deflect+1","Unload"],"picked":"Predator+1","floor":54}],"player_experience":352225,"relics_obtained":[{"floor":6.0,"key":"Pen Nib"},{"floor":9.0,"key":"Bronze Scales"},{"floor":12.0,"key":"Odd Mushroom"},{"floor":14.0,"key":"Ancient Tea Set"},{"floor":25.0,"key":"Happy Flower"},{"floor":26.0,"key":"Omamori"},{"floor":31.0,"key":"Gremlin Horn"},{"floor":41.0,"key":"Whetstone"},{"floor":54,"key":"Art of War"}],"event_choices":[{"damage_healed":0.0,"max_hp_gain":0.0,"max_hp_loss":0.0,"gold_gain":0.0,"cards_transformed":["Strike_G"],"event_name":"Living Wall","player_choice":"Change","floor":3.0,"gold_loss":0.0,"damage_taken":0.0,"cards_obtained":["Crippling Poison"]},{"damage_healed":0.0,"max_hp_gain":0.0,"max_hp_loss":0.0,"gold_gain":0.0,"event_name":"Mushrooms","player_choice":"Fought Mushrooms","floor":12.0,"gold_loss":0.0,"damage_taken":0.0},{"damage_healed":0.0,"max_hp_gain":0.0,"max_hp_loss":0.0,"gold_gain":100.0,"event_name":"Golden Shrine","player_choice":"Pray","floor":20.0,"gold_loss":0.0,"damage_taken":0.0},{"damage_healed":0.0,"max_hp_gain":0.0,"max_hp_loss":0.0,"gold_gain":0.0,"event_name":"Winding Halls","player_choice":"Embrace Madness","floor":46.0,"gold_loss":0.0,"damage_taken":9.0,"cards_obtained":["Madness","Madness"]},{"damage_healed":0.0,"max_hp_gain":0.0,"max_hp_loss":0.0,"gold_gain":0.0,"event_name":"Duplicator","player_choice":"Copied","floor":48.0,"gold_loss":0.0,"damage_taken":0.0,"cards_obtained":["Wraith Form v2"]}],"is_beta":false,"boss_relics":[{"not_picked":["Coffee Dripper","Cursed Key"],"picked":"Snecko Eye"},{"not_picked":["Velvet Choker","Tiny House"],"picked":"Sozu"}],"items_purged_floors":[22,37],"is_endless":false,"potions_floor_spawned":[2,4,11,12,16,19,21,27,28,36],"killed_by":"The Heart","ascension_level":10}}