{"host":"bf5upntvbdompq33","time":1612939022,"event":{"mods":["BaseMod","Colored Map","Colored Powertips","Curses Come First","Minty Spire (QoL Compilation)","StSLib","The Dragon Tamer","The Hierophant","The Marked","The Mystic","The Servant 0.9.4"],"gold_per_floor":[118,118,118,4,22,42,73,73,148,168,168,118,133,8,8,111,111,128,128,128,128,148,148,148,148],"floor_reached":24,"language":"ENG","playtime":1164,"items_purged":["Strike_G"],"score":281,"play_id":"0cc2d397-ad5d-4a42-8433-a190ef08b89e","local_time":"20210209233702","is_ascension_mode":true,"campfire_choices":[{"data":"Dash","floor":8,"key":"SMITH"},{"data":"Catalyst","floor":11,"key":"SMITH"},{"floor":15,"key":"REST"},{"floor":23,"key":"DIG"}],"circlet_count":0,"master_deck":["Strike_G","Defend_G","Defend_G","Defend_G","Defend_G","Defend_G","Survivor","Neutralize","Tactician","Dash+1","Slice","Acrobatics","Catalyst+1","Deadly Poison","Poisoned Stab","Backflip","Noxious Fumes","Glass Knife","CurseOfTheBell","Flying Knee","Bullet Time","Glass Knife","Dash+1"],"relics":["Ring of the Snake","NeowsBlessing","Bag of Marbles","Shuriken","White Beast Statue","Calling Bell","Centennial Puzzle","Ninja Scroll","Shovel","Sundial"],"acts_visited":["Exordium","TheCity"],"potions_floor_usage":[],"damage_taken":[{"damage":0,"enemies":"Jaw Worm","floor":1,"turns":1},{"damage":0,"enemies":"Small Slimes","floor":5,"turns":1},{"damage":0,"enemies":"Cultist","floor":6,"turns":1},{"damage":25,"enemies":"3 Sentries","floor":7,"turns":14},{"damage":0,"enemies":"Looter","floor":10,"turns":2},{"damage":0,"enemies":"2 Fungi Beasts","floor":13,"turns":4},{"damage":17,"enemies":"The Guardian","floor":16,"turns":8},{"damage":17,"enemies":"2 Thieves","floor":18,"turns":3},{"damage":14,"enemies":"Shell Parasite","floor":22,"turns":2},{"damage":30,"enemies":"Slavers","floor":24,"turns":3}],"seed_played":"7291301034369996897","potions_obtained":[{"floor":7,"key":"CultistPotion"},{"floor":10,"key":"Energy Potion"},{"floor":13,"key":"Regen Potion"},{"floor":16,"key":"BlessingOfTheForge"}],"is_trial":false,"path_per_floor":["M","?","?","$","M","M","E","R","T","M","R","?","M","$","R","B",null,"M","?","?","?","M","R","E"],"character_chosen":"THE_SILENT","items_purchased":["Dash","Backflip","Noxious Fumes"],"campfire_rested":1,"item_purchase_floors":[4,14,14],"current_hp_per_floor":[63,56,56,56,56,56,31,31,31,31,31,31,31,31,52,35,61,44,44,44,44,30,30,0,0],"gold":148,"neow_bonus":"THREE_ENEMY_KILL","is_daily":false,"chose_seed":false,"campfire_upgraded":2,"win_rate":0.0,"timestamp":1612939022,"path_taken":["M","?","?","$","M","?","E","R","T","M","R","?","M","$","R","BOSS","M","?","?","?","M","R","E"],"items_purchased_type":["Card","Card","Card"],"build_version":"2020-12-22","purchased_purges":1,"victory":false,"max_hp_per_floor":[70,70,70,70,70,70,70,70,70,70,70,70,70,70,70,70,70,70,70,70,70,70,70,70,70],"card_choices":[{"not_picked":["Flying Knee","PiercingWail"],"picked":"Tactician","floor":1},{"not_picked":["Outmaneuver","Cloak And Dagger"],"picked":"Slice","floor":5},{"not_picked":["Blade Dance","Slice"],"picked":"Acrobatics","floor":6},{"not_picked":["Blade Dance","Outmaneuver"],"picked":"Catalyst","floor":7},{"not_picked":["PiercingWail","Backflip"],"picked":"Deadly Poison","floor":10},{"not_picked":["Catalyst","Deadly Poison"],"picked":"Poisoned Stab","floor":13},{"not_picked":["Grand Finale","Burst"],"picked":"Glass Knife","floor":16},{"not_picked":["Cloak And Dagger+1","Acrobatics"],"picked":"Flying Knee","floor":18},{"not_picked":["Riddle With Holes","Masterful Stab"],"picked":"Dash+1","floor":22}],"player_experience":1534187,"relics_obtained":[{"floor":3,"key":"Bag of Marbles"},{"floor":7,"key":"Shuriken"},{"floor":9,"key":"White Beast Statue"},{"floor":17,"key":"Centennial Puzzle"},{"floor":17,"key":"Ninja Scroll"},{"floor":17,"key":"Shovel"},{"floor":23,"key":"Sundial"}],"event_choices":[{"cards_removed":["Strike_G"],"damage_healed":0,"gold_gain":0,"player_choice":"Card Removal","damage_taken":7,"max_hp_gain":0,"max_hp_loss":0,"event_name":"Golden Wing","floor":2,"gold_loss":0},{"damage_healed":0,"gold_gain":0,"player_choice":"Relic","damage_taken":0,"max_hp_gain":0,"max_hp_loss":0,"event_name":"Wheel of Change","floor":3,"gold_loss":0},{"cards_removed":["Strike_G"],"damage_healed":0,"gold_gain":0,"player_choice":"Card Removal","damage_taken":0,"max_hp_gain":0,"max_hp_loss":0,"event_name":"The Cleric","floor":12,"gold_loss":50},{"damage_healed":0,"gold_gain":0,"player_choice":"Read","damage_taken":0,"max_hp_gain":0,"max_hp_loss":0,"event_name":"The Library","floor":19,"gold_loss":0,"cards_obtained":["Bullet Time"]},{"damage_healed":0,"gold_gain":0,"player_choice":"Ignored","damage_taken":0,"max_hp_gain":0,"max_hp_loss":0,"event_name":"Vampires","floor":20,"gold_loss":0},{"damage_healed":0,"gold_gain":0,"cards_transformed":["Strike_G"],"player_choice":"Transformed","damage_taken":0,"max_hp_gain":0,"max_hp_loss":0,"event_name":"Transmorgrifier","floor":21,"gold_loss":0,"cards_obtained":["Glass Knife"]}],"is_beta":false,"boss_relics":[{"not_picked":["Busted Crown","HoveringKite"],"picked":"Calling Bell"}],"items_purged_floors":[4],"is_endless":false,"potions_floor_spawned":[7,10,13,16,18,22],"killed_by":"Slavers","ascension_level":9}}