{"host":"xb2tau8pgi8aflss","time":1612942690,"event":{"mods":["AchievementEnabler","BaseMod","Hermit","Minty Spire (QoL Compilation)","StSLib","SuperFastMode"],"gold_per_floor":[114,128,163,163,195,280,330,342,426,438,488,450,98,128,128,232,232,274,320,356,356,375,375,375,375],"floor_reached":24,"language":"KOR","playtime":889,"items_purged":["hermit:Defend_Hermit"],"score":240,"play_id":"df7f3d66-5670-4696-b5a7-4759d5e39c13","local_time":"20210210163810","is_ascension_mode":true,"campfire_choices":[{"floor":10,"key":"REST"},{"data":"hermit:Dive","floor":15,"key":"SMITH"},{"floor":23,"key":"REST"}],"circlet_count":0,"master_deck":["hermit:Strike_Hermit","hermit:Strike_Hermit","hermit:Strike_Hermit","hermit:Defend_Hermit","hermit:Defend_Hermit","hermit:Defend_Hermit","hermit:Snapshot","hermit:Covet","Shame","HandOfGreed","hermit:Coalescence","hermit:EternalForm+1","hermit:BigShot","hermit:Vantage","hermit:Snipe","hermit:Dive+1","hermit:GoldenBullet+1","hermit:Combo","hermit:GhostlyPresence","Decay","hermit:ItchyTrigger+1","hermit:EyeOfTheStorm"],"relics":["hermit:Momento","MawBank","Molten Egg 2","Lee\u0027s Waffle","Cursed Key","Potion Belt"],"acts_visited":["Exordium","TheCity"],"potions_floor_usage":[6,16,22,24],"damage_taken":[{"damage":0,"enemies":"Cultist","floor":1,"turns":2},{"damage":2,"enemies":"Jaw Worm","floor":2,"turns":3},{"damage":7,"enemies":"2 Louse","floor":3,"turns":2},{"damage":11,"enemies":"Blue Slaver","floor":5,"turns":4},{"damage":28,"enemies":"3 Sentries","floor":6,"turns":8},{"damage":14,"enemies":"Red Slaver","floor":7,"turns":4},{"damage":4,"enemies":"2 Fungi Beasts","floor":11,"turns":3},{"damage":34,"enemies":"Exordium Thugs","floor":14,"turns":5},{"damage":20,"enemies":"The Guardian","floor":16,"turns":11},{"damage":36,"enemies":"2 Thieves","floor":18,"turns":5},{"damage":23,"enemies":"3 Byrds","floor":20,"turns":6},{"damage":22,"enemies":"Snecko","floor":22,"turns":6},{"damage":30,"enemies":"Gremlin Leader","floor":24,"turns":2}],"seed_played":"-7357626735392975425","potions_obtained":[{"floor":2,"key":"PowerPotion"},{"floor":3,"key":"GamblersBrew"},{"floor":11,"key":"hermit:Tonic"},{"floor":14,"key":"DistilledChaos"}],"is_trial":false,"path_per_floor":["M","M","M","?","M","E","M","?","T","R","M","?","$","M","R","B",null,"M","T","M","?","M","R","E"],"character_chosen":"HERMIT","items_purchased":["hermit:GoldenBullet+1","hermit:Combo","Lee\u0027s Waffle"],"campfire_rested":2,"item_purchase_floors":[13,13,13],"current_hp_per_floor":[75,73,66,66,55,27,13,13,13,35,31,31,82,48,48,28,82,46,46,23,23,1,25,0,0],"gold":375,"neow_bonus":"RANDOM_COLORLESS_2","is_daily":false,"chose_seed":false,"campfire_upgraded":1,"win_rate":0.0,"timestamp":1612942690,"path_taken":["M","?","M","?","M","E","M","?","T","R","M","?","?","M","R","BOSS","M","?","M","?","M","R","E"],"items_purchased_type":["Card","Card","Relic"],"build_version":"2020-12-22","purchased_purges":1,"victory":false,"max_hp_per_floor":[75,75,75,75,75,75,75,75,75,75,75,75,82,82,82,82,82,82,82,82,82,82,82,82,82],"card_choices":[{"not_picked":["Sadistic Nature","Mayhem"],"picked":"HandOfGreed","floor":0},{"not_picked":["hermit:SprayPray","hermit:Feint"],"picked":"hermit:Coalescence","floor":1},{"not_picked":["hermit:Dive","hermit:CalledShot"],"picked":"hermit:EternalForm","floor":2},{"not_picked":["hermit:Coalescence","hermit:Roulette"],"picked":"hermit:BigShot","floor":3},{"not_picked":["hermit:Ricochet","hermit:Headshot","hermit:Misfire"],"picked":"SKIP","floor":5},{"not_picked":["hermit:Shortfuse","hermit:Horror"],"picked":"hermit:Vantage","floor":6},{"not_picked":["hermit:BodyArmor","hermit:CalledShot"],"picked":"hermit:Snipe","floor":7},{"not_picked":["hermit:Feint","hermit:GoldenBullet+1"],"picked":"hermit:Dive","floor":11},{"not_picked":["hermit:Horror","hermit:Misfire+1"],"picked":"hermit:GhostlyPresence","floor":14},{"not_picked":["hermit:Glare","hermit:BodyArmor+1","hermit:Ricochet+1"],"picked":"SKIP","floor":18},{"not_picked":["hermit:Glare","hermit:Dive"],"picked":"hermit:ItchyTrigger+1","floor":20},{"not_picked":["hermit:Headshot+1","hermit:Brawl","hermit:Grudge+1"],"picked":"SKIP","floor":22}],"player_experience":821376,"relics_obtained":[{"floor":6,"key":"MawBank"},{"floor":9,"key":"Molten Egg 2"},{"floor":19,"key":"Potion Belt"}],"event_choices":[{"damage_healed":0,"gold_gain":0,"player_choice":"Grow","damage_taken":0,"max_hp_gain":0,"max_hp_loss":0,"event_name":"Living Wall","floor":4,"gold_loss":0,"cards_upgraded":["hermit:EternalForm"]},{"damage_healed":0,"gold_gain":0,"player_choice":"Fled","damage_taken":0,"max_hp_gain":0,"max_hp_loss":0,"event_name":"Scrap Ooze","floor":8,"gold_loss":0},{"cards_removed":["hermit:Strike_Hermit"],"damage_healed":0,"gold_gain":0,"player_choice":"Card Removal","damage_taken":0,"max_hp_gain":0,"max_hp_loss":0,"event_name":"The Cleric","floor":12,"gold_loss":50},{"damage_healed":0,"gold_gain":0,"player_choice":"Read","damage_taken":0,"max_hp_gain":0,"max_hp_loss":0,"event_name":"The Library","floor":21,"gold_loss":0,"cards_obtained":["hermit:EyeOfTheStorm"]}],"is_beta":false,"boss_relics":[{"not_picked":["SacredBark","Sozu"],"picked":"Cursed Key"}],"items_purged_floors":[13],"is_endless":false,"potions_floor_spawned":[2,3,11,14],"killed_by":"Gremlin Leader","ascension_level":4}}