{"host":"x205naxbihvu3p76","time":1612948617,"event":{"mods":["AchievementEnabler","BaseMod","Minty Spire (QoL Compilation)","StSLib","SuperFastMode"],"gold_per_floor":[118,132,57,76,87,87,107,124,170,7,0,0,0,20,20,99,99,99,99],"floor_reached":18,"language":"KOR","playtime":326,"items_purged":[],"score":293,"play_id":"8a0f7f87-4254-40fc-961f-4a89edf903b0","local_time":"20210210181657","is_ascension_mode":true,"campfire_choices":[{"data":"Perfected Strike","floor":6,"key":"SMITH"},{"floor":12,"key":"REST"},{"data":"Seeing Red","floor":15,"key":"SMITH"}],"circlet_count":0,"master_deck":["AscendersBane","Strike_R","Strike_R","Strike_R","Strike_R","Strike_R","Defend_R","Defend_R","Defend_R","Defend_R","Bash","Master of Strategy","Perfected Strike+1","Seeing Red+1","Shrug It Off","Twin Strike","Impervious"],"relics":["Burning Blood","Ancient Tea Set","Medical Kit","Blue Candle"],"acts_visited":["Exordium","TheCity"],"potions_floor_usage":[16],"damage_taken":[{"damage":14,"enemies":"Jaw Worm","floor":1,"turns":6},{"damage":10,"enemies":"Small Slimes","floor":2,"turns":3},{"damage":0,"enemies":"2 Louse","floor":4,"turns":2},{"damage":34,"enemies":"Lots of Slimes","floor":5,"turns":5},{"damage":10,"enemies":"3 Louse","floor":7,"turns":3},{"damage":11,"enemies":"Exordium Wildlife","floor":8,"turns":4},{"damage":4,"enemies":"Red Slaver","floor":14,"turns":2},{"damage":40,"enemies":"The Guardian","floor":16,"turns":13},{"damage":0,"enemies":"2 Thieves","floor":18,"turns":1}],"seed_played":"-6200385036435327010","potions_obtained":[{"floor":2,"key":"GamblersBrew"},{"floor":7,"key":"Dexterity Potion"}],"is_trial":false,"path_per_floor":["M","M","?","M","M","R","M","M","T","$","?","R","?","M","R","B",null,"M"],"character_chosen":"IRONCLAD","items_purchased":["Medical Kit"],"campfire_rested":1,"item_purchase_floors":[10],"current_hp_per_floor":[60,56,56,62,34,34,30,25,25,25,25,47,47,49,49,15,60,60,60],"gold":99,"neow_bonus":"RANDOM_COLORLESS_2","is_daily":false,"chose_seed":false,"campfire_upgraded":2,"win_rate":0.0,"timestamp":1612948617,"path_taken":["M","M","?","M","M","R","M","M","T","$","?","R","?","M","R","BOSS","M"],"items_purchased_type":["Relic"],"build_version":"2020-12-22","purchased_purges":0,"victory":false,"max_hp_per_floor":[75,75,75,75,75,75,75,75,75,75,75,75,75,75,75,75,75,75,75],"card_choices":[{"not_picked":["Secret Technique","Panache"],"picked":"Master of Strategy","floor":0},{"not_picked":["Hemokinesis","Wild Strike"],"picked":"Perfected Strike","floor":1},{"not_picked":["Clash","Clothesline"],"picked":"Seeing Red","floor":2},{"not_picked":["Twin Strike","Warcry","Entrench"],"picked":"SKIP","floor":4},{"not_picked":["Armaments","Combust"],"picked":"Shrug It Off","floor":5},{"not_picked":["Headbutt","Sword Boomerang"],"picked":"Twin Strike","floor":7},{"not_picked":["Headbutt","Anger","Whirlwind"],"picked":"SKIP","floor":8},{"not_picked":["Inflame","Hemokinesis","Exhume"],"picked":"SKIP","floor":14},{"not_picked":["Barricade","Corruption"],"picked":"Impervious","floor":16}],"player_experience":1030838,"relics_obtained":[{"floor":9,"key":"Ancient Tea Set"}],"event_choices":[{"cards_removed":["Normality"],"damage_healed":0,"gold_gain":0,"player_choice":"Card Removal","damage_taken":0,"max_hp_gain":0,"max_hp_loss":0,"event_name":"The Cleric","floor":3,"gold_loss":75},{"damage_healed":0,"gold_gain":0,"player_choice":"Left Gold","damage_taken":0,"max_hp_gain":0,"max_hp_loss":0,"event_name":"World of Goop","floor":11,"gold_loss":7},{"damage_healed":0,"gold_gain":0,"player_choice":"Gave Potion","damage_taken":0,"relics_obtained":["Blue Candle"],"max_hp_gain":0,"max_hp_loss":0,"event_name":"WeMeetAgain","floor":13,"gold_loss":0}],"is_beta":false,"boss_relics":[{"not_picked":[]}],"items_purged_floors":[],"is_endless":false,"potions_floor_spawned":[2,7],"killed_by":"2 Thieves","ascension_level":18}}