{"host":"dztixnx9b0gu6w9i","time":1612995101,"event":{"mods":["BaseMod","Bestiary","Minty Spire (QoL Compilation)","Relic Stats","Slay the Relics Exporter","SpireBot","ojb\u0027s Better Paths Mod","ojb\u0027s Info Mod"],"gold_per_floor":[119,119,131,206,206,231,231,19,19,36,11,28,41,75,75,154,154,171,171,187,187,202,202,34,34,34],"floor_reached":25,"language":"ENG","playtime":3135,"items_purged":[],"score":422,"play_id":"6a00ae30-cf5e-4e7f-a535-bcfd9b186af5","local_time":"20210210171141","is_ascension_mode":true,"campfire_choices":[{"data":"Beam Cell","floor":7,"key":"SMITH"},{"floor":15,"key":"REST"},{"data":"Doom and Gloom","floor":23,"key":"SMITH"}],"circlet_count":0,"master_deck":["AscendersBane","Strike_B","Strike_B","Strike_B","Defend_B","Defend_B","Defend_B","Zap+1","Dualcast","Beam Cell+1","Lockon","Self Repair","Doom and Gloom+1","BootSequence+1","Redo+1","Consume+1","Core Surge","Genetic Algorithm+1","Echo Form","Turbo+1","Cold Snap","Coolheaded+1"],"relics":["Cracked Core","Tiny Chest","Runic Capacitor","Toxic Egg 2","Meat on the Bone","SlaversCollar","Akabeko","Anchor"],"acts_visited":["Exordium","TheCity"],"potions_floor_usage":[6,14,16,25],"damage_taken":[{"damage":0,"enemies":"Cultist","floor":1,"turns":3},{"damage":2,"enemies":"Jaw Worm","floor":3,"turns":2},{"damage":35,"enemies":"3 Sentries","floor":6,"turns":7},{"damage":8,"enemies":"Small Slimes","floor":10,"turns":3},{"damage":3,"enemies":"Blue Slaver","floor":12,"turns":3},{"damage":5,"enemies":"Lots of Slimes","floor":13,"turns":3},{"damage":19,"enemies":"Gremlin Nob","floor":14,"turns":4},{"damage":17,"enemies":"Slime Boss","floor":16,"turns":9},{"damage":40,"enemies":"2 Thieves","floor":18,"turns":5},{"damage":18,"enemies":"Spheric Guardian","floor":20,"turns":4},{"damage":33,"enemies":"Snake Plant","floor":22,"turns":5},{"damage":27,"enemies":"Book of Stabbing","floor":25,"turns":3}],"seed_played":"5162405179664076511","potions_obtained":[{"floor":3,"key":"FocusPotion"},{"floor":10,"key":"Block Potion"},{"floor":14,"key":"Ancient Potion"},{"floor":16,"key":"DuplicationPotion"},{"floor":22,"key":"SkillPotion"}],"is_trial":false,"path_per_floor":["M","?","M","?","?","E","R","$","T","M","$","M","M","E","R","B",null,"M","?","M","T","M","R","$","E"],"character_chosen":"DEFECT","items_purchased":["Runic Capacitor","Doom and Gloom","Redo+1","Anchor"],"campfire_rested":1,"item_purchase_floors":[8,8,11,24],"current_hp_per_floor":[64,69,67,56,56,21,21,21,21,20,20,24,26,14,34,36,61,47,47,41,41,27,27,27,0,0],"gold":34,"neow_bonus":"REMOVE_TWO","is_daily":false,"chose_seed":false,"campfire_upgraded":2,"win_rate":0.0,"timestamp":1612995101,"path_taken":["M","?","M","?","?","E","R","?","T","M","$","M","M","E","R","BOSS","M","?","?","?","?","R","$","E"],"items_purchased_type":["Relic","Card","Card","Relic"],"build_version":"2020-12-22","purchased_purges":0,"victory":false,"max_hp_per_floor":[64,69,69,69,69,69,69,69,69,69,69,69,69,69,69,69,69,69,69,69,69,69,69,69,69,69],"relic_stats":{"counters":[12,51],"Tiny Chest":1,"obtain_stats":[{"SlaversCollar":17,"Anchor":24,"Tiny Chest":6,"Runic Capacitor":8,"Toxic Egg 2":9,"Cracked Core":0,"Akabeko":19,"Meat on the Bone":14},{"SlaversCollar":8,"Anchor":11,"Tiny Chest":3,"Runic Capacitor":3,"Toxic Egg 2":3,"Cracked Core":0,"Akabeko":9,"Meat on the Bone":7},{"SlaversCollar":34,"Anchor":48,"Tiny Chest":12,"Runic Capacitor":12,"Toxic Egg 2":12,"Cracked Core":0,"Akabeko":39,"Meat on the Bone":25}],"Meat on the Bone":48},"card_choices":[{"not_picked":["Fusion","Leap"],"picked":"Beam Cell","floor":1},{"not_picked":["Steam","Conserve Battery"],"picked":"Lockon","floor":3},{"not_picked":["Stack","Storm"],"picked":"Self Repair","floor":6},{"not_picked":["Beam Cell","Hologram+1"],"picked":"BootSequence+1","floor":10},{"not_picked":["Ball Lightning","Coolheaded+1"],"picked":"Consume+1","floor":12},{"not_picked":["Conserve Battery+1","Beam Cell"],"picked":"Core Surge","floor":13},{"not_picked":["Steam Power+1","Storm"],"picked":"Genetic Algorithm+1","floor":14},{"not_picked":["Rainbow+1","Machine Learning"],"picked":"Echo Form","floor":16},{"not_picked":["Sweeping Beam","Stack+1"],"picked":"Turbo+1","floor":18},{"not_picked":["Hello World","Streamline"],"picked":"Cold Snap","floor":20},{"not_picked":["Ball Lightning+1","Darkness+1"],"picked":"Coolheaded+1","floor":22}],"player_experience":8545867,"relics_obtained":[{"floor":6,"key":"Tiny Chest"},{"floor":9,"key":"Toxic Egg 2"},{"floor":14,"key":"Meat on the Bone"}],"event_choices":[{"damage_healed":0,"gold_gain":0,"player_choice":"Donut","damage_taken":0,"max_hp_gain":5,"max_hp_loss":0,"event_name":"Big Fish","floor":2,"gold_loss":0},{"damage_healed":0,"gold_gain":75,"player_choice":"Gather Gold","damage_taken":11,"max_hp_gain":0,"max_hp_loss":0,"event_name":"World of Goop","floor":4,"gold_loss":0},{"damage_healed":0,"gold_gain":0,"player_choice":"Grow","damage_taken":0,"max_hp_gain":0,"max_hp_loss":0,"event_name":"Living Wall","floor":5,"gold_loss":0,"cards_upgraded":["Zap"]},{"damage_healed":0,"gold_gain":0,"player_choice":"Gave Potion","damage_taken":0,"relics_obtained":["Akabeko"],"max_hp_gain":0,"max_hp_loss":0,"event_name":"WeMeetAgain","floor":19,"gold_loss":0}],"is_beta":false,"boss_relics":[{"not_picked":["Empty Cage","Ectoplasm"],"picked":"SlaversCollar"}],"items_purged_floors":[],"is_endless":false,"potions_floor_spawned":[3,10,14,16,22],"killed_by":"Book of Stabbing","ascension_level":20}}