{"host":"nsc6ozq3atyrdr3m","time":1612999398,"event":{"mods":["BaseMod","Colored Map","Minty Spire (QoL Compilation)"],"gold_per_floor":[112,128,140,156,98,123,123,137,137,149,178,209,221,233,245,334,346,372,397,162,162,162],"floor_reached":21,"language":"FRA","playtime":436,"items_purged":[],"score":366,"play_id":"d5c4d9d0-27b3-4b27-8f2e-af4a2190d9ec","local_time":"20210211002318","is_ascension_mode":true,"campfire_choices":[{"data":"Flex","floor":7,"key":"SMITH"},{"data":"Flex","floor":10,"key":"SMITH"},{"floor":13,"key":"REST"},{"data":"Heavy Blade","floor":15,"key":"SMITH"}],"circlet_count":0,"master_deck":["AscendersBane","Strike_R","Strike_R","Strike_R","Strike_R","Strike_R","Defend_R","Defend_R","Defend_R","Defend_R","Bash","Heavy Blade+1","Flex+1","Blood for Blood","Flex+1","Impervious","Headbutt","Shrug It Off","Immolate","Sword Boomerang","Uppercut","Rage"],"relics":["Sozu","Orichalcum","MawBank","Mark of Pain","Brimstone"],"acts_visited":["Exordium","TheCity"],"potions_floor_usage":[],"damage_taken":[{"damage":1,"enemies":"Cultist","floor":1,"turns":3},{"damage":9,"enemies":"Small Slimes","floor":2,"turns":4},{"damage":4,"enemies":"Jaw Worm","floor":3,"turns":3},{"damage":0,"enemies":"Large Slime","floor":4,"turns":4},{"damage":11,"enemies":"Gremlin Nob","floor":6,"turns":3},{"damage":1,"enemies":"Looter","floor":8,"turns":3},{"damage":10,"enemies":"3 Louse","floor":11,"turns":3},{"damage":1,"enemies":"2 Fungi Beasts","floor":12,"turns":3},{"damage":45,"enemies":"Hexaghost","floor":16,"turns":8},{"damage":18,"enemies":"3 Byrds","floor":18,"turns":6},{"damage":28,"enemies":"Shell Parasite","floor":19,"turns":5},{"damage":27,"enemies":"Snake Plant","floor":21,"turns":2}],"seed_played":"389029641133190511","potions_obtained":[],"is_trial":false,"path_per_floor":["M","M","M","M","$","E","R","M","T","R","M","M","R","?","R","B",null,"M","M","$","M"],"character_chosen":"IRONCLAD","items_purchased":["Flex","Brimstone","Rage"],"campfire_rested":1,"item_purchase_floors":[5,20,20],"current_hp_per_floor":[67,58,54,54,54,43,43,42,42,42,32,31,53,75,75,30,64,46,18,18,0,0],"gold":162,"neow_bonus":"BOSS_RELIC","is_daily":false,"chose_seed":false,"campfire_upgraded":3,"win_rate":0.0,"timestamp":1612999398,"path_taken":["M","M","M","M","$","E","R","M","T","R","?","?","R","?","R","BOSS","M","M","$","M"],"items_purchased_type":["Card","Relic","Card"],"build_version":"2020-12-22","purchased_purges":0,"victory":false,"max_hp_per_floor":[75,75,75,75,75,75,75,75,75,75,75,75,75,75,75,75,75,75,75,75,75,75],"card_choices":[{"not_picked":["Twin Strike","Thunderclap"],"picked":"Heavy Blade","floor":1},{"not_picked":["Cleave","Perfected Strike","Dual Wield"],"picked":"SKIP","floor":2},{"not_picked":["Havoc","Metallicize"],"picked":"Flex","floor":3},{"not_picked":["Burning Pact","Thunderclap"],"picked":"Blood for Blood","floor":4},{"not_picked":["Thunderclap","Havoc"],"picked":"Impervious","floor":6},{"not_picked":["Warcry","Body Slam","Rampage"],"picked":"SKIP","floor":8},{"not_picked":["Clothesline","Pommel Strike"],"picked":"Headbutt","floor":11},{"not_picked":["Reckless Charge","Dark Embrace"],"picked":"Shrug It Off","floor":12},{"not_picked":["Brutality","Reaper"],"picked":"Immolate","floor":16},{"not_picked":["Wild Strike","True Grit"],"picked":"Sword Boomerang","floor":18},{"not_picked":["Blood for Blood","Flex"],"picked":"Uppercut","floor":19}],"player_experience":391879,"relics_obtained":[{"floor":6,"key":"Orichalcum"},{"floor":9,"key":"MawBank"}],"event_choices":[{"damage_healed":25,"gold_gain":0,"player_choice":"Banana","damage_taken":0,"max_hp_gain":0,"max_hp_loss":0,"event_name":"Big Fish","floor":14,"gold_loss":0}],"is_beta":false,"boss_relics":[{"not_picked":["Snecko Eye","Runic Pyramid"],"picked":"Mark of Pain"}],"items_purged_floors":[],"is_endless":false,"potions_floor_spawned":[2,4,6,11,16,19],"killed_by":"Snake Plant","ascension_level":20}}