{"host":"ujyomg7d1f18u2we","time":1612924318,"event":{"mods":["AchievementEnabler","AlwaysNeverKeys","Aspiration","BaseMod","Colored Map","DeckTracker","Gremlin Skip","Highlight Path","Hubris","Minty Spire (QoL Compilation)","Quick Restart","Random Character Button","Replay The Spire","StSLib"],"gold_per_floor":[112,112,126,207,272,272,292,325,325,339,351,351,369,94,94,198,198,198,198],"floor_reached":18,"language":"ENG","playtime":454,"items_purged":[],"score":164,"play_id":"d7148d98-d8fa-4b28-af48-5fc2dfcfe0c9","local_time":"20210209233158","is_ascension_mode":false,"campfire_choices":[{"data":"Perfected Strike","floor":6,"key":"SMITH"}],"circlet_count":0,"master_deck":["Strike_R","Strike_R","Strike_R","Strike_R","Strike_R","Defend_R","Defend_R","Defend_R","Defend_R","Bash+1","Twin Strike","Perfected Strike+1","Headbutt","Perfected Strike","Berserk"],"relics":["Burning Blood","aspiration:HummingbirdHeart","Vajra","hubris:TenFootPole","Shuriken","Membership Card","Toxic Egg 2","GremlinMask","hubris:Backtick","aspiration:SeaSaltIceCream","aspiration:Nostalgia","Iron Core"],"acts_visited":["Exordium","TheCity"],"potions_floor_usage":[8,8,12,16,16],"damage_taken":[{"damage":8,"enemies":"Jaw Worm","floor":1,"turns":3},{"damage":0,"enemies":"Cultist","floor":3,"turns":2},{"damage":0,"enemies":"2 Louse","floor":7,"turns":2},{"damage":11,"enemies":"3 Sentries","floor":8,"turns":4},{"damage":0,"enemies":"2 Fungi Beasts","floor":10,"turns":2},{"damage":1,"enemies":"Red Slaver","floor":11,"turns":2},{"damage":0,"enemies":"Lots of Slimes","floor":12,"turns":1},{"damage":5,"enemies":"Looter","floor":13,"turns":2},{"damage":35,"enemies":"Fading Forest","floor":16,"turns":11},{"damage":4,"enemies":"Chosen","floor":18,"turns":2}],"seed_played":"-6967650482193334985","potions_obtained":[{"floor":1,"key":"SkillPotion"},{"floor":5,"key":"DuplicationPotion"},{"floor":5,"key":"Fire Potion"},{"floor":10,"key":"Energy Potion"},{"floor":11,"key":"SmokeBomb"},{"floor":16,"key":"Strength Potion"}],"is_trial":false,"path_per_floor":["M","?","M","T","?","R","M","E","T","M","M","M","M","$","R_BF","B",null,"M"],"character_chosen":"IRONCLAD","items_purchased":["Membership Card","Toxic Egg 2"],"campfire_rested":0,"item_purchase_floors":[14,14],"current_hp_per_floor":[78,78,80,80,80,80,80,75,75,80,80,80,80,80,80,67,80,76,76],"gold":198,"neow_bonus":"RANDOM_EVENT","is_daily":false,"chose_seed":false,"campfire_upgraded":1,"win_rate":0.0,"timestamp":1612924318,"path_taken":["M","?","?","?","?","R","M","E","T","M","M","M","?","$","R_BF","BOSS","M"],"items_purchased_type":["Relic","Relic"],"build_version":"2020-12-22","purchased_purges":0,"victory":false,"max_hp_per_floor":[80,80,80,80,80,80,80,80,80,80,80,80,80,80,80,80,80,80,80],"card_choices":[{"not_picked":["Uppercut","ReplayTheSpireMod:Strike From Hell"],"picked":"Twin Strike","floor":1},{"not_picked":["Anger","Havoc"],"picked":"Perfected Strike","floor":3},{"not_picked":["ReplayTheSpireMod:Strike From Hell","Sever Soul"],"picked":"Headbutt","floor":5},{"not_picked":["ReplayTheSpireMod:LeadingStrike","hubris:ReadiedAction"],"picked":"Perfected Strike","floor":7},{"not_picked":["Hemokinesis","ReplayReversal","Demonic Infusion"],"picked":"SKIP","floor":8},{"not_picked":["Rage","Headbutt","Sword Boomerang"],"picked":"SKIP","floor":10},{"not_picked":["Searing Blow","Havoc","Battle Trance"],"picked":"SKIP","floor":11},{"not_picked":["Pommel Strike","Infernal Blade","Clothesline"],"picked":"SKIP","floor":13},{"not_picked":["Reaper","Limit Break+1"],"picked":"Berserk","floor":16}],"player_experience":1576551,"relics_obtained":[{"floor":4,"key":"aspiration:HummingbirdHeart"},{"floor":5,"key":"Vajra"},{"floor":8,"key":"hubris:TenFootPole"},{"floor":9,"key":"Shuriken"}],"event_choices":[{"damage_healed":0,"gold_gain":0,"player_choice":"Trade","damage_taken":0,"relics_obtained":["GremlinMask"],"max_hp_gain":0,"max_hp_loss":0,"event_name":"FaceTrader","floor":15,"gold_loss":0}],"is_beta":false,"boss_relics":[{"not_picked":["Kintsugi","Empty Cage"],"picked":"hubris:Backtick"}],"items_purged_floors":[],"is_endless":false,"potions_floor_spawned":[1,10,11,12,16],"killed_by":"Chosen","ascension_level":0}}