{"host":"3498uni0c31c9bdm","time":1612918534,"event":{"mods":["BaseMod","Better Match","Better Note","Better Sensory Stone","Better Skull","Better Third Choice","Colored Map","Minty Spire (QoL Compilation)","Quick Restart","RNG Fix","Random Character Button","Replay The Spire","Shop Mod","Smile Girya","StSLib","Unceasing Turn Reminder"],"gold_per_floor":[16,27,38,56,56,56,231,231,231,247,247,94,104,131,131,131,131,230,230,246,265,114,168,168,168,197,197,197,232,283,283,317,17,17,136,136,166,225,225,250,250,250,303,354,378,378,415,13,46,86,86,118,118],"floor_reached":52,"language":"ENG","playtime":2219,"items_purged":[],"score":1096,"play_id":"99bb6bd1-f623-42ca-a64a-4f033403f158","local_time":"20210210115534","is_ascension_mode":true,"campfire_choices":[{"floor":6,"key":"REST"},{"floor":8,"key":"RECALL"},{"data":"Toxin Wave","floor":11,"key":"SMITH"},{"data":"Adrenaline","floor":25,"key":"SMITH"},{"floor":27,"key":"REST"},{"floor":31,"key":"REST"},{"floor":34,"key":"REST"},{"floor":42,"key":"REST"},{"floor":51,"key":"REST"}],"circlet_count":0,"master_deck":["AscendersBane","Strike_G","Strike_G","Strike_G","Strike_G","Strike_G","Defend_G","Defend_G","Defend_G","Defend_G","Defend_G","Survivor","Neutralize","The Bomb","Cloak And Dagger","Poisoned Stab","Backflip+1","Corpse Explosion","Burn","Doubt","Toxin Wave+1","Deadly Poison","Distraction+1","Adrenaline+1","AbeCurse","Blade Dance","Blade Dance+1","Dagger Spray","Choke+1","Tools of the Trade+1","PiercingWail+1","Atom Bomb","CurseOfTheBell","Leg Sweep+1","ReplayTheSpireMod:Speed Training","Outmaneuver+1","Adrenaline+1","Fluid Movement+1","Calculated Gamble","Prepared","ReplayTheSpireMod:Scrap Shanks+1","Magnetism+1","Infinite Blades+1","Draining Mist+1"],"relics":["Ring of the Snake","Frozen Egg 2","MealTicket","Akabeko","Abe\u0027s Treasure","MerchantsRug","Replay:Mystery Machine","Replay:Bandana","Lizard Tail","PreservedInsect","TheAbacus","Replay:Rubber Ducky","Ninja Scroll","Durian","Shovel","Snack Pack","Paper Crane"],"acts_visited":["Exordium","TheCity","TheBeyond"],"potions_floor_usage":[14,18,26,30,35,43,50,52],"damage_taken":[{"damage":1,"enemies":"Small Slimes","floor":1,"turns":5},{"damage":1,"enemies":"Cultist","floor":2,"turns":4},{"damage":0,"enemies":"2 Louse","floor":3,"turns":3},{"damage":14,"enemies":"Lots of Slimes","floor":4,"turns":6},{"damage":0,"enemies":"3 Louse","floor":10,"turns":2},{"damage":0,"enemies":"Red Slaver","floor":13,"turns":4},{"damage":19,"enemies":"Gremlin Nob","floor":14,"turns":4},{"damage":43,"enemies":"The Guardian","floor":18,"turns":14},{"damage":12,"enemies":"Chosen","floor":20,"turns":4},{"damage":2,"enemies":"Spheric Guardian","floor":21,"turns":4},{"damage":11,"enemies":"Slavers","floor":26,"turns":2},{"damage":16,"enemies":"Chosen and Byrds","floor":29,"turns":6},{"damage":25,"enemies":"Book of Stabbing","floor":30,"turns":4},{"damage":16,"enemies":"Snake Plant","floor":32,"turns":3},{"damage":69,"enemies":"Pondfish","floor":35,"turns":9},{"damage":0,"enemies":"3 Shapes","floor":37,"turns":1},{"damage":10,"enemies":"2 Orb Walkers","floor":38,"turns":2},{"damage":23,"enemies":"3 Darklings","floor":40,"turns":2},{"damage":37,"enemies":"Reptomancer","floor":43,"turns":5},{"damage":16,"enemies":"Sphere and 2 Shapes","floor":44,"turns":7},{"damage":0,"enemies":"4 Shapes","floor":47,"turns":5},{"damage":25,"enemies":"Jaw Worm Horde","floor":49,"turns":3},{"damage":41,"enemies":"Transient","floor":50,"turns":5},{"damage":91,"enemies":"Donu and Deca","floor":52,"turns":5}],"seed_played":"-8620545891571692923","potions_obtained":[{"floor":2,"key":"Dexterity Potion"},{"floor":4,"key":"Fire Potion"},{"floor":18,"key":"DistilledChaos"},{"floor":20,"key":"ColorlessPotion"},{"floor":26,"key":"AttackPotion"},{"floor":35,"key":"Strength Potion"},{"floor":47,"key":"Block Potion"},{"floor":49,"key":"Adrenaline Potion"},{"floor":50,"key":"Fire Potion"}],"is_trial":false,"path_per_floor":["M","M","M","M","?","R","?","R","T","M","R","$","M","E","PTL","PTL","R_BF","B",null,"M","M","$","T","?","R","E","R","T","M","E","R","M","$","R","B",null,"M","?","?","M","?","R","E","M","T","?","M","$","M","M","R","B"],"character_chosen":"THE_SILENT","items_purchased":["MealTicket","MerchantsRug","PreservedInsect","TheAbacus","ReplayTheSpireMod:Scrap Shanks+1","Magnetism+1","Paper Crane"],"campfire_rested":6,"item_purchase_floors":[12,22,33,33,48,48,48],"current_hp_per_floor":[62,61,61,47,47,68,68,68,68,68,68,68,68,49,49,49,70,27,59,47,45,60,60,60,60,49,70,70,54,29,50,34,49,70,1,58,58,48,48,25,25,47,10,2,2,66,66,66,43,14,33,0,0],"gold":118,"neow_bonus":"RANDOM_COLORLESS_2","is_daily":false,"chose_seed":false,"campfire_upgraded":2,"win_rate":0.0,"timestamp":1612918534,"path_taken":["M","?","M","M","?","R","?","R","T","M","R","?","M","E","PTL","PTL","R_BF","BOSS","M","M","?","?","?","R","E","R","T","?","E","R","M","?","R","BOSS","M","?","?","M","?","R","E","M","T","?","M","$","M","M","R","BOSS"],"items_purchased_type":["Relic","Relic","Relic","Relic","Card","Card","Relic"],"build_version":"2020-12-22","purchased_purges":0,"victory":false,"max_hp_per_floor":[70,70,70,70,70,70,70,70,70,70,70,70,70,70,70,70,70,70,70,70,70,70,70,70,70,70,70,70,70,70,70,70,70,70,70,75,75,75,75,75,75,75,75,75,75,66,66,66,66,66,66,66,66],"card_choices":[{"not_picked":["Secret Weapon","Magnetism"],"picked":"The Bomb","floor":0},{"not_picked":["Bane","Dagger Spray"],"picked":"Cloak And Dagger","floor":1},{"not_picked":["Concentrate","Slice"],"picked":"Poisoned Stab","floor":2},{"not_picked":["Deadly Poison","Dagger Spray"],"picked":"Backflip","floor":3},{"not_picked":["Caltrops","Bane"],"picked":"Corpse Explosion","floor":4},{"not_picked":["Backflip","Outmaneuver"],"picked":"Toxin Wave","floor":10},{"not_picked":["Hidden Blade","Predator"],"picked":"Deadly Poison","floor":13},{"not_picked":["Calculated Gamble","Expertise"],"picked":"Distraction","floor":14},{"not_picked":["ReplayTheSpireMod:From All Sides","Burst"],"picked":"Adrenaline","floor":18},{"not_picked":["ReplayTheSpireMod:Tripwire","Deadly Poison"],"picked":"Blade Dance","floor":20},{"not_picked":["Dodge and Roll","Setup"],"picked":"Blade Dance+1","floor":21},{"not_picked":["Sneak Up+1","Dodge and Roll"],"picked":"Dagger Spray","floor":26},{"not_picked":["PiercingWail","Deadly Poison+1"],"picked":"Choke+1","floor":29},{"not_picked":["Riddle With Holes","Backflip+1"],"picked":"Tools of the Trade+1","floor":30},{"not_picked":["Cloak And Dagger","Reflex"],"picked":"PiercingWail+1","floor":32},{"not_picked":["ReplayTheSpireMod:From All Sides","Malaise"],"picked":"Atom Bomb","floor":35},{"not_picked":["Underhanded Strike+1","Endless Agony+1"],"picked":"Leg Sweep+1","floor":37},{"not_picked":["Poisoned Stab","Crippling Poison"],"picked":"ReplayTheSpireMod:Speed Training","floor":38},{"not_picked":["Tactician","ReplayTheSpireMod:Scrap Shanks+1"],"picked":"Outmaneuver+1","floor":40},{"not_picked":["ReplayTheSpireMod:Tripwire","Deadly Poison+1"],"picked":"Fluid Movement+1","floor":43},{"not_picked":["Blade Dance","Reflex+1"],"picked":"Calculated Gamble","floor":44},{"not_picked":["ReplayTheSpireMod:Tripwire+1","Fluid Movement+1"],"picked":"Prepared","floor":47},{"not_picked":["Expertise+1","Endless Agony+1"],"picked":"Infinite Blades+1","floor":49},{"not_picked":["Escape Plan+1","ReplayTheSpireMod:Scrap Shanks+1"],"picked":"Draining Mist+1","floor":50}],"player_experience":879284,"relics_obtained":[{"floor":9,"key":"Frozen Egg 2"},{"floor":14,"key":"Akabeko"},{"floor":23,"key":"Replay:Mystery Machine"},{"floor":26,"key":"Replay:Bandana"},{"floor":30,"key":"Lizard Tail"},{"floor":36,"key":"Replay:Rubber Ducky"},{"floor":36,"key":"Ninja Scroll"},{"floor":36,"key":"Durian"},{"floor":38,"key":"Shovel"},{"floor":43,"key":"Snack Pack"},{"floor":45,"key":"Replay:Baseball"}],"event_choices":[{"damage_healed":47,"gold_gain":0,"player_choice":"Embrace Burn","damage_taken":0,"max_hp_gain":0,"max_hp_loss":70,"event_name":"betterThird:BetterShining","floor":5,"gold_loss":0},{"damage_healed":0,"gold_gain":175,"player_choice":"AGREE","damage_taken":56,"max_hp_gain":0,"max_hp_loss":0,"event_name":"betterThird:BetterSerpent","floor":7,"gold_loss":0},{"damage_healed":0,"gold_gain":0,"player_choice":"Fight","damage_taken":0,"max_hp_gain":0,"max_hp_loss":0,"event_name":"Mysterious Sphere","floor":38,"gold_loss":0},{"damage_healed":0,"gold_gain":0,"player_choice":"Upgraded","damage_taken":0,"max_hp_gain":0,"max_hp_loss":0,"event_name":"Upgrade Shrine","floor":39,"gold_loss":0,"cards_upgraded":["Distraction"]},{"damage_healed":0,"gold_gain":0,"player_choice":"Copied","damage_taken":0,"max_hp_gain":0,"max_hp_loss":0,"event_name":"Duplicator","floor":41,"gold_loss":0,"cards_obtained":["Adrenaline"]},{"damage_healed":66,"gold_gain":0,"player_choice":"Heal","damage_taken":0,"max_hp_gain":0,"max_hp_loss":9,"event_name":"The Moai Head","floor":46,"gold_loss":0}],"is_beta":false,"boss_relics":[{"not_picked":["Runic Pyramid","Sozu"],"picked":"Abe\u0027s Treasure"},{"not_picked":["Philosopher\u0027s Stone","Black Star"],"picked":"Calling Bell"}],"items_purged_floors":[],"is_endless":false,"potions_floor_spawned":[2,4,18,20,26,35,47,49,50],"killed_by":"Donu and Deca","ascension_level":10}}