{"host":"2lvuisjyit3p3u01","time":1612964315,"event":{"mods":["Act Like it!","BaseMod","Bestiary","Better Synergies","Bossed Relics","CapriCore","Colored Map","Colored Powertips","Duelist Mod","GifTheSpireLib","Minty Spire (QoL Compilation)","Quick Restart","Replay The Spire","StSLib"],"gold_per_floor":[242,0,0,12,41,41,67,67,67,67,83,83,83,99,167,239,239,256,269,269,296,356,390,401,417,495,116,127,168,268,285,285,361,361,384,395,264,264,282,310,310,339,366,366,380,183,183,215,215,240,240],"floor_reached":50,"language":"ENG","playtime":2864,"items_purged":["theDuelist:CastleWalls","Delirium"],"score":1027,"play_id":"9de4d031-80b7-486c-8195-093ec5421568","local_time":"20210210153835","is_ascension_mode":true,"campfire_choices":[{"data":"theDuelist:MaskedDragon","floor":6.0,"key":"SMITH"},{"floor":8.0,"key":"REST"},{"data":"theDuelist:GravityLash","floor":13.0,"key":"SMITH"},{"floor":32,"key":"REST"},{"floor":41,"key":"REST"},{"floor":47,"key":"REST"},{"floor":49,"key":"REST"}],"circlet_count":0,"master_deck":["theDuelist:MirageDragon","AscendersBane","theDuelist:BabyDragon+1","theDuelist:CastleWalls","theDuelist:CaveDragon+1","theDuelist:CaveDragon+1","theDuelist:LesserDragon+1","theDuelist:LesserDragon+1","theDuelist:Sparks+1","theDuelist:Sparks","theDuelist:YamataDragon+1","theDuelist:MaskedDragon+1","theDuelist:DragonCaptureJar+1","theDuelist:GravityLash+1","theDuelist:ForbiddenLance","theDuelist:MaskedDragon+1","theDuelist:WaterDragon","theDuelist:DragonMirror+1","theDuelist:MirageDragon+1","theDuelist:BabyDragon+1","theDuelist:NaturiaHorneedle","theDuelist:BurstBreath","theDuelist:Mountain+1","theDuelist:DragonZombie","theDuelist:DragonMastery","ReplayTheSpireMod:Faulty Equipment","Sickly","theDuelist:LordD","theDuelist:CurseArmaments","theDuelist:TyrantWing"],"relics":["theDuelist:MillenniumPuzzle","theDuelist:CardPoolRelic","theDuelist:CardPoolBasicRelic","theDuelist:BoosterPackPoolRelic","theDuelist:CardPoolAddRelic","theDuelist:CardPoolMinusRelic","theDuelist:CardPoolSaveRelic","theDuelist:CardPoolOptionsRelic","theDuelist:MillenniumRod","theDuelist:ZoneToken","Onion Ring","Pantograph","CultistMask","theDuelist:MillenniumKey","Bag of Marbles","Anchor","Sundial","theDuelist:SolderToken","theDuelist:MillenniumToken","Replay:Ancient Bell","theDuelist:DuelistTeaSet","theDuelist:DragonRelicC","Turnip","Bag of Marbles","theDuelist:MillenniumPrayerbook","Gremlin Food","Boot","Bag of Preparation","Vajra"],"acts_visited":["Exordium","TheCity","TheBeyond"],"potions_floor_usage":[16,33,33,39,42,48,50],"damage_taken":[{"damage":0.0,"enemies":"Cultist","floor":1.0,"turns":2.0},{"damage":6.0,"enemies":"Small Slimes","floor":4.0,"turns":3.0},{"damage":4.0,"enemies":"2 Louse","floor":5.0,"turns":3.0},{"damage":22.0,"enemies":"Lagavulin","floor":7.0,"turns":4.0},{"damage":0.0,"enemies":"Exordium Thugs","floor":11.0,"turns":1.0},{"damage":5.0,"enemies":"Large Slime","floor":14.0,"turns":3.0},{"damage":26,"enemies":"Hexaghost","floor":16,"turns":8},{"damage":0,"enemies":"Spheric Guardian","floor":18,"turns":2},{"damage":12,"enemies":"3 Byrds","floor":19,"turns":5},{"damage":22,"enemies":"Book of Stabbing","floor":23,"turns":4},{"damage":9,"enemies":"Snake Plant","floor":24,"turns":2},{"damage":0,"enemies":"Chosen and Byrds","floor":25,"turns":4},{"damage":0,"enemies":"Centurion and Healer","floor":28,"turns":4},{"damage":0,"enemies":"Sentry and Sphere","floor":29,"turns":5},{"damage":0,"enemies":"Snake Plant","floor":31,"turns":3},{"damage":10,"enemies":"Automaton","floor":33,"turns":6},{"damage":4,"enemies":"3 Shapes","floor":35,"turns":5},{"damage":2,"enemies":"Orb Walker","floor":36,"turns":2},{"damage":25,"enemies":"Transient","floor":39,"turns":5},{"damage":20,"enemies":"Giant Head","floor":40,"turns":6},{"damage":81,"enemies":"Reptomancer","floor":42,"turns":8},{"damage":46,"enemies":"3 Darklings","floor":45,"turns":7},{"damage":16,"enemies":"Nemesis","floor":48,"turns":5},{"damage":97,"enemies":"Awakened One","floor":50,"turns":8}],"seed_played":"6371811174371272421","potions_obtained":[{"floor":4.0,"key":"theDuelist:ReducerPotion"},{"floor":5.0,"key":"theDuelist:WhiteBottle"},{"floor":22,"key":"theDuelist:TokenPotion"},{"floor":22,"key":"theDuelist:FireBottle"},{"floor":24,"key":"Energy Potion"},{"floor":31,"key":"theDuelist:BabyPotion"},{"floor":33,"key":"Strength Potion"},{"floor":36,"key":"FairyPotion"},{"floor":39,"key":"Fruit Juice"},{"floor":40,"key":"theDuelist:BurningPotion"}],"is_trial":false,"path_per_floor":["M","$","?","M","M","R","E","R","T","$","M","?","R","M","R_BF","B",null,"M","M","?","T","?","E","M","M","T","$","M","M","?","M","R","B",null,"M","M","?","?","M","E","R","E","T","?","M","$","R","E","R_BF","B"],"character_chosen":"THE_DUELIST","items_purchased":["theDuelist:MillenniumRod","Fruit Juice","theDuelist:MillenniumToken","theDuelist:SolderPotionB","theDuelist:BabyPotion"],"campfire_rested":5,"item_purchase_floors":[2,2,27,46,46],"current_hp_per_floor":[72,72,71,65,61,61,39,64,64,64,64,64,64,59,59,58,78,78,66,66,66,66,44,35,35,35,35,35,35,35,35,60,75,83,79,77,77,77,57,37,64,11,11,79,33,33,56,40,63,0,0],"gold":240,"neow_bonus":"HUNDRED_GOLD","is_daily":false,"chose_seed":false,"campfire_upgraded":2,"win_rate":0.0,"timestamp":1612964315,"path_taken":["M","$","?","M","M","R","E","R","T","?","M","?","R","?","R_BF","BOSS","M","M","?","?","?","E","M","?","T","$","M","M","?","M","R","BOSS","M","?","?","?","M","E","R","E","T","?","M","$","R","E","R_BF","BOSS"],"items_purchased_type":["Relic","Potion","Relic","Potion","Potion"],"build_version":"2020-12-22","purchased_purges":2,"victory":false,"max_hp_per_floor":[80,80,85,85,85,85,85,85,85,85,85,85,85,85,85,85,85,85,85,85,85,85,85,85,85,85,85,85,85,85,85,85,85,85,85,85,85,85,90,90,90,90,90,79,79,79,79,79,79,79,79],"card_choices":[{"not_picked":["theDuelist:BlackPtera","theDuelist:CyberDragonDrei","theDuelist:MegafleetDragon","theDuelist:CyberTwinDragon"],"picked":"theDuelist:MaskedDragon","floor":1.0},{"not_picked":["theDuelist:VeilDarkness+1","theDuelist:TyrantWing","theDuelist:DragonShield+1","theDuelist:DefenseZone+1"],"picked":"theDuelist:DragonCaptureJar","floor":4.0},{"not_picked":["theDuelist:TailSwipe","theDuelist:Scapegoat","theDuelist:OceanDragonLord","theDuelist:BlasterDragonInfernos"],"picked":"theDuelist:GravityLash","floor":5.0},{"not_picked":["theDuelist:BigFire","theDuelist:Hinotama","theDuelist:RainbowOverdragon","theDuelist:Raigeki"],"picked":"theDuelist:ForbiddenLance","floor":7.0},{"not_picked":["theDuelist:CyberValley","theDuelist:LavaDragon","theDuelist:AncientPixieDragon","theDuelist:HazyFlameHydra"],"picked":"theDuelist:MaskedDragon","floor":11.0},{"not_picked":["theDuelist:Anthrosaurus","theDuelist:MegafleetDragon","theDuelist:DefenseZone","theDuelist:FrozenFitzgerald"],"picked":"theDuelist:TwinHeadedFire","floor":14.0},{"not_picked":["theDuelist:VoidOgreDragon","theDuelist:StardustDragon","theDuelist:OceanDragonLord","theDuelist:ChimeratechOverdragon"],"picked":"theDuelist:WaterDragon","floor":16},{"not_picked":["theDuelist:WhiteHowling","theDuelist:GalaxySoldier","theDuelist:CyberLaserDragon"],"picked":"theDuelist:DragonMirror+1","floor":18},{"not_picked":["theDuelist:MadSwordBeast","theDuelist:CyberDinosaur","theDuelist:CurseDragon","theDuelist:BlackPtera","theDuelist:BlueEyes"],"picked":"SKIP","floor":19},{"not_picked":["theDuelist:BattleguardKing+1","theDuelist:BigFire","theDuelist:Hinotama","theDuelist:RainbowOverdragon","theDuelist:SmashingGround+1"],"picked":"SKIP","floor":23},{"not_picked":["theDuelist:TwinBarrelDragon","theDuelist:MadSwordBeast","theDuelist:Hydrogeddon","theDuelist:BlacklandFireDragon+1"],"picked":"theDuelist:MirageDragon+1","floor":24},{"not_picked":["theDuelist:CurseDragon","theDuelist:TornadoDragon","theDuelist:MoltenDestruction","theDuelist:BusterDrake"],"picked":"theDuelist:BabyDragon","floor":25},{"not_picked":["theDuelist:GiantRex","theDuelist:Dracocension+1","theDuelist:SauropodBrachion","theDuelist:DragonMirror"],"picked":"theDuelist:BurstBreath","floor":28},{"not_picked":["theDuelist:WhiteHowling+1","theDuelist:ArtifactSanctum+1","theDuelist:TotemDragon+1","theDuelist:SilverWing+1"],"picked":"theDuelist:Mountain+1","floor":29},{"not_picked":["theDuelist:Earthquake","theDuelist:LavaDragon","theDuelist:BlackPtera","theDuelist:BusterBlader"],"picked":"theDuelist:DragonZombie","floor":31},{"not_picked":["theDuelist:WaterDragon","theDuelist:SeismicShockwave","theDuelist:Scapegoat","theDuelist:DefensiveTactics+1"],"picked":"theDuelist:DragonMastery","floor":33},{"not_picked":["Decay","ReplayTheSpireMod:IOU"],"picked":"ReplayTheSpireMod:Faulty Equipment","floor":34},{"not_picked":["Parasite","theDuelist:GravekeeperCurse"],"picked":"Sickly","floor":34},{"not_picked":["theDuelist:SummoningCurse","theDuelist:DuelistAscender"],"picked":"Delirium","floor":34},{"not_picked":["theDuelist:Earthquake","theDuelist:FrostflameDragon","theDuelist:CaveDragon","theDuelist:BurstBreath+1"],"picked":"theDuelist:LordD","floor":35},{"not_picked":["theDuelist:Sabersaurus+1","theDuelist:CurseDragon","theDuelist:ExploderDragon","theDuelist:Anthrosaurus","theDuelist:HazyFlameHydra"],"picked":"SKIP","floor":36},{"not_picked":["theDuelist:VeilDarkness+2","theDuelist:SpiralSpearStrike+2","theDuelist:DefenseZone+1","theDuelist:DefenseDraw+1","theDuelist:DragonCaptureJar"],"picked":"SKIP","floor":39},{"not_picked":["theDuelist:Vandalgyon","theDuelist:SystemDown","theDuelist:SilverWing"],"picked":"theDuelist:TyrantWing","floor":40},{"not_picked":["theDuelist:BlackStego+1","theDuelist:FrostflameDragon","theDuelist:BusterDrake+1","theDuelist:StarlightRoad","theDuelist:Destroyersaurus+1"],"picked":"SKIP","floor":42},{"not_picked":["theDuelist:MaskedDragon","theDuelist:OneDayPeace+1","theDuelist:ViceDragon","theDuelist:Vandalgyon","theDuelist:SpiralSpearStrike+1"],"picked":"SKIP","floor":45},{"not_picked":["theDuelist:Destroyersaurus","theDuelist:BlackBrachios+1","theDuelist:MegafleetDragon","theDuelist:BusterDrake+1","theDuelist:MaskedDragon"],"picked":"SKIP","floor":48}],"player_experience":329672,"relics_obtained":[{"floor":7.0,"key":"Onion Ring"},{"floor":9.0,"key":"Pantograph"},{"floor":21,"key":"Bag of Marbles"},{"floor":22,"key":"Anchor"},{"floor":23,"key":"Sundial"},{"floor":26,"key":"theDuelist:SolderToken"},{"floor":40,"key":"Gremlin Food"},{"floor":42,"key":"Boot"},{"floor":43,"key":"Bag of Preparation"},{"floor":48,"key":"Vajra"}],"event_choices":[{"damage_healed":0.0,"max_hp_gain":0.0,"max_hp_loss":0.0,"gold_gain":0.0,"event_name":"Aknamkanon\u0027s Tomb","player_choice":"Dig - random Duelist relic","duelist":true,"floor":3.0,"gold_loss":0.0,"damage_taken":0.0},{"damage_healed":0.0,"max_hp_gain":0.0,"max_hp_loss":0.0,"gold_gain":0.0,"event_name":"FaceTrader","player_choice":"Trade","floor":12.0,"gold_loss":0.0,"damage_taken":0.0,"relics_obtained":["CultistMask"]},{"damage_healed":0,"gold_gain":0,"player_choice":"Traded T.H. Fire Dragon+ for Mirage Dragon","duelist":true,"damage_taken":0,"max_hp_gain":0,"max_hp_loss":0,"event_name":"Card Trader","floor":20,"gold_loss":0},{"damage_healed":0,"gold_gain":100,"player_choice":"Pray","damage_taken":0,"max_hp_gain":0,"max_hp_loss":0,"event_name":"Golden Shrine","floor":30,"gold_loss":0},{"damage_healed":0,"gold_gain":0,"player_choice":"Duplicated Relic - Bag of Marbles","duelist":true,"damage_taken":0,"max_hp_gain":0,"max_hp_loss":0,"event_name":"Relic Duplicator","floor":37,"gold_loss":0},{"damage_healed":0,"gold_gain":0,"player_choice":"Took item - Received: Millennium Prayerbook","duelist":true,"damage_taken":0,"max_hp_gain":0,"max_hp_loss":0,"event_name":"Millennium Items","floor":38,"gold_loss":0},{"damage_healed":79,"gold_gain":0,"player_choice":"Heal","damage_taken":0,"max_hp_gain":0,"max_hp_loss":11,"event_name":"The Moai Head","floor":44,"gold_loss":0}],"is_beta":false,"boss_relics":[{"not_picked":["Kintsugi","Ring of Chaos"],"picked":"theDuelist:MillenniumKey"},{"not_picked":["Runic Cube","Mark of Pain"],"picked":"Replay:Ancient Bell"},{"not_picked":["PreservedInsect","Regal Pillow"],"picked":"theDuelist:DuelistTeaSet"},{"not_picked":["theDuelist:GiftAnubis","Cables"],"picked":"theDuelist:DragonRelicC"},{"not_picked":["Mango","StoneCalendar"],"picked":"Turnip"}],"items_purged_floors":[27,46],"is_endless":false,"potions_floor_spawned":[4,5,14,24,25,31,33,36,39,40],"killed_by":"Awakened One","ascension_level":13}}