{"host":"8d3fefv2347kqkpz","time":1612971039,"event":{"mods":["AchievementEnabler","Act Like it!","BaseMod","Better Vampires","Colored Map","Colored Powertips","Downfall","GifTheSpireLib","Highlight Path","Minty Spire (QoL Compilation)","Quick Restart","Rare Cards Sparkle","Relic Stats","Replay The Spire","Spicy Shops","StSLib","Waifu the Spire"],"gold_per_floor":[112,112,112,129,129,129,143,168,168,168,181,192,192,53,53,156,156,167,183,2,18,18,45,45,59,59,76,76,9,9,21,21,116,116,127,127,144,157,77,103,127,127,178,189,189,189,208,222,222,222],"floor_reached":51,"language":"ZHS","playtime":1952,"items_purged":["Strike_R","Strike_R"],"score":724,"play_id":"d3fc73d6-2a3f-4fe6-8dd8-b952bb4f46b9","local_time":"20210210233039","is_ascension_mode":false,"campfire_choices":[{"data":"Bash","floor":6.0,"key":"SMITH"},{"data":"Dark Embrace","floor":13.0,"key":"SMITH"},{"data":"Metallicize","floor":15.0,"key":"SMITH"},{"data":"Berserk","floor":24.0,"key":"SMITH"},{"data":"Feel No Pain","floor":30.0,"key":"SMITH"},{"data":"Shockwave","floor":32.0,"key":"SMITH"},{"data":"Defend_R","floor":46.0,"key":"PURGE"},{"floor":49.0,"key":"REST"}],"circlet_count":0,"master_deck":["Strike_R","Strike_R","Defend_R","Defend_R","Defend_R","Bash+1","Bludgeon+1","Fire Breathing+1","Dark Embrace+1","Metallicize+1","Carnage","Berserk+1","Cleave+1","Reckless Charge","Shockwave+1","downfall:Bewildered","Armaments+1","Pain","Feel No Pain+1","Feel No Pain+1","Havoc+1","Seeing Red+1","Writhe","Parasite","Doubt","Carnage+1"],"relics":["Burning Blood","Divine Protection","Replay:Bottled Steam","Art of War","Replay:Bronze Core","sneckomod:BabySnecko","Du-Vu Doll","StoneCalendar","WarpedTongs","Runic Cube","The Courier","Peace Pipe","King of Hearts"],"acts_visited":["Exordium","TheCity","TheBeyond"],"potions_floor_usage":[50],"damage_taken":[{"damage":1.0,"enemies":"Jaw Worm","floor":1.0,"turns":5.0},{"damage":0.0,"enemies":"Small Slimes","floor":4.0,"turns":2.0},{"damage":0.0,"enemies":"Cultist","floor":7.0,"turns":2.0},{"damage":9.0,"enemies":"Replay:BlueRogue","floor":8.0,"turns":4.0},{"damage":0.0,"enemies":"3 Louse","floor":11.0,"turns":4.0},{"damage":0.0,"enemies":"Red Slaver","floor":12.0,"turns":2.0},{"damage":0.0,"enemies":"Fading Forest","floor":16.0,"turns":11.0},{"damage":2.0,"enemies":"Shell Parasite","floor":18.0,"turns":3.0},{"damage":4.0,"enemies":"Spheric Guardian","floor":19.0,"turns":9.0},{"damage":0.0,"enemies":"Centurion and Healer","floor":21.0,"turns":6.0},{"damage":0.0,"enemies":"Gremlin Leader","floor":23.0,"turns":5.0},{"damage":19.0,"enemies":"Sentry and Sphere","floor":25.0,"turns":6.0},{"damage":0.0,"enemies":"Snecko","floor":27.0,"turns":5.0},{"damage":4.0,"enemies":"Chosen and Byrds","floor":31.0,"turns":5.0},{"damage":66.0,"enemies":"Champ","floor":33.0,"turns":10.0},{"damage":0.0,"enemies":"3 Shapes","floor":35.0,"turns":3.0},{"damage":14.0,"enemies":"3 Darklings","floor":37.0,"turns":6.0},{"damage":5.0,"enemies":"Jaw Worm Horde","floor":38.0,"turns":4.0},{"damage":51.0,"enemies":"Reptomancer","floor":40.0,"turns":5.0},{"damage":19.0,"enemies":"Writhing Mass","floor":44.0,"turns":6.0},{"damage":7.0,"enemies":"Sphere and 2 Shapes","floor":47.0,"turns":5.0},{"damage":20.0,"enemies":"Maw","floor":48.0,"turns":8.0},{"damage":69,"enemies":"Replay:Hell Engine","floor":50,"turns":12}],"seed_played":"-3617153550211039077","potions_obtained":[{"floor":4.0,"key":"LiquidMemories"},{"floor":11.0,"key":"Flashbang"},{"floor":16.0,"key":"LifebloodPotion"},{"floor":19.0,"key":"EntropicBrew"},{"floor":21.0,"key":"Weak Potion"},{"floor":25.0,"key":"Reflective Coating"},{"floor":37.0,"key":"Energy Potion"},{"floor":38.0,"key":"LifebloodPotion"},{"floor":47.0,"key":"Slimebound:ThreeZeroPotion"}],"is_trial":false,"path_per_floor":["M","?","?","M","?","R","M","E","T","?","M","M","R","$","R","B",null,"M","M","$","M","?","E","R","M","T","M","?","$","R","M","R","B",null,"M","T","M","M","$","E","T","?","T","M","?","R","M","M","R","B",null],"character_chosen":"IRONCLAD","items_purchased":["Metallicize","Carnage","Reckless Charge","Shockwave","Feel No Pain"],"campfire_rested":1,"item_purchase_floors":[14,14,20,20,29],"current_hp_per_floor":[80,80,68,74,74,74,80,77,77,77,80,80,80,80,80,80,80,80,80,80,80,80,80,80,80,80,80,80,80,80,80,80,20,80,80,80,72,73,73,28,28,48,48,35,80,80,79,65,80,17],"gold":222,"neow_bonus":"ONE_RANDOM_RARE_CARD","is_daily":false,"chose_seed":false,"campfire_upgraded":6,"win_rate":0.0,"timestamp":1612971039,"path_taken":["M","?","?","M","?","R","M","E","T","?","M","M","R","$","R","BOSS","M","M","?","M","?","E","R","M","T","M","?","$","R","M","R","BOSS","M","?","?","M","$","E","?","?","T","M","?","R","M","M","R","BOSS"],"items_purchased_type":["Card","Card","Card","Card","Card"],"build_version":"2020-12-22","purchased_purges":2,"victory":true,"max_hp_per_floor":[80,80,80,80,80,80,80,80,80,80,80,80,80,80,80,80,80,80,80,80,80,80,80,80,80,80,80,80,80,80,80,80,80,80,80,80,80,80,80,80,80,80,80,80,80,80,80,80,80,80],"relic_stats":{"Peace Pipe":1,"counters":[23,128],"StoneCalendar":[131],"Art of War":[13],"obtain_stats":[{"Divine Protection":3,"StoneCalendar":26,"The Courier":36,"King of Hearts":41,"Burning Blood":0,"WarpedTongs":28,"Du-Vu Doll":23,"Peace Pipe":40,"sneckomod:BabySnecko":22,"Replay:Bronze Core":17,"Art of War":9,"Replay:Bottled Steam":8,"Runic Cube":34},{"Divine Protection":1,"StoneCalendar":12,"The Courier":16,"King of Hearts":19,"Burning Blood":0,"WarpedTongs":13,"Du-Vu Doll":11,"Peace Pipe":19,"sneckomod:BabySnecko":10,"Replay:Bronze Core":7,"Art of War":4,"Replay:Bottled Steam":4,"Runic Cube":15},{"Divine Protection":5,"StoneCalendar":59,"The Courier":82,"King of Hearts":97,"Burning Blood":0,"WarpedTongs":64,"Du-Vu Doll":53,"Peace Pipe":97,"sneckomod:BabySnecko":48,"Replay:Bronze Core":30,"Art of War":13,"Replay:Bottled Steam":13,"Runic Cube":79}],"Burning Blood":83,"WarpedTongs":[45],"Runic Cube":[55]},"card_choices":[{"not_picked":["Armaments","Clothesline"],"picked":"Fire Breathing","floor":1.0},{"not_picked":["Sword Boomerang","Searing Blow","Clash"],"picked":"SKIP","floor":4.0},{"not_picked":["Flame Barrier","Run Through","Pommel Strike"],"picked":"SKIP","floor":7.0},{"not_picked":["Rampage","Clothesline","Replay:Undeath\u0027s Touch"],"picked":"SKIP","floor":8.0},{"not_picked":["True Grit","ReplayTheSpireMod:Strike From Hell"],"picked":"Dark Embrace","floor":11.0},{"not_picked":["Dual Wield","Flex","Sword Boomerang"],"picked":"SKIP","floor":12.0},{"not_picked":["Bludgeon","Exhume"],"picked":"Berserk","floor":16.0},{"not_picked":["Clothesline","Clash+1"],"picked":"Cleave+1","floor":18.0},{"not_picked":["Perfected Strike","ReplayTheSpireMod:Strike From Hell","Flex"],"picked":"SKIP","floor":19.0},{"not_picked":["Dual Wield","Armaments","Shrug It Off"],"picked":"SKIP","floor":21.0},{"not_picked":["Pommel Strike+1","Shrug It Off","Exhume"],"picked":"SKIP","floor":23.0},{"not_picked":["Armaments","Wild Strike","Massacre"],"picked":"SKIP","floor":25.0},{"not_picked":["Clash+1","Iron Wave"],"picked":"Armaments+1","floor":27.0},{"not_picked":["Perfected Strike+1","Replay:Undeath\u0027s Touch"],"picked":"Feel No Pain+1","floor":31.0},{"not_picked":["Cleave+1","Ghostly Armor"],"picked":"Havoc+1","floor":35.0},{"not_picked":["Heavy Blade","Spot Weakness","Twin Strike"],"picked":"SKIP","floor":37.0},{"not_picked":["Replay:Undeath\u0027s Touch+1","Twin Strike"],"picked":"Seeing Red+1","floor":38.0},{"not_picked":["Perfected Strike","Defy Death","Demonic Infusion"],"picked":"SKIP","floor":40.0},{"not_picked":["Clothesline+1","Run Through+1","Headbutt"],"picked":"SKIP","floor":44.0},{"not_picked":["Abandon","Anger+1","Seeing Red+1"],"picked":"SKIP","floor":47.0},{"not_picked":["Twin Strike","Sword Boomerang"],"picked":"Carnage+1","floor":48.0}],"player_experience":336519,"relics_obtained":[{"floor":8.0,"key":"Replay:Bottled Steam"},{"floor":9.0,"key":"Art of War"},{"floor":23.0,"key":"Du-Vu Doll"},{"floor":26.0,"key":"StoneCalendar"},{"floor":36.0,"key":"The Courier"},{"floor":40.0,"key":"Peace Pipe"},{"floor":41.0,"key":"King of Hearts"}],"event_choices":[{"damage_healed":0.0,"max_hp_gain":0.0,"max_hp_loss":0.0,"gold_gain":0.0,"event_name":"Living Wall","player_choice":"Grow","floor":2.0,"gold_loss":0.0,"damage_taken":0.0,"cards_upgraded":["Bludgeon"]},{"damage_healed":0.0,"max_hp_gain":0.0,"max_hp_loss":0.0,"gold_gain":0.0,"event_name":"Scrap Ooze","player_choice":"Success","floor":3.0,"gold_loss":0.0,"damage_taken":12.0,"relics_obtained":["Divine Protection"]},{"damage_healed":0.0,"max_hp_gain":0.0,"max_hp_loss":0.0,"gold_gain":0.0,"event_name":"Upgrade Shrine","player_choice":"Upgraded","floor":10.0,"gold_loss":0.0,"damage_taken":0.0,"cards_upgraded":["Fire Breathing"]},{"damage_healed":0.0,"max_hp_gain":0.0,"max_hp_loss":0.0,"gold_gain":0.0,"event_name":"Accursed Blacksmith","player_choice":"Rummage","floor":28.0,"gold_loss":0.0,"damage_taken":0.0,"relics_obtained":["WarpedTongs"],"cards_obtained":["Pain"]},{"damage_healed":20.0,"max_hp_gain":0.0,"max_hp_loss":0.0,"gold_gain":0.0,"event_name":"Winding Halls","player_choice":"Writhe","floor":42.0,"gold_loss":0.0,"damage_taken":0.0,"cards_obtained":["Writhe"]},{"damage_healed":45.0,"max_hp_gain":0.0,"max_hp_loss":0.0,"gold_gain":0.0,"event_name":"MindBloom","player_choice":"Heal","floor":45.0,"gold_loss":0.0,"damage_taken":0.0,"cards_obtained":["Doubt"]}],"is_beta":false,"boss_relics":[{"not_picked":["Ooze Armor","Electric Blood"],"picked":"Replay:Bronze Core"},{"not_picked":["Black Star","Fusion Hammer"],"picked":"Runic Cube"}],"items_purged_floors":[20,39],"is_endless":false,"potions_floor_spawned":[4,11,16,19,21,25,37,38,47],"ascension_level":0}}