{"host":"bnpj5ln693dhfj4y","time":1612971244,"event":{"mods":["AchievementEnabler","BaseMod","Colored Map","Colored Powertips","DeckTracker","Highlight Path","Minty Spire (QoL Compilation)","Weighted Paths"],"gold_per_floor":[117,137,149,149,162,187,187,218,264,264,283,140,160,194,194,294,294,310,334,351,368,384,416,435,461,485,513,390,408,6,18,18,122,122,132,132,152,164,215,235,263,263,289,315,327,360,380,414,414,439],"floor_reached":51,"language":"ENG","playtime":4059,"items_purged":["Strike_R","Armaments"],"score":1241,"play_id":"fcb177f2-cde4-44aa-bfe4-deca2375ddec","local_time":"20210210163404","is_ascension_mode":true,"campfire_choices":[{"floor":7,"key":"REST"},{"floor":10,"key":"REST"},{"floor":15,"key":"REST"},{"floor":32,"key":"REST"},{"floor":42,"key":"REST"},{"floor":49,"key":"REST"}],"circlet_count":0,"master_deck":["Strike_R","Strike_R","Defend_R","Defend_R","Defend_R","Defend_R","Bash","Anger","Heavy Blade","Spot Weakness","Pommel Strike+1","Whirlwind+1","Shrug It Off","Disarm","Limit Break","Iron Wave+1","Flex","Armaments+1","Fire Breathing+1","Thunderclap","Metallicize","Rampage+1"],"relics":["Fusion Hammer","Singing Bowl","Letter Opener","Red Skull","Pen Nib","Mark of Pain","Whetstone","Thread and Needle","Nunchaku","Blood Vial","White Beast Statue","Oddly Smooth Stone","Toolbox","SlaversCollar","Calipers","Regal Pillow","InkBottle","Boot","Ancient Tea Set"],"acts_visited":["Exordium","TheCity","TheBeyond"],"potions_floor_usage":[16,27,27,33,33,39,45,48,48,50],"damage_taken":[{"damage":7,"enemies":"Jaw Worm","floor":1,"turns":3},{"damage":0,"enemies":"Cultist","floor":2,"turns":3},{"damage":1,"enemies":"2 Louse","floor":3,"turns":3},{"damage":0,"enemies":"Large Slime","floor":5,"turns":5},{"damage":10,"enemies":"3 Sentries","floor":6,"turns":4},{"damage":30,"enemies":"Lagavulin","floor":8,"turns":4},{"damage":3,"enemies":"Blue Slaver","floor":11,"turns":2},{"damage":11,"enemies":"Looter","floor":13,"turns":3},{"damage":23,"enemies":"Gremlin Nob","floor":14,"turns":4},{"damage":36,"enemies":"Slime Boss","floor":16,"turns":4},{"damage":15,"enemies":"3 Byrds","floor":18,"turns":5},{"damage":7,"enemies":"Chosen","floor":20,"turns":2},{"damage":5,"enemies":"3 Cultists","floor":21,"turns":3},{"damage":9,"enemies":"Centurion and Healer","floor":22,"turns":3},{"damage":13,"enemies":"Slavers","floor":23,"turns":2},{"damage":10,"enemies":"Snake Plant","floor":24,"turns":2},{"damage":12,"enemies":"Book of Stabbing","floor":25,"turns":3},{"damage":0,"enemies":"Slavers","floor":27,"turns":4},{"damage":7,"enemies":"Snecko","floor":29,"turns":4},{"damage":1,"enemies":"Sentry and Sphere","floor":31,"turns":3},{"damage":6,"enemies":"Collector","floor":33,"turns":5},{"damage":35,"enemies":"3 Darklings","floor":35,"turns":3},{"damage":13,"enemies":"Orb Walker","floor":37,"turns":3},{"damage":7,"enemies":"Spire Growth","floor":38,"turns":3},{"damage":18,"enemies":"2 Orb Walkers","floor":39,"turns":4},{"damage":0,"enemies":"3 Darklings","floor":40,"turns":1},{"damage":18,"enemies":"Reptomancer","floor":41,"turns":3},{"damage":56,"enemies":"Nemesis","floor":44,"turns":7},{"damage":0,"enemies":"Transient","floor":45,"turns":5},{"damage":30,"enemies":"Giant Head","floor":46,"turns":6},{"damage":10,"enemies":"Jaw Worm Horde","floor":47,"turns":3},{"damage":2,"enemies":"Nemesis","floor":48,"turns":5},{"damage":63,"enemies":"Awakened One","floor":50,"turns":10}],"seed_played":"4310293462904125429","potions_obtained":[{"floor":1,"key":"PowerPotion"},{"floor":6,"key":"LiquidBronze"},{"floor":8,"key":"EssenceOfSteel"},{"floor":13,"key":"FairyPotion"},{"floor":18,"key":"FearPotion"},{"floor":22,"key":"SkillPotion"},{"floor":23,"key":"DistilledChaos"},{"floor":27,"key":"Strength Potion"},{"floor":31,"key":"AttackPotion"},{"floor":33,"key":"Fire Potion"},{"floor":35,"key":"LiquidBronze"},{"floor":39,"key":"LiquidBronze"},{"floor":40,"key":"Energy Potion"},{"floor":45,"key":"BloodPotion"},{"floor":46,"key":"DuplicationPotion"},{"floor":48,"key":"AttackPotion"}],"is_trial":false,"path_per_floor":["M","M","M","?","M","E","R","E","T","R","M","$","M","E","R","B",null,"M","T","M","M","M","E","M","E","T","E","$","M","$","M","R","B",null,"M","?","M","M","?","M","E","R","T","E","M","E","M","E","R","B",null],"character_chosen":"IRONCLAD","items_purchased":["Limit Break","PowerPotion","Oddly Smooth Stone","Toolbox"],"campfire_rested":6,"item_purchase_floors":[12,28,30,30],"current_hp_per_floor":[73,73,72,72,72,62,80,50,50,74,71,71,60,39,63,29,70,55,55,48,43,36,25,17,5,5,9,9,4,4,7,35,33,80,47,47,38,35,21,23,9,55,55,3,7,34,28,52,101,40],"gold":439,"neow_bonus":"BOSS_RELIC","is_daily":false,"chose_seed":false,"campfire_upgraded":0,"win_rate":0.0,"timestamp":1612971244,"path_taken":["M","M","M","?","M","E","R","E","T","R","M","$","M","E","R","BOSS","M","?","M","M","M","E","M","E","T","E","$","M","$","M","R","BOSS","M","?","M","M","?","M","E","R","T","E","M","E","M","E","R","BOSS"],"items_purchased_type":["Card","Potion","Relic","Relic"],"build_version":"2020-12-22","purchased_purges":2,"victory":true,"max_hp_per_floor":[80,80,80,80,80,80,80,80,80,80,80,80,80,82,82,84,84,84,84,84,84,86,88,90,90,90,92,92,92,92,94,94,96,96,96,96,98,100,102,102,104,104,104,106,108,110,112,114,114,114],"card_choices":[{"not_picked":["Dark Embrace","Headbutt"],"picked":"Anger","floor":1},{"not_picked":["Ghostly Armor","Carnage"],"picked":"Heavy Blade","floor":2},{"not_picked":["Body Slam","Clothesline"],"picked":"Spot Weakness","floor":3},{"not_picked":["Combust","Heavy Blade"],"picked":"Pommel Strike","floor":5},{"not_picked":["Searing Blow","Rage"],"picked":"Whirlwind","floor":6},{"not_picked":["Clash","Body Slam"],"picked":"Shrug It Off","floor":8},{"not_picked":["Evolve","Wild Strike"],"picked":"Disarm","floor":11},{"not_picked":["Headbutt","Anger"],"picked":"Armaments","floor":13},{"not_picked":["Ghostly Armor","Havoc","Blood for Blood"],"picked":"Singing Bowl","floor":14},{"not_picked":["Juggernaut","Brutality","Bludgeon"],"picked":"Singing Bowl","floor":16},{"not_picked":["Dark Embrace+1","Heavy Blade"],"picked":"Iron Wave+1","floor":18},{"not_picked":["Headbutt","Heavy Blade"],"picked":"Flex","floor":20},{"not_picked":["Shrug It Off","Burning Pact"],"picked":"Armaments+1","floor":21},{"not_picked":["Warcry","Clash","Twin Strike+1"],"picked":"Singing Bowl","floor":22},{"not_picked":["Pummel","Shockwave+1","Flex"],"picked":"Singing Bowl","floor":23},{"not_picked":["Sword Boomerang","Perfected Strike","Sentinel+1"],"picked":"Singing Bowl","floor":24},{"not_picked":["Hemokinesis","Combust"],"picked":"Fire Breathing+1","floor":25},{"not_picked":["Rupture","Whirlwind","Shockwave"],"picked":"Singing Bowl","floor":27},{"not_picked":["Pommel Strike","Berserk"],"picked":"Thunderclap","floor":29},{"not_picked":["Clash","Dark Embrace","Rupture"],"picked":"Singing Bowl","floor":31},{"not_picked":["Corruption","Exhume","Demon Form"],"picked":"Singing Bowl","floor":33},{"not_picked":["Reckless Charge","Perfected Strike+1"],"picked":"Metallicize","floor":35},{"not_picked":["Headbutt","Searing Blow+1","Dual Wield+1"],"picked":"Singing Bowl","floor":37},{"not_picked":["Cleave+1","Warcry+1","Heavy Blade"],"picked":"Singing Bowl","floor":38},{"not_picked":["Sword Boomerang","Perfected Strike+1","Havoc+1"],"picked":"Singing Bowl","floor":39},{"not_picked":["Iron Wave+1","Shrug It Off"],"picked":"Rampage+1","floor":40},{"not_picked":["Dark Embrace+1","Intimidate","Sentinel+1"],"picked":"Singing Bowl","floor":41},{"not_picked":["Bloodletting","Headbutt+1","Reckless Charge"],"picked":"Singing Bowl","floor":44},{"not_picked":["Clothesline","Sword Boomerang+1","Cleave+1"],"picked":"Singing Bowl","floor":45},{"not_picked":["Spot Weakness+1","Entrench+1","Sentinel"],"picked":"Singing Bowl","floor":46},{"not_picked":["Flex","Immolate","Armaments"],"picked":"Singing Bowl","floor":47},{"not_picked":["Rampage+1","Thunderclap","Clothesline"],"picked":"Singing Bowl","floor":48}],"player_experience":371687,"relics_obtained":[{"floor":6,"key":"Singing Bowl"},{"floor":8,"key":"Letter Opener"},{"floor":9,"key":"Red Skull"},{"floor":14,"key":"Pen Nib"},{"floor":19,"key":"Whetstone"},{"floor":23,"key":"Thread and Needle"},{"floor":25,"key":"Nunchaku"},{"floor":26,"key":"Blood Vial"},{"floor":27,"key":"White Beast Statue"},{"floor":39,"key":"Calipers"},{"floor":41,"key":"Regal Pillow"},{"floor":44,"key":"InkBottle"},{"floor":46,"key":"Boot"},{"floor":48,"key":"Ancient Tea Set"}],"event_choices":[{"cards_removed":["Strike_R"],"damage_healed":0,"gold_gain":0,"player_choice":"Purged","damage_taken":0,"max_hp_gain":0,"max_hp_loss":0,"event_name":"Purifier","floor":4,"gold_loss":0},{"cards_removed":["Strike_R"],"damage_healed":0,"gold_gain":0,"player_choice":"Removed Attack","damage_taken":0,"max_hp_gain":0,"max_hp_loss":0,"event_name":"Falling","floor":36,"gold_loss":0},{"damage_healed":0,"gold_gain":0,"player_choice":"Fight","damage_taken":0,"max_hp_gain":0,"max_hp_loss":0,"event_name":"Mysterious Sphere","floor":39,"gold_loss":0}],"is_beta":false,"boss_relics":[{"not_picked":["Coffee Dripper","Velvet Choker"],"picked":"Mark of Pain"},{"not_picked":["Runic Cube","Philosopher\u0027s Stone"],"picked":"SlaversCollar"}],"items_purged_floors":[28,30],"is_endless":false,"potions_floor_spawned":[1,6,8,11,13,18,22,23,27,29,31,33,35,37,38,39,40,41,44,45,46,47,48],"ascension_level":5}}