{"host":"d9m9v0h6vo0edadb","time":1612972197,"event":{"mods":["BaseMod","Hermit","Keyboard Shortcuts","Minty Spire (QoL Compilation)","StSLib","SuperFastMode","The Cursed"],"gold_per_floor":[119,44,64,74,39,39,39,58,58,0,0,11,11,21,21,92,92,92,92,92],"floor_reached":19,"language":"KOR","playtime":388,"items_purged":["Strike_G"],"score":318,"play_id":"e52bbf7a-4cda-487e-a856-dc325d6b9184","local_time":"20210211004957","is_ascension_mode":true,"campfire_choices":[{"data":"Tactician","floor":6.0,"key":"SMITH"},{"data":"Acrobatics","floor":11.0,"key":"SMITH"},{"data":"Corpse Explosion","floor":15.0,"key":"SMITH"}],"circlet_count":0,"master_deck":["AscendersBane","Strike_G","Strike_G","Strike_G","Strike_G","Defend_G","Defend_G","Defend_G","Defend_G","Defend_G","Survivor","Neutralize","Tactician+1","Acrobatics+1","Well Laid Plans","Corpse Explosion+1","Escape Plan"],"relics":["Ring of the Snake","The Specimen","Ectoplasm"],"acts_visited":["Exordium","TheCity"],"potions_floor_usage":[18],"damage_taken":[{"damage":5.0,"enemies":"2 Louse","floor":1.0,"turns":6.0},{"damage":7.0,"enemies":"Small Slimes","floor":3.0,"turns":5.0},{"damage":15.0,"enemies":"Cultist","floor":4.0,"turns":6.0},{"damage":6.0,"enemies":"3 Louse","floor":8.0,"turns":6.0},{"damage":0.0,"enemies":"Looter","floor":10.0,"turns":5.0},{"damage":14.0,"enemies":"Gremlin Gang","floor":12.0,"turns":3.0},{"damage":4.0,"enemies":"Blue Slaver","floor":14.0,"turns":6.0},{"damage":31.0,"enemies":"The Guardian","floor":16.0,"turns":13.0},{"damage":6,"enemies":"Chosen","floor":18,"turns":5},{"damage":7,"enemies":"Spheric Guardian","floor":19,"turns":5}],"seed_played":"-85791093985016434","potions_obtained":[{"floor":3.0,"key":"FearPotion"},{"floor":4.0,"key":"DistilledChaos"},{"floor":14.0,"key":"Strength Potion"},{"floor":18,"key":"Strength Potion"}],"is_trial":false,"path_per_floor":["M","$","M","M","?","R","?","M","T","M","R","M","?","M","R","B",null,"M","M"],"character_chosen":"THE_SILENT","items_purchased":[],"campfire_rested":0,"item_purchase_floors":[],"current_hp_per_floor":[54,54,47,32,48,48,48,42,42,42,42,28,50,46,46,15,53,47,40,40],"gold":92,"neow_bonus":"THREE_CARDS","is_daily":false,"chose_seed":false,"campfire_upgraded":3,"win_rate":0.0,"timestamp":1612972197,"path_taken":["M","$","M","M","?","R","?","M","T","M","R","?","?","M","R","BOSS","M","M"],"items_purchased_type":[],"build_version":"2020-12-22","purchased_purges":1,"victory":false,"max_hp_per_floor":[66,66,66,66,66,66,66,66,66,66,66,66,66,66,66,66,66,66,66,66],"card_choices":[{"not_picked":["Escape Plan","Prepared"],"picked":"Tactician","floor":0.0},{"not_picked":["Sucker Punch","Dagger Spray"],"picked":"Acrobatics","floor":1.0},{"not_picked":["Dodge and Roll","Accuracy"],"picked":"Well Laid Plans","floor":3.0},{"not_picked":["Accuracy","Slice","Poisoned Stab"],"picked":"SKIP","floor":4.0},{"not_picked":["Crippling Poison","Quick Slash"],"picked":"Corpse Explosion","floor":8.0},{"not_picked":["Masterful Stab","Bane","Poisoned Stab"],"picked":"SKIP","floor":10.0},{"not_picked":["PiercingWail","Quick Slash","Dagger Throw"],"picked":"SKIP","floor":12.0},{"not_picked":["Backflip","Tactician"],"picked":"Escape Plan","floor":14.0},{"not_picked":["Sucker Punch","Bane","Dash"],"picked":"SKIP","floor":18}],"player_experience":1012970,"relics_obtained":[{"floor":9.0,"key":"The Specimen"}],"event_choices":[{"damage_healed":16.0,"max_hp_gain":0.0,"max_hp_loss":0.0,"gold_gain":0.0,"event_name":"The Cleric","player_choice":"Healed","floor":5.0,"gold_loss":35.0,"damage_taken":0.0},{"damage_healed":0.0,"max_hp_gain":0.0,"max_hp_loss":0.0,"gold_gain":0.0,"event_name":"Lab","player_choice":"Got Potions","floor":7.0,"gold_loss":0.0,"damage_taken":0.0},{"damage_healed":22.0,"max_hp_gain":0.0,"max_hp_loss":0.0,"gold_gain":0.0,"event_name":"Big Fish","player_choice":"Banana","floor":13.0,"gold_loss":0.0,"damage_taken":0.0}],"is_beta":false,"boss_relics":[{"not_picked":["Philosopher\u0027s Stone","WristBlade"],"picked":"Ectoplasm"}],"items_purged_floors":[2],"is_endless":false,"potions_floor_spawned":[3,4,8,14,18],"killed_by":"Spheric Guardian","ascension_level":20}}