{"host":"y6zg4wwu39otf01a","time":1612928355,"event":{"mods":["Act Like it!","Aspiration","BaseMod","Better Altar","Better Match","Better Note","Better Sensory Stone","Better Skull","Better Third Choice","Challenge The Spire","Colored Map","Colored Powertips","Conspire","GifTheSpireLib","Glutton Mod","Halation","Hermit","Highlight Path","Hubris","Infinite Spire","Mimic Mod","Minty Spire (QoL Compilation)","Quick Restart","Random Character Button","Rare Cards Sparkle","Replay The Spire","Retaliation","Spicy Shops","Spire Arcade","StSLib","Stuff the Spire","The Blue Laboratory","The Jungle"],"gold_per_floor":[19,19,19,19,36,36,71,71,71,105,105,20,20,20,20,125,125,136,150,168,183,194,194,194,194,232,232,256,290,330,332,332],"floor_reached":31,"language":"ENG","playtime":7750,"items_purged":[],"score":287,"play_id":"39302c29-92c5-4a31-af46-8cb76f6e83f5","local_time":"20210209213915","is_ascension_mode":true,"campfire_choices":[{"data":"conspire:PoisonWeapons","floor":6.0,"key":"SMITH"},{"floor":11.0,"key":"REST"},{"floor":15.0,"key":"REST"},{"floor":23.0,"key":"REST"},{"floor":25.0,"key":"REST"}],"circlet_count":0,"master_deck":["Strike_G+1","Strike_G","Strike_G","Strike_G","Strike_G","Defend_G","Defend_G","Defend_G","Defend_G","Defend_G","Survivor","Neutralize","Replay:Bag of Tricks","conspire:PoisonWeapons+1","Bane","ReplayTheSpireMod:Black Plague","Bane","Forethought","ReplayTheSpireMod:Necrosis","Bouncing Flask","StuffTheSpire:Shiver","StuffTheSpire:Injection+1","StuffTheSpire:Shiver","Deflect"],"relics":["Ring of the Snake","TungstenRod","halation:VictoryRuler","Letter Opener","StuffTheSpire:HeavyRock","halation:EternalFortune","infinitespire:Midas Blood","Pet Ghost","Garlic"],"acts_visited":["Exordium","TheCity"],"potions_floor_usage":[31],"damage_taken":[{"damage":0.0,"enemies":"Jaw Worm","floor":1.0,"turns":3.0},{"damage":6.0,"enemies":"Small Slimes","floor":5.0,"turns":2.0},{"damage":26.0,"enemies":"Lagavulin","floor":7.0,"turns":4.0},{"damage":15.0,"enemies":"Gremlin Nob","floor":10.0,"turns":3.0},{"damage":4.0,"enemies":"Hexaghost","floor":16.0,"turns":7.0},{"damage":10.0,"enemies":"3 Byrds","floor":18.0,"turns":6.0},{"damage":0.0,"enemies":"Spheric Guardian","floor":19.0,"turns":2.0},{"damage":20.0,"enemies":"Cultist and Chosen","floor":20.0,"turns":6.0},{"damage":10.0,"enemies":"Chosen and Byrds","floor":21.0,"turns":5.0},{"damage":25.0,"enemies":"3 Cultists","floor":22.0,"turns":5.0},{"damage":2.0,"enemies":"Snake Plant","floor":26.0,"turns":4.0},{"damage":12.0,"enemies":"Snake Plant","floor":28.0,"turns":3.0},{"damage":11.0,"enemies":"Centurion and Healer","floor":29.0,"turns":6.0},{"damage":27,"enemies":"Slavers","floor":30,"turns":5},{"damage":5,"enemies":"Centurion and Healer","floor":31,"turns":5}],"seed_played":"-6788099801753393396","potions_obtained":[{"floor":1.0,"key":"Fire Potion"},{"floor":20.0,"key":"Reflective Coating"},{"floor":21.0,"key":"blueLaboratory:Moonshine"},{"floor":22.0,"key":"Milkshake"},{"floor":30,"key":"PowerPotion"}],"is_trial":false,"path_per_floor":["M","?","?","?","M","R","E","?","T","E","R","$","?","$","R","B",null,"M","M","M","M","M","R","?","R","MIM","?","M","MIM","E","M"],"character_chosen":"THE_SILENT","items_purchased":["Forethought"],"campfire_rested":4,"item_purchase_floors":[12],"current_hp_per_floor":[70,70,70,53,47,47,21,21,21,6,27,27,18,18,39,35,70,60,60,40,30,5,26,29,50,48,48,39,28,1,0,0],"gold":332,"neow_bonus":"THREE_RARE_CARDS","is_daily":false,"chose_seed":false,"campfire_upgraded":1,"win_rate":0.0,"timestamp":1612928355,"path_taken":["M","?","?","?","M","R","E","?","T","E","R","$","?","?","R","BOSS","M","?","M","?","?","R","?","R","MIM","?","?","?","E","M"],"items_purchased_type":["Card"],"build_version":"2020-12-22","purchased_purges":0,"victory":false,"max_hp_per_floor":[70,70,70,70,70,70,70,70,70,70,70,70,70,70,70,70,70,70,70,70,70,70,70,73,73,73,73,76,76,76,76,76],"card_choices":[{"not_picked":["After Image","Glass Knife"],"picked":"Replay:Bag of Tricks","floor":0.0},{"not_picked":["StuffTheSpire:Injection","Crippling Poison"],"picked":"conspire:PoisonWeapons","floor":1.0},{"not_picked":["ReplayTheSpireMod:Echoes of Time","infinitespire:Menacing"],"picked":"ReplayTheSpireMod:Black Plague","floor":4.0},{"not_picked":["ReplayTheSpireMod:Exploit Weakness","conspire:DoublingDagger","Outmaneuver"],"picked":"SKIP","floor":5.0},{"not_picked":["Blade Dance","StuffTheSpire:Incursion","Hidden Blade"],"picked":"SKIP","floor":7.0},{"not_picked":["Toxin Wave","Caltrops"],"picked":"Bane","floor":10.0},{"not_picked":["StuffTheSpire:FinalStruggle","Atom Bomb"],"picked":"ReplayTheSpireMod:Necrosis","floor":16.0},{"not_picked":["Hidden Blade","Acrobatics+1"],"picked":"Bouncing Flask","floor":18.0},{"not_picked":["StuffTheSpire:Fury+1","Infinite Blades+1"],"picked":"StuffTheSpire:Shiver","floor":19.0},{"not_picked":["Dash+1","Slice","Dagger Throw+1"],"picked":"SKIP","floor":20.0},{"not_picked":["Dagger Spray","Dash+1","StuffTheSpire:ClusterCrunch"],"picked":"SKIP","floor":21.0},{"not_picked":["Replay:Poison Smokescreen","All Out Attack"],"picked":"StuffTheSpire:Injection+1","floor":22.0},{"not_picked":["Slice","Cloak And Dagger+1"],"picked":"StuffTheSpire:Shiver","floor":26.0},{"not_picked":["Cloak And Dagger","Underhanded Strike","Dagger Throw+1"],"picked":"SKIP","floor":28.0},{"not_picked":["ReplayTheSpireMod:Necrosis","Dagger Throw"],"picked":"Deflect","floor":30}],"player_experience":772460,"relics_obtained":[{"floor":7.0,"key":"TungstenRod"},{"floor":9.0,"key":"halation:VictoryRuler"},{"floor":10.0,"key":"Letter Opener"},{"floor":26.0,"key":"infinitespire:Midas Blood"},{"floor":28.0,"key":"halation:EternalFortune"},{"floor":30,"key":"Garlic"}],"event_choices":[{"damage_healed":0.0,"max_hp_gain":0.0,"max_hp_loss":0.0,"gold_gain":0.0,"event_name":"conspire:Investor","player_choice":"Leave","floor":8.0,"gold_loss":0.0,"damage_taken":0.0},{"damage_healed":0.0,"max_hp_gain":0.0,"max_hp_loss":0.0,"gold_gain":0.0,"event_name":"betterThird:BetterScrap","player_choice":"Relic ","floor":13.0,"gold_loss":0.0,"damage_taken":12.0,"cards_obtained":["DDmod:SpikeShotSkill"]},{"damage_healed":0.0,"max_hp_gain":0.0,"max_hp_loss":0.0,"gold_gain":0.0,"event_name":"WeMeetAgain","player_choice":"Gave Potion","floor":27.0,"gold_loss":0.0,"damage_taken":0.0,"relics_obtained":["Pet Ghost"]}],"is_beta":false,"boss_relics":[{"not_picked":["halation:PlatinumPhoenix","Pandora\u0027s Box","halation:Yufonium"]}],"items_purged_floors":[],"is_endless":false,"potions_floor_spawned":[1,20,21,22,30],"killed_by":"Centurion and Healer","ascension_level":2}}