{"host":"6hzrz31j95f2y1pa","time":1612919577,"event":{"mods":["BaseMod","Colored Map","Downfall","Minty Spire (QoL Compilation)","StSLib"],"gold_per_floor":[99,112,122,138,138,38,90,107,107,382,415,434,271,290,302,406,406,306,326,343,443,443,455,455,455,487,74,91,91,105,132,142,238,238,238,254,354,365,241,258,284,294,194,223,238,238,257,107,120,120,120,149,82,82,82,82],"floor_reached":57,"language":"ENG","playtime":2777,"items_purged":["Regret","downfall:Bewildered","hexamod:Strike"],"score":1302,"play_id":"befd9ed8-1c72-4bdc-9f2c-c93491a8e56b","local_time":"20210209201257","is_ascension_mode":true,"campfire_choices":[{"floor":1,"key":"RECALL"},{"data":"hexamod:GhostLash","floor":6,"key":"SMITH"},{"data":"hexamod:ForkedFlame","floor":18,"key":"SMITH"},{"data":"hexamod:Float","floor":29,"key":"SMITH"},{"data":"hexamod:UnlimitedPower","floor":35,"key":"SMITH"},{"data":"expansioncontent:DashGenerateEvil","floor":43,"key":"SMITH"},{"data":"hexamod:ParanormalForm","floor":46,"key":"SMITH"},{"data":"hexamod:UnlimitedPower","floor":54,"key":"SMITH"}],"circlet_count":0,"master_deck":["hexamod:Strike","hexamod:Strike","hexamod:Strike","hexamod:Defend","hexamod:Defend","hexamod:Defend","hexamod:Defend","hexamod:Sear","hexamod:Float+1","hexamod:GhostLash+1","hexamod:GhostLash","hexamod:Hexaguard","hexamod:SuperheatedStrike","hexamod:ForkedFlame+1","hexamod:Hexaguard","hexamod:SuperheatedStrike","hexamod:EmpoweredFlame","hexamod:SpectersWail","hexamod:SpectersWail+1","hexamod:FirstSeal","hexamod:TimeWarp","hexamod:EmpoweredFlame+1","hexamod:UnlimitedPower+1","hexamod:PowerFromBeyond+1","expansioncontent:DashGenerateEvil+1","hexamod:HeatShield+1","hexamod:ParanormalForm+1","hexamod:RadiantFlame+1","hexamod:UnlimitedPower+1"],"relics":["hexamod:SpiritBrand","downfall:HeartBlessingRed","Regal Pillow","Kunai","hexamod:IceCube","downfall:HeartBlessingGreen","Dead Branch","Meat on the Bone","Letter Opener","sneckomod:BabySnecko","champ:DuelingGlove","Gambling Chip","Ginger","Sozu","downfall:GremlinWheel","Centennial Puzzle","downfall:HeartBlessingBlue","Girya","ClockworkSouvenir","Orichalcum"],"acts_visited":["Exordium","TheCity","TheBeyond","TheEnding"],"potions_floor_usage":[16,21,56,56,56],"damage_taken":[{"damage":0,"enemies":"Small Slimes","floor":2,"turns":4},{"damage":1,"enemies":"Cultist","floor":3,"turns":3},{"damage":0,"enemies":"2 Louse","floor":4,"turns":2},{"damage":0,"enemies":"Large Slime","floor":8,"turns":4},{"damage":15,"enemies":"Lagavulin","floor":11,"turns":4},{"damage":0,"enemies":"3 Louse","floor":12,"turns":2},{"damage":2,"enemies":"downfall:FleeingMerchant","floor":13,"turns":4},{"damage":3,"enemies":"Red Slaver","floor":14,"turns":2},{"damage":3,"enemies":"Lots of Slimes","floor":15,"turns":3},{"damage":19,"enemies":"DF_ARCHETYPE_STREAMLINE","floor":16,"turns":5},{"damage":0,"enemies":"Chosen","floor":19,"turns":3},{"damage":0,"enemies":"Chosen and Byrds","floor":20,"turns":4},{"damage":15,"enemies":"Colosseum Nobs","floor":21,"turns":4},{"damage":3,"enemies":"Snake Plant","floor":23,"turns":4},{"damage":19,"enemies":"Book of Stabbing","floor":26,"turns":4},{"damage":0,"enemies":"downfall:FleeingMerchant","floor":27,"turns":4},{"damage":0,"enemies":"Centurion and Healer","floor":28,"turns":3},{"damage":0,"enemies":"Sentry and Sphere","floor":30,"turns":3},{"damage":22,"enemies":"Slavers","floor":31,"turns":4},{"damage":0,"enemies":"Cultist and Chosen","floor":32,"turns":3},{"damage":11,"enemies":"IC_MUSHROOM_ARCHETYPE","floor":33,"turns":4},{"damage":7,"enemies":"3 Shapes","floor":36,"turns":3},{"damage":0,"enemies":"3 Shapes","floor":37,"turns":2},{"damage":5,"enemies":"Orb Walker","floor":38,"turns":2},{"damage":0,"enemies":"downfall:FleeingMerchant","floor":39,"turns":1},{"damage":0,"enemies":"Jaw Worm Horde","floor":40,"turns":3},{"damage":0,"enemies":"3 Darklings","floor":42,"turns":2},{"damage":15,"enemies":"Nemesis","floor":44,"turns":5},{"damage":0,"enemies":"Maw","floor":45,"turns":4},{"damage":3,"enemies":"4 Shapes","floor":47,"turns":3},{"damage":0,"enemies":"Transient","floor":49,"turns":5},{"damage":24,"enemies":"WA_ARCHETYPE_DIVINITY","floor":50,"turns":7},{"damage":4,"enemies":"downfall:CharBossMerchant","floor":52,"turns":6},{"damage":12,"enemies":"downfall:NeowBoss","floor":55,"turns":12},{"damage":70,"enemies":"downfall:NeowBossFinal","floor":56,"turns":10}],"seed_played":"6379245302459520674","potions_obtained":[{"floor":0,"key":"Fire Potion"},{"floor":0,"key":"FairyPotion"},{"floor":0,"key":"hexamod:EctoCoolerPotion"},{"floor":3,"key":"LiquidMemories"},{"floor":26,"key":"bronze:BurnAndBuffPotion"},{"floor":28,"key":"SkillPotion"},{"floor":31,"key":"LiquidMemories"}],"is_trial":false,"path_per_floor":["R","M","M","M","?","R","T","M","?","?","E","M","$","M","M","B",null,"R","M","M","?","?","M","T","?","E","$","M","R","M","E","M","B",null,"R","M","?","M","$","M","T","M","R","E","M","R","M","$","M","B",null,"E","$","R","B","B",null],"character_chosen":"THE_SPIRIT","items_purchased":["hexamod:Hexaguard","hexamod:SuperheatedStrike","Gambling Chip","Centennial Puzzle","expansioncontent:DashGenerateEvil","ClockworkSouvenir","hexamod:UnlimitedPower"],"campfire_rested":0,"item_purchase_floors":[13,13,27,39,39,48,53],"current_hp_per_floor":[70,70,69,69,69,69,69,69,74,74,59,59,57,54,51,32,75,75,75,75,60,46,43,43,43,36,55,62,62,69,54,61,57,80,80,80,80,80,80,80,80,80,90,82,89,89,86,86,90,73,90,90,90,90,85,34],"gold":82,"neow_bonus":"THREE_SMALL_POTIONS","is_daily":false,"chose_seed":false,"campfire_upgraded":7,"win_rate":0.0,"timestamp":1612919577,"path_taken":["R","M","M","M","?","R","T","M","?","?","E","M","$","M","M","BOSS","R","M","M","?","?","M","T","?","E","$","M","R","M","E","M","BOSS","R","M","?","?","$","M","T","M","R","E","M","R","?","?","M","BOSS","E","$","R","BOSS","BOSS"],"items_purchased_type":["Card","Card","Relic","Relic","Card","Relic","Card"],"build_version":"2020-12-22","purchased_purges":3,"victory":true,"max_hp_per_floor":[70,70,70,70,70,70,70,70,75,75,75,75,75,75,75,75,75,75,75,75,75,80,80,80,80,80,80,80,80,80,80,80,80,80,80,80,80,80,80,80,80,80,90,90,90,90,90,90,90,90,90,90,90,90,90,90],"card_choices":[{"not_picked":["hexamod:HeatCrush","hexamod:GhostflameBarrier"],"picked":"hexamod:GhostLash","floor":2},{"not_picked":["hexamod:ThermalTransfer","hexamod:GhostflameBarrier"],"picked":"hexamod:GhostLash","floor":3},{"not_picked":["hexamod:Firestarter","hexamod:NightmareStrike"],"picked":"hexamod:Hexaguard","floor":4},{"not_picked":["hexamod:BurningTouch","hexamod:EmpoweredFlame"],"picked":"hexamod:SuperheatedStrike","floor":8},{"not_picked":["hexamod:RadiantFlame","hexamod:HeatMetal","hexamod:GhostLash"],"picked":"SKIP","floor":11},{"not_picked":["hexamod:RadiantFlame","hexamod:HeatMetal","hexamod:GhostLash"],"picked":"SKIP","floor":11},{"not_picked":["hexamod:GhostLash","hexamod:HauntingEcho"],"picked":"hexamod:ForkedFlame","floor":12},{"not_picked":["hexamod:Rewind","hexamod:HauntingEcho","hexamod:SpectralAdrenaline"],"picked":"SKIP","floor":13},{"not_picked":["hexamod:BurningTouch","hexamod:BacktrackSmack"],"picked":"hexamod:EmpoweredFlame","floor":14},{"not_picked":["hexamod:HauntingEcho","hexamod:DynamicBlow"],"picked":"hexamod:SpectersWail","floor":15},{"not_picked":["hexamod:SpectralAdrenaline","hexamod:AdvancingGuard+1"],"picked":"hexamod:SpectersWail+1","floor":19},{"not_picked":["hexamod:ExtraCrispy","hexamod:SoulSteal","hexamod:ThirdSeal"],"picked":"SKIP","floor":20},{"not_picked":["hexamod:GhostOfSpireFuture","hexamod:GhostLash"],"picked":"hexamod:FirstSeal","floor":23},{"not_picked":["hexamod:NightmareStrike","hexamod:StepThrough"],"picked":"hexamod:TimeWarp","floor":26},{"not_picked":["hexamod:SkipABeat","hexamod:HauntingEcho+1"],"picked":"hexamod:EmpoweredFlame+1","floor":27},{"not_picked":["hexamod:PowerFromBeyond","hexamod:SpectralSpark","hexamod:NightmareGuise+1"],"picked":"SKIP","floor":28},{"not_picked":["hexamod:NightmareGuise","hexamod:NightmareStrike","hexamod:ThermalTransfer+1"],"picked":"SKIP","floor":30},{"not_picked":["hexamod:ThirdSeal","hexamod:GhostLash","hexamod:BacktrackSmack"],"picked":"SKIP","floor":31},{"not_picked":["hexamod:InspiringFlames","hexamod:Firestarter+1","hexamod:GhostShield"],"picked":"SKIP","floor":32},{"not_picked":["hexamod:SearingWound","hexamod:Toasty"],"picked":"hexamod:UnlimitedPower","floor":33},{"not_picked":["hexamod:Hexaguard+1","hexamod:ThermalTransfer+1","hexamod:SpectersWail+1"],"picked":"SKIP","floor":36},{"not_picked":["hexamod:SwordOfDarkness+1","hexamod:PhantomFireball+1"],"picked":"hexamod:PowerFromBeyond+1","floor":38},{"not_picked":["hexamod:HauntingEcho","hexamod:HeatMetal","hexamod:SwordOfDarkness"],"picked":"SKIP","floor":39},{"not_picked":["hexamod:SpectersWail+1","hexamod:NightmareGuise","hexamod:CatchUp"],"picked":"SKIP","floor":40},{"not_picked":["hexamod:HeatMetal","hexamod:BacktrackSmack+1"],"picked":"hexamod:HeatShield+1","floor":42},{"not_picked":["hexamod:PhantomCloak+1","hexamod:CatchUp+1"],"picked":"hexamod:ParanormalForm","floor":44},{"not_picked":["hexamod:SuperheatedStrike","hexamod:FlamesFromBeyond+1","hexamod:SwordOfDarkness"],"picked":"SKIP","floor":45},{"not_picked":["hexamod:ThirdSeal","hexamod:AdvancingGuard+1"],"picked":"hexamod:RadiantFlame+1","floor":47},{"not_picked":["hexamod:Firestarter+1","hexamod:NightmareGuise+1","hexamod:FastForward+1"],"picked":"SKIP","floor":49},{"not_picked":["hexamod:CatchUp+1","hexamod:GhostOfSpirePast+1","hexamod:SoulSteal"],"picked":"SKIP","floor":52}],"player_experience":1414045,"relics_obtained":[{"floor":7,"key":"Regal Pillow"},{"floor":11,"key":"Kunai"},{"floor":21,"key":"Dead Branch"},{"floor":21,"key":"Meat on the Bone"},{"floor":24,"key":"Letter Opener"},{"floor":26,"key":"champ:DuelingGlove"},{"floor":31,"key":"Ginger"},{"floor":37,"key":"downfall:GremlinWheel"},{"floor":44,"key":"Girya"},{"floor":52,"key":"Orichalcum"}],"event_choices":[{"damage_healed":0,"gold_gain":0,"player_choice":"Donut","damage_taken":0,"max_hp_gain":5,"max_hp_loss":0,"event_name":"Big Fish","floor":9,"gold_loss":0},{"damage_healed":0,"gold_gain":0,"player_choice":"Full Heal","damage_taken":0,"max_hp_gain":0,"max_hp_loss":0,"event_name":"Wheel of Change","floor":54,"gold_loss":0}],"is_beta":false,"boss_relics":[{"not_picked":["Busted Crown","Calling Bell"],"picked":"hexamod:IceCube"},{"not_picked":["Snecko Eye","Astrolabe"],"picked":"Sozu"}],"items_purged_floors":[13,27,39],"is_endless":false,"potions_floor_spawned":[3,11,12,14,15,26,28,30,31,38,45,47],"ascension_level":1}}