{"host":"x5w9zppki4gdwvc7","time":1612930969,"event":{"mods":["AchievementEnabler","BaseMod","Colored Powertips","DeckTracker","Minty Spire (QoL Compilation)","SuperFastMode"],"gold_per_floor":[117,129,145,165,19,19,48,223,223,258,19,19,50,69,69,174,174,190,209,226,243,263,263,18,48,48,48,48,76,52,78,78,178,178,195,211,211,224,240,240,240,240],"floor_reached":41,"language":"ENG","playtime":2544,"items_purged":["Strike_B","Doubt"],"score":568,"play_id":"914c830c-0618-4d95-8069-ef6f62f3b71e","local_time":"20210210052249","is_ascension_mode":true,"campfire_choices":[{"data":"Defragment","floor":6,"key":"SMITH"},{"floor":15,"key":"REST"},{"data":"Streamline","floor":23,"key":"SMITH"},{"floor":27,"key":"REST"},{"floor":32,"key":"REST"},{"data":"Electrodynamics","floor":40,"key":"SMITH"}],"circlet_count":0,"master_deck":["Strike_B","Defend_B","Defend_B","Defend_B","Defend_B","Zap","Barrage","Reinforced Body","Glacier","Defragment+1","Glacier","Scrape","Streamline+1","Self Repair","All For One","Hologram+1","Steam+1","Multi-Cast+1","Beam Cell","Loop+1","Go for the Eyes+1","Gash","Echo Form","CurseOfTheBell","Hologram","Electrodynamics+1","Madness","Madness","Parasite"],"relics":["Runic Dome","CaptainsWheel","Shuriken","HornCleat","Pantograph","Astrolabe","Chemical X","Bag of Preparation","Du-Vu Doll","Nloth\u0027s Gift","Boot","Bronze Scales","Calling Bell","Regal Pillow","Mummified Hand","Unceasing Top"],"acts_visited":["Exordium","TheCity","TheBeyond"],"potions_floor_usage":[4,13,16,25,31,41],"damage_taken":[{"damage":2,"enemies":"Jaw Worm","floor":1,"turns":4},{"damage":0,"enemies":"Cultist","floor":2,"turns":4},{"damage":5,"enemies":"Small Slimes","floor":3,"turns":3},{"damage":0,"enemies":"Looter","floor":4,"turns":5},{"damage":28,"enemies":"Gremlin Nob","floor":7,"turns":6},{"damage":12,"enemies":"3 Sentries","floor":10,"turns":12},{"damage":7,"enemies":"Lagavulin","floor":13,"turns":9},{"damage":0,"enemies":"Exordium Wildlife","floor":14,"turns":5},{"damage":29,"enemies":"Hexaghost","floor":16,"turns":15},{"damage":0,"enemies":"Shell Parasite","floor":18,"turns":5},{"damage":16,"enemies":"Chosen","floor":19,"turns":7},{"damage":3,"enemies":"Snake Plant","floor":20,"turns":7},{"damage":9,"enemies":"Centurion and Healer","floor":21,"turns":8},{"damage":1,"enemies":"Shelled Parasite and Fungi","floor":22,"turns":8},{"damage":57,"enemies":"Gremlin Leader","floor":25,"turns":14},{"damage":1,"enemies":"Slavers","floor":29,"turns":10},{"damage":59,"enemies":"Book of Stabbing","floor":31,"turns":9},{"damage":12,"enemies":"Collector","floor":33,"turns":10},{"damage":0,"enemies":"Orb Walker","floor":35,"turns":3},{"damage":0,"enemies":"3 Shapes","floor":36,"turns":5},{"damage":16,"enemies":"3 Darklings","floor":38,"turns":5},{"damage":8,"enemies":"Writhing Mass","floor":39,"turns":6},{"damage":86,"enemies":"Giant Head","floor":41,"turns":9}],"seed_played":"-3865956209337902603","potions_obtained":[{"floor":1,"key":"ColorlessPotion"},{"floor":4,"key":"Explosive Potion"},{"floor":10,"key":"LiquidBronze"},{"floor":14,"key":"Weak Potion"},{"floor":18,"key":"PotionOfCapacity"},{"floor":20,"key":"Regen Potion"},{"floor":25,"key":"Strength Potion"},{"floor":31,"key":"Ancient Potion"}],"is_trial":false,"path_per_floor":["M","M","M","M","$","R","E","?","T","E","$","?","E","M","R","B",null,"M","M","M","M","M","R","$","E","T","R","?","E","$","E","R","B",null,"M","M","?","M","M","R","E"],"character_chosen":"DEFECT","items_purchased":["Defragment","Pantograph","Chemical X","Gash"],"campfire_rested":3,"item_purchase_floors":[5,11,24,30],"current_hp_per_floor":[73,73,68,68,68,68,40,40,40,28,28,21,14,14,36,39,75,75,66,70,68,74,74,74,24,24,46,46,52,52,12,34,54,75,75,75,66,50,49,49,0,0],"gold":240,"neow_bonus":"BOSS_RELIC","is_daily":false,"chose_seed":false,"campfire_upgraded":3,"win_rate":0.0,"timestamp":1612930969,"path_taken":["M","M","M","M","$","R","E","?","T","E","$","?","E","M","R","BOSS","M","?","M","M","?","R","$","E","T","R","?","E","?","E","R","BOSS","M","M","?","M","M","R","E"],"items_purchased_type":["Card","Relic","Relic","Card"],"build_version":"2020-12-22","purchased_purges":2,"victory":false,"max_hp_per_floor":[75,75,75,75,75,75,75,75,75,75,75,75,75,75,75,75,75,75,75,75,75,75,75,75,75,75,75,75,75,75,75,75,75,75,75,75,75,75,75,75,75,75],"card_choices":[{"not_picked":["Go for the Eyes","Coolheaded"],"picked":"Barrage","floor":1},{"not_picked":["Blizzard","Self Repair"],"picked":"Reinforced Body","floor":2},{"not_picked":["Rebound","Leap"],"picked":"Glacier","floor":3},{"not_picked":["Darkness","Heatsinks","Reinforced Body"],"picked":"SKIP","floor":4},{"not_picked":["Ball Lightning","Double Energy"],"picked":"Glacier","floor":7},{"not_picked":["Cold Snap","Glacier"],"picked":"Scrape","floor":10},{"not_picked":["Machine Learning","Double Energy"],"picked":"Streamline","floor":13},{"not_picked":["Sweeping Beam","Compile Driver"],"picked":"Self Repair","floor":14},{"not_picked":["Buffer","Rainbow"],"picked":"All For One","floor":16},{"not_picked":["Stack","Turbo+1"],"picked":"Beam Cell","floor":18},{"not_picked":["Compile Driver","Amplify","Cold Snap"],"picked":"SKIP","floor":19},{"not_picked":["Leap","Steam"],"picked":"Loop+1","floor":20},{"not_picked":["Conserve Battery","Darkness","Sweeping Beam"],"picked":"SKIP","floor":21},{"not_picked":["Consume+1","Recycle","Blizzard"],"picked":"SKIP","floor":22},{"not_picked":["Redo","Scrape+1"],"picked":"Go for the Eyes+1","floor":25},{"not_picked":["Steam","Steam Power","Rip and Tear"],"picked":"SKIP","floor":29},{"not_picked":["Biased Cognition","Chaos","Turbo"],"picked":"SKIP","floor":31},{"not_picked":["Amplify","Reboot"],"picked":"Echo Form","floor":33},{"not_picked":["Loop","Streamline"],"picked":"Hologram","floor":35},{"not_picked":["Sweeping Beam","Leap+1"],"picked":"Electrodynamics","floor":36},{"not_picked":["Ball Lightning+1","Storm","Cold Snap"],"picked":"SKIP","floor":38},{"not_picked":["Sunder+1","White Noise","Darkness+1"],"picked":"SKIP","floor":39}],"player_experience":598510,"relics_obtained":[{"floor":7,"key":"CaptainsWheel"},{"floor":9,"key":"Shuriken"},{"floor":10,"key":"HornCleat"},{"floor":13,"key":"Lantern"},{"floor":25,"key":"Bag of Preparation"},{"floor":26,"key":"Du-Vu Doll"},{"floor":29,"key":"Boot"},{"floor":31,"key":"Bronze Scales"},{"floor":34,"key":"Regal Pillow"},{"floor":34,"key":"Mummified Hand"},{"floor":34,"key":"Unceasing Top"}],"event_choices":[{"damage_healed":0,"gold_gain":175,"player_choice":"AGREE","damage_taken":0,"max_hp_gain":0,"max_hp_loss":0,"event_name":"Liars Game","floor":8,"gold_loss":0,"cards_obtained":["Doubt"]},{"damage_healed":0,"gold_gain":0,"player_choice":"Damaged","damage_taken":7,"max_hp_gain":0,"max_hp_loss":0,"event_name":"Wheel of Change","floor":12,"gold_loss":0},{"damage_healed":0,"gold_gain":0,"player_choice":"Traded Relic","damage_taken":0,"relics_obtained":["Nloth\u0027s Gift"],"max_hp_gain":0,"max_hp_loss":0,"event_name":"N\u0027loth","floor":28,"relics_lost":["Lantern"],"gold_loss":0},{"damage_healed":0,"gold_gain":0,"player_choice":"Embrace Madness","damage_taken":9,"max_hp_gain":0,"max_hp_loss":0,"event_name":"Winding Halls","floor":37,"gold_loss":0,"cards_obtained":["Madness","Madness"]}],"is_beta":false,"boss_relics":[{"not_picked":["Empty Cage","Ectoplasm"],"picked":"Astrolabe"},{"not_picked":["Runic Pyramid","Fusion Hammer"],"picked":"Calling Bell"}],"items_purged_floors":[5,24],"is_endless":false,"potions_floor_spawned":[1,4,10,14,18,20,25,29,31,38],"killed_by":"Giant Head","ascension_level":4}}