{"host":"tq99ucv8ezzqzioe","time":1612922973,"event":{"mods":["BaseMod","Colored Map","Downfall","Highlight Path","Minty Spire (QoL Compilation)","StSLib"],"gold_per_floor":[118,118,131,146,126,160,180,180,226,226,2,14,14,14],"floor_reached":13,"language":"ENG","playtime":526,"items_purged":["Strike_B"],"score":119,"play_id":"cd17fd48-12cd-41af-bae1-ac3ec25fc189","local_time":"20210209210933","is_ascension_mode":true,"campfire_choices":[{"floor":8,"key":"REST"},{"data":"Zap","floor":10,"key":"SMITH"}],"circlet_count":0,"master_deck":["Strike_B","Strike_B","Defend_B","Defend_B","Defend_B","Defend_B","Zap+1","Dualcast","Chaos","Heatsinks","Fusion","Sunder","Capacitor","Chill","Ball Lightning"],"relics":["Cracked Core","Vajra","Kunai"],"acts_visited":["Exordium"],"potions_floor_usage":[13],"damage_taken":[{"damage":4,"enemies":"2 Louse","floor":1,"turns":2},{"damage":1,"enemies":"Cultist","floor":3,"turns":3},{"damage":0,"enemies":"Small Slimes","floor":4,"turns":3},{"damage":44,"enemies":"Lagavulin","floor":6,"turns":10},{"damage":11,"enemies":"Blue Slaver","floor":7,"turns":4},{"damage":26,"enemies":"Red Slaver","floor":12,"turns":5},{"damage":15,"enemies":"Gremlin Nob","floor":13,"turns":2}],"seed_played":"3024260778380003730","potions_obtained":[{"floor":1,"key":"Dexterity Potion"},{"floor":5,"key":"SpeedPotion"},{"floor":6,"key":"GamblersBrew"}],"is_trial":false,"path_per_floor":["M","?","M","M","?","E","M","R","T","R","$","M","E"],"character_chosen":"DEFECT","items_purchased":["Capacitor","Chill"],"campfire_rested":1,"item_purchase_floors":[11,11],"current_hp_per_floor":[64,64,63,63,63,19,8,30,30,30,30,4,0,0],"gold":14,"neow_bonus":"RANDOM_COMMON_RELIC","is_daily":false,"chose_seed":false,"campfire_upgraded":1,"win_rate":0.0,"timestamp":1612922973,"path_taken":["M","?","M","?","?","E","M","R","T","R","$","?","E"],"items_purchased_type":["Card","Card"],"build_version":"2020-12-22","purchased_purges":1,"victory":false,"max_hp_per_floor":[75,75,75,75,75,75,75,75,75,75,75,75,75,75],"card_choices":[{"not_picked":["Self Repair","Beam Cell"],"picked":"Chaos","floor":1},{"not_picked":["Hologram","Gash"],"picked":"Heatsinks","floor":3},{"not_picked":["Coolheaded","Compile Driver","Go for the Eyes"],"picked":"SKIP","floor":4},{"not_picked":["Sweeping Beam","Hologram"],"picked":"Fusion","floor":6},{"not_picked":["Auto Shields","Conserve Battery"],"picked":"Sunder","floor":7},{"not_picked":["Doom and Gloom","Self Repair"],"picked":"Ball Lightning","floor":12}],"player_experience":950767,"relics_obtained":[{"floor":6,"key":"Kunai"}],"event_choices":[{"cards_removed":["Strike_B"],"damage_healed":0,"gold_gain":0,"player_choice":"Offered Basic","damage_taken":0,"max_hp_gain":0,"max_hp_loss":0,"event_name":"Bonfire Elementals","floor":2,"gold_loss":0},{"damage_healed":0,"gold_gain":0,"player_choice":"Bought 1 Potion","damage_taken":0,"max_hp_gain":0,"max_hp_loss":0,"event_name":"The Woman in Blue","floor":5,"gold_loss":0}],"is_beta":false,"boss_relics":[],"items_purged_floors":[11],"is_endless":false,"potions_floor_spawned":[1,6],"killed_by":"Gremlin Nob","ascension_level":8}}