{"host":"a9gsz7kv8aebwp1f","time":1612928468,"event":{"mods":["AchievementEnabler","BaseMod","Minty Spire (QoL Compilation)"],"gold_per_floor":[110,130,130,143,143,170,170,190,190,208,208,208,236,249,249,249,249],"floor_reached":16,"language":"KOR","playtime":441,"items_purged":[],"score":174,"play_id":"856bf868-e8fa-46b1-b996-02bb457b3299","local_time":"20210210124108","is_ascension_mode":true,"campfire_choices":[{"data":"Perfected Strike","floor":7,"key":"SMITH"},{"floor":12,"key":"REST"},{"data":"Dual Wield","floor":15,"key":"SMITH"}],"circlet_count":0,"master_deck":["AscendersBane","Strike_R","Strike_R","Strike_R","Strike_R","Defend_R","Defend_R","Defend_R","Defend_R","Bash+1","Pommel Strike","Cleave+1","Perfected Strike+1","Reckless Charge","Pummel","Wild Strike+1","Dual Wield+1","Clash+1"],"relics":["Burning Blood","Nunchaku","HornCleat","Molten Egg 2","Sundial"],"acts_visited":["Exordium"],"potions_floor_usage":[16,16],"damage_taken":[{"damage":12,"enemies":"Jaw Worm","floor":1,"turns":3},{"damage":9,"enemies":"2 Louse","floor":2,"turns":2},{"damage":6,"enemies":"Cultist","floor":4,"turns":3},{"damage":20,"enemies":"3 Sentries","floor":6,"turns":5},{"damage":3,"enemies":"Large Slime","floor":8,"turns":4},{"damage":5,"enemies":"Gremlin Gang","floor":10,"turns":2},{"damage":20,"enemies":"Lagavulin","floor":13,"turns":4},{"damage":9,"enemies":"Exordium Thugs","floor":14,"turns":3},{"damage":58,"enemies":"Hexaghost","floor":16,"turns":9}],"seed_played":"4108897804241984223","potions_obtained":[{"floor":4,"key":"Block Potion"},{"floor":8,"key":"HeartOfIron"}],"is_trial":false,"path_per_floor":["M","M","?","M","?","E","R","M","T","M","?","R","E","M","R","B"],"character_chosen":"IRONCLAD","items_purchased":[],"campfire_rested":1,"item_purchase_floors":[],"current_hp_per_floor":[66,63,63,63,60,46,46,49,49,50,50,74,60,57,57,0,0],"gold":249,"neow_bonus":"UPGRADE_CARD","is_daily":false,"chose_seed":false,"campfire_upgraded":2,"win_rate":0.0,"timestamp":1612928468,"path_taken":["M","M","?","M","?","E","R","M","T","M","?","R","E","?","R","BOSS"],"items_purchased_type":[],"build_version":"2020-12-22","purchased_purges":0,"victory":false,"max_hp_per_floor":[80,80,80,80,80,80,80,80,80,80,80,80,80,80,80,80,80],"card_choices":[{"not_picked":["Carnage","Feel No Pain"],"picked":"Pommel Strike","floor":1},{"not_picked":["Iron Wave","Perfected Strike"],"picked":"Cleave","floor":2},{"not_picked":["Metallicize","Bloodletting"],"picked":"Perfected Strike","floor":4},{"not_picked":["Infernal Blade","Intimidate"],"picked":"Reckless Charge","floor":6},{"not_picked":["Thunderclap","Shrug It Off"],"picked":"Pummel","floor":8},{"not_picked":["Warcry","Heavy Blade+1"],"picked":"Wild Strike+1","floor":10},{"not_picked":["Iron Wave+1","Barricade"],"picked":"Dual Wield","floor":13},{"not_picked":["Rupture","Flame Barrier"],"picked":"Clash+1","floor":14}],"player_experience":454262,"relics_obtained":[{"floor":6,"key":"HornCleat"},{"floor":9,"key":"Molten Egg 2"},{"floor":13,"key":"Sundial"}],"event_choices":[{"damage_healed":0,"gold_gain":0,"player_choice":"Grow","damage_taken":0,"max_hp_gain":0,"max_hp_loss":0,"event_name":"Living Wall","floor":3,"gold_loss":0,"cards_upgraded":["Cleave"]},{"damage_healed":0,"gold_gain":0,"player_choice":"Success","damage_taken":3,"relics_obtained":["Nunchaku"],"max_hp_gain":0,"max_hp_loss":0,"event_name":"Scrap Ooze","floor":5,"gold_loss":0},{"cards_removed":["Strike_R"],"damage_healed":0,"gold_gain":0,"player_choice":"Card Removal","damage_taken":0,"max_hp_gain":0,"max_hp_loss":0,"event_name":"Wheel of Change","floor":11,"gold_loss":0}],"is_beta":false,"boss_relics":[],"items_purged_floors":[],"is_endless":false,"potions_floor_spawned":[4,8,14],"killed_by":"Hexaghost","ascension_level":11}}