{"host":"1qhzi8r9ejho5yph","time":1612982630,"event":{"mods":["AchievementEnabler","BaseMod","Colored Map","Colored Powertips","Highlight Path","Minty Spire (QoL Compilation)","Permanent Neow","Quick Restart","Random Character Button","StSLib","SuperFastMode","Synergy Search"],"gold_per_floor":[114,127,127,141,152,186,198,198,198,198,198,213,52,67,67,172,172,187,136,150,169,169,169],"floor_reached":22,"language":"ENG","playtime":608,"items_purged":["Defend_R"],"score":190,"play_id":"53b830ad-d5a8-43ce-b4f0-0ad04e965259","local_time":"20210211024350","is_ascension_mode":false,"campfire_choices":[{"data":"Perfected Strike","floor":8,"key":"SMITH"},{"data":"Inflame","floor":10,"key":"SMITH"},{"data":"Dual Wield","floor":15,"key":"SMITH"}],"circlet_count":0,"master_deck":["Strike_R","Strike_R","Strike_R","Strike_R","Defend_R","Defend_R","Defend_R","Perfected Strike+1","Thunderclap","Sever Soul","Headbutt","Inflame+1","Trip","Dual Wield+1","Brutality","True Grit","Perfected Strike","Twin Strike","Evolve"],"relics":["Black Blood","Question Card","White Beast Statue"],"acts_visited":["Exordium","TheCity"],"potions_floor_usage":[6,20,21,21,21,22],"damage_taken":[{"damage":6,"enemies":"Cultist","floor":1,"turns":3},{"damage":6,"enemies":"Jaw Worm","floor":2,"turns":3},{"damage":2,"enemies":"Small Slimes","floor":4,"turns":3},{"damage":0,"enemies":"Exordium Wildlife","floor":5,"turns":3},{"damage":26,"enemies":"Lagavulin","floor":6,"turns":5},{"damage":19,"enemies":"Lots of Slimes","floor":7,"turns":5},{"damage":7,"enemies":"3 Louse","floor":12,"turns":3},{"damage":21,"enemies":"Exordium Thugs","floor":14,"turns":3},{"damage":16,"enemies":"Slime Boss","floor":16,"turns":5},{"damage":67,"enemies":"3 Byrds","floor":18,"turns":6},{"damage":23,"enemies":"Shell Parasite","floor":20,"turns":3},{"damage":41,"enemies":"Snake Plant","floor":21,"turns":4},{"damage":46,"enemies":"3 Cultists","floor":22,"turns":5}],"seed_played":"-2132341716690381067","potions_obtained":[{"floor":2,"key":"AttackPotion"},{"floor":6,"key":"LiquidMemories"},{"floor":12,"key":"Regen Potion"},{"floor":14,"key":"GamblersBrew"},{"floor":18,"key":"EssenceOfSteel"},{"floor":20,"key":"Regen Potion"},{"floor":21,"key":"BloodPotion"}],"is_trial":false,"path_per_floor":["M","M","?","M","M","E","M","R","T","R","?","M","$","M","R","B",null,"M","$","M","M","M"],"character_chosen":"IRONCLAD","items_purchased":["Trip","Perfected Strike"],"campfire_rested":0,"item_purchase_floors":[13,19],"current_hp_per_floor":[80,80,85,85,85,65,52,52,52,52,45,44,44,29,29,19,85,30,30,19,34,0,0],"gold":169,"neow_bonus":"REMOVE_CARD","is_daily":false,"chose_seed":false,"campfire_upgraded":3,"win_rate":0.0,"timestamp":1612982630,"path_taken":["M","?","?","M","M","E","M","R","T","R","?","M","$","?","R","BOSS","M","$","M","?","M"],"items_purchased_type":["Card","Card"],"build_version":"2020-12-22","purchased_purges":1,"victory":false,"max_hp_per_floor":[80,80,85,85,85,85,85,85,85,85,85,85,85,85,85,85,85,85,85,85,85,85,85],"card_choices":[{"not_picked":["Clash","Havoc"],"picked":"Perfected Strike","floor":1},{"not_picked":["Power Through","Flame Barrier"],"picked":"Thunderclap","floor":2},{"not_picked":["Clash","Heavy Blade"],"picked":"Sever Soul","floor":4},{"not_picked":["Flex","Anger"],"picked":"Headbutt","floor":5},{"not_picked":["Armaments","Evolve"],"picked":"Inflame","floor":6},{"not_picked":["Infernal Blade","Body Slam","Dropkick","Thunderclap"],"picked":"SKIP","floor":7},{"not_picked":["Body Slam","Cleave","Havoc","Metallicize"],"picked":"SKIP","floor":12},{"not_picked":["Sentinel","Bludgeon","Sever Soul"],"picked":"Dual Wield","floor":14},{"not_picked":["Barricade","Reaper","Limit Break"],"picked":"Brutality","floor":16},{"not_picked":["Blood for Blood","Warcry","Iron Wave"],"picked":"True Grit","floor":18},{"not_picked":["Battle Trance","Spot Weakness","Warcry"],"picked":"Twin Strike","floor":20},{"not_picked":["Metallicize","Rampage","Infernal Blade"],"picked":"Evolve","floor":21}],"player_experience":377021,"relics_obtained":[{"floor":6,"key":"Question Card"},{"floor":9,"key":"White Beast Statue"}],"event_choices":[{"damage_healed":0,"gold_gain":0,"player_choice":"Donut","damage_taken":0,"max_hp_gain":5,"max_hp_loss":0,"event_name":"Big Fish","floor":3,"gold_loss":0},{"cards_removed":["Bash"],"damage_healed":0,"gold_gain":0,"player_choice":"Card Removal","damage_taken":7,"max_hp_gain":0,"max_hp_loss":0,"event_name":"Golden Wing","floor":11,"gold_loss":0}],"is_beta":false,"boss_relics":[{"not_picked":["Calling Bell","Empty Cage"],"picked":"Black Blood"}],"items_purged_floors":[13],"is_endless":false,"potions_floor_spawned":[2,6,12,14,16,18,20,21],"killed_by":"3 Cultists","ascension_level":0}}