{"host":"sxnl403xm2xmiyj1","time":1612974268,"event":{"mods":["AchievementEnabler","BaseMod","Colored Map","Keyboard Shortcuts","Minty Spire (QoL Compilation)","Quick Restart","StSLib","SuperFastMode"],"gold_per_floor":[118,131,14,14,25,25,39,53,77,93,121,121,147,222,222,300,300,319,332,352,15,30,30,55,55,55,80,104,116,128,128],"floor_reached":30,"language":"KOR","playtime":720,"items_purged":["Strike_G"],"score":508,"play_id":"fecfc6e4-9758-4aa8-96bb-7ee71dacd7f5","local_time":"20210211012428","is_ascension_mode":true,"campfire_choices":[{"data":"Mayhem","floor":6.0,"key":"SMITH"},{"data":"Crippling Poison","floor":15.0,"key":"SMITH"},{"floor":23.0,"key":"REST"},{"data":"Bouncing Flask","floor":25.0,"key":"SMITH"}],"circlet_count":0,"master_deck":["AscendersBane","Strike_G","Strike_G","Strike_G","Defend_G","Defend_G","Defend_G","Defend_G","Defend_G","Survivor","Neutralize","Mayhem+1","Crippling Poison+1","Crippling Poison+1","Dash","Bane","Infinite Blades","Dodge and Roll","Blade Dance","Backflip","Concentrate","Glass Knife","Bouncing Flask+1","Bane","Prepared","Blur","Caltrops","Bane","Poisoned Stab+1","Footwork","Deflect"],"relics":["Ring of the Snake","Smiling Mask","Regal Pillow","Anchor","SlaversCollar","Medical Kit","Orichalcum","Pocketwatch","MawBank"],"acts_visited":["TheCity"],"potions_floor_usage":[28],"damage_taken":[{"damage":4.0,"enemies":"2 Louse","floor":1.0,"turns":4.0},{"damage":3.0,"enemies":"Jaw Worm","floor":2.0,"turns":6.0},{"damage":4.0,"enemies":"Cultist","floor":5.0,"turns":5.0},{"damage":11.0,"enemies":"Exordium Thugs","floor":7.0,"turns":5.0},{"damage":4.0,"enemies":"2 Fungi Beasts","floor":8.0,"turns":3.0},{"damage":2.0,"enemies":"Exordium Wildlife","floor":10.0,"turns":4.0},{"damage":7.0,"enemies":"Gremlin Nob","floor":11.0,"turns":4.0},{"damage":7.0,"enemies":"3 Sentries","floor":13.0,"turns":6.0},{"damage":4.0,"enemies":"The Guardian","floor":16.0,"turns":10.0},{"damage":10.0,"enemies":"2 Thieves","floor":18.0,"turns":5.0},{"damage":0.0,"enemies":"Spheric Guardian","floor":19.0,"turns":2.0},{"damage":22.0,"enemies":"Cultist and Chosen","floor":20.0,"turns":6.0},{"damage":8.0,"enemies":"Snecko","floor":22.0,"turns":5.0},{"damage":27.0,"enemies":"Gremlin Leader","floor":24.0,"turns":7.0},{"damage":22.0,"enemies":"Slavers","floor":27.0,"turns":6.0},{"damage":11,"enemies":"Centurion and Healer","floor":28,"turns":6},{"damage":0,"enemies":"3 Cultists","floor":30,"turns":3}],"seed_played":"-2663314820138328835","potions_obtained":[{"floor":5.0,"key":"Block Potion"},{"floor":7.0,"key":"Poison Potion"},{"floor":11.0,"key":"CultistPotion"},{"floor":13.0,"key":"SteroidPotion"},{"floor":16.0,"key":"Energy Potion"},{"floor":19.0,"key":"Regen Potion"},{"floor":20.0,"key":"ColorlessPotion"},{"floor":27.0,"key":"ColorlessPotion"}],"is_trial":false,"path_per_floor":["M","M","$","?","M","R","M","M","T","M","E","?","E","?","R","B",null,"M","M","M","$","M","R","E","R","T","E","M","?","M"],"character_chosen":"THE_SILENT","items_purchased":["Dash","Blur","Medical Kit","Caltrops"],"campfire_rested":1,"item_purchase_floors":[3,21,21,21],"current_hp_per_floor":[55,52,52,57,53,53,42,38,38,36,29,29,22,22,22,18,53,43,43,36,36,28,62,35,35,35,13,2,2,2,2],"gold":128,"neow_bonus":"RANDOM_COLORLESS_2","is_daily":false,"chose_seed":false,"campfire_upgraded":3,"win_rate":0.0,"timestamp":1612974268,"path_taken":["M","M","$","?","M","R","M","M","T","M","E","?","E","?","R","BOSS","M","M","M","$","M","R","E","R","T","E","M","?","M"],"items_purchased_type":["Card","Card","Relic","Card"],"build_version":"2020-12-22","purchased_purges":1,"victory":false,"max_hp_per_floor":[60,60,60,65,65,65,65,65,65,65,65,65,65,65,65,65,65,65,65,65,65,65,65,65,65,65,65,65,65,65,65],"card_choices":[{"not_picked":["Secret Technique","Metamorphosis"],"picked":"Mayhem","floor":0.0},{"not_picked":["Well Laid Plans","Caltrops"],"picked":"Crippling Poison","floor":1.0},{"not_picked":["Riddle With Holes","Outmaneuver"],"picked":"Crippling Poison","floor":2.0},{"not_picked":["Backflip","Acrobatics"],"picked":"Bane","floor":5.0},{"not_picked":["Dagger Spray","Slice"],"picked":"Infinite Blades","floor":7.0},{"not_picked":["Slice","Well Laid Plans"],"picked":"Dodge and Roll","floor":8.0},{"not_picked":["Flying Knee","Distraction"],"picked":"Blade Dance","floor":10.0},{"not_picked":["Flechettes","Underhanded Strike"],"picked":"Backflip","floor":11.0},{"not_picked":["Expertise","Setup"],"picked":"Concentrate","floor":13.0},{"not_picked":["Storm of Steel","Tools of the Trade"],"picked":"Glass Knife","floor":16.0},{"not_picked":["Quick Slash+1","Choke"],"picked":"Bouncing Flask","floor":18.0},{"not_picked":["Escape Plan","Quick Slash"],"picked":"Bane","floor":19.0},{"not_picked":["Expertise","Slice"],"picked":"Prepared","floor":20.0},{"not_picked":["Dagger Throw","Blade Dance"],"picked":"Bane","floor":22.0},{"not_picked":["Infinite Blades","Flying Knee"],"picked":"Poisoned Stab+1","floor":24.0},{"not_picked":["Flying Knee","Sucker Punch+1"],"picked":"Footwork","floor":27.0},{"not_picked":["Dagger Throw+1","Masterful Stab"],"picked":"Deflect","floor":28}],"player_experience":210426,"relics_obtained":[{"floor":9.0,"key":"Smiling Mask"},{"floor":11.0,"key":"Regal Pillow"},{"floor":13.0,"key":"Anchor"},{"floor":24.0,"key":"Orichalcum"},{"floor":26.0,"key":"Pocketwatch"},{"floor":27.0,"key":"MawBank"}],"event_choices":[{"damage_healed":0.0,"max_hp_gain":5.0,"max_hp_loss":0.0,"gold_gain":0.0,"event_name":"Big Fish","player_choice":"Donut","floor":4.0,"gold_loss":0.0,"damage_taken":0.0},{"damage_healed":0.0,"max_hp_gain":0.0,"max_hp_loss":0.0,"gold_gain":0.0,"event_name":"Living Wall","player_choice":"Grow","floor":12.0,"gold_loss":0.0,"damage_taken":0.0,"cards_upgraded":["Crippling Poison"]},{"damage_healed":0.0,"max_hp_gain":0.0,"max_hp_loss":0.0,"gold_gain":75.0,"event_name":"Golden Wing","player_choice":"Gained Gold","floor":14.0,"gold_loss":0.0,"damage_taken":0.0},{"cards_removed":["Strike_G"],"damage_healed":0,"gold_gain":0,"player_choice":"Purged","damage_taken":0,"max_hp_gain":0,"max_hp_loss":0,"event_name":"Purifier","floor":29,"gold_loss":0}],"is_beta":false,"boss_relics":[{"not_picked":["Snecko Eye","Cursed Key"],"picked":"SlaversCollar"}],"items_purged_floors":[3],"is_endless":false,"potions_floor_spawned":[5,7,11,13,16,19,20,27],"killed_by":"3 Cultists","ascension_level":16}}