{"host":"qp7xs8nuzfsyommi","time":1612987920,"event":{"mods":["2.2 Compatiblity","BaseMod","Colored Powertips","DeckTracker","Highlight Path","Minty Spire (QoL Compilation)","Permanent Neow","StSLib"],"gold_per_floor":[118,118,9,24,24,174,174,186,186,214,224,224,69,93,93,93,93],"floor_reached":16,"language":"ENG","playtime":405,"items_purged":["Doubt"],"score":200,"play_id":"3fe58ae5-1f20-4da7-b6b9-cefc181492bb","local_time":"20210210151200","is_ascension_mode":true,"campfire_choices":[{"data":"Storm","floor":7,"key":"SMITH"},{"floor":15,"key":"REST"}],"circlet_count":0,"master_deck":["AscendersBane","Strike_B","Strike_B","Defend_B","Defend_B","Defend_B","Defend_B","Zap","Dualcast","Redo","Storm+1","Compile Driver","Coolheaded","White Noise","Hologram","Self Repair","Glacier","Storm","Multi-Cast"],"relics":["Cracked Core","NeowsBlessing","Symbiotic Virus","Ice Cream","Golden Idol"],"acts_visited":["Exordium"],"potions_floor_usage":[16],"damage_taken":[{"damage":0,"enemies":"Jaw Worm","floor":1,"turns":1},{"damage":0,"enemies":"2 Louse","floor":4,"turns":1},{"damage":0,"enemies":"Small Slimes","floor":8,"turns":1},{"damage":12,"enemies":"Gremlin Nob","floor":10,"turns":4},{"damage":2,"enemies":"2 Fungi Beasts","floor":11,"turns":3},{"damage":18,"enemies":"Large Slime","floor":14,"turns":3},{"damage":41,"enemies":"Hexaghost","floor":16,"turns":9}],"seed_played":"-5086255327311404436","potions_obtained":[{"floor":14,"key":"AttackPotion"}],"is_trial":false,"path_per_floor":["M","?","$","M","?","?","R","M","T","E","M","?","$","M","R","B"],"character_chosen":"DEFECT","items_purchased":["Storm","Compile Driver","Storm"],"campfire_rested":1,"item_purchase_floors":[3,3,13],"current_hp_per_floor":[64,57,57,57,57,57,57,57,57,45,50,26,26,15,36,0,0],"gold":93,"neow_bonus":"THREE_ENEMY_KILL","is_daily":false,"chose_seed":false,"campfire_upgraded":1,"win_rate":0.0,"timestamp":1612987920,"path_taken":["M","?","$","M","?","?","R","?","T","E","M","?","?","M","R","BOSS"],"items_purchased_type":["Card","Card","Card"],"build_version":"2020-12-22","purchased_purges":1,"victory":false,"max_hp_per_floor":[71,71,71,71,71,71,71,71,71,71,71,71,71,71,71,71,71],"card_choices":[{"not_picked":["Rebound","Capacitor"],"picked":"Redo","floor":1},{"not_picked":["Conserve Battery","Consume"],"picked":"Coolheaded","floor":4},{"not_picked":["Steam Power","Streamline"],"picked":"Hologram","floor":8},{"not_picked":["Reprogram","Sweeping Beam"],"picked":"Self Repair","floor":10},{"not_picked":["Stack","Consume"],"picked":"Glacier","floor":11},{"not_picked":["Hologram","Coolheaded"],"picked":"Multi-Cast","floor":14}],"player_experience":1851603,"relics_obtained":[{"floor":9,"key":"Symbiotic Virus"},{"floor":10,"key":"Ice Cream"}],"event_choices":[{"cards_removed":["Strike_B"],"damage_healed":0,"gold_gain":0,"player_choice":"Card Removal","damage_taken":7,"max_hp_gain":0,"max_hp_loss":0,"event_name":"Golden Wing","floor":2,"gold_loss":0},{"damage_healed":0,"gold_gain":0,"cards_transformed":["Strike_B"],"player_choice":"Change","damage_taken":0,"max_hp_gain":0,"max_hp_loss":0,"event_name":"Living Wall","floor":5,"gold_loss":0,"cards_obtained":["White Noise"]},{"damage_healed":0,"gold_gain":150,"player_choice":"AGREE","damage_taken":0,"max_hp_gain":0,"max_hp_loss":0,"event_name":"Liars Game","floor":6,"gold_loss":0,"cards_obtained":["Doubt"]},{"damage_healed":0,"gold_gain":0,"player_choice":"Take Damage","damage_taken":24,"relics_obtained":["Golden Idol"],"max_hp_gain":0,"max_hp_loss":0,"event_name":"Golden Idol","floor":12,"gold_loss":0}],"is_beta":false,"boss_relics":[],"items_purged_floors":[13],"is_endless":false,"potions_floor_spawned":[14],"killed_by":"Hexaghost","ascension_level":20}}