{"host":"h4lp0eeso8a0ssq0","time":1612929082,"event":{"mods":["2.2 Compatiblity","AchievementEnabler","BaseMod","CapriCore","Colored Map","Minty Spire (QoL Compilation)","StSLib","SuperFastMode"],"gold_per_floor":[114,114,189,189,206,231,156,156,179,205,205,230,255,284,284,369,369,393,407,96,120,100,127,127,42,42,42,42],"floor_reached":27,"language":"KOR","playtime":480,"items_purged":["Strike_G","Strike_G"],"score":503,"play_id":"8d31ba17-7ceb-4017-9b0c-0817f089f841","local_time":"20210210125122","is_ascension_mode":true,"campfire_choices":[{"data":"Blade Dance","floor":8.0,"key":"SMITH"},{"data":"Dagger Spray","floor":11.0,"key":"SMITH"},{"data":"Accuracy","floor":15,"key":"SMITH"},{"floor":24,"key":"REST"}],"circlet_count":0,"master_deck":["AscendersBane","Strike_G","Defend_G","Defend_G","Defend_G","Defend_G","Defend_G","Survivor","Neutralize","PiercingWail","Blade Dance+1","Dagger Spray+1","Dagger Throw","Terror","Accuracy+1","Corpse Explosion","Blade Dance","Cloak And Dagger","Quick Slash","Backflip"],"relics":["Ring of the Snake","NeowsBlessing","Toy Ornithopter","CeramicFish","Sozu","Oddly Smooth Stone","CaptainsWheel","Orichalcum","Snake Skull"],"acts_visited":["Exordium","TheCity"],"potions_floor_usage":[16,23],"damage_taken":[{"damage":0.0,"enemies":"Small Slimes","floor":1.0,"turns":1.0},{"damage":0.0,"enemies":"Jaw Worm","floor":5.0,"turns":1.0},{"damage":0.0,"enemies":"3 Sentries","floor":6.0,"turns":2.0},{"damage":0.0,"enemies":"Cultist","floor":10.0,"turns":4.0},{"damage":0.0,"enemies":"Lots of Slimes","floor":12.0,"turns":2.0},{"damage":3.0,"enemies":"Looter","floor":13.0,"turns":4.0},{"damage":6.0,"enemies":"Blue Slaver","floor":14.0,"turns":4.0},{"damage":7,"enemies":"Slime Boss","floor":16,"turns":5},{"damage":0,"enemies":"Spheric Guardian","floor":18,"turns":3},{"damage":14,"enemies":"Shell Parasite","floor":19,"turns":3},{"damage":16,"enemies":"Snake Plant","floor":21,"turns":4},{"damage":22,"enemies":"Book of Stabbing","floor":23,"turns":5},{"damage":31,"enemies":"Slavers","floor":27,"turns":2}],"seed_played":"-8790576668619292115","potions_obtained":[{"floor":5.0,"key":"CunningPotion"},{"floor":12.0,"key":"Weak Potion"}],"is_trial":false,"path_per_floor":["M","?","?","?","M","E","$","R","T","M","R","M","M","M","R","B",null,"M","M","$","M","$","E","R","?","T","E"],"character_chosen":"THE_SILENT","items_purchased":["Cloak And Dagger","Oddly Smooth Stone","Backflip"],"campfire_rested":1,"item_purchase_floors":[20,20,22],"current_hp_per_floor":[59,52,41,41,41,41,41,41,41,41,41,41,38,32,32,30,57,57,43,43,27,27,10,29,29,29,0,0],"gold":42,"neow_bonus":"THREE_ENEMY_KILL","is_daily":false,"chose_seed":false,"campfire_upgraded":3,"win_rate":0.0,"timestamp":1612929082,"path_taken":["M","?","?","?","?","E","$","R","T","M","R","M","M","?","R","BOSS","M","M","$","M","?","E","R","?","T","E"],"items_purchased_type":["Card","Relic","Card"],"build_version":"2020-12-22","purchased_purges":2,"victory":false,"max_hp_per_floor":[66,66,66,66,66,66,66,66,66,66,66,66,66,66,66,66,66,66,66,66,66,66,66,66,66,66,66,66],"card_choices":[{"not_picked":["Bane","Sucker Punch"],"picked":"PiercingWail","floor":1.0},{"not_picked":["Slice","Escape Plan"],"picked":"Blade Dance","floor":5.0},{"not_picked":["Slice","Expertise","Riddle With Holes"],"picked":"SKIP","floor":6.0},{"not_picked":["Slice","Outmaneuver"],"picked":"Dagger Spray","floor":10.0},{"not_picked":["Dagger Spray","Skewer"],"picked":"Dagger Throw","floor":12.0},{"not_picked":["Prepared","Slice"],"picked":"Terror","floor":13.0},{"not_picked":["Deflect","Prepared"],"picked":"Accuracy","floor":14.0},{"not_picked":["Doppelganger","Bullet Time"],"picked":"Corpse Explosion","floor":16},{"not_picked":["Bane","Slice"],"picked":"Blade Dance","floor":18},{"not_picked":["Deflect","Deadly Poison","Underhanded Strike"],"picked":"SKIP","floor":19},{"not_picked":["Infinite Blades","Poisoned Stab"],"picked":"Quick Slash","floor":21},{"not_picked":["Outmaneuver","Deflect","Catalyst"],"picked":"SKIP","floor":23}],"player_experience":207810,"relics_obtained":[{"floor":6.0,"key":"Toy Ornithopter"},{"floor":9.0,"key":"CeramicFish"},{"floor":23,"key":"CaptainsWheel"},{"floor":26,"key":"Snake Skull"}],"event_choices":[{"cards_removed":["Strike_G"],"damage_healed":0.0,"max_hp_gain":0.0,"max_hp_loss":0.0,"gold_gain":0.0,"event_name":"Golden Wing","player_choice":"Card Removal","floor":2.0,"gold_loss":0.0,"damage_taken":7.0},{"damage_healed":0.0,"max_hp_gain":0.0,"max_hp_loss":0.0,"gold_gain":75.0,"event_name":"World of Goop","player_choice":"Gather Gold","floor":3.0,"gold_loss":0.0,"damage_taken":11.0},{"cards_removed":["Strike_G"],"damage_healed":0.0,"max_hp_gain":0.0,"max_hp_loss":0.0,"gold_gain":0.0,"event_name":"Bonfire Elementals","player_choice":"Offered Basic","floor":4.0,"gold_loss":0.0,"damage_taken":0.0},{"damage_healed":0,"gold_gain":0,"player_choice":"Obtained Relic","damage_taken":0,"relics_obtained":["Orichalcum"],"max_hp_gain":0,"max_hp_loss":0,"event_name":"Addict","floor":25,"gold_loss":85}],"is_beta":false,"boss_relics":[{"not_picked":["HoveringKite","SlaversCollar"],"picked":"Sozu"}],"items_purged_floors":[7,20],"is_endless":false,"potions_floor_spawned":[5,12,13,14,23],"killed_by":"Slavers","ascension_level":19}}