{"host":"aqym1xxr3lb31d9m","time":1612953461,"event":{"mods":["BaseMod","Block Reminder","Colored Map","Colored Powertips","DeckTracker","Highlight Path","Minty Spire (QoL Compilation)","Quick Restart","Random Character Button","StSLib","SuperFastMode","UnlockEverythingMod"],"gold_per_floor":[118,129,103,120,120,154,169,169,218,234,234,262,273,301,301,301,301],"floor_reached":16,"language":"JPN","playtime":553,"items_purged":[],"score":244,"play_id":"d1e0545e-91c2-4a91-8a7f-fc9063cce05f","local_time":"20210210193741","is_ascension_mode":true,"campfire_choices":[{"data":"Bludgeon","floor":8,"key":"SMITH"},{"data":"Bash","floor":15,"key":"SMITH"}],"circlet_count":0,"master_deck":["AscendersBane","Strike_R","Strike_R","Strike_R","Strike_R","Defend_R","Defend_R","Defend_R","Bash+1","Bludgeon+1","Feel No Pain","Rage","Cleave","Pommel Strike","Infernal Blade","Battle Trance","Shockwave+1","Offering","Spot Weakness","Metallicize"],"relics":["Burning Blood","Shuriken","Bronze Scales","Bottled Flame"],"acts_visited":["Exordium"],"potions_floor_usage":[6,6,14],"damage_taken":[{"damage":12,"enemies":"Jaw Worm","floor":1,"turns":2},{"damage":4,"enemies":"2 Louse","floor":2,"turns":3},{"damage":9,"enemies":"Small Slimes","floor":4,"turns":4},{"damage":26,"enemies":"Lagavulin","floor":6,"turns":5},{"damage":14,"enemies":"Gremlin Gang","floor":7,"turns":3},{"damage":7,"enemies":"3 Louse","floor":10,"turns":3},{"damage":8,"enemies":"Gremlin Nob","floor":12,"turns":3},{"damage":0,"enemies":"Blue Slaver","floor":13,"turns":2},{"damage":12,"enemies":"Lagavulin","floor":14,"turns":5},{"damage":27,"enemies":"Slime Boss","floor":16,"turns":8}],"seed_played":"6671338875904465394","potions_obtained":[{"floor":1,"key":"BlessingOfTheForge"},{"floor":2,"key":"Regen Potion"},{"floor":6,"key":"ColorlessPotion"},{"floor":13,"key":"SpeedPotion"}],"is_trial":false,"path_per_floor":["M","M","$","M","$","E","M","R","T","M","?","E","M","E","R","B"],"character_chosen":"IRONCLAD","items_purchased":["Pommel Strike"],"campfire_rested":0,"item_purchase_floors":[3],"current_hp_per_floor":[44,46,46,43,43,37,29,29,29,28,28,26,32,26,26,0,0],"gold":301,"neow_bonus":"TRANSFORM_TWO_CARDS","is_daily":false,"chose_seed":false,"campfire_upgraded":2,"win_rate":0.0,"timestamp":1612953461,"path_taken":["M","M","$","M","$","E","M","R","T","M","?","E","M","E","R","BOSS"],"items_purchased_type":["Card"],"build_version":"2020-12-22","purchased_purges":0,"victory":false,"max_hp_per_floor":[75,75,75,75,75,75,75,75,75,75,75,75,75,75,75,75,75],"card_choices":[{"not_picked":["Rampage","Perfected Strike"],"picked":"Rage","floor":1},{"not_picked":["Warcry","Iron Wave"],"picked":"Cleave","floor":2},{"not_picked":["Wild Strike","Hemokinesis"],"picked":"Infernal Blade","floor":4},{"not_picked":["Headbutt","Clash"],"picked":"Battle Trance","floor":6},{"not_picked":["Dual Wield","Flex","Barricade"],"picked":"SKIP","floor":7},{"not_picked":["Havoc","Sword Boomerang"],"picked":"Shockwave","floor":10},{"not_picked":["Warcry","Headbutt"],"picked":"Offering","floor":12},{"not_picked":["Warcry","Seeing Red"],"picked":"Spot Weakness","floor":13},{"not_picked":["Hemokinesis","Body Slam"],"picked":"Metallicize","floor":14}],"player_experience":4197495,"relics_obtained":[{"floor":6,"key":"Shuriken"},{"floor":12,"key":"Bronze Scales"},{"floor":14,"key":"Bottled Flame"}],"event_choices":[{"damage_healed":0,"gold_gain":0,"player_choice":"Grow","damage_taken":0,"max_hp_gain":0,"max_hp_loss":0,"event_name":"Living Wall","floor":11,"gold_loss":0,"cards_upgraded":["Shockwave"]}],"is_beta":false,"boss_relics":[],"items_purged_floors":[],"is_endless":false,"potions_floor_spawned":[1,2,6,13],"killed_by":"Slime Boss","ascension_level":20}}