{"host":"f3chan41r3z23lol","time":1612945394,"event":{"mods":["BaseMod","Hermit","Minty Spire (QoL Compilation)","StSLib","The Poker Player"],"gold_per_floor":[217,231,231,231,256,256,297,297,297,297,318,393,407,73,73,73,73,73],"floor_reached":16,"language":"KOR","playtime":382,"items_purged":[],"score":105,"play_id":"c20c0ea9-f6d8-4d70-9599-452a51a3cde9","local_time":"20210210172314","is_ascension_mode":true,"metric_token":350,"campfire_choices":[{"data":"PokerPlayerMod:Club1","floor":6,"key":"SMITH"},{"data":"PokerPlayerMod:Club2","floor":8,"key":"SMITH"},{"data":"PokerPlayerMod:Mulligan","floor":10,"key":"SMITH"},{"floor":15,"key":"REST"}],"circlet_count":0,"master_deck":["PokerPlayerMod:Diamond1","PokerPlayerMod:Diamond2","PokerPlayerMod:Diamond3","PokerPlayerMod:Diamond4","PokerPlayerMod:Diamond5","PokerPlayerMod:Spade1","PokerPlayerMod:Spade2","PokerPlayerMod:Spade3","PokerPlayerMod:Spade4","PokerPlayerMod:Club3","PokerPlayerMod:Club2","PokerPlayerMod:Heart2","PokerPlayerMod:TrumpStrike","PokerPlayerMod:BadJoker","PokerPlayerMod:Mulligan+1","PokerPlayerMod:Club4","Injury","PokerPlayerMod:ClubDance","PokerPlayerMod:Trickery","PokerPlayerMod:Club6"],"relics":["PokerPlayerMod:DeckCase","Letter Opener","Golden Idol","Toy Ornithopter","Girya","TungstenRod"],"acts_visited":["Exordium"],"potions_floor_usage":[],"damage_taken":[{"damage":0,"enemies":"2 Louse","floor":1,"turns":2},{"damage":0,"enemies":"Small Slimes","floor":2,"turns":1},{"damage":5,"enemies":"Jaw Worm","floor":5,"turns":2},{"damage":4,"enemies":"Gremlin Nob","floor":7,"turns":3},{"damage":0,"enemies":"Large Slime","floor":11,"turns":4},{"damage":15,"enemies":"Exordium Thugs","floor":13,"turns":3},{"damage":25,"enemies":"The Guardian","floor":16,"turns":7}],"seed_played":"-5904196821455291613","potions_obtained":[{"floor":2,"key":"LiquidMemories"},{"floor":5,"key":"DuplicationPotion"}],"is_trial":false,"path_per_floor":["M","M","?","?","M","R","E","R","T","R","M","?","M","$","R","B"],"character_chosen":"THE_POKER_PLAYER","items_purchased":["PokerPlayerMod:Club6","TungstenRod"],"campfire_rested":1,"item_purchase_floors":[14,14],"current_hp_per_floor":[52,52,27,27,25,25,24,24,24,24,29,18,8,8,23,0,0,0],"gold":73,"neow_bonus":"HUNDRED_GOLD","is_daily":false,"chose_seed":false,"campfire_upgraded":3,"win_rate":0.0,"timestamp":1612945394,"path_taken":["M","M","?","?","M","R","E","R","T","R","M","?","M","?","R","BOSS"],"items_purchased_type":["Card","Relic"],"build_version":"2020-12-22","purchased_purges":0,"victory":false,"max_hp_per_floor":[52,52,52,52,52,52,52,52,52,52,52,52,52,52,52,52,52,52],"card_choices":[{"not_picked":["PokerPlayerMod:SpadeStrike","PokerPlayerMod:Diamond4"],"picked":"PokerPlayerMod:Club4","floor":1},{"not_picked":["PokerPlayerMod:Spade2","PokerPlayerMod:CardBurn","PokerPlayerMod:Heart1"],"picked":"SKIP","floor":2},{"not_picked":["PokerPlayerMod:Spade4","PokerPlayerMod:Club4"],"picked":"PokerPlayerMod:ClubDance","floor":5},{"not_picked":["PokerPlayerMod:Diamond5","PokerPlayerMod:ClubsClub","PokerPlayerMod:Club3"],"picked":"SKIP","floor":7},{"not_picked":["PokerPlayerMod:ClubStrike","PokerPlayerMod:Diamond2","PokerPlayerMod:Spade3"],"picked":"SKIP","floor":11},{"not_picked":["PokerPlayerMod:Spade2","PokerPlayerMod:ClubsClub"],"picked":"PokerPlayerMod:Trickery","floor":13}],"player_experience":250905,"relics_obtained":[{"floor":7,"key":"Toy Ornithopter"},{"floor":9,"key":"Girya"}],"event_choices":[{"damage_healed":0,"gold_gain":0,"player_choice":"Success","damage_taken":25,"relics_obtained":["Letter Opener"],"max_hp_gain":0,"max_hp_loss":0,"event_name":"Scrap Ooze","floor":3,"gold_loss":0},{"damage_healed":0,"gold_gain":0,"player_choice":"Take Wound","damage_taken":0,"relics_obtained":["Golden Idol"],"max_hp_gain":0,"max_hp_loss":0,"event_name":"Golden Idol","floor":4,"gold_loss":0,"cards_obtained":["Injury"]},{"damage_healed":0,"gold_gain":75,"player_choice":"Gather Gold","damage_taken":11,"max_hp_gain":0,"max_hp_loss":0,"event_name":"World of Goop","floor":12,"gold_loss":0}],"is_beta":false,"boss_relics":[],"items_purged_floors":[],"is_endless":false,"potions_floor_spawned":[2,5],"killed_by":"The Guardian","ascension_level":1}}