{"host":"b4oqa93y40rb9616","time":1612996308,"event":{"mods":["BaseMod","Colored Map","Custom Start","DeckTracker","Keyboard Shortcuts","Minty Spire (QoL Compilation)","Permanent Neow","Quick Restart","StSLib","SuperFastMode","everything is the same but u backflip on backflip"],"gold_per_floor":[11,29,39,53,71,71,23,23,74,84,84,34,62,115,115,192,192,207,218,218,238,188,188,203,203,203,234,245,4,14,45,45,121,121,131,51,70,70,82,82,102,130,130,1,35,35,67,167,167,167,167,167,13,40,40],"floor_reached":56,"language":"KOR","playtime":1841,"items_purged":["Strike_G","Strike_G"],"score":1986,"play_id":"8de5d862-02ae-4d3e-a337-abecfa897307","local_time":"20210211073148","is_ascension_mode":true,"campfire_choices":[{"data":"Apotheosis","floor":6.0,"key":"SMITH"},{"data":"Noxious Fumes","floor":8.0,"key":"SMITH"},{"data":"Footwork","floor":15.0,"key":"SMITH"},{"floor":23.0,"key":"RECALL"},{"floor":25.0,"key":"REST"},{"floor":32.0,"key":"REST"},{"floor":40.0,"key":"REST"},{"floor":46.0,"key":"REST"},{"floor":49.0,"key":"REST"},{"floor":52.0,"key":"REST"}],"circlet_count":0,"master_deck":["AscendersBane","Strike_G","Strike_G","Defend_G","Defend_G","Defend_G","Defend_G","Defend_G","Survivor","Neutralize","Apotheosis+1","Poisoned Stab","Leg Sweep","Venomology","Noxious Fumes+1","Acrobatics","Dagger Spray","Footwork+1","After Image","Deadly Poison","Blade Dance","A Thousand Cuts","Calculated Gamble","Crippling Poison+1","Blade Dance","Adrenaline","Blade Dance","Terror","Well Laid Plans","PiercingWail+1","Blur","Footwork","Cloak And Dagger+1","Footwork","Accuracy","Finesse+1"],"relics":["Ring of the Snake","Tiny Chest","Question Card","Bag of Preparation","Fusion Hammer","The Courier","Anchor","OrangePellets","Strawberry","Busted Crown","Gremlin Horn","Ancient Tea Set","InkBottle","Toxic Egg 2","Meat on the Bone","Akabeko"],"acts_visited":["Exordium","TheCity","TheBeyond","TheEnding"],"potions_floor_usage":[55],"damage_taken":[{"damage":0.0,"enemies":"Small Slimes","floor":1.0,"turns":5.0},{"damage":1.0,"enemies":"Jaw Worm","floor":2.0,"turns":6.0},{"damage":2.0,"enemies":"2 Louse","floor":3.0,"turns":3.0},{"damage":0.0,"enemies":"Looter","floor":4.0,"turns":3.0},{"damage":31.0,"enemies":"Lots of Slimes","floor":5.0,"turns":4.0},{"damage":9.0,"enemies":"Gremlin Gang","floor":10.0,"turns":5.0},{"damage":2.0,"enemies":"Lagavulin","floor":13.0,"turns":6.0},{"damage":10.0,"enemies":"The Guardian","floor":16.0,"turns":10.0},{"damage":22.0,"enemies":"2 Thieves","floor":18.0,"turns":4.0},{"damage":2.0,"enemies":"3 Byrds","floor":19.0,"turns":4.0},{"damage":11.0,"enemies":"Snake Plant","floor":21.0,"turns":5.0},{"damage":11.0,"enemies":"Sentry and Sphere","floor":24.0,"turns":6.0},{"damage":5.0,"enemies":"Book of Stabbing","floor":27.0,"turns":7.0},{"damage":8.0,"enemies":"Centurion and Healer","floor":28.0,"turns":5.0},{"damage":4.0,"enemies":"Chosen and Byrds","floor":30.0,"turns":5.0},{"damage":7.0,"enemies":"Slavers","floor":31.0,"turns":5.0},{"damage":21.0,"enemies":"Champ","floor":33.0,"turns":10.0},{"damage":8.0,"enemies":"Orb Walker","floor":35.0,"turns":3.0},{"damage":0.0,"enemies":"3 Shapes","floor":37.0,"turns":3.0},{"damage":4.0,"enemies":"Transient","floor":39.0,"turns":5.0},{"damage":4.0,"enemies":"Spire Growth","floor":41.0,"turns":6.0},{"damage":12.0,"enemies":"Reptomancer","floor":42.0,"turns":5.0},{"damage":6.0,"enemies":"Giant Head","floor":45.0,"turns":9.0},{"damage":0.0,"enemies":"Nemesis","floor":47.0,"turns":7.0},{"damage":4.0,"enemies":"Awakened One","floor":50.0,"turns":11.0},{"damage":15.0,"enemies":"Shield and Spear","floor":54.0,"turns":6.0},{"damage":48,"enemies":"The Heart","floor":55,"turns":11}],"seed_played":"-3501229129031575334","potions_obtained":[{"floor":2.0,"key":"Regen Potion"},{"floor":4.0,"key":"Weak Potion"},{"floor":5.0,"key":"GamblersBrew"},{"floor":13.0,"key":"FearPotion"},{"floor":27.0,"key":"Strength Potion"},{"floor":28.0,"key":"Fire Potion"},{"floor":45.0,"key":"FearPotion"},{"floor":47.0,"key":"FairyPotion"}],"is_trial":false,"path_per_floor":["M","M","M","M","M","R","$","R","T","M","?","?","E","T","R","B",null,"M","M","T","M","?","R","M","R","T","E","M","$","M","E","R","B",null,"M","$","M","T","M","R","M","E","T","$","E","R","E","?","R","B",null,"R","$","E","B",null],"character_chosen":"THE_SILENT","items_purchased":["Dagger Spray","Calculated Gamble","OrangePellets","Blur","Footwork","Footwork","Accuracy","Finesse+1"],"campfire_rested":6,"item_purchase_floors":[7,29,29,44,44,53,53,53],"current_hp_per_floor":[59,58,56,56,39,39,39,39,39,30,35,35,33,33,33,23,59,37,35,35,36,36,36,25,46,46,41,33,33,29,29,52,31,66,58,58,58,58,54,77,73,61,61,61,55,78,78,78,78,74,77,78,78,63,42],"gold":40,"neow_bonus":"RANDOM_COLORLESS_2","is_daily":false,"chose_seed":false,"campfire_upgraded":3,"win_rate":0.0,"timestamp":1612996308,"path_taken":["M","M","M","M","M","R","$","R","T","M","?","?","E","?","R","BOSS","M","M","?","M","?","R","M","R","T","E","M","$","M","E","R","BOSS","M","?","?","?","M","R","?","E","T","$","E","R","E","?","R","BOSS","R","$","E","BOSS"],"items_purchased_type":["Card","Card","Relic","Card","Card","Card","Card","Card"],"build_version":"2020-12-22","purchased_purges":2,"victory":true,"max_hp_per_floor":[66,66,66,66,66,66,66,66,66,66,71,71,71,71,71,71,71,71,71,71,71,71,71,71,71,71,71,71,71,71,78,78,78,78,78,78,78,78,78,78,78,78,78,78,78,78,78,78,78,78,78,78,78,78,78],"card_choices":[{"not_picked":["Secret Technique","Transmutation"],"picked":"Apotheosis","floor":0.0},{"not_picked":["Well Laid Plans","Dagger Throw"],"picked":"Poisoned Stab","floor":1.0},{"not_picked":["Deflect","Sucker Punch"],"picked":"Leg Sweep","floor":2.0},{"not_picked":["Dash","PiercingWail"],"picked":"Venomology","floor":3.0},{"not_picked":["Tactician","Footwork"],"picked":"Noxious Fumes","floor":4.0},{"not_picked":["Prepared","Sucker Punch"],"picked":"Acrobatics","floor":5.0},{"not_picked":["Deflect","Deadly Poison"],"picked":"Footwork","floor":10.0},{"not_picked":["Storm of Steel","All Out Attack","Quick Slash"],"picked":"SKIP","floor":13.0},{"not_picked":["Envenom","Night Terror","Adrenaline"],"picked":"After Image","floor":16.0},{"not_picked":["Sucker Punch+1","Flying Knee+1","Poisoned Stab","All Out Attack"],"picked":"SKIP","floor":18.0},{"not_picked":["Underhanded Strike","Dash","Heel Hook"],"picked":"Deadly Poison","floor":19.0},{"not_picked":["Sucker Punch","Finisher","Flying Knee","Heel Hook"],"picked":"SKIP","floor":21.0},{"not_picked":["Dagger Throw","Setup","Concentrate","Accuracy"],"picked":"SKIP","floor":24.0},{"not_picked":["Bane","Underhanded Strike","Noxious Fumes"],"picked":"Blade Dance","floor":27.0},{"not_picked":["Choke","Slice","Deflect"],"picked":"A Thousand Cuts","floor":28.0},{"not_picked":["Poisoned Stab","Eviscerate+1","Caltrops"],"picked":"Crippling Poison+1","floor":30.0},{"not_picked":["Dagger Spray","Heel Hook","Acrobatics"],"picked":"Blade Dance","floor":31.0},{"not_picked":["After Image","Die Die Die","Grand Finale"],"picked":"Adrenaline","floor":33.0},{"not_picked":["Predator"],"picked":"Blade Dance","floor":35.0},{"not_picked":["Dodge and Roll"],"picked":"Terror","floor":37.0},{"not_picked":["Underhanded Strike"],"picked":"Well Laid Plans","floor":39.0},{"not_picked":["Outmaneuver"],"picked":"PiercingWail+1","floor":41.0},{"not_picked":["Deflect","Distraction"],"picked":"SKIP","floor":42.0},{"not_picked":["Predator","Flying Knee"],"picked":"SKIP","floor":45.0},{"not_picked":["Dagger Spray+1"],"picked":"Cloak And Dagger+1","floor":47.0},{"not_picked":["Flying Knee+1","Distraction+1"],"picked":"SKIP","floor":54.0}],"player_experience":425332,"relics_obtained":[{"floor":9.0,"key":"Tiny Chest"},{"floor":13.0,"key":"Question Card"},{"floor":14.0,"key":"Bag of Preparation"},{"floor":20.0,"key":"The Courier"},{"floor":27.0,"key":"Anchor"},{"floor":31.0,"key":"Strawberry"},{"floor":38.0,"key":"Gremlin Horn"},{"floor":42.0,"key":"Ancient Tea Set"},{"floor":43.0,"key":"InkBottle"},{"floor":45.0,"key":"Toxic Egg 2"},{"floor":47.0,"key":"Meat on the Bone"},{"floor":54.0,"key":"Akabeko"}],"event_choices":[{"damage_healed":0.0,"max_hp_gain":5.0,"max_hp_loss":0.0,"gold_gain":0.0,"event_name":"Big Fish","player_choice":"Donut","floor":11.0,"gold_loss":0.0,"damage_taken":0.0},{"cards_removed":["Strike_G"],"damage_healed":0.0,"max_hp_gain":0.0,"max_hp_loss":0.0,"gold_gain":0.0,"event_name":"The Cleric","player_choice":"Card Removal","floor":12.0,"gold_loss":50.0,"damage_taken":0.0},{"damage_healed":0.0,"max_hp_gain":0.0,"max_hp_loss":0.0,"gold_gain":0.0,"event_name":"The Joust","player_choice":"Bet on Murderer","floor":22.0,"gold_loss":50.0,"damage_taken":0.0},{"damage_healed":0.0,"max_hp_gain":0.0,"max_hp_loss":0.0,"gold_gain":100.0,"event_name":"Golden Shrine","player_choice":"Pray","floor":48.0,"gold_loss":0.0,"damage_taken":0.0}],"is_beta":false,"boss_relics":[{"not_picked":["Velvet Choker","Pandora\u0027s Box"],"picked":"Fusion Hammer"},{"not_picked":["Coffee Dripper","Snecko Eye"],"picked":"Busted Crown"}],"items_purged_floors":[29,36],"is_endless":false,"potions_floor_spawned":[2,4,5,13,18,27,28,30,37,45,47],"ascension_level":14}}