{"host":"d52brwsy6af8zvaq","time":1612942713,"event":{"mods":["AchievementEnabler","BaseMod","Bestiary","Highlight Path","Minty Spire (QoL Compilation)","Quick Restart","Relic Stats","ojb\u0027s Better Paths Mod"],"gold_per_floor":[111,32,32,50,65,65,99,118,118,118,135,135,135,169,169,258,258,273,273,287,310,225,237,290,302,394,8,8,52,52,68,68,164,164,189,189,59,59,72,111,111,91,91,110,110,110],"floor_reached":45,"language":"ENG","playtime":2388,"items_purged":["Strike_B","Strike_B"],"score":978,"play_id":"2fdb67c0-fd60-4217-a675-6db85819ee6c","local_time":"20210210003833","is_ascension_mode":true,"campfire_choices":[{"data":"Dualcast","floor":6.0,"key":"SMITH"},{"data":"Chaos","floor":10.0,"key":"SMITH"},{"floor":12.0,"key":"REST"},{"data":"Compile Driver","floor":15.0,"key":"SMITH"},{"data":"Echo Form","floor":23.0,"key":"SMITH"},{"floor":30.0,"key":"REST"},{"floor":32.0,"key":"REST"},{"floor":41.0,"key":"RECALL"}],"circlet_count":0,"master_deck":["AscendersBane","Strike_B","Strike_B","Defend_B","Defend_B","Defend_B","Defend_B","Zap+1","Dualcast+1","Sweeping Beam","Sunder+1","Compile Driver+1","Leap","Chaos+1","Go for the Eyes","Hologram+1","Seek+1","Echo Form+1","Undo+1","Barrage","Chill+1","Turbo+1","Biased Cognition","Buffer","Seek+1","Leap+1","Hologram+1","Stack+1"],"relics":["Cracked Core","HornCleat","Toxic Egg 2","Golden Idol","Letter Opener","Runic Pyramid","MawBank","StrikeDummy","Mercury Hourglass","DataDisk","Oddly Smooth Stone","Cursed Key","Happy Flower","Anchor"],"acts_visited":["Exordium","TheCity","TheBeyond"],"potions_floor_usage":[],"damage_taken":[{"damage":7.0,"enemies":"Jaw Worm","floor":1.0,"turns":3.0},{"damage":0.0,"enemies":"Small Slimes","floor":4.0,"turns":2.0},{"damage":1.0,"enemies":"Cultist","floor":5.0,"turns":3.0},{"damage":16.0,"enemies":"Lagavulin","floor":7.0,"turns":6.0},{"damage":0.0,"enemies":"2 Fungi Beasts","floor":8.0,"turns":3.0},{"damage":9.0,"enemies":"Blue Slaver","floor":11.0,"turns":3.0},{"damage":3.0,"enemies":"Gremlin Nob","floor":14.0,"turns":4.0},{"damage":30.0,"enemies":"Slime Boss","floor":16.0,"turns":9.0},{"damage":0.0,"enemies":"Chosen","floor":18.0,"turns":4.0},{"damage":0.0,"enemies":"Spheric Guardian","floor":20.0,"turns":4.0},{"damage":0.0,"enemies":"Centurion and Healer","floor":21.0,"turns":6.0},{"damage":12.0,"enemies":"Gremlin Leader","floor":24.0,"turns":8.0},{"damage":29.0,"enemies":"Book of Stabbing","floor":29.0,"turns":6.0},{"damage":11.0,"enemies":"Snake Plant","floor":31.0,"turns":4.0},{"damage":12.0,"enemies":"Champ","floor":33.0,"turns":9.0},{"damage":0.0,"enemies":"3 Darklings","floor":35.0,"turns":5.0},{"damage":0.0,"enemies":"Orb Walker","floor":39.0,"turns":3.0},{"damage":10.0,"enemies":"Reptomancer","floor":40.0,"turns":8.0},{"damage":0.0,"enemies":"4 Shapes","floor":44.0,"turns":4.0},{"damage":49,"enemies":"Giant Head","floor":45,"turns":11}],"seed_played":"3139924287238171355","potions_obtained":[{"floor":5.0,"key":"Strength Potion"},{"floor":7.0,"key":"LiquidBronze"},{"floor":11.0,"key":"Block Potion"},{"floor":18.0,"key":"EssenceOfSteel"},{"floor":20.0,"key":"EssenceOfDarkness"},{"floor":29.0,"key":"PowerPotion"},{"floor":35.0,"key":"FearPotion"},{"floor":40.0,"key":"PotionOfCapacity"}],"is_trial":false,"path_per_floor":["M","$","?","M","M","R","E","M","T","R","M","R","?","E","R","B",null,"M","?","M","M","?","R","E","T","T","$","?","E","R","M","R","B",null,"M","T","$","?","M","E","R","?","T","M","E"],"character_chosen":"DEFECT","items_purchased":["Sunder","Buffer","DataDisk","Regen Potion","Stack+1"],"campfire_rested":3,"item_purchase_floors":[2,27,27,27,37],"current_hp_per_floor":[57,57,57,57,56,56,40,40,40,40,31,52,52,49,49,19,53,53,53,53,53,53,53,41,41,41,41,32,18,37,26,45,33,56,56,56,56,56,56,46,46,46,46,46,0,0],"gold":110,"neow_bonus":"UPGRADE_CARD","is_daily":false,"chose_seed":false,"campfire_upgraded":4,"win_rate":0.0,"timestamp":1612942713,"path_taken":["M","$","?","M","M","R","E","M","T","R","M","R","?","E","R","BOSS","M","?","?","M","?","R","E","?","T","$","?","E","R","M","R","BOSS","M","?","$","?","?","E","R","?","T","M","E"],"items_purchased_type":["Card","Card","Relic","Potion","Card"],"build_version":"2020-12-22","purchased_purges":2,"victory":false,"max_hp_per_floor":[71,71,71,71,71,71,71,71,71,71,71,71,64,64,64,64,64,64,64,64,64,64,64,64,64,64,64,64,64,64,64,64,64,64,64,64,64,64,64,64,64,64,64,64,64,64],"relic_stats":{"Happy Flower":[8],"counters":[20,105],"Golden Idol":100,"Letter Opener":[221],"MawBank":60,"Cursed Key":0,"obtain_stats":[{"Happy Flower":38,"Golden Idol":13,"Oddly Smooth Stone":29,"Letter Opener":14,"MawBank":22,"Cursed Key":34,"Mercury Hourglass":25,"DataDisk":27,"Anchor":40,"HornCleat":7,"Toxic Egg 2":9,"Cracked Core":0,"StrikeDummy":24,"Runic Pyramid":17},{"Happy Flower":16,"Golden Idol":6,"Oddly Smooth Stone":13,"Letter Opener":7,"MawBank":11,"Cursed Key":15,"Mercury Hourglass":12,"DataDisk":12,"Anchor":18,"HornCleat":4,"Toxic Egg 2":5,"Cracked Core":0,"StrikeDummy":12,"Runic Pyramid":8},{"Happy Flower":79,"Golden Idol":20,"Oddly Smooth Stone":61,"Letter Opener":24,"MawBank":47,"Cursed Key":74,"Mercury Hourglass":55,"DataDisk":55,"Anchor":90,"HornCleat":14,"Toxic Egg 2":17,"Cracked Core":0,"StrikeDummy":55,"Runic Pyramid":33}],"Mercury Hourglass":[214]},"card_choices":[{"not_picked":["Rebound","Hologram"],"picked":"Sweeping Beam","floor":1.0},{"not_picked":["Conserve Battery","Reprogram"],"picked":"Compile Driver","floor":4.0},{"not_picked":["Gash","Rebound"],"picked":"Leap","floor":5.0},{"not_picked":["Hello World","Ball Lightning"],"picked":"Chaos","floor":7.0},{"not_picked":["Steam","Reinforced Body"],"picked":"Go for the Eyes","floor":8.0},{"not_picked":["Sweeping Beam","Compile Driver"],"picked":"Hologram+1","floor":11.0},{"not_picked":["Genetic Algorithm+1","Steam+1"],"picked":"Seek+1","floor":14.0},{"not_picked":["Multi-Cast+1","Thunder Strike"],"picked":"Echo Form","floor":16.0},{"not_picked":["Ball Lightning+1","Chaos+1"],"picked":"Undo+1","floor":18.0},{"not_picked":["Aggregate+1","Scrape"],"picked":"Chill+1","floor":20.0},{"not_picked":["Sweeping Beam","Fusion+1"],"picked":"Turbo+1","floor":21.0},{"not_picked":["Cold Snap+1","Streamline"],"picked":"Biased Cognition","floor":24.0},{"not_picked":["Barrage","Steam+1"],"picked":"Seek+1","floor":29.0},{"not_picked":["Go for the Eyes","Steam+1"],"picked":"Leap+1","floor":31.0},{"not_picked":["Redo+1","Conserve Battery+1"],"picked":"Hologram+1","floor":35.0},{"not_picked":["Scrape","Fusion+1","Streamline"],"picked":"SKIP","floor":39.0},{"not_picked":["Tempest+1","Doom and Gloom","Storm"],"picked":"SKIP","floor":40.0},{"not_picked":["Gash","Recycle+1","Conserve Battery+1"],"picked":"SKIP","floor":44.0}],"player_experience":2214914,"relics_obtained":[{"floor":7.0,"key":"HornCleat"},{"floor":9.0,"key":"Toxic Egg 2"},{"floor":14.0,"key":"Letter Opener"},{"floor":24.0,"key":"StrikeDummy"},{"floor":25.0,"key":"Mercury Hourglass"},{"floor":29.0,"key":"Oddly Smooth Stone"},{"floor":40.0,"key":"Anchor"}],"event_choices":[{"damage_healed":0.0,"max_hp_gain":0.0,"max_hp_loss":0.0,"gold_gain":0.0,"event_name":"Living Wall","player_choice":"Grow","floor":3.0,"gold_loss":0.0,"damage_taken":0.0,"cards_upgraded":["Sunder"]},{"damage_healed":0.0,"max_hp_gain":0.0,"max_hp_loss":7.0,"gold_gain":0.0,"event_name":"Golden Idol","player_choice":"Lose Max HP","floor":13.0,"gold_loss":0.0,"damage_taken":0.0,"relics_obtained":["Golden Idol"]},{"damage_healed":0.0,"max_hp_gain":0.0,"max_hp_loss":0.0,"gold_gain":0.0,"event_name":"Match and Keep!","player_choice":"1 cards matched","floor":19.0,"gold_loss":0.0,"damage_taken":0.0,"cards_obtained":["Barrage"]},{"damage_healed":0.0,"max_hp_gain":0.0,"max_hp_loss":0.0,"gold_gain":0.0,"event_name":"Addict","player_choice":"Obtained Relic","floor":22.0,"gold_loss":85.0,"damage_taken":0.0,"relics_obtained":["MawBank"]},{"damage_healed":0.0,"max_hp_gain":0.0,"max_hp_loss":0.0,"gold_gain":0.0,"event_name":"Wheel of Change","player_choice":"Damaged","floor":28.0,"gold_loss":0.0,"damage_taken":9.0},{"damage_healed":0.0,"max_hp_gain":0.0,"max_hp_loss":0.0,"gold_gain":0.0,"event_name":"WeMeetAgain","player_choice":"Gave Potion","floor":38.0,"gold_loss":0.0,"damage_taken":0.0,"relics_obtained":["Happy Flower"]},{"damage_healed":0.0,"max_hp_gain":0.0,"max_hp_loss":0.0,"gold_gain":0.0,"event_name":"The Woman in Blue","player_choice":"Bought 1 Potion","floor":42.0,"gold_loss":0.0,"damage_taken":0.0}],"is_beta":false,"boss_relics":[{"not_picked":["Tiny House","Astrolabe"],"picked":"Runic Pyramid"},{"not_picked":["SacredBark","Inserter"],"picked":"Cursed Key"}],"items_purged_floors":[27,37],"is_endless":false,"potions_floor_spawned":[5,7,11,18,20,29,31,35,40],"killed_by":"Giant Head","ascension_level":20}}