{"host":"vlqej45p0v31lhdi","time":1612918728,"event":{"mods":["AchievementEnabler","BaseMod","Bestiary","Colored Powertips","Minty Spire (QoL Compilation)","Relic Stats"],"gold_per_floor":[113,124,124,140,150,150,168,168,168,168,188,206,206,234,234,305,305,316,332,332,348,348,348,360,395,446,446,446,446,465,484,484,557,557,568,584,596,616,663,695,695,708,734,749,765,63,80,90,90,90,90,90,17,44,44],"floor_reached":56,"language":"ENG","playtime":4557,"items_purged":["Strike_R"],"score":2022,"play_id":"3598df10-93f2-4a03-85a4-e0b5ce36992f","local_time":"20210209185848","is_ascension_mode":true,"campfire_choices":[{"data":"Searing Blow","floor":6.0,"key":"SMITH"},{"floor":8.0,"key":"REST"},{"data":"Searing Blow+1","floor":10.0,"key":"SMITH"},{"data":"Armaments","floor":13.0,"key":"SMITH"},{"floor":15.0,"key":"REST"},{"data":"Searing Blow+2","floor":23.0,"key":"SMITH"},{"data":"Limit Break","floor":27.0,"key":"SMITH"},{"data":"Searing Blow+3","floor":29.0,"key":"SMITH"},{"floor":32.0,"key":"REST"},{"floor":41.0,"key":"DIG"},{"floor":49.0,"key":"RECALL"},{"floor":52.0,"key":"DIG"}],"circlet_count":0,"master_deck":["AscendersBane","Strike_R","Strike_R","Strike_R","Strike_R","Defend_R","Defend_R","Defend_R","Defend_R","Bash","Clothesline","Searing Blow+4","Cleave","Headbutt","Armaments+1","Inflame","Impervious","Burning Pact","Limit Break+1","Shockwave","True Grit+1","Exhume","Feel No Pain","Corruption","Shrug It Off","Dark Embrace+1","Bloodletting+1","Burning Pact+1","Offering","Second Wind","Flame Barrier","True Grit","Feed","Entrench","Entrench","Shrug It Off","Burning Pact"],"relics":["Philosopher\u0027s Stone","Blood Vial","Kunai","Dead Branch","Snecko Eye","Shovel","Coffee Dripper","Unceasing Top","Art of War","Oddly Smooth Stone","Pen Nib","Gremlin Horn","Centennial Puzzle","Paper Frog","Bottled Lightning"],"acts_visited":["Exordium","TheCity","TheBeyond","TheEnding"],"potions_floor_usage":[54,55],"damage_taken":[{"damage":8.0,"enemies":"Small Slimes","floor":1.0,"turns":3.0},{"damage":4.0,"enemies":"Jaw Worm","floor":2.0,"turns":3.0},{"damage":0.0,"enemies":"Cultist","floor":4.0,"turns":3.0},{"damage":25.0,"enemies":"Lots of Slimes","floor":5.0,"turns":3.0},{"damage":3.0,"enemies":"3 Louse","floor":7.0,"turns":2.0},{"damage":21.0,"enemies":"Gremlin Gang","floor":11.0,"turns":3.0},{"damage":4.0,"enemies":"Blue Slaver","floor":12.0,"turns":2.0},{"damage":11.0,"enemies":"3 Sentries","floor":14.0,"turns":5.0},{"damage":6.0,"enemies":"Slime Boss","floor":16.0,"turns":5.0},{"damage":0.0,"enemies":"Chosen","floor":18.0,"turns":2.0},{"damage":0.0,"enemies":"Spheric Guardian","floor":19.0,"turns":3.0},{"damage":4.0,"enemies":"3 Cultists","floor":21.0,"turns":4.0},{"damage":8.0,"enemies":"Cultist and Chosen","floor":24.0,"turns":5.0},{"damage":19.0,"enemies":"Gremlin Leader","floor":25.0,"turns":6.0},{"damage":19.0,"enemies":"Centurion and Healer","floor":30.0,"turns":6.0},{"damage":0.0,"enemies":"Snecko","floor":31.0,"turns":4.0},{"damage":27.0,"enemies":"Champ","floor":33.0,"turns":8.0},{"damage":0.0,"enemies":"Orb Walker","floor":35.0,"turns":4.0},{"damage":0.0,"enemies":"3 Shapes","floor":36.0,"turns":3.0},{"damage":3.0,"enemies":"Spire Growth","floor":37.0,"turns":2.0},{"damage":17.0,"enemies":"Maw","floor":38.0,"turns":3.0},{"damage":26.0,"enemies":"2 Orb Walkers","floor":39.0,"turns":3.0},{"damage":4.0,"enemies":"Nemesis","floor":40.0,"turns":3.0},{"damage":6.0,"enemies":"3 Darklings","floor":42.0,"turns":4.0},{"damage":0.0,"enemies":"4 Shapes","floor":44.0,"turns":4.0},{"damage":3.0,"enemies":"Maw","floor":45.0,"turns":3.0},{"damage":5.0,"enemies":"Jaw Worm Horde","floor":47.0,"turns":2.0},{"damage":0.0,"enemies":"4 Shapes","floor":48.0,"turns":3.0},{"damage":9.0,"enemies":"Awakened One","floor":50.0,"turns":4.0},{"damage":47,"enemies":"Shield and Spear","floor":54,"turns":6},{"damage":26,"enemies":"The Heart","floor":55,"turns":6}],"seed_played":"7104822754734696379","potions_obtained":[{"floor":1.0,"key":"LiquidBronze"},{"floor":2.0,"key":"AttackPotion"},{"floor":5.0,"key":"LiquidBronze"},{"floor":11.0,"key":"AttackPotion"},{"floor":18.0,"key":"Strength Potion"},{"floor":21.0,"key":"Explosive Potion"},{"floor":33.0,"key":"GamblersBrew"},{"floor":38.0,"key":"AttackPotion"},{"floor":39.0,"key":"Swift Potion"},{"floor":45.0,"key":"SkillPotion"},{"floor":47.0,"key":"Fruit Juice"},{"floor":54,"key":"BlessingOfTheForge"}],"is_trial":false,"path_per_floor":["M","M","?","M","M","R","M","R","T","R","M","M","R","E","R","B",null,"M","M","?","M","?","R","M","E","T","R","?","R","M","M","R","B",null,"M","M","M","M","?","E","R","M","T","M","M","$","M","M","R","B",null,"R","$","E","B",null],"character_chosen":"IRONCLAD","items_purchased":["Gremlin Horn","Centennial Puzzle","Feed","DistilledChaos","Shrug It Off","ColorlessPotion"],"campfire_rested":3,"item_purchase_floors":[46,46,46,46,53,53],"current_hp_per_floor":[64,60,42,44,21,21,20,44,44,44,25,23,23,14,38,34,69,71,73,73,71,71,71,65,48,48,48,48,48,31,33,57,32,68,70,72,71,56,32,30,30,26,26,28,27,27,24,34,34,27,73,73,73,31,7],"gold":44,"neow_bonus":"BOSS_RELIC","is_daily":false,"chose_seed":true,"campfire_upgraded":6,"win_rate":0.0,"timestamp":1612918728,"path_taken":["M","M","?","M","M","R","M","R","T","R","M","M","R","E","R","BOSS","M","M","?","M","?","R","M","E","T","R","?","R","M","M","R","BOSS","M","?","M","?","?","E","R","M","T","M","M","$","M","M","R","BOSS","R","$","E","BOSS"],"items_purchased_type":["Relic","Relic","Card","Potion","Card","Potion"],"build_version":"2020-12-22","purchased_purges":1,"victory":true,"max_hp_per_floor":[80,80,80,80,80,80,80,80,80,80,80,80,80,80,80,80,80,80,80,80,80,80,80,80,80,80,80,80,80,80,80,80,80,80,80,80,80,80,80,80,80,80,80,80,80,80,80,88,88,88,88,88,88,91,91],"relic_stats":{"Blood Vial":58,"Centennial Puzzle":[12],"Shovel":2,"Gremlin Horn":[8,9],"counters":[31,117],"Dead Branch":[527],"Snecko Eye":[211,227,246,198],"Pen Nib":[8],"Art of War":[3],"Kunai":[43],"obtain_stats":[{"Gremlin Horn":46,"Dead Branch":14,"Oddly Smooth Stone":41,"Pen Nib":43,"Burning Blood":0,"Blood Vial":3,"Centennial Puzzle":46,"Shovel":25,"Snecko Eye":17,"Philosopher\u0027s Stone":0,"Coffee Dripper":34,"Art of War":40,"Kunai":9,"Bottled Lightning":54,"Unceasing Top":39,"Paper Frog":52},{"Gremlin Horn":26,"Dead Branch":8,"Oddly Smooth Stone":23,"Pen Nib":24,"Burning Blood":0,"Blood Vial":2,"Centennial Puzzle":26,"Shovel":14,"Snecko Eye":9,"Philosopher\u0027s Stone":0,"Coffee Dripper":17,"Art of War":23,"Kunai":5,"Bottled Lightning":30,"Unceasing Top":22,"Paper Frog":29},{"Gremlin Horn":96,"Dead Branch":24,"Oddly Smooth Stone":85,"Pen Nib":89,"Burning Blood":0,"Blood Vial":6,"Centennial Puzzle":96,"Shovel":49,"Snecko Eye":29,"Philosopher\u0027s Stone":0,"Coffee Dripper":67,"Art of War":85,"Kunai":14,"Bottled Lightning":111,"Unceasing Top":82,"Paper Frog":105}],"Unceasing Top":[0]},"card_choices":[{"not_picked":["Entrench","True Grit"],"picked":"Clothesline","floor":1.0},{"not_picked":["Sever Soul","Shrug It Off","Havoc"],"picked":"SKIP","floor":2.0},{"not_picked":["Fire Breathing","Clash"],"picked":"Searing Blow","floor":4.0},{"not_picked":["Clothesline","Warcry"],"picked":"Cleave","floor":5.0},{"not_picked":["Power Through","Havoc"],"picked":"Headbutt","floor":7.0},{"not_picked":["Iron Wave","Spot Weakness"],"picked":"Armaments","floor":11.0},{"not_picked":["Sword Boomerang","Perfected Strike"],"picked":"Inflame","floor":12.0},{"not_picked":["Heavy Blade","Flex","Thunderclap"],"picked":"SKIP","floor":14.0},{"not_picked":["Juggernaut","Exhume"],"picked":"Impervious","floor":16.0},{"not_picked":["Anger+1","Sword Boomerang+1"],"picked":"Burning Pact","floor":18.0},{"not_picked":["Warcry","Seeing Red"],"picked":"Limit Break","floor":19.0},{"not_picked":["Havoc","Perfected Strike","Clothesline"],"picked":"SKIP","floor":21.0},{"not_picked":["Twin Strike","Anger"],"picked":"True Grit","floor":24.0},{"not_picked":["Body Slam","Uppercut","Sword Boomerang"],"picked":"SKIP","floor":25.0},{"not_picked":["Havoc","Uppercut"],"picked":"Exhume","floor":30.0},{"not_picked":["Heavy Blade","Sever Soul"],"picked":"Feel No Pain","floor":31.0},{"not_picked":["Exhume","Fiend Fire"],"picked":"Corruption","floor":33.0},{"not_picked":["Carnage","Sword Boomerang"],"picked":"Shrug It Off","floor":35.0},{"not_picked":["Clothesline+1","Havoc"],"picked":"Dark Embrace+1","floor":36.0},{"not_picked":["Perfected Strike+1","Body Slam+1"],"picked":"Bloodletting+1","floor":37.0},{"not_picked":["Rage","Anger","Carnage"],"picked":"SKIP","floor":38.0},{"not_picked":["Fire Breathing","Iron Wave+1"],"picked":"Burning Pact+1","floor":39.0},{"not_picked":["Pommel Strike","Wild Strike+1"],"picked":"Offering","floor":40.0},{"not_picked":["Heavy Blade","Dark Embrace"],"picked":"Second Wind","floor":42.0},{"not_picked":["Headbutt","Metallicize"],"picked":"Flame Barrier","floor":44.0},{"not_picked":["Warcry","Cleave+1"],"picked":"True Grit","floor":45.0},{"not_picked":["Perfected Strike","Thunderclap"],"picked":"Entrench","floor":47.0},{"not_picked":["Iron Wave","Whirlwind"],"picked":"Entrench","floor":48.0},{"not_picked":["Anger","Uppercut+1"],"picked":"Burning Pact","floor":54}],"player_experience":2503283,"relics_obtained":[{"floor":9.0,"key":"Kunai"},{"floor":14.0,"key":"Dead Branch"},{"floor":25.0,"key":"Shovel"},{"floor":39.0,"key":"Unceasing Top"},{"floor":40.0,"key":"Art of War"},{"floor":41.0,"key":"Oddly Smooth Stone"},{"floor":43.0,"key":"Pen Nib"},{"floor":52.0,"key":"Paper Frog"},{"floor":54,"key":"Bottled Lightning"}],"event_choices":[{"damage_healed":0.0,"max_hp_gain":0.0,"max_hp_loss":0.0,"gold_gain":0.0,"event_name":"Scrap Ooze","player_choice":"Success","floor":3.0,"gold_loss":0.0,"damage_taken":18.0,"relics_obtained":["Blood Vial"]},{"damage_healed":0.0,"max_hp_gain":0.0,"max_hp_loss":0.0,"gold_gain":0.0,"event_name":"Ghosts","player_choice":"Ignored","floor":20.0,"gold_loss":0.0,"damage_taken":0.0},{"damage_healed":0.0,"max_hp_gain":0.0,"max_hp_loss":0.0,"gold_gain":0.0,"event_name":"The Library","player_choice":"Read","floor":22.0,"gold_loss":0.0,"damage_taken":0.0,"cards_obtained":["Shockwave"]},{"damage_healed":0.0,"max_hp_gain":0.0,"max_hp_loss":0.0,"gold_gain":0.0,"event_name":"Upgrade Shrine","player_choice":"Upgraded","floor":28.0,"gold_loss":0.0,"damage_taken":0.0,"cards_upgraded":["True Grit"]},{"damage_healed":0.0,"max_hp_gain":0.0,"max_hp_loss":0.0,"gold_gain":0.0,"event_name":"Mysterious Sphere","player_choice":"Fight","floor":39.0,"gold_loss":0.0,"damage_taken":0.0}],"is_beta":false,"boss_relics":[{"not_picked":["Cursed Key","Calling Bell"],"picked":"Snecko Eye"},{"not_picked":["Empty Cage","Velvet Choker"],"picked":"Coffee Dripper"}],"items_purged_floors":[46],"is_endless":false,"potions_floor_spawned":[1,2,5,11,18,21,31,33,38,39,45,47,54],"ascension_level":13}}