{"host":"lv3zv4svf9qrs9uo","time":1612995236,"event":{"mods":["AchievementEnabler","BaseMod","Minty Spire (QoL Compilation)"],"gold_per_floor":[119,129,139,139,165,205,217,263,327,355,367,391,403,435,447,588,600,627,660,686,716,728,775,227,227,227,242,242,16,16,47,47,184,184,204,238,281,112,141,176,209,209,256,256,299,324,136,208,208,208],"floor_reached":51,"language":"ENG","playtime":6787,"items_purged":["Demon Form","Parasite","Iron Wave"],"score":1125,"play_id":"54b572a7-6d4d-4a3e-b0ee-9683ee6ddaad","local_time":"20210210141356","is_ascension_mode":true,"campfire_choices":[{"floor":11.0,"key":"REST"},{"data":"Spot Weakness","floor":15.0,"key":"SMITH"},{"data":"Feel No Pain","floor":25.0,"key":"SMITH"},{"floor":28.0,"key":"REST"},{"data":"Rupture","floor":32.0,"key":"SMITH"},{"floor":42,"key":"REST"},{"data":"Offering","floor":44,"key":"SMITH"},{"floor":49,"key":"REST"}],"circlet_count":0,"master_deck":["Bash","Limit Break","Carnage","True Grit","Wild Strike","Rampage","Spot Weakness+1","Whirlwind","Seeing Red","Fiend Fire","Impervious","Brutality","Pummel","Fire Breathing","Power Through","Seeing Red","Evolve","Feel No Pain+1","Flex+1","Exhume","Disarm+1","Second Wind","Ghostly Armor","Rupture+1","Offering+1","Corruption","Pommel Strike+1","Double Tap","Dark Embrace","Shrug It Off","Brutality+1","Pommel Strike+1","Shrug It Off","Intimidate+1"],"relics":["Burning Blood","MawBank","Gremlin Horn","Art of War","Nunchaku","Golden Idol","Pandora\u0027s Box","FossilizedHelix","HornCleat","ClockworkSouvenir","Bottled Lightning","CeramicFish","Mark of Pain","Frozen Egg 2","Bag of Marbles","InkBottle","Prayer Wheel"],"acts_visited":["Exordium","TheCity","TheBeyond"],"potions_floor_usage":[41,41,50,50],"damage_taken":[{"damage":7.0,"enemies":"Small Slimes","floor":1.0,"turns":4.0},{"damage":4.0,"enemies":"Jaw Worm","floor":2.0,"turns":3.0},{"damage":1.0,"enemies":"Cultist","floor":3.0,"turns":4.0},{"damage":6.0,"enemies":"2 Fungi Beasts","floor":5.0,"turns":4.0},{"damage":32.0,"enemies":"3 Sentries","floor":6.0,"turns":7.0},{"damage":19.0,"enemies":"Gremlin Nob","floor":8.0,"turns":4.0},{"damage":7.0,"enemies":"3 Louse","floor":10.0,"turns":3.0},{"damage":8.0,"enemies":"Exordium Wildlife","floor":12.0,"turns":3.0},{"damage":0.0,"enemies":"Large Slime","floor":14.0,"turns":3.0},{"damage":13.0,"enemies":"Slime Boss","floor":16.0,"turns":8.0},{"damage":8.0,"enemies":"3 Byrds","floor":18.0,"turns":5.0},{"damage":13.0,"enemies":"Shell Parasite","floor":19.0,"turns":5.0},{"damage":20.0,"enemies":"Snecko","floor":20.0,"turns":4.0},{"damage":4.0,"enemies":"Snake Plant","floor":21.0,"turns":3.0},{"damage":28.0,"enemies":"Book of Stabbing","floor":23.0,"turns":6.0},{"damage":6.0,"enemies":"Centurion and Healer","floor":27.0,"turns":5.0},{"damage":21.0,"enemies":"Gremlin Leader","floor":31.0,"turns":6.0},{"damage":11.0,"enemies":"Collector","floor":33.0,"turns":6.0},{"damage":0,"enemies":"Orb Walker","floor":35,"turns":3},{"damage":1,"enemies":"3 Shapes","floor":36,"turns":6},{"damage":6,"enemies":"Writhing Mass","floor":37,"turns":7},{"damage":7,"enemies":"Sphere and 2 Shapes","floor":39,"turns":6},{"damage":42,"enemies":"Giant Head","floor":40,"turns":6},{"damage":47,"enemies":"3 Darklings","floor":41,"turns":5},{"damage":17,"enemies":"Reptomancer","floor":45,"turns":3},{"damage":2,"enemies":"Spire Growth","floor":46,"turns":3},{"damage":8,"enemies":"Mind Bloom Boss Battle","floor":48,"turns":6},{"damage":10,"enemies":"Donu and Deca","floor":50,"turns":4}],"seed_played":"-2233156238814241150","potions_obtained":[{"floor":3.0,"key":"PowerPotion"},{"floor":5.0,"key":"LiquidBronze"},{"floor":8.0,"key":"ElixirPotion"},{"floor":10.0,"key":"SneckoOil"},{"floor":16.0,"key":"Ancient Potion"},{"floor":19.0,"key":"Weak Potion"},{"floor":33.0,"key":"BlessingOfTheForge"},{"floor":35,"key":"Block Potion"},{"floor":40,"key":"BloodPotion"},{"floor":45,"key":"Dexterity Potion"}],"is_trial":false,"path_per_floor":["M","M","M","?","M","E","?","E","T","M","R","M","?","M","R","B",null,"M","M","M","M","?","E","$","R","T","M","R","$","?","E","R","B",null,"M","M","M","$","M","E","M","R","T","R","E","M","$","?","R","B",null],"character_chosen":"IRONCLAD","items_purchased":["HornCleat","ClockworkSouvenir","Second Wind","Rupture","Offering","Dark Embrace","Shrug It Off","Swift Potion"],"campfire_rested":4,"item_purchase_floors":[24,24,24,29,29,38,47,47],"current_hp_per_floor":[71,73,78,53,53,27,32,19,19,18,43,41,41,47,47,40,69,67,60,46,48,48,26,26,26,26,26,49,49,75,60,60,55,73,79,79,79,76,75,39,13,35,35,35,24,28,28,26,48,44],"gold":208,"neow_bonus":"ONE_RANDOM_RARE_CARD","is_daily":false,"chose_seed":false,"campfire_upgraded":4,"win_rate":0.0,"timestamp":1612995236,"path_taken":["M","M","M","?","M","E","?","E","T","M","R","M","?","M","R","BOSS","M","M","M","M","?","E","$","R","T","?","R","$","?","E","R","BOSS","M","M","M","$","M","E","M","R","T","R","E","M","$","?","R","BOSS"],"items_purchased_type":["Relic","Relic","Card","Card","Card","Card","Card","Potion"],"build_version":"2020-12-22","purchased_purges":3,"victory":true,"max_hp_per_floor":[80,80,80,80,80,80,85,85,85,85,85,85,79,79,79,79,79,79,79,79,79,79,79,79,79,79,79,79,79,79,79,79,79,79,79,79,79,76,76,76,76,76,76,76,76,76,76,76,76,76],"card_choices":[{"not_picked":["Clash","Sever Soul"],"picked":"Carnage","floor":1.0},{"not_picked":["Intimidate","Flex"],"picked":"True Grit","floor":2.0},{"not_picked":["Iron Wave","Anger"],"picked":"Wild Strike","floor":3.0},{"not_picked":["True Grit","Dark Embrace"],"picked":"Rampage","floor":5.0},{"not_picked":["Exhume","Sentinel","Dual Wield"],"picked":"SKIP","floor":6.0},{"not_picked":["Warcry","Headbutt"],"picked":"Spot Weakness","floor":8.0},{"not_picked":["Combust","Seeing Red"],"picked":"Whirlwind","floor":10.0},{"not_picked":["Havoc","Anger"],"picked":"Seeing Red","floor":12.0},{"not_picked":["Rampage","Shrug It Off"],"picked":"Fiend Fire","floor":14.0},{"not_picked":["Brutality","Immolate"],"picked":"Impervious","floor":16.0},{"not_picked":["Clash+1","Thunderclap","Hemokinesis+1"],"picked":"SKIP","floor":18.0},{"not_picked":["Rage+1","Spot Weakness"],"picked":"Flex+1","floor":19.0},{"not_picked":["Sword Boomerang","Seeing Red"],"picked":"Exhume","floor":20.0},{"not_picked":["Havoc","Heavy Blade"],"picked":"Disarm+1","floor":21.0},{"not_picked":["Wild Strike+1","Perfected Strike","Pommel Strike"],"picked":"SKIP","floor":23.0},{"not_picked":["Clash","Flex"],"picked":"Ghostly Armor","floor":27.0},{"not_picked":["Body Slam","Pommel Strike","Twin Strike"],"picked":"SKIP","floor":31.0},{"not_picked":["Double Tap","Impervious"],"picked":"Corruption","floor":33.0},{"not_picked":["Wild Strike+1","Thunderclap","Sword Boomerang"],"picked":"SKIP","floor":35},{"not_picked":["Metallicize+1","Anger+1"],"picked":"Pommel Strike+1","floor":36},{"not_picked":["Sentinel","Uppercut+1"],"picked":"Double Tap","floor":37},{"not_picked":["Armaments","Heavy Blade"],"picked":"Shrug It Off","floor":39},{"not_picked":["Flex+1","Headbutt+1","Twin Strike"],"picked":"SKIP","floor":40},{"not_picked":["Shockwave","Perfected Strike"],"picked":"Brutality+1","floor":41},{"not_picked":["Blood for Blood+1","Armaments"],"picked":"Pommel Strike+1","floor":45},{"not_picked":["Metallicize+1","Sever Soul+1","Iron Wave+1"],"picked":"SKIP","floor":46},{"not_picked":["Twin Strike","Bludgeon"],"picked":"Intimidate+1","floor":48}],"player_experience":554132,"relics_obtained":[{"floor":6.0,"key":"Gremlin Horn"},{"floor":8.0,"key":"Art of War"},{"floor":9.0,"key":"Nunchaku"},{"floor":23.0,"key":"FossilizedHelix"},{"floor":26.0,"key":"Bottled Lightning"},{"floor":31.0,"key":"CeramicFish"},{"floor":40,"key":"Frozen Egg 2"},{"floor":43,"key":"Bag of Marbles"},{"floor":45,"key":"InkBottle"},{"floor":48,"key":"Prayer Wheel"}],"event_choices":[{"damage_healed":0.0,"max_hp_gain":0.0,"max_hp_loss":0.0,"gold_gain":0.0,"event_name":"Scrap Ooze","player_choice":"Success","floor":4.0,"gold_loss":0.0,"damage_taken":25.0,"relics_obtained":["MawBank"]},{"damage_healed":0.0,"max_hp_gain":5.0,"max_hp_loss":0.0,"gold_gain":0.0,"event_name":"Big Fish","player_choice":"Donut","floor":7.0,"gold_loss":0.0,"damage_taken":0.0},{"damage_healed":0.0,"max_hp_gain":0.0,"max_hp_loss":6.0,"gold_gain":0.0,"event_name":"Golden Idol","player_choice":"Lose Max HP","floor":13.0,"gold_loss":0.0,"damage_taken":0.0,"relics_obtained":["Golden Idol"]},{"damage_healed":0.0,"max_hp_gain":0.0,"max_hp_loss":0.0,"gold_gain":0.0,"event_name":"The Woman in Blue","player_choice":"Bought 0 Potions","floor":22.0,"gold_loss":0.0,"damage_taken":0.0},{"damage_healed":26.0,"max_hp_gain":0.0,"max_hp_loss":0.0,"gold_gain":0.0,"event_name":"The Library","player_choice":"Heal","floor":30.0,"gold_loss":0.0,"damage_taken":0.0},{"damage_healed":0,"gold_gain":0,"player_choice":"Fight","damage_taken":0,"max_hp_gain":0,"max_hp_loss":0,"event_name":"MindBloom","floor":48,"gold_loss":0}],"is_beta":false,"boss_relics":[{"not_picked":["Philosopher\u0027s Stone","Black Star"],"picked":"Pandora\u0027s Box"},{"not_picked":["Empty Cage","Busted Crown"],"picked":"Mark of Pain"}],"items_purged_floors":[24,38,47],"is_endless":false,"potions_floor_spawned":[3,5,8,10,16,19,21,33,35,37,40,45],"ascension_level":8}}