{"host":"ttx8tv95o5vka1nm","time":1612944455,"event":{"mods":["AchievementEnabler","BaseMod","BetterRewards","Colored Map","Evolution","Hermit","Hubris","Infinite Spire","Jorbs\u0027s Wanderer Trilogy","Minty Spire (QoL Compilation)","Relic Filter Mod","Reliquary","Robot Space Explorer","Shop Mod","Spicy Shops","StSLib","The Blue Laboratory","The Bug Knight","The Construct","The Cursed","The Disciple","The Forsaken","The Hierophant","The Necromancer","The Runesmith","TheBandit"],"gold_per_floor":[110,72,72,83,95,95,95,125,125,143,160,160,235,264,264,369,369,387,387,406,406,356,356,371,371,418,418,429,344,344,344,344,447,447,449,449,449],"floor_reached":36,"language":"ENG","playtime":2253,"items_purged":["construct:Defend_Gold"],"score":370,"play_id":"fd3d2a09-a3dd-4384-a148-4fcca2fafada","local_time":"20210210180735","is_ascension_mode":false,"campfire_choices":[{"data":"construct:ShiftStrike","floor":6,"key":"SMITH"},{"data":"construct:Autoturret","floor":12,"key":"SMITH"},{"data":"construct:PowerUp","floor":15,"key":"SMITH"},{"data":"construct:BatteryCore","floor":23,"key":"SMITH"},{"floor":27,"key":"REST"},{"floor":30,"key":"REST"},{"data":"construct:GoldenBullet","floor":32,"key":"SMITH"}],"circlet_count":0,"master_deck":["construct:Strike_Gold","construct:Strike_Gold","construct:Strike_Gold","construct:Strike_Gold","construct:Strike_Gold","construct:Defend_Gold","construct:Defend_Gold","construct:Defend_Gold","construct:Defend_Gold","construct:AttackMode+1","construct:DefenseMode+1","construct:ShiftStrike+1","construct:Autoturret+1","construct:HeavyBolt","construct:PowerUp+1","construct:HammerDown+1","construct:SuppressiveFire","construct:SweepLaser","construct:FierceBash","construct:BatteryCore+1","construct:SyphonStrike","construct:Analyze","construct:GoldenBullet+1","construct:Reserves","construct:LaserCore"],"relics":["construct:Cogwheel","EVO:Axolotl","NeowsBlessing","Mango","Runic Pyramid","reliquary:WritOfMandamus","Nilry\u0027s Codex","Toy Ornithopter","reliquary:TuningFork","reliquary:RedPaperclip"],"acts_visited":["Exordium","TheCity","TheBeyond"],"potions_floor_usage":[8,16,28],"damage_taken":[{"damage":0,"enemies":"Small Slimes","floor":1,"turns":2},{"damage":0,"enemies":"Cultist","floor":4,"turns":1},{"damage":0,"enemies":"Jaw Worm","floor":5,"turns":1},{"damage":26,"enemies":"Lagavulin","floor":8,"turns":4},{"damage":4,"enemies":"2 Fungi Beasts","floor":10,"turns":3},{"damage":0,"enemies":"Large Slime","floor":11,"turns":4},{"damage":27,"enemies":"3 Sentries","floor":14,"turns":5},{"damage":3,"enemies":"Hexaghost","floor":16,"turns":7},{"damage":30,"enemies":"2 Thieves","floor":18,"turns":3},{"damage":7,"enemies":"Chosen","floor":20,"turns":3},{"damage":30,"enemies":"Sentry and Sphere","floor":24,"turns":4},{"damage":20,"enemies":"Snake Plant","floor":28,"turns":4},{"damage":39,"enemies":"hubris:MusketHawk","floor":33,"turns":6},{"damage":22,"enemies":"3 Shapes","floor":35,"turns":3}],"seed_played":"5497464887157826793","potions_obtained":[{"floor":1,"key":"blueLaboratory:StoneskinPotion"},{"floor":10,"key":"blueLaboratory:HeartbeatPotion"},{"floor":11,"key":"LiquidBronze"},{"floor":14,"key":"blueLaboratory:ImpenetrablePotion"},{"floor":24,"key":"FearPotion"},{"floor":33,"key":"Dexterity Potion"}],"is_trial":false,"path_per_floor":["M","$","?","M","M","R","?","E","T","M","M","R","?","E","R","B",null,"M","AVR","M","?","?","R","M","?","T","R","M","?","R","?","R","B",null,"M","$"],"character_chosen":"THE_CONSTRUCT_MOD","items_purchased":["construct:Autoturret"],"campfire_rested":2,"item_purchase_floors":[2],"current_hp_per_floor":[85,85,85,85,85,85,85,73,73,69,69,69,58,31,31,28,99,69,69,62,46,46,46,16,16,16,45,30,30,59,59,59,20,99,77,77,77],"gold":449,"neow_bonus":"THREE_ENEMY_KILL","is_daily":false,"chose_seed":false,"campfire_upgraded":5,"win_rate":0.0,"timestamp":1612944455,"path_taken":["M","$","?","?","M","R","?","E","T","M","M","R","?","E","R","BOSS","M","AVR","M","?","?","R","?","?","T","R","M","?","R","?","R","BOSS","M","$"],"items_purchased_type":["Card"],"build_version":"2020-12-22","purchased_purges":1,"victory":false,"max_hp_per_floor":[85,85,85,85,85,85,85,99,99,99,99,99,99,99,99,99,99,99,99,99,99,99,99,99,99,99,99,99,99,99,99,99,99,99,99,99,99],"card_choices":[{"not_picked":["construct:ClusterMines","construct:Versatility"],"picked":"construct:ShiftStrike","floor":1},{"not_picked":["construct:ClusterMines","construct:Backfire"],"picked":"construct:HeavyBolt","floor":4},{"not_picked":["construct:Backfire","construct:ElectricArmor"],"picked":"construct:PowerUp","floor":5},{"not_picked":["construct:Boost","construct:SaveState"],"picked":"construct:HammerDown","floor":8},{"not_picked":["construct:Failsafe","construct:Autoturret"],"picked":"construct:SuppressiveFire","floor":10},{"not_picked":["construct:Isolate","construct:Enhance"],"picked":"construct:SweepLaser","floor":11},{"not_picked":["construct:ScrapCannon","construct:Accumulate"],"picked":"construct:FierceBash","floor":14},{"not_picked":["construct:GoldenBullet","construct:MemoryTap"],"picked":"construct:BatteryCore","floor":16},{"not_picked":["construct:ShiftStrike","construct:FlameCore"],"picked":"construct:SyphonStrike","floor":18},{"not_picked":["construct:ScrapCannon","construct:HeavyBolt+1"],"picked":"construct:Analyze","floor":20},{"not_picked":["construct:Anticipate","construct:ScrapCannon"],"picked":"construct:GoldenBullet","floor":24},{"not_picked":["construct:SweepLaser+1","construct:Construct_Overclock","construct:Versatility"],"picked":"SKIP","floor":28},{"not_picked":["construct:ShieldGenerator","construct:MassProduction"],"picked":"construct:Reserves","floor":33},{"not_picked":["construct:ClusterMines+1","construct:ScrapCannon+1"],"picked":"construct:LaserCore","floor":35}],"player_experience":872139,"relics_obtained":[{"floor":8,"key":"Mango"},{"floor":9,"key":"reliquary:Buckler"},{"floor":14,"key":"construct:MasterCore"},{"floor":21,"key":"Nilry\u0027s Codex"},{"floor":26,"key":"Toy Ornithopter"}],"event_choices":[{"damage_healed":0,"gold_gain":0,"player_choice":"Ignored","damage_taken":0,"max_hp_gain":0,"max_hp_loss":0,"event_name":"NoteForYourself","floor":3,"gold_loss":0},{"damage_healed":0,"gold_gain":0,"player_choice":"Grow","damage_taken":0,"max_hp_gain":0,"max_hp_loss":0,"event_name":"Living Wall","floor":7,"gold_loss":0,"cards_upgraded":["construct:AttackMode"]},{"damage_healed":0,"gold_gain":75,"player_choice":"Gather Gold","damage_taken":11,"max_hp_gain":0,"max_hp_loss":0,"event_name":"World of Goop","floor":13,"gold_loss":0},{"damage_healed":0,"gold_gain":0,"player_choice":"Obtained Book","damage_taken":16,"max_hp_gain":0,"max_hp_loss":0,"event_name":"Cursed Tome","floor":21,"gold_loss":0},{"damage_healed":0,"gold_gain":0,"player_choice":"Bet on Murderer","damage_taken":0,"max_hp_gain":0,"max_hp_loss":0,"event_name":"The Joust","floor":22,"gold_loss":50},{"damage_healed":0,"gold_gain":0,"player_choice":"Obtained Relic","damage_taken":0,"relics_obtained":["reliquary:TuningFork"],"max_hp_gain":0,"max_hp_loss":0,"event_name":"Addict","floor":29,"gold_loss":85}],"is_beta":false,"boss_relics":[{"not_picked":["Velvet Choker","Snecko Eye"],"picked":"Runic Pyramid"},{"not_picked":["SlaversCollar","reliquary:Ember"],"picked":"reliquary:RedPaperclip"}],"items_purged_floors":[19],"is_endless":false,"potions_floor_spawned":[1,10,11,14,24,33],"ascension_level":0}}