{"host":"1vy6j31128f61x2z","time":1612981750,"event":{"mods":["AchievementEnabler","BaseMod","Colored Powertips","Minty Spire (QoL Compilation)","Permanent Neow"],"gold_per_floor":[110,185,199,374,324,324,338,349,395,414,433,433,40,67,67,163,163,174,193,193,193,210,210,210],"floor_reached":23,"language":"ENG","playtime":1068,"items_purged":[],"score":240,"play_id":"1b240f29-4271-4194-8ba9-70b4cfc00019","local_time":"20210210132910","is_ascension_mode":true,"campfire_choices":[{"data":"Eruption","floor":6.0,"key":"SMITH"},{"floor":12.0,"key":"REST"},{"data":"SandsOfTime","floor":15.0,"key":"SMITH"}],"circlet_count":0,"master_deck":["Strike_P","Strike_P+1","Strike_P","Defend_P+1","Defend_P+1","Eruption+1","Vigilance+1","LessonLearned+1","Ragnarok+1","SandsOfTime+1","Halt+1","WindmillStrike+1","FollowUp+1","SandsOfTime+1","Indignation","Evaluate","Devotion","Crescendo","SandsOfTime","FlurryOfBlows+1"],"relics":["Astrolabe","Juzu Bracelet","Bronze Scales","Gremlin Horn","Damaru","Velvet Choker"],"acts_visited":["Exordium","TheCity"],"potions_floor_usage":[22],"damage_taken":[{"damage":5.0,"enemies":"Small Slimes","floor":1.0,"turns":2.0},{"damage":0.0,"enemies":"2 Louse","floor":3.0,"turns":3.0},{"damage":0.0,"enemies":"Cultist","floor":7.0,"turns":3.0},{"damage":14.0,"enemies":"Exordium Wildlife","floor":8.0,"turns":4.0},{"damage":5.0,"enemies":"Large Slime","floor":10.0,"turns":5.0},{"damage":0.0,"enemies":"Red Slaver","floor":11.0,"turns":2.0},{"damage":0.0,"enemies":"Lagavulin","floor":14.0,"turns":4.0},{"damage":28.0,"enemies":"Hexaghost","floor":16.0,"turns":6.0},{"damage":0.0,"enemies":"3 Byrds","floor":18.0,"turns":2.0},{"damage":6.0,"enemies":"Shell Parasite","floor":19.0,"turns":2.0},{"damage":22,"enemies":"Snake Plant","floor":22,"turns":3},{"damage":38,"enemies":"Gremlin Leader","floor":23,"turns":2}],"seed_played":"2925768271883852167","potions_obtained":[{"floor":7.0,"key":"Swift Potion"},{"floor":8.0,"key":"AttackPotion"},{"floor":10.0,"key":"Energy Potion"},{"floor":19.0,"key":"FearPotion"},{"floor":22,"key":"SpeedPotion"}],"is_trial":false,"path_per_floor":["M","?","M","?","?","R","M","M","T","M","M","R","$","E","R","B",null,"M","M","?","?","M","E"],"character_chosen":"WATCHER","items_purchased":["Bronze Scales","Gremlin Horn"],"campfire_rested":1,"item_purchase_floors":[13,13],"current_hp_per_floor":[67,56,56,56,56,56,56,42,42,37,37,58,58,58,58,30,72,72,66,53,53,31,0,0],"gold":210,"neow_bonus":"BOSS_RELIC","is_daily":false,"chose_seed":false,"campfire_upgraded":2,"win_rate":0.0,"timestamp":1612981750,"path_taken":["M","?","M","?","?","R","M","M","T","M","M","R","$","E","R","BOSS","M","M","?","?","M","E"],"items_purchased_type":["Relic","Relic"],"build_version":"2020-12-22","purchased_purges":0,"victory":false,"max_hp_per_floor":[72,72,72,72,72,72,72,72,72,72,72,72,72,72,72,72,72,72,72,77,77,77,77,77],"card_choices":[{"not_picked":["FlyingSleeves","FlurryOfBlows"],"picked":"Halt","floor":1.0},{"not_picked":["EmptyFist","PathToVictory","FlyingSleeves"],"picked":"SKIP","floor":3.0},{"not_picked":["Protect","CutThroughFate"],"picked":"WindmillStrike","floor":7.0},{"not_picked":["Fasting2","TalkToTheHand"],"picked":"FollowUp","floor":8.0},{"not_picked":["PathToVictory","Weave"],"picked":"SandsOfTime","floor":10.0},{"not_picked":["JustLucky","CutThroughFate"],"picked":"Indignation","floor":11.0},{"not_picked":["EmptyBody","InnerPeace"],"picked":"Evaluate","floor":14.0},{"not_picked":["Judgement","MasterReality"],"picked":"Devotion","floor":16.0},{"not_picked":["PathToVictory","ClearTheMind"],"picked":"Crescendo","floor":18.0},{"not_picked":["EmptyFist","Worship+1"],"picked":"SandsOfTime","floor":19.0},{"not_picked":["ThirdEye","EmptyFist"],"picked":"FlurryOfBlows+1","floor":22}],"player_experience":33575,"relics_obtained":[{"floor":9.0,"key":"Juzu Bracelet"},{"floor":14.0,"key":"Damaru"}],"event_choices":[{"damage_healed":0.0,"max_hp_gain":0.0,"max_hp_loss":0.0,"gold_gain":75.0,"event_name":"World of Goop","player_choice":"Gather Gold","floor":2.0,"gold_loss":0.0,"damage_taken":11.0},{"damage_healed":0.0,"max_hp_gain":0.0,"max_hp_loss":0.0,"gold_gain":175.0,"event_name":"Liars Game","player_choice":"AGREE","floor":4.0,"gold_loss":0.0,"damage_taken":0.0,"cards_obtained":["Doubt"]},{"cards_removed":["Doubt"],"damage_healed":0.0,"max_hp_gain":0.0,"max_hp_loss":0.0,"gold_gain":0.0,"event_name":"The Cleric","player_choice":"Card Removal","floor":5.0,"gold_loss":50.0,"damage_taken":0.0},{"damage_healed":0.0,"max_hp_gain":5.0,"max_hp_loss":0.0,"gold_gain":0.0,"event_name":"Forgotten Altar","player_choice":"Shed Blood","floor":20.0,"gold_loss":0.0,"damage_taken":18.0},{"damage_healed":0.0,"max_hp_gain":0.0,"max_hp_loss":0.0,"gold_gain":0.0,"event_name":"Vampires","player_choice":"Ignored","floor":21.0,"gold_loss":0.0,"damage_taken":0.0}],"is_beta":false,"boss_relics":[{"not_picked":["Philosopher\u0027s Stone","SacredBark"],"picked":"Velvet Choker"}],"items_purged_floors":[],"is_endless":false,"potions_floor_spawned":[7,8,10,19,22],"killed_by":"Gremlin Leader","ascension_level":2}}