{"host":"8eqe2o2g03nh9rfw","time":1612981992,"event":{"mods":["AchievementEnabler","AlwaysNeverKeys","BaseMod","Better Third Choice","Block Reminder","Colored Map","Colored Powertips","GifTheSpireLib","Minty Spire (QoL Compilation)","Permanent Neow","Quick Restart","StSLib","Weighted Paths"],"gold_per_floor":[109,109,109,134,155,189,189,204,230,230,244,244,244,8,8,138,138,154,173,173,173],"floor_reached":20,"language":"ENG","playtime":966,"items_purged":[],"score":174,"play_id":"4f69c210-df67-41e5-a1b1-7e6025ed869e","local_time":"20210210133312","is_ascension_mode":false,"campfire_choices":[{"floor":7,"key":"REST"},{"floor":10,"key":"REST"},{"floor":12,"key":"REST"},{"data":"Eruption","floor":15,"key":"SMITH"}],"circlet_count":0,"master_deck":["Strike_P","Strike_P","Strike_P","Strike_P","Defend_P","Defend_P","Defend_P","Defend_P","Eruption+1","Vigilance","Blind","Halt","Glacier+1","Injury","Meditate","FearNoEvil","Tantrum","Vengeance","Worship","FlurryOfBlows","Ragnarok","WreathOfFlame","DevaForm","Prostrate+1","Prostrate"],"relics":["HolyWater","Bronze Scales","Golden Idol","Tiny Chest","Omamori"],"acts_visited":["Exordium","TheCity"],"potions_floor_usage":[6,20,20,20],"damage_taken":[{"damage":5,"enemies":"2 Louse","floor":1,"turns":3},{"damage":0,"enemies":"Jaw Worm","floor":4,"turns":3},{"damage":0,"enemies":"Small Slimes","floor":5,"turns":3},{"damage":13,"enemies":"Gremlin Nob","floor":6,"turns":4},{"damage":0,"enemies":"Exordium Thugs","floor":8,"turns":3},{"damage":11,"enemies":"Blue Slaver","floor":11,"turns":3},{"damage":33,"enemies":"Slime Boss","floor":16,"turns":8},{"damage":22,"enemies":"2 Thieves","floor":18,"turns":3},{"damage":0,"enemies":"Chosen","floor":19,"turns":3},{"damage":57,"enemies":"Centurion and Healer","floor":20,"turns":4}],"seed_played":"5910919862541138540","potions_obtained":[{"floor":5,"key":"Weak Potion"},{"floor":8,"key":"Energy Potion"},{"floor":11,"key":"CultistPotion"},{"floor":19,"key":"DuplicationPotion"}],"is_trial":false,"path_per_floor":["M","?","?","M","M","E","R","M","T","R","M","R","?","$","R","B",null,"M","M","M"],"character_chosen":"WATCHER","items_purchased":["FlurryOfBlows","Ragnarok","WreathOfFlame"],"campfire_rested":3,"item_purchase_floors":[14,14,14],"current_hp_per_floor":[67,35,35,35,35,22,43,43,43,64,53,72,72,72,72,39,72,50,50,0,0],"gold":173,"neow_bonus":"RANDOM_COLORLESS","is_daily":false,"chose_seed":false,"campfire_upgraded":1,"win_rate":0.0,"timestamp":1612981992,"path_taken":["M","?","?","M","M","E","R","M","T","R","M","R","?","$","R","BOSS","M","M","M"],"items_purchased_type":["Card","Card","Card"],"build_version":"2020-12-22","purchased_purges":0,"victory":false,"max_hp_per_floor":[72,72,72,72,72,72,72,72,72,72,72,72,72,72,72,72,72,72,72,72,72],"card_choices":[{"not_picked":["Good Instincts","Jack Of All Trades"],"picked":"Blind","floor":0},{"not_picked":["Weave","ThirdEye"],"picked":"Halt","floor":1},{"not_picked":["CutThroughFate","Halt"],"picked":"Meditate","floor":4},{"not_picked":["LikeWater","JustLucky"],"picked":"FearNoEvil","floor":5},{"not_picked":["Protect","ThirdEye"],"picked":"Tantrum","floor":6},{"not_picked":["Meditate","ThirdEye"],"picked":"Vengeance","floor":8},{"not_picked":["Pray","WindmillStrike"],"picked":"Worship","floor":11},{"not_picked":["Scrawl","Brilliance"],"picked":"DevaForm","floor":16},{"not_picked":["WheelKick","Halt+1"],"picked":"Prostrate+1","floor":18},{"not_picked":["BowlingBash","CrushJoints"],"picked":"Prostrate","floor":19}],"player_experience":92952,"relics_obtained":[{"floor":6,"key":"Tiny Chest"},{"floor":9,"key":"Omamori"}],"event_choices":[{"damage_healed":0,"gold_gain":0,"player_choice":"Take Wound","damage_taken":0,"relics_obtained":["Golden Idol"],"max_hp_gain":0,"max_hp_loss":0,"event_name":"Golden Idol","floor":3,"gold_loss":0,"cards_obtained":["Injury"]},{"damage_healed":0,"gold_gain":0,"player_choice":"Ignored","damage_taken":0,"max_hp_gain":0,"max_hp_loss":0,"event_name":"NoteForYourself","floor":13,"gold_loss":0}],"is_beta":false,"boss_relics":[{"not_picked":["Coffee Dripper","SacredBark"],"picked":"HolyWater"}],"items_purged_floors":[],"is_endless":false,"potions_floor_spawned":[5,8,11,19],"killed_by":"Centurion and Healer","ascension_level":0}}