{"host":"ywink6t24w5fhc18","time":1612983124,"event":{"mods":["Astrologer","Bard","BaseMod","Beaked The Cultist","Better Altar","Better Note","Better Third Choice","BetterRewards","Block Reminder","CatGirl Mod","Clawfect","Colored Powertips","Displayed Cursed Tome","Downfall","Googly Eyes","Gremlin Mod","Halation","Hermit","Highlight Path","Hubris","Infinite Spire","Minty Spire (QoL Compilation)","Permanent Neow","Rare Cards Sparkle","Replay The Spire","Shade Mod","Shop Mod","Somnambulant","StSLib","The Bladedancer","The Bug Knight","The Cursed","The Disciple","The Mystic","The Necromancer","The Runesmith","The Valiant","Unceasing Turn Reminder","everything is the same but u backflip on backflip","slay the spire mod where everything is the same but ironclad has a cowboy hat"],"gold_per_floor":[109,127,139,154,174,205,205,219,219,219,230,230,246,28,28,130,130,150,150,164,64,74,74,108,108,108,308,328,345,358,381,381,483,483,493,493,510,530,530,559,587,587,587,615,640,222,143,172,172,180],"floor_reached":51,"language":"ENG","playtime":2697,"items_purged":["Shade:Strike_Shade","Parasite","Clumsy","Shade:Strike_Shade"],"score":782,"play_id":"227f967e-b2ae-4364-bd83-09cefdb35be0","local_time":"20210210115204","is_ascension_mode":false,"campfire_choices":[{"data":"Shade:UnbarTheGrave","floor":7,"key":"SMITH"},{"floor":12,"key":"REST"},{"data":"Shade:UnbarTheGrave","floor":15,"key":"SMITH"},{"data":"Shade:DarkOfNight","floor":23,"key":"SMITH"},{"floor":32,"key":"REST"},{"data":"Pot Of Greed","floor":32,"key":"SMITH"},{"floor":42,"key":"REST"},{"data":"Pot Of Greed","floor":42,"key":"SMITH"},{"data":"Shade:UnbarTheGrave","floor":49,"key":"SMITH"}],"circlet_count":0,"master_deck":["Shade:Strike_Shade","Shade:Strike_Shade","Shade:Defend_Shade","Shade:Defend_Shade","Shade:Defend_Shade","Shade:Defend_Shade","Shade:AnimateDead","Shade:CarefulCut","Shade:UnbarTheGrave+1","Shade:AncientSpear","Shade:FleshLikeOak","Shade:CommandSoldier","Shade:DarkOfNight+1","Shade:BoneShards","Shade:SensePrey","Shade:UnbarTheGrave+1","Shade:LastGasp","Pot Of Greed+1","Pot Of Greed+1","CommonCold","Shade:Bonestorm+1","Shade:LyeBath+1","Shade:WallOfFlesh","Pot Of Greed","Shade:Bonestorm+1","Shade:CommandSoldier+1","theCatGirl:SevenLives","Shade:PressTheAttack+1","Secret Weapon","Shade:Bonestorm+1","Shade:UnbarTheGrave+1","Shade:AuraOfUnlife","Shade:FreshBones+1"],"relics":["Shade:YorickSkull","PreservedInsect","Eternal Feather","FaceOfCleric","Lee\u0027s Waffle","Replay:Ancient Bell","Grinning Jar","hubris:SphereOfDissonance","infinitespire:Magic Flask","infinitespire:Satchel","hubris:DisguiseKit","infinitespire:PuzzleCube","hubris:RunicObelisk","Onion Ring","Replay:Bandana","ReplayTheSpireMod:Ninjato","Lantern"],"acts_visited":["Exordium","TheCity","TheBeyond"],"potions_floor_usage":[5,5,11,13],"damage_taken":[{"damage":0,"enemies":"2 Louse","floor":1,"turns":3},{"damage":0,"enemies":"Cultist","floor":2,"turns":2},{"damage":0,"enemies":"Small Slimes","floor":3,"turns":2},{"damage":4,"enemies":"Exordium Thugs","floor":4,"turns":4},{"damage":5,"enemies":"Gremlin Gang","floor":5,"turns":3},{"damage":29,"enemies":"3 Sentries","floor":6,"turns":8},{"damage":0,"enemies":"Red Slaver","floor":8,"turns":2},{"damage":5,"enemies":"2 Fungi Beasts","floor":11,"turns":2},{"damage":0,"enemies":"Large Slime","floor":13,"turns":2},{"damage":56,"enemies":"Fading Forest","floor":16,"turns":11},{"damage":2,"enemies":"2 Thieves","floor":18,"turns":4},{"damage":1,"enemies":"Chosen","floor":20,"turns":4},{"damage":8,"enemies":"Centurion and Healer","floor":22,"turns":7},{"damage":17,"enemies":"Book of Stabbing","floor":24,"turns":5},{"damage":13,"enemies":"Snake Plant","floor":28,"turns":3},{"damage":0,"enemies":"Snecko","floor":29,"turns":4},{"damage":0,"enemies":"Centurion and Healer","floor":30,"turns":5},{"damage":63,"enemies":"Champ","floor":33,"turns":11},{"damage":0,"enemies":"3 Shapes","floor":35,"turns":3},{"damage":8,"enemies":"3 Darklings","floor":37,"turns":4},{"damage":12,"enemies":"Writhing Mass","floor":38,"turns":3},{"damage":0,"enemies":"HollowMod:StalkingDevout","floor":40,"turns":2},{"damage":9,"enemies":"Sphere and 2 Shapes","floor":41,"turns":4},{"damage":0,"enemies":"Maw","floor":44,"turns":6},{"damage":4,"enemies":"Spire Growth","floor":45,"turns":2},{"damage":10,"enemies":"Jaw Worm Horde","floor":48,"turns":3},{"damage":34,"enemies":"Time Eater","floor":50,"turns":9}],"seed_played":"-729839604896900474","potions_obtained":[{"floor":1,"key":"AttackPotion"},{"floor":3,"key":"Adrenaline Potion"},{"floor":4,"key":"ColorlessPotion"},{"floor":11,"key":"PowerPotion"},{"floor":13,"key":"Swift Potion"},{"floor":24,"key":"Explosive Potion"},{"floor":28,"key":"SteroidPotion"}],"is_trial":false,"path_per_floor":["M","M","M","M","M","E","R","M","T","?","M","R","M","$","R","B",null,"M","?","M","$","M","R","E","?","T","?","M","M","M","T","R","B",null,"M","?","M","M","AVR","E","M","R","T","M","M","$","$","M","R","B",null],"character_chosen":"SHADE","items_purchased":["Lee\u0027s Waffle","Shade:UnbarTheGrave","Lantern","Shade:AuraOfUnlife"],"campfire_rested":3,"item_purchase_floors":[14,46,46,47],"current_hp_per_floor":[65,65,65,61,56,27,27,27,27,27,23,51,52,74,74,27,75,74,74,74,74,67,75,59,59,59,59,47,48,49,49,79,17,80,81,81,74,63,63,64,56,85,85,86,83,83,83,74,88,55],"gold":180,"neow_bonus":"ONE_RANDOM_RARE_CARD","is_daily":false,"chose_seed":false,"campfire_upgraded":6,"win_rate":0.0,"timestamp":1612983124,"path_taken":["M","M","M","M","M","E","R","M","T","?","M","R","M","?","R","BOSS","M","?","M","?","M","R","E","?","T","?","M","?","M","?","R","BOSS","M","?","M","?","AVR","E","M","R","T","M","M","?","$","M","R","BOSS"],"items_purchased_type":["Relic","Card","Relic","Card"],"build_version":"2020-12-22","purchased_purges":4,"victory":true,"max_hp_per_floor":[65,65,65,65,65,65,65,65,65,65,66,66,67,74,74,75,75,76,76,77,74,75,75,76,76,76,76,77,78,79,79,79,80,80,81,81,82,83,83,84,85,85,85,86,87,87,87,88,88,89],"card_choices":[{"not_picked":["Shade:FingerOfDeath","Shade:CallOfTheGrave"],"picked":"Shade:AncientSpear","floor":1},{"not_picked":["Shade:SkeletonHug","Shade:Excise","Shade:AblativeArmor"],"picked":"SKIP","floor":2},{"not_picked":["Shade:SanguineRitual","Shade:Frenzy"],"picked":"Shade:FleshLikeOak","floor":3},{"not_picked":["Shade:Frenzy","Shade:FleshOffering"],"picked":"Shade:CommandSoldier","floor":4},{"not_picked":["Shade:Doomsay","Shade:Brains","Shade:SkeletonHug"],"picked":"SKIP","floor":5},{"not_picked":["Shade:FeralStrike","Shade:FuneraryArmor"],"picked":"Shade:DarkOfNight","floor":6},{"not_picked":["Shade:FleshToFlesh","Shade:FingerOfDeath"],"picked":"Shade:BoneShards","floor":8},{"not_picked":["Shade:PressTheAttack","Shade:FeralStrike"],"picked":"Shade:SensePrey","floor":11},{"not_picked":["Shade:FingerOfDeath","Shade:GraveStillness"],"picked":"Shade:UnbarTheGrave","floor":13},{"not_picked":["Shade:OminousRitual","Shade:SoulPierce"],"picked":"Shade:LastGasp","floor":16},{"not_picked":["Spreading Infection","Delirium"],"picked":"Parasite","floor":17},{"not_picked":["Shame","downfall:Aged"],"picked":"Clumsy","floor":17},{"not_picked":["downfall:Malfunctioning","CurseOfTheBell"],"picked":"CommonCold","floor":17},{"not_picked":["Shade:ScuttlingHand","Shade:Brains"],"picked":"Shade:Bonestorm+1","floor":18},{"not_picked":["Shade:ClawBack+1","Shade:BoneShards"],"picked":"Shade:LyeBath+1","floor":20},{"not_picked":["Shade:LyeBath","Shade:ExtraLimbs","Shade:Bonestorm+1"],"picked":"SKIP","floor":22},{"not_picked":["Shade:Premonition+1","Shade:GreyBargain","Shade:SpontaneousRitual"],"picked":"SKIP","floor":24},{"not_picked":["Shade:Brains","Shade:SanguineRitual","theCatGirl:AccidentalSlap"],"picked":"Shade:Bonestorm+1","floor":28},{"not_picked":["Shade:FuneraryArmor+1","Shade:Haruspicy","theCatGirl:ComboAttack"],"picked":"Shade:CommandSoldier+1","floor":29},{"not_picked":["Shade:SanguineRitual","Shade:SpectralStrikes","Shade:BoneShards+1","theCatGirl:RecoveryBlow"],"picked":"SKIP","floor":30},{"not_picked":["Shade:SoulPierce","Shade:LastGasp","Shade:LoseControl"],"picked":"theCatGirl:SevenLives","floor":33},{"not_picked":["Shade:Bonestorm","Shade:SoulToxin","theCatGirl:ClawScratch"],"picked":"Shade:PressTheAttack+1","floor":35},{"not_picked":["Thinking Ahead","Panache"],"picked":"Secret Weapon","floor":36},{"not_picked":["Shade:TouchOfTheGrave","Shade:FuneraryArmor+1","Shade:CoffinDance+1","theCatGirl:ShockedWitness"],"picked":"SKIP","floor":37},{"not_picked":["Shade:ExtraLimbs+1","Shade:BoneShards+1","Shade:RitualOffering","theCatGirl:PlayAround"],"picked":"SKIP","floor":38},{"not_picked":["Shade:Excise+1","Shade:FleshOffering","Shade:WallOfFlesh","theCatGirl:PlayAround"],"picked":"SKIP","floor":40},{"not_picked":["Shade:FeralStrike","Shade:SoulPierce","Shade:LyeBath+1","theCatGirl:Prepared"],"picked":"SKIP","floor":41},{"not_picked":["Shade:ScuttlingHand","Shade:PoundOfFlesh+1","Shade:Premonition+1","theCatGirl:ClenchYourTeeth"],"picked":"SKIP","floor":44},{"not_picked":["Shade:Awaken","Shade:GreyBargain+1","theCatGirl:AllIn"],"picked":"Shade:Bonestorm+1","floor":45},{"not_picked":["Shade:Haruspicy+1","Shade:AncientSpear+1","theCatGirl:ClenchYourTeeth"],"picked":"Shade:FreshBones+1","floor":48}],"player_experience":285123,"relics_obtained":[{"floor":6,"key":"PreservedInsect"},{"floor":9,"key":"Eternal Feather"},{"floor":24,"key":"infinitespire:Satchel"},{"floor":26,"key":"hubris:DisguiseKit"},{"floor":31,"key":"infinitespire:PuzzleCube"},{"floor":40,"key":"Replay:Bandana"},{"floor":43,"key":"ReplayTheSpireMod:Ninjato"}],"event_choices":[{"damage_healed":0,"gold_gain":0,"player_choice":"Trade","damage_taken":0,"relics_obtained":["FaceOfCleric"],"max_hp_gain":0,"max_hp_loss":0,"event_name":"FaceTrader","floor":10,"gold_loss":0},{"cards_removed":["Clumsy"],"damage_healed":0,"gold_gain":0,"player_choice":"Give","damage_taken":0,"max_hp_gain":0,"max_hp_loss":0,"event_name":"betterNote:BetterNote","floor":19,"gold_loss":0,"cards_obtained":["Conclude"]},{"damage_healed":0,"gold_gain":250,"player_choice":"Bet on Owner","damage_taken":0,"max_hp_gain":0,"max_hp_loss":0,"event_name":"The Joust","floor":27,"gold_loss":50},{"damage_healed":0,"gold_gain":0,"player_choice":"Random: Blue","damage_taken":0,"max_hp_gain":0,"max_hp_loss":0,"event_name":"betterThird:BetterPortal","floor":36,"gold_loss":0},{"damage_healed":0,"gold_gain":0,"player_choice":"Memory 1","damage_taken":0,"max_hp_gain":0,"max_hp_loss":0,"event_name":"SensoryStone","floor":36,"gold_loss":0}],"is_beta":false,"boss_relics":[{"not_picked":["Coffee Dripper","SlaversCollar"],"picked":"Replay:Ancient Bell"},{"not_picked":["Oddly Smooth Stone","MealTicket"],"picked":"Grinning Jar"},{"not_picked":["Quantum Egg","Replay:Bottled Steam"],"picked":"hubris:SphereOfDissonance"},{"not_picked":["hubris:CuriousFeather","Incense Burner"],"picked":"infinitespire:Magic Flask"},{"not_picked":["halation:PinkAlligatorPlush","halation:CatFaceCupcake"],"picked":"hubris:RunicObelisk"}],"items_purged_floors":[14,21,39,46],"is_endless":false,"potions_floor_spawned":[1,3,4,11,13,24,28,29,30,35,37,40],"ascension_level":0}}