{"host":"onjcd8pn3ar4eq0z","time":1612924852,"event":{"mods":["2.2 Compatiblity","AchievementEnabler","Act Like it!","Aspiration","BaseMod","Bestiary","Better Note","Better Third Choice","BetterRewards","CapriCore","ChefMod","Colored Map","Colored Powertips","Conspire","Curses Come First","Downfall","Friendly Minions","Gensokyo","GifTheSpireLib","Gremlin Mod","Hallownest","Hermit","Highlight Path","Hubris","Infinite Spire","Jorbs\u0027s Wanderer Trilogy","Koishi","Lobotomy","LobotomyExtend","Marisa????????","Mimic Mod","Minty Spire (QoL Compilation)","Pale of the Ancients","Potionbrewer","Practice Mode","Relic Sorter","Reliquary","Remilia??????","Replay The Spire","Shop Mod","Spicy Shops","StSLib","Synergy Search","The Administrix","The Animator","The Blue Laboratory","The Bug Knight","The Construct","The Cursed","The Disciple","The Gatherer","The Hierophant","The Immortal","The Mystic","The Necromancer","The Runesmith","The Sage","The Servant 0.9.4","TheBandit","TheSwordswoman","Waifu the Spire","Wandering Minibosses","Yuyuko","noobMod"],"gold_per_floor":[99,118,128,147,147,147,172,72,107,132,152,13,13,32,46,150,150,50,68,79,98,98,98,98,149,199,72,72,143,283,352,403,538,538,438,490,543,49,41,41,41,97,164,164,164,225,225,254,319,319,319,353,34,34,36,46],"floor_reached":57,"language":"ENG","playtime":9287,"items_purged":[],"score":1718,"play_id":"2aa67eee-0c14-4479-92e5-e16050530811","local_time":"20210209204052","is_ascension_mode":true,"campfire_choices":[{"floor":1,"key":"RECALL"},{"data":"hexamod:Sear","floor":8,"key":"SMITH"},{"floor":13,"key":"REST"},{"floor":18,"key":"DIG"},{"data":"expansioncontent:Chronoboost","floor":23,"key":"SMITH"},{"floor":47,"key":"REST"},{"data":"Injury","floor":54,"key":"PURGE"}],"circlet_count":0,"master_deck":["hexamod:Strike+1","hexamod:Strike","hexamod:Strike","hexamod:Strike+1","hexamod:Defend","hexamod:Defend","hexamod:Defend+1","hexamod:Sear+1","hexamod:Float+1","hexamod:Haunt","hexamod:Hexaguard+1","hexamod:HeatMetal+1","hexamod:FlamesFromBeyond+1","hexamod:Firestarter","hexamod:DynamicBlow+1","hexamod:FirstSeal","Warcry+1","expansioncontent:Chronoboost+1","expansioncontent:Chronoboost","hexamod:ThermalTransfer+1","hexamod:NightmareGuise+1","hexamod:StepThrough+1","hexamod:NightmareStrike","hexamod:UnleashSpirits","hexamod:ShieldOfDarkness+1","hexamod:FlamesFromBeyond+1","hexamod:SwordOfDarkness","hexamod:FastForward+1","hexamod:EmpoweredFlame+1","hexamod:SpectersWail+1","hexamod:SixthSeal","hexamod:StepThrough","hexamod:ThirdSeal","hexamod:BurningTouch+1","hexamod:HeatCrush+1","hexamod:FourthSeal","hexamod:SpectersWail","hexamod:ThermalTransfer","hexamod:StepThrough+1","hexamod:SearingWound+1","hexamod:TimeOfNeed+1","hexamod:FastForward+1","hexamod:SwordOfDarkness+1","hexamod:GhostShield+1","hexamod:NightmareStrike+1","hexamod:GhostflameInferno+1","expansioncontent:QuickStudy+1","hexamod:GhostLash","hexamod:GhostLash","hexamod:FlamesFromBeyond+1","hexamod:SecondSeal","hexamod:EtherealExpedition+1","hexamod:BurningTouch+1","hexamod:FirstSeal","hexamod:FirstSeal","hexamod:FlamesFromBeyond+1","hexamod:FlamesFromBeyond+1","hexamod:StepThrough+1","hexamod:FastForward+1","hexamod:NightmareStrike","hexamod:FastForward+1","Pride","hexamod:NightmareGuise+1","hexamod:RecurringNightmare+1","hexamod:ChargedBarrage+1","hexamod:Hexaguard+1","hexamod:TurnItUp+1","hexamod:SpectersWail+1","hexamod:BurningTouch+1","hexamod:BurningTouch+1"],"relics":["ice","m_DevilBlood","LetterFromLob","Toxic Egg 2","downfall:HeartBlessingRed","Blue Doll","Ancient Tea Set","hubris:TerracottaHorce","downfall:HeartBlessingGreen","Peace Pipe","downfall:KnowingSkull","Prayer Wheel","aspiration:ArtOfWarUpgrade","ReplayTheSpireMod:Shallot","downfall:GremlinWheel","Gremlin Horn","ChewingGum","downfall:HeartBlessingBlue","potionbrewer:Keyblade","Vajra","Golden Egg","reliquary:SharkskinSheath","Boot","FossilizedHelix","infinitespire:Midas Blood","Orrery","reliquary:Stiletto"],"acts_visited":["Exordium","TheCity","TheBeyond","TheEnding"],"potions_floor_usage":[16,16,25,25,25,30,36,37,38,49,50,50,52,52,56],"damage_taken":[{"damage":0,"enemies":"conspire:RoseBush","floor":2,"turns":3},{"damage":0,"enemies":"Small Slimes","floor":3,"turns":3},{"damage":4,"enemies":"2 Louse","floor":4,"turns":2},{"damage":12,"enemies":"conspire:MimicChest","floor":9,"turns":6},{"damage":17,"enemies":"Lagavulin","floor":10,"turns":5},{"damage":9,"enemies":"Blue Slaver","floor":11,"turns":3},{"damage":10,"enemies":"downfall:FleeingMerchant","floor":12,"turns":4},{"damage":0,"enemies":"Gremlin Gang","floor":14,"turns":4},{"damage":13,"enemies":"Exordium Thugs","floor":15,"turns":5},{"damage":44,"enemies":"DF_ARCHETYPE_STREAMLINE","floor":16,"turns":8},{"damage":16,"enemies":"3 Byrds","floor":19,"turns":5},{"damage":0,"enemies":"Chosen","floor":20,"turns":4},{"damage":15,"enemies":"Snake Plant","floor":21,"turns":5},{"damage":9,"enemies":"Snecko","floor":25,"turns":5},{"damage":25,"enemies":"Centurion and Healer","floor":26,"turns":5},{"damage":12,"enemies":"downfall:FleeingMerchant","floor":27,"turns":4},{"damage":25,"enemies":"conspire:Head Lice","floor":29,"turns":7},{"damage":13,"enemies":"conspire:Head Lice","floor":30,"turns":4},{"damage":28,"enemies":"conspire:SneckoGhost","floor":31,"turns":6},{"damage":46,"enemies":"3 Cultists","floor":32,"turns":5},{"damage":59,"enemies":"WA_ARCHETYPE_CALM","floor":33,"turns":9},{"damage":31,"enemies":"3 Darklings","floor":36,"turns":3},{"damage":9,"enemies":"3 Shapes","floor":37,"turns":4},{"damage":3,"enemies":"downfall:FleeingMerchant","floor":38,"turns":4},{"damage":3,"enemies":"Jaw Worm Horde","floor":42,"turns":2},{"damage":39,"enemies":"Nemesis","floor":43,"turns":5},{"damage":15,"enemies":"3 Darklings","floor":46,"turns":4},{"damage":12,"enemies":"Reptomancer","floor":48,"turns":3},{"damage":14,"enemies":"Writhing Mass","floor":49,"turns":3},{"damage":9,"enemies":"SI_POISON_ARCHETYPE","floor":50,"turns":8},{"damage":104,"enemies":"downfall:CharBossMerchant","floor":52,"turns":8},{"damage":21,"enemies":"downfall:NeowBoss","floor":55,"turns":9},{"damage":48,"enemies":"downfall:NeowBossFinal","floor":56,"turns":8}],"seed_played":"483877090435085211","potions_obtained":[{"floor":2,"key":"SkillPotion"},{"floor":9,"key":"infinitespire:BlackPotion"},{"floor":11,"key":"Dexterity Potion"},{"floor":14,"key":"Dexterity Potion"},{"floor":20,"key":"potionbrewer:ToxicPotion"},{"floor":21,"key":"potionbrewer:SplittingPotion"},{"floor":26,"key":"potionbrewer:BarricadePotion"},{"floor":30,"key":"Death Potion"},{"floor":31,"key":"Reflective Coating"},{"floor":36,"key":"potionbrewer:BlacksmithPotion"},{"floor":42,"key":"potionbrewer:CleansingPotion"},{"floor":43,"key":"blueLaboratory:ExaltedPotion"},{"floor":49,"key":"AttackPotion"},{"floor":52,"key":"ColorlessPotion"},{"floor":52,"key":"sneckomod:MuddlingPotion"}],"is_trial":false,"path_per_floor":["R","M","M","M","?","?","T","R","?","E","M","$","R","M","M","B",null,"R_BF","M","M","M","?","R","T","M","M","$","?","E","?","E","M","B",null,"R","M","M","$","?","?","T","M","E","R","?","M","R","E","M","B",null,"E","$","R","B","B",null],"character_chosen":"THE_SPIRIT","items_purchased":["expansioncontent:Chronoboost","hexamod:ThermalTransfer","hexamod:NightmareGuise+1","Art of War","potionbrewer:Keyblade","expansioncontent:QuickStudy","hexamod:GhostLash","hexamod:FlamesFromBeyond+1","Vajra","Orrery","reliquary:Stiletto","hexamod:BurningTouch+1"],"campfire_rested":2,"item_purchase_floors":[12,12,12,27,38,38,38,38,38,53,53,53],"current_hp_per_floor":[70,70,70,66,66,66,66,66,60,53,50,46,67,70,70,38,62,62,59,65,63,56,56,56,62,54,59,59,53,51,35,71,31,69,79,67,77,82,82,74,74,82,62,62,62,53,89,94,93,103,124,137,137,137,139,117],"gold":46,"neow_bonus":"TRANSFORM_CARD","is_daily":false,"chose_seed":false,"campfire_upgraded":2,"win_rate":0.0,"timestamp":1612924852,"path_taken":["R","M","M","M","?","?","T","R","?","E","M","?","R","?","M","BOSS","R_BF","M","M","M","?","R","T","M","M","$","?","E","?","E","M","BOSS","R","M","M","$","?","?","T","?","E","R","?","M","R","E","M","BOSS","E","$","R","BOSS","BOSS"],"items_purchased_type":["Card","Card","Card","Relic","Relic","Card","Card","Card","Relic","Relic","Relic","Card"],"build_version":"2020-12-22","purchased_purges":0,"victory":true,"max_hp_per_floor":[70,70,70,70,70,70,70,70,70,70,70,70,70,70,70,70,70,70,70,70,70,70,70,70,70,70,70,70,70,70,70,71,82,82,92,97,106,111,111,111,111,111,120,120,120,123,123,125,127,131,131,137,137,137,139,147],"card_choices":[{"not_picked":["hexamod:HauntingEcho","hexamod:SoulSteal"],"picked":"hexamod:Hexaguard","floor":2},{"not_picked":["hexamod:UnleashSpirits","hexamod:BacktrackSmack"],"picked":"hexamod:HeatMetal","floor":3},{"not_picked":["hexamod:GhostflameBarrier","hexamod:HauntingEcho"],"picked":"hexamod:FlamesFromBeyond","floor":4},{"not_picked":["hexamod:HauntingEcho","hexamod:PhantomCloak"],"picked":"hexamod:Firestarter","floor":9},{"not_picked":["hexamod:ThermalTransfer","hexamod:AdvancingGuard+1"],"picked":"hexamod:DynamicBlow","floor":10},{"not_picked":["hexamod:SwordOfDarkness","True Grit+1"],"picked":"hexamod:FirstSeal","floor":11},{"not_picked":["Abandon+1","hexamod:BacktrackSmack"],"picked":"Warcry+1","floor":12},{"not_picked":["hexamod:SwordOfDarkness","hexamod:TurnItUp+1"],"picked":"hexamod:StepThrough","floor":14},{"not_picked":["Warcry+1","hexamod:PowerFromBeyond+1"],"picked":"hexamod:NightmareStrike","floor":15},{"not_picked":["hexamod:ParanormalForm","hexamod:SearingWound+1"],"picked":"hexamod:UnleashSpirits","floor":16},{"not_picked":["hexamod:HeatMetal","hexamod:HauntingEcho"],"picked":"hexamod:ShieldOfDarkness+1","floor":19},{"not_picked":["hexamod:HeatCrush","hexamod:Rewind+1"],"picked":"hexamod:FlamesFromBeyond+1","floor":20},{"not_picked":["hexamod:CatchUp+1","hexamod:Hexaguard+1"],"picked":"hexamod:SwordOfDarkness","floor":21},{"not_picked":["hexamod:RadiantFlame","hexamod:HeatMetal"],"picked":"hexamod:FastForward+1","floor":25},{"not_picked":["hexamod:NightmareGuise+1","hexamod:PowerFromBeyond+1"],"picked":"hexamod:EmpoweredFlame+1","floor":25},{"not_picked":["hexamod:GhostShield+1","hexamod:NightmareGuise+1"],"picked":"hexamod:SpectersWail+1","floor":26},{"not_picked":["hexamod:SwordOfDarkness+1","hexamod:Incineration"],"picked":"hexamod:SixthSeal","floor":26},{"not_picked":["hexamod:ShieldOfDarkness+1","hexamod:GhostOfSpireFuture+1"],"picked":"hexamod:StepThrough","floor":27},{"not_picked":["hexamod:SecondSeal","hexamod:SwordOfDarkness"],"picked":"hexamod:ThirdSeal","floor":29},{"not_picked":["hexamod:Hexaguard+1","hexamod:SkipABeat+1"],"picked":"hexamod:BurningTouch+1","floor":30},{"not_picked":["hexamod:NightmareStrike","hexamod:RainOfEmbers"],"picked":"hexamod:HeatCrush+1","floor":31},{"not_picked":["hexamod:ThermalTransfer","hexamod:RecurringNightmare+1"],"picked":"hexamod:FourthSeal","floor":31},{"not_picked":["hexamod:GhostShield+1","hexamod:ShieldOfDarkness+1"],"picked":"hexamod:SpectersWail","floor":32},{"not_picked":["hexamod:GhostLash","hexamod:Rewind+1"],"picked":"hexamod:ThermalTransfer","floor":32},{"not_picked":["hexamod:GhostOfSpireFuture","hexamod:ThermalTransfer+1"],"picked":"hexamod:StepThrough","floor":32},{"not_picked":["hexamod:TurnItUp+1","hexamod:ParanormalForm"],"picked":"hexamod:SearingWound+1","floor":33},{"not_picked":["hexamod:UnleashSpirits","hexamod:ForkedFlame"],"picked":"hexamod:TimeOfNeed+1","floor":33},{"not_picked":["hexamod:Firestarter","hexamod:HeatMetal"],"picked":"hexamod:FastForward+1","floor":36},{"not_picked":["hexamod:HeatMetal+1","hexamod:SpectralAdrenaline+1"],"picked":"hexamod:SwordOfDarkness","floor":36},{"not_picked":["hexamod:NecessarySacrifice+1","hexamod:SpectralAdrenaline+1"],"picked":"hexamod:GhostShield+1","floor":37},{"not_picked":["hexamod:GhostShield+1","hexamod:ThermalTransfer+1"],"picked":"hexamod:NightmareStrike+1","floor":37},{"not_picked":["hexamod:EmpoweredFlame+1","hexamod:TurnItUp+1"],"picked":"hexamod:GhostflameInferno+1","floor":38},{"not_picked":["hexamod:Incineration+1","hexamod:GhostShield+1"],"picked":"hexamod:EtherealExpedition+1","floor":42},{"not_picked":["hexamod:HauntingEcho+1","hexamod:BacktrackSmack+1"],"picked":"hexamod:BurningTouch+1","floor":42},{"not_picked":["hexamod:StepThrough+1","hexamod:GhostflameBarrier+1"],"picked":"hexamod:FirstSeal","floor":43},{"not_picked":["hexamod:RainOfEmbers+1","hexamod:NecessarySacrifice+1"],"picked":"hexamod:FirstSeal","floor":43},{"not_picked":["hexamod:NightmareStrike","hexamod:RecurringNightmare+1"],"picked":"hexamod:FlamesFromBeyond+1","floor":46},{"not_picked":["hexamod:ThermalTransfer+1","hexamod:SpectralAdrenaline+1"],"picked":"hexamod:StepThrough+1","floor":46},{"not_picked":["hexamod:BacktrackSmack+1","hexamod:Hexaguard+1"],"picked":"hexamod:FastForward+1","floor":48},{"not_picked":["hexamod:GhostShield+1","hexamod:Haunt+1"],"picked":"hexamod:NightmareStrike","floor":49},{"not_picked":["hexamod:BurningTouch+1","hexamod:ParanormalForm"],"picked":"hexamod:FastForward+1","floor":49},{"not_picked":["hexamod:ExtraCrispy","hexamod:RadiantFlame"],"picked":"hexamod:NightmareGuise+1","floor":52},{"not_picked":["hexamod:Hexaguard+1","hexamod:HauntingEcho"],"picked":"hexamod:RecurringNightmare+1","floor":53},{"not_picked":["hexamod:GhostLash+1","hexamod:PowerFromBeyond+1"],"picked":"hexamod:ChargedBarrage+1","floor":53},{"not_picked":["hexamod:HeatMetal+1","hexamod:GhostShield+1"],"picked":"hexamod:Hexaguard+1","floor":53},{"not_picked":["hexamod:GhostLash+1","hexamod:ThermalTransfer+1"],"picked":"hexamod:TurnItUp+1","floor":53},{"not_picked":["hexamod:GhostOfSpirePast+1","hexamod:SkipABeat+1"],"picked":"hexamod:SpectersWail+1","floor":53}],"player_experience":537376,"relics_obtained":[{"floor":2,"key":"LetterFromLob"},{"floor":9,"key":"Blue Doll"},{"floor":10,"key":"Ancient Tea Set"},{"floor":18,"key":"Peace Pipe"},{"floor":24,"key":"Prayer Wheel"},{"floor":29,"key":"ReplayTheSpireMod:Shallot"},{"floor":30,"key":"downfall:GremlinWheel"},{"floor":31,"key":"Gremlin Horn"},{"floor":41,"key":"Golden Egg"},{"floor":43,"key":"reliquary:SharkskinSheath"},{"floor":44,"key":"Boot"},{"floor":48,"key":"FossilizedHelix"},{"floor":52,"key":"infinitespire:Midas Blood"}],"event_choices":[{"damage_healed":0,"gold_gain":0,"player_choice":"Relic","damage_taken":0,"max_hp_gain":0,"max_hp_loss":0,"event_name":"Wheel of Change","floor":44,"gold_loss":0}],"is_beta":false,"boss_relics":[{"not_picked":["Runic Pyramid","aspiration:SilentSkillbook"],"picked":"hubris:TerracottaHorce"},{"not_picked":["Abe\u0027s Treasure","Pandora\u0027s Box"],"picked":"ChewingGum"}],"items_purged_floors":[],"is_endless":false,"potions_floor_spawned":[2,9,11,14,20,21,26,29,30,31,37,42,52],"ascension_level":5}}