{"host":"nlowmoq7gy18n72d","time":1612967840,"event":{"mods":["BaseMod","Colored Powertips","Conspire","Downfall","Hermit","Highlight Path","Infinite Spire","Jorbs\u0027s Wanderer Trilogy","Minty Spire (QoL Compilation)","Rare Cards Sparkle","Replay The Spire","StSLib","The Cursed","The Hierophant"],"gold_per_floor":[99,99,99,99,99,99,125,58,84,84,100,10,10,0,20,123,123,23,43,54,69,154,186,209,9,9,9,9],"floor_reached":26,"language":"ENG","playtime":983,"items_purged":["champ:Strike"],"score":282,"play_id":"40a19ddf-5e26-4337-a0a0-1f14ed28d42b","local_time":"20210210173720","is_ascension_mode":true,"campfire_choices":[{"floor":1,"key":"RECALL"},{"data":"champ:TornadoPunch","floor":6,"key":"SMITH"},{"data":"champ:TornadoPunch","floor":10,"key":"SMITH"},{"data":"champ:ShieldThrow","floor":13,"key":"SMITH"},{"data":"champ:DefensiveShout","floor":18,"key":"SMITH"},{"data":"champ:DefensiveStyle","floor":25,"key":"SMITH"}],"circlet_count":0,"master_deck":["champ:Strike","champ:Strike","champ:Strike","champ:Defend","champ:Defend","champ:Defend","champ:Defend","champ:Execute","champ:Taunt","champ:TornadoPunch+1","champ:TornadoPunch+1","champ:FlashCut","champ:DefensiveShout+1","champ:SetATrap","champ:DefensiveStyle+1","champ:ShieldThrow+1","champ:EnchantShield","champ:DefensiveStyle+1"],"relics":["champ:ChampionCrown","downfall:HeartsMalice","Pen Nib","TungstenRod","infinitespire:Cupcake","downfall:HeartBlessingRed","Ornamental Fan","downfall:HeartBlessingGreen","downfall:HeartBlessingBlue"],"acts_visited":["Exordium","TheCity"],"potions_floor_usage":[12,26,26],"damage_taken":[{"damage":0,"enemies":"Jaw Worm","floor":2,"turns":1},{"damage":0,"enemies":"Cultist","floor":4,"turns":1},{"damage":0,"enemies":"Small Slimes","floor":5,"turns":1},{"damage":10,"enemies":"downfall:FleeingMerchant","floor":8,"turns":4},{"damage":0,"enemies":"Replay:BlueRogue","floor":9,"turns":4},{"damage":8,"enemies":"Blue Slaver","floor":11,"turns":3},{"damage":2,"enemies":"downfall:FleeingMerchant","floor":12,"turns":4},{"damage":15,"enemies":"downfall:FleeingMerchant","floor":14,"turns":4},{"damage":1,"enemies":"Red Slaver","floor":15,"turns":2},{"damage":60,"enemies":"DF_ARCHETYPE_STREAMLINE","floor":16,"turns":11},{"damage":22,"enemies":"3 Byrds","floor":19,"turns":5},{"damage":9,"enemies":"conspire:FuzzyDice","floor":20,"turns":4},{"damage":41,"enemies":"3 Cultists","floor":21,"turns":5},{"damage":31,"enemies":"Gremlin Leader","floor":23,"turns":10},{"damage":40,"enemies":"Nightmare","floor":26,"turns":9}],"seed_played":"-7988390520236434913","potions_obtained":[{"floor":9,"key":"LifebloodPotion"},{"floor":11,"key":"champ:TechniquePotion"},{"floor":15,"key":"FairyPotion"},{"floor":19,"key":"Dexterity Potion"}],"is_trial":false,"path_per_floor":["R","M","?","M","M","R","T","$","E","R","M","$","R","$","M","B",null,"R","M","M","M","?","E","T","R","NM"],"character_chosen":"THE_CHAMP","items_purchased":["champ:DefensiveStyle+1"],"campfire_rested":0,"item_purchase_floors":[8],"current_hp_per_floor":[90,90,90,90,90,90,90,90,90,90,82,80,80,75,74,39,90,90,78,79,48,31,27,27,37,0,0,0],"gold":9,"neow_bonus":"THREE_ENEMY_KILL","is_daily":false,"chose_seed":false,"campfire_upgraded":5,"win_rate":0.0,"timestamp":1612967840,"path_taken":["R","M","?","M","M","R","T","$","E","R","M","$","R","$","M","BOSS","R","M","M","M","?","E","T","R","NM"],"items_purchased_type":["Card"],"build_version":"2020-12-22","purchased_purges":1,"victory":false,"max_hp_per_floor":[90,90,90,90,90,90,90,90,90,90,90,90,90,90,90,90,90,90,90,90,90,90,90,90,100,100,100,100],"card_choices":[{"not_picked":["champ:DefensiveStyle","champ:FlashCut"],"picked":"champ:TornadoPunch","floor":2},{"not_picked":["champ:AdrenalArmor","champ:Backstep"],"picked":"champ:FlashCut","floor":4},{"not_picked":["champ:Endure","champ:PerfectedStrike"],"picked":"champ:DefensiveShout","floor":5},{"not_picked":["champ:BerserkersShout","champ:Shatter"],"picked":"champ:SetATrap","floor":8},{"not_picked":["champ:ShieldSigil","champ:AdrenalArmor"],"picked":"champ:ShieldThrow","floor":9},{"not_picked":["champ:BladeFlurry","champ:FaceSlap","champ:Haymaker"],"picked":"SKIP","floor":11},{"not_picked":["champ:TornadoPunch","champ:GutPunch","champ:CrookedStrike"],"picked":"SKIP","floor":12},{"not_picked":["champ:PreciseThrust","champ:ShieldSlam","champ:BladeFlurry"],"picked":"SKIP","floor":14},{"not_picked":["champ:Encircle","champ:StanceDance","champ:FanOfKnives"],"picked":"SKIP","floor":15},{"not_picked":["champ:UltimateStance","champ:CheapShot"],"picked":"champ:EnchantShield","floor":16},{"not_picked":["champ:EnGarde","champ:EndlessRage","champ:BerserkersShout"],"picked":"SKIP","floor":19},{"not_picked":["champ:StanceDance+1","champ:SkillfulDodge"],"picked":"champ:DefensiveStyle","floor":20},{"not_picked":["champ:Circumvent","champ:Haymaker","champ:StanceDance"],"picked":"SKIP","floor":21},{"not_picked":["champ:Backstep","champ:SetATrap","champ:FaceSlap"],"picked":"SKIP","floor":23}],"player_experience":773384,"relics_obtained":[{"floor":7,"key":"Pen Nib"},{"floor":9,"key":"TungstenRod"},{"floor":23,"key":"Ornamental Fan"}],"event_choices":[],"is_beta":false,"boss_relics":[{"not_picked":["Ring of Chaos","Runic Dome"],"picked":"infinitespire:Cupcake"}],"items_purged_floors":[12],"is_endless":false,"potions_floor_spawned":[9,11,15,19],"killed_by":"Nightmare","ascension_level":3}}