{"host":"6hzrz31j95f2y1pa","time":1612959376,"event":{"mods":["BaseMod","Colored Map","Downfall","Minty Spire (QoL Compilation)","StSLib"],"gold_per_floor":[99,112,130,142,159,159,159,59,93,111,21,34,34,47,67,172,222,222,232,242,242,260,260,287,287,306,324,334,352,380,393,412,412,412,412],"floor_reached":33,"language":"ENG","playtime":1540,"items_purged":["Slimebound:Strike_Slimebound"],"score":346,"play_id":"b3725acd-1f06-44df-a32d-6a3653963ae5","local_time":"20210210071616","is_ascension_mode":true,"campfire_choices":[{"data":"Slimebound:CorrosiveSpit","floor":1.0,"key":"SMITH"},{"data":"Slimebound:Equalize","floor":8.0,"key":"SMITH"},{"data":"Slimebound:WasteNot","floor":18.0,"key":"SMITH"},{"data":"Slimebound:Split","floor":25.0,"key":"SMITH"}],"circlet_count":0,"master_deck":["Slimebound:Strike_Slimebound","Slimebound:Strike_Slimebound","Slimebound:Tackle","Slimebound:Defend_Slimebound","Slimebound:Defend_Slimebound","Slimebound:Defend_Slimebound","Slimebound:Defend_Slimebound","Slimebound:Split+1","Slimebound:CorrosiveSpit+1","Slimebound:HauntingLick","Slimebound:SlimeSpikes","Slimebound:Equalize+1","Slimebound:MegaLick","Slimebound:FinishingTackle","Good Instincts","Slimebound:RejuvenatingLick","Slimebound:LeechEnergy","Slimebound:ViciousTackle+1","Slimebound:MassRepurpose","Slimebound:ItLooksTasty","Slimebound:WasteNot+1","Slimebound:SamplingLick+1","Slimebound:SplitLeeching+1","Slimebound:RollThrough","Slimebound:Gluttony","Slimebound:ItLooksTasty","Slimebound:LeadByExample+1","Slimebound:AcidTongue"],"relics":["Slimebound:AbsorbEndCombat","downfall:HeartBlessingBlue","Letter Opener","The Courier","Tiny House","Guardian:PocketSentry","Blood Vial"],"acts_visited":["Exordium","TheCity"],"potions_floor_usage":[30,33],"damage_taken":[{"damage":7.0,"enemies":"Jaw Worm","floor":2.0,"turns":3.0},{"damage":1.0,"enemies":"Cultist","floor":3.0,"turns":4.0},{"damage":0.0,"enemies":"2 Louse","floor":4.0,"turns":3.0},{"damage":23.0,"enemies":"Gremlin Gang","floor":5.0,"turns":4.0},{"damage":29.0,"enemies":"Lagavulin","floor":9.0,"turns":6.0},{"damage":0.0,"enemies":"Large Slime","floor":10.0,"turns":4.0},{"damage":3.0,"enemies":"downfall:FleeingMerchant","floor":11.0,"turns":4.0},{"damage":1.0,"enemies":"3 Louse","floor":12.0,"turns":3.0},{"damage":12.0,"enemies":"Exordium Thugs","floor":14.0,"turns":3.0},{"damage":5.0,"enemies":"Large Slime","floor":15.0,"turns":3.0},{"damage":64.0,"enemies":"DF_ARCHETYPE_STREAMLINE","floor":16.0,"turns":11.0},{"damage":30.0,"enemies":"3 Byrds","floor":19.0,"turns":4.0},{"damage":21.0,"enemies":"Shell Parasite","floor":20.0,"turns":4.0},{"damage":26.0,"enemies":"3 Cultists","floor":22.0,"turns":5.0},{"damage":21.0,"enemies":"Snake Plant","floor":26.0,"turns":3.0},{"damage":0.0,"enemies":"Snecko","floor":27.0,"turns":3.0},{"damage":1.0,"enemies":"Cultist and Chosen","floor":28.0,"turns":4.0},{"damage":37.0,"enemies":"Shelled Parasite and Fungi","floor":29.0,"turns":5.0},{"damage":31,"enemies":"Slavers","floor":30,"turns":4},{"damage":17,"enemies":"Centurion and Healer","floor":31,"turns":6},{"damage":26,"enemies":"Snake Plant","floor":32,"turns":3},{"damage":45,"enemies":"WA_ARCHETYPE_CALM","floor":33,"turns":5}],"seed_played":"2860082358185777991","potions_obtained":[{"floor":3.0,"key":"PowerPotion"},{"floor":5.0,"key":"ColorlessPotion"},{"floor":9.0,"key":"Slimebound:SlimyTonguePotion"},{"floor":10.0,"key":"DistilledChaos"},{"floor":17.0,"key":"Explosive Potion"},{"floor":22.0,"key":"FearPotion"},{"floor":30,"key":"Swift Potion"},{"floor":31,"key":"Slimebound:ThreeZeroPotion"}],"is_trial":false,"path_per_floor":["R","M","M","M","M","?","T","R","E","M","$","M","T","M","M","B",null,"R","M","M","?","M","?","T","R","M","M","M","M","E","M","M","B"],"character_chosen":"SLIMEBOUND","items_purchased":[],"campfire_rested":0,"item_purchase_floors":[],"current_hp_per_floor":[65,62,65,65,54,54,54,64,55,75,74,74,74,66,65,15,80,80,54,53,53,47,47,47,47,44,64,71,42,31,36,32,0,0,0],"gold":412,"neow_bonus":"THREE_CARDS","is_daily":false,"chose_seed":false,"campfire_upgraded":4,"win_rate":0.0,"timestamp":1612959376,"path_taken":["R","M","M","M","M","?","T","R","E","M","$","?","?","M","M","BOSS","R","M","M","?","?","?","T","R","M","?","M","M","E","M","M","BOSS"],"items_purchased_type":[],"build_version":"2020-12-22","purchased_purges":1,"victory":false,"max_hp_per_floor":[65,65,65,65,65,65,65,75,75,75,75,75,75,75,75,75,80,80,80,80,80,80,80,80,80,80,80,80,80,80,80,80,80,80,80],"card_choices":[{"not_picked":["Slimebound:SplitBruiser","Slimebound:Equalize"],"picked":"Slimebound:HauntingLick","floor":0.0},{"not_picked":["Slimebound:SplitBruiser","Slimebound:SlimeTap"],"picked":"Slimebound:SlimeSpikes","floor":2.0},{"not_picked":["Slimebound:LeechingTouch","Slimebound:GoopTackle"],"picked":"Slimebound:Equalize","floor":3.0},{"not_picked":["Slimebound:ComboTackle","Slimebound:Nibble"],"picked":"Slimebound:MegaLick","floor":4.0},{"not_picked":["Slimebound:SplitMire","Slimebound:RallyTheTroops"],"picked":"Slimebound:FinishingTackle","floor":5.0},{"not_picked":["Slimebound:SplitLeeching","Slimebound:SlimeSpikes"],"picked":"Slimebound:RejuvenatingLick","floor":9.0},{"not_picked":["Slimebound:SplitAcid","Slimebound:Equalize","Slimebound:LivingWall"],"picked":"SKIP","floor":10.0},{"not_picked":["Slimebound:LeadByExample","Slimebound:SplitLeeching"],"picked":"Slimebound:LeechEnergy","floor":11.0},{"not_picked":["Slimebound:GoopSpray","Slimebound:SlimeBarrage"],"picked":"Slimebound:ViciousTackle","floor":12.0},{"not_picked":["Slimebound:SplitMire","Slimebound:LevelUp"],"picked":"Slimebound:MassRepurpose","floor":14.0},{"not_picked":["Slimebound:RainOfGoop","Slimebound:GoopTackle"],"picked":"Slimebound:ItLooksTasty","floor":15.0},{"not_picked":["Slimebound:Darklings","Slimebound:SelfFormingGoo"],"picked":"Slimebound:WasteNot","floor":16.0},{"not_picked":["Slimebound:LeechingTouch","Slimebound:FinishingTackle","Slimebound:LeechEnergy+1"],"picked":"SKIP","floor":19.0},{"not_picked":["Slimebound:ComboTackle+1","Slimebound:LevelUp"],"picked":"Slimebound:SamplingLick+1","floor":20.0},{"not_picked":["Slimebound:DisruptingSlam","Slimebound:ItLooksTasty"],"picked":"Slimebound:SplitLeeching+1","floor":22.0},{"not_picked":["Slimebound:BestDefense","Slimebound:LeechEnergy"],"picked":"Slimebound:RollThrough","floor":26.0},{"not_picked":["Slimebound:LeechingTouch+1","Slimebound:ServeAndProtect+1","Slimebound:GoopTackle+1"],"picked":"SKIP","floor":27.0},{"not_picked":["Slimebound:LeechEnergy","Slimebound:ForwardTackle"],"picked":"Slimebound:Gluttony","floor":28.0},{"not_picked":["Slimebound:LeechingTouch","Slimebound:SplitAcid+1"],"picked":"Slimebound:ItLooksTasty","floor":29.0},{"not_picked":["Slimebound:SplitAcid","Slimebound:PressTheAttack","Slimebound:MassRepurpose"],"picked":"SKIP","floor":30},{"not_picked":["Slimebound:ItLooksTasty+1","Slimebound:SlimeBrawl+1"],"picked":"Slimebound:LeadByExample+1","floor":31},{"not_picked":["Slimebound:SplitLeeching+1","Slimebound:SlimeBarrage"],"picked":"Slimebound:AcidTongue","floor":32}],"player_experience":1419989,"relics_obtained":[{"floor":9.0,"key":"Letter Opener"},{"floor":13.0,"key":"The Courier"},{"floor":24.0,"key":"Guardian:PocketSentry"},{"floor":30,"key":"Blood Vial"}],"event_choices":[],"is_beta":false,"boss_relics":[{"not_picked":["SacredBark","bronze:MakeshiftBattery"],"picked":"Tiny House"}],"items_purged_floors":[11],"is_endless":false,"potions_floor_spawned":[3,5,9,10,12,20,22,26,30,31],"killed_by":"WA_ARCHETYPE_CALM","ascension_level":3}}