{"host":"g5fmetnswx4f9rhi","time":1612998182,"event":{"mods":["AchievementEnabler","Act Like it!","Aspiration","BaseMod","Conspire","Friendly Minions","Gensokyo","GifTheSpireLib","Halation","Hallownest","Hubris","Infinite Spire","Koishi","Lobotomy","LobotomyExtend","Luminous","Mari Mod (Legacy)","Mari\u0027s V1 Patch","Marisa????????","Mimic Mod","Minty Spire (QoL Compilation)","Railgun Mod","Reimu??????","Remilia??????","Replay The Spire","StSLib","Td1madao Mod","The Administrix","The Alterego","The Animator","The Bladedancer","The Bug Knight","The Cursed","The Disciple","The Jungle","The Marked","The Necromancer","The Senshi","The Servant 0.9.4","Waifu the Spire","Yakumo Yukari mod","Yuri Mod"],"gold_per_floor":[118,181,281,295,311,311,346,346,372,399,413,430,446,478,478,577,577,588,604,619,635,635,635,635],"floor_reached":23,"language":"ENG","playtime":1972,"items_purged":["Strike_G"],"score":215,"play_id":"c0682ea0-806c-4eac-8e5e-15d48c50c69b","local_time":"20210210170302","is_ascension_mode":false,"campfire_choices":[{"floor":6,"key":"REST"},{"floor":8,"key":"REST"},{"floor":15,"key":"REST"}],"circlet_count":0,"master_deck":["Strike_G+1","Strike_G+1","Strike_G+1","Strike_G+1","Defend_G+1","Defend_G+1","Defend_G+1","Defend_G+1","Defend_G+1","Survivor","Neutralize","Dagger Spray+1","Flying Knee","Acrobatics+1","Quick Slash+1","Finisher","Acrobatics+1","Poisoned Stab","Blur","Envenom","Dagger Spray+1","ReplayTheSpireMod:The Works+1","Venomology","Footwork","Prepared","conspire:PoisonWeapons","Tactician","infinitespire:NeuralNetwork"],"relics":["MariMod:MariFestivalBadge","Gremlin Food","Question Card","aspiration:FetidBarrel","Ancient Tea Set","hubris:ScarierMask","halation:AfternoonTea"],"acts_visited":["Exordium","TheCity"],"potions_floor_usage":[10,14,18,19,20,21],"damage_taken":[{"damage":0,"enemies":"Cultist","floor":1,"turns":3},{"damage":0,"enemies":"Small Slimes","floor":4,"turns":4},{"damage":0,"enemies":"Jaw Worm","floor":5,"turns":3},{"damage":31,"enemies":"Lagavulin","floor":7,"turns":6},{"damage":14,"enemies":"Gremlin Nob","floor":10,"turns":3},{"damage":7,"enemies":"Lots of Slimes","floor":11,"turns":3},{"damage":1,"enemies":"3 Louse","floor":12,"turns":3},{"damage":3,"enemies":"Exordium Thugs","floor":13,"turns":5},{"damage":2,"enemies":"Lagavulin","floor":14,"turns":5},{"damage":44,"enemies":"Slime Boss","floor":16,"turns":11},{"damage":10,"enemies":"Chosen","floor":18,"turns":4},{"damage":0,"enemies":"conspire:FuzzyDice","floor":19,"turns":4},{"damage":28,"enemies":"Snake Plant","floor":20,"turns":4},{"damage":10,"enemies":"3 Cultists","floor":21,"turns":3},{"damage":2,"enemies":"Nightmare","floor":23,"turns":3}],"seed_played":"-3231209897713288831","potions_obtained":[{"floor":7,"key":"Poison Potion"},{"floor":11,"key":"Milkshake"},{"floor":12,"key":"Strength Potion"},{"floor":16,"key":"BlessingOfTheForge"},{"floor":19,"key":"infinitespire:BlackPotion"}],"is_trial":false,"path_per_floor":["M","?","?","M","M","R","E","R","T","E","M","M","M","E","R","B",null,"M","M","M","M","AVR","NM"],"character_chosen":"THE_SILENT","items_purchased":[],"campfire_rested":3,"item_purchase_floors":[],"current_hp_per_floor":[70,53,53,53,53,70,39,60,60,46,39,38,35,33,54,10,70,60,60,32,22,22,20,20],"gold":635,"neow_bonus":"BOSS_RELIC","is_daily":false,"chose_seed":false,"campfire_upgraded":0,"win_rate":0.0,"timestamp":1612998182,"path_taken":["M","?","?","M","M","R","E","R","T","E","?","M","M","E","R","BOSS","M","M","M","M","AVR","NM"],"items_purchased_type":[],"build_version":"2020-12-22","purchased_purges":1,"victory":false,"max_hp_per_floor":[70,70,70,70,70,70,70,70,70,70,70,70,70,70,70,70,70,70,70,70,70,70,70,70],"card_choices":[{"not_picked":["Dodge and Roll","hubris:Sniper"],"picked":"Dagger Spray","floor":1},{"not_picked":["Endless Agony","Dash"],"picked":"Flying Knee","floor":2},{"not_picked":["Blade Dance","Slice"],"picked":"Acrobatics","floor":2},{"not_picked":["Outmaneuver","Deflect"],"picked":"Quick Slash","floor":4},{"not_picked":["Deadly Poison","Poisoned Stab"],"picked":"Finisher","floor":5},{"not_picked":["Burst","Outmaneuver"],"picked":"Acrobatics","floor":7},{"not_picked":["Prepared","Hidden Blade","hubris:SlightOfHand"],"picked":"Poisoned Stab","floor":10},{"not_picked":["Prepared","Quick Slash","ReplayTheSpireMod:Scrap Shanks"],"picked":"Blur","floor":11},{"not_picked":["Masterful Stab","hubris:SlightOfHand","Distraction"],"picked":"Envenom","floor":12},{"not_picked":["Acrobatics","Sucker Punch","Deflect"],"picked":"Dagger Spray","floor":13},{"not_picked":["Outmaneuver","Well Laid Plans","Dash"],"picked":"ReplayTheSpireMod:The Works","floor":14},{"not_picked":["ReplayTheSpireMod:From All Sides","Unload","Atom Bomb"],"picked":"Venomology","floor":16},{"not_picked":["Acrobatics","Backflip","Blade Dance"],"picked":"Footwork","floor":18},{"not_picked":["Deflect","Dodge and Roll","Terror"],"picked":"Prepared","floor":19},{"not_picked":["Outmaneuver","Deflect+1","Distraction"],"picked":"conspire:PoisonWeapons","floor":20},{"not_picked":["Replay:Poison Smokescreen","Sucker Punch+1","Dagger Spray+1"],"picked":"Tactician","floor":21}],"player_experience":36861,"relics_obtained":[{"floor":2,"key":"Gremlin Food"},{"floor":7,"key":"Question Card"},{"floor":10,"key":"aspiration:FetidBarrel"},{"floor":14,"key":"Ancient Tea Set"}],"event_choices":[{"damage_healed":0,"gold_gain":100,"player_choice":"Gold","damage_taken":0,"max_hp_gain":0,"max_hp_loss":0,"event_name":"Wheel of Change","floor":3,"gold_loss":0}],"is_beta":false,"boss_relics":[{"not_picked":["Astrolabe","Honey Jar"],"picked":"hubris:ScarierMask"}],"items_purged_floors":[22],"is_endless":false,"potions_floor_spawned":[7,10,11,12,16,19],"killed_by":"Nightmare","ascension_level":0}}