{"host":"9rqk712yu6s3287p","time":1612972510,"event":{"mods":["Act Like it!","BaseMod","CapriCore","Chen","Gensokyo","Googly Eyes","Marisa£®ÏF”Í°°ƒß¿Ì…≥£©","Minty Spire (QoL Compilation)","Onozuka Komachi Mod","Reimu£®≤©¿ˆ¡È√Œ£©","Remilia_Scarlet Moed£®¿Ÿ√◊¿Ú—«°§Àπø®¿◊Ãÿ£©3.3.5","Remilia£®¿Ÿ√◊¿Ú—«£©","RumiaBox-¬∂√◊Ê´µƒ…Ò√ÿ∫–◊”","StSLib","The Administrix","The Immortal","The Servant 0.9.4","Yakumo Yukari mod","Youmu£®ªÍ∆«—˝√Œ£©","Yuyuko"],"gold_per_floor":[110,125,144,160,176,211,244,244,244,279,279,304,304,318,318,423,423,438,450,467,479,490,519,532,557,582,582,609,638,668,694,694,792,792,809,85,97,113,123,148,178,178,178,207,233,263,280,314,314,314,314,314,0,28,28],"floor_reached":56,"language":"ZHS","playtime":1962,"items_purged":["Chen:FinalSpellCard"],"score":2154,"play_id":"1737948d-74d6-4a9b-83dc-a495818cae14","local_time":"20210210235510","daily_mods":["Shiny","Vintage","Heirloom","Time Dilation","Flight","DeadlyEvents","Elite Swarm","Lethality"],"is_ascension_mode":false,"campfire_choices":[{"data":"Chen:FlankingStrike","floor":8.0,"key":"SMITH"},{"data":"Chen:Nimbleness","floor":11.0,"key":"SMITH"},{"data":"Chen:CurlUp","floor":13.0,"key":"SMITH"},{"data":"Chen:Gash","floor":15.0,"key":"SMITH"},{"data":"Chen:ShikigamiForm","floor":27.0,"key":"SMITH"},{"data":"Chen:WhateverWorks","floor":32,"key":"SMITH"},{"data":"Chen:Nimbleness","floor":42,"key":"SMITH"},{"floor":49,"key":"RECALL"},{"data":"Chen:Stability","floor":52,"key":"SMITH"}],"circlet_count":0,"master_deck":["Chen:Gash+1","Chen:Possession","Chen:RapidfireEvasive","Chen:ShikigamiForm+1","Chen:WhateverWorks+1","Chen:Stability+1","Chen:CurlUp+1","Chen:PhoenixEgg","Chen:Kimontonkou","Chen:Nimbleness+1","Chen:Afterimages","Chen:PhoenixWings","Chen:Clarity","Chen:Shapeshift","Chen:DazzleFlash+1","Chen:FlankingStrike+1","Chen:PhoenixEgg","Chen:Shapeshift+1","Chen:CatPunch+1","Chen:MisdirectSwipe+1","Chen:Nimbleness+1","Chen:Nimbleness"],"relics":["Chen:SacredCatnip","Ice Cream","Question Card","Mastiff:ReiMu","Pen Nib","White Beast Statue","Toy Ornithopter","Smiling Mask","Ornamental Fan","HornCleat","Du-Vu Doll","Mango","Bottled Flame","RuthlessExorcism:ReiMu","The Courier","Kunai","Lantern","Art of War","Happy Flower","Tiny Chest","Bottled Lightning","ZombieArmy","War Paint","MealTicket","SumBook","Coffee Dripper","Dream Catcher","Gremlin Horn","Orrery","PreservedInsect","Anchor","Potion Belt","Bag of Marbles","Bag of Preparation","SSSystem","GodSword4","ScarletDevilRocket","Darkstone Periapt","StrikeDummy","Ancient Tea Set","Oddly Smooth Stone","Mercury Hourglass","GodSword3","GodSword1","Strawberry","GodSword6"],"acts_visited":["Exordium","TheCity","TheBeyond","TheEnding"],"potions_floor_usage":[28,33,55,55,55,55,55],"damage_taken":[{"damage":0.0,"enemies":"Jaw Worm","floor":1.0,"turns":1.0},{"damage":0.0,"enemies":"Small Slimes","floor":2.0,"turns":3.0},{"damage":0.0,"enemies":"2 Louse","floor":3.0,"turns":3.0},{"damage":0.0,"enemies":"Exordium Wildlife","floor":4.0,"turns":2.0},{"damage":0.0,"enemies":"Exordium Thugs","floor":5.0,"turns":2.0},{"damage":0.0,"enemies":"Gremlin Nob","floor":6.0,"turns":3.0},{"damage":0.0,"enemies":"Lagavulin","floor":7.0,"turns":4.0},{"damage":0.0,"enemies":"Gremlin Nob","floor":10.0,"turns":3.0},{"damage":12.0,"enemies":"3 Sentries","floor":12.0,"turns":3.0},{"damage":0.0,"enemies":"Blue Slaver","floor":14.0,"turns":1.0},{"damage":0.0,"enemies":"Slime Boss","floor":16.0,"turns":3.0},{"damage":3.0,"enemies":"Shell Parasite","floor":18.0,"turns":3.0},{"damage":3.0,"enemies":"Chosen","floor":19.0,"turns":2.0},{"damage":0.0,"enemies":"Sentry and Sphere","floor":20.0,"turns":3.0},{"damage":0.0,"enemies":"3 Cultists","floor":21.0,"turns":2.0},{"damage":0.0,"enemies":"Centurion and Healer","floor":22.0,"turns":2.0},{"damage":0.0,"enemies":"Book of Stabbing","floor":23.0,"turns":2.0},{"damage":0.0,"enemies":"Snecko","floor":24.0,"turns":1.0},{"damage":0.0,"enemies":"Gremlin Leader","floor":25.0,"turns":1.0},{"damage":0,"enemies":"Book of Stabbing","floor":28,"turns":1},{"damage":0,"enemies":"Slavers","floor":29,"turns":1},{"damage":0,"enemies":"Gremlin Leader","floor":30,"turns":1},{"damage":0,"enemies":"Book of Stabbing","floor":31,"turns":2},{"damage":0,"enemies":"Automaton","floor":33,"turns":3},{"damage":0,"enemies":"Orb Walker","floor":35,"turns":1},{"damage":0,"enemies":"3 Darklings","floor":37,"turns":1},{"damage":0,"enemies":"Jaw Worm Horde","floor":38,"turns":1},{"damage":0,"enemies":"Maw","floor":39,"turns":1},{"damage":0,"enemies":"Reptomancer","floor":40,"turns":1},{"damage":0,"enemies":"Nemesis","floor":41,"turns":1},{"damage":0,"enemies":"Giant Head","floor":44,"turns":2},{"damage":0,"enemies":"Reptomancer","floor":45,"turns":1},{"damage":0,"enemies":"Giant Head","floor":46,"turns":1},{"damage":0,"enemies":"Writhing Mass","floor":47,"turns":1},{"damage":0,"enemies":"Nemesis","floor":48,"turns":1},{"damage":0,"enemies":"Donu and Deca","floor":50,"turns":3},{"damage":0,"enemies":"Shield and Spear","floor":54,"turns":1},{"damage":3,"enemies":"The Heart","floor":55,"turns":3}],"seed_played":"9213792451082652149","potions_obtained":[{"floor":3.0,"key":"Explosive Potion"},{"floor":4.0,"key":"FearPotion"},{"floor":5.0,"key":"Weak Potion"},{"floor":10.0,"key":"SteroidPotion"},{"floor":14.0,"key":"Energy Potion"},{"floor":20.0,"key":"LiquidMemories"},{"floor":23.0,"key":"PowerPotion"},{"floor":28,"key":"CultistPotion"},{"floor":33,"key":"LiquidMemories"},{"floor":35,"key":"MagicPotion:ReiMu"},{"floor":37,"key":"Weak Potion"},{"floor":38,"key":"Dexterity Potion"},{"floor":48,"key":"PanachePotion"}],"is_trial":true,"path_per_floor":["M","M","M","M","M","E","E","R","T","E","R","E","R","M","R","B",null,"M","M","M","M","M","E","M","E","T","R","E","E","E","E","R","B",null,"M","$","M","M","M","E","E","R","T","E","E","E","M","E","R","B",null,"R","$","E","B",null],"character_chosen":"CHEN","items_purchased":["Gremlin Horn","Orrery","PreservedInsect","Anchor","Potion Belt","GodSword1","Strawberry"],"campfire_rested":0,"item_purchase_floors":[36,36,36,36,36,53,53],"current_hp_per_floor":[70,70,70,70,70,70,70,70,70,70,70,72,72,72,72,72,84,81,78,78,78,78,83,83,83,83,83,84,84,84,84,84,84,84,84,84,84,84,84,84,84,84,84,84,84,84,84,84,84,84,84,84,91,91,88],"gold":28,"neow_bonus":"","is_daily":false,"chose_seed":false,"campfire_upgraded":8,"win_rate":0.0,"timestamp":1612972510,"path_taken":["M","M","M","M","M","E","E","R","T","E","R","E","R","M","R","BOSS","M","M","M","M","M","E","M","E","T","R","E","E","E","E","R","BOSS","M","$","M","M","M","E","E","R","T","E","E","E","M","E","R","BOSS","R","$","E","BOSS"],"items_purchased_type":["Relic","Relic","Relic","Relic","Relic","Relic","Relic"],"build_version":"2020-12-22","purchased_purges":1,"victory":true,"max_hp_per_floor":[70,70,70,70,70,70,70,70,70,70,70,84,84,84,84,84,84,84,84,84,84,84,84,84,84,84,84,84,84,84,84,84,84,84,84,84,84,84,84,84,84,84,84,84,84,84,84,84,84,84,84,84,91,91,91],"card_choices":[{"not_picked":["Chen:WhateverWorks","Chen:Stability","Chen:FlankingStrike"],"picked":"Chen:PhoenixEgg","floor":6.0},{"not_picked":["Chen:PhoenixWings","Chen:Kimontonkou","Chen:Gash","Chen:CurlUp"],"picked":"SKIP","floor":7.0},{"not_picked":["Chen:Clarity","Chen:Possession","Chen:PhoenixEgg"],"picked":"Chen:Shapeshift","floor":10.0},{"not_picked":["Chen:Clarity","Chen:ShikigamiForm","Chen:PhoenixWings","Chen:Possession"],"picked":"SKIP","floor":12.0},{"not_picked":["Chen:Possession","Chen:PhoenixWings","Chen:Gash","Chen:FinalSpellCard"],"picked":"SKIP","floor":23.0},{"not_picked":["Chen:ShikigamiForm","Chen:DazzleFlash","Chen:FlankingStrike","Chen:WhateverWorks"],"picked":"SKIP","floor":25.0},{"not_picked":["Chen:Kimontonkou","Chen:PhoenixEgg","Chen:ShikigamiForm","Chen:DazzleFlash"],"picked":"SKIP","floor":28},{"not_picked":["Chen:ShikigamiForm","Chen:PhoenixWings","Chen:Gash","Chen:DazzleFlash"],"picked":"SKIP","floor":29},{"not_picked":["Chen:CurlUp","Chen:WhateverWorks","Chen:Stability","Chen:Gash"],"picked":"SKIP","floor":30},{"not_picked":["Chen:Gash","Chen:FlankingStrike","Chen:Clarity","Chen:PhoenixWings"],"picked":"SKIP","floor":31},{"not_picked":["Chen:Salvo","Chen:SurpriseAttack","Chen:Clarity"],"picked":"Chen:CatPunch+1","floor":36},{"not_picked":["Chen:Sweep","Chen:Flicker+1","Chen:Spray+1"],"picked":"Chen:MisdirectSwipe+1","floor":36},{"not_picked":["Chen:PhoenixEgg","Chen:Shapeshift","Chen:Clarity","Chen:CurlUp"],"picked":"SKIP","floor":40},{"not_picked":["Chen:WhateverWorks","Chen:FinalSpellCard","Chen:DazzleFlash"],"picked":"Chen:Nimbleness","floor":41},{"not_picked":["Chen:Gash","Chen:Afterimages","Chen:Possession","Chen:FinalSpellCard"],"picked":"SKIP","floor":44},{"not_picked":["Chen:Shapeshift","Chen:Clarity","Chen:Gash","Chen:Stability"],"picked":"SKIP","floor":45},{"not_picked":["Chen:Afterimages","Chen:CurlUp","Chen:FinalSpellCard","Chen:PhoenixWings"],"picked":"SKIP","floor":46},{"not_picked":["Chen:Gash","Chen:CurlUp","Chen:Afterimages","Chen:Possession"],"picked":"SKIP","floor":48},{"not_picked":["Chen:DazzleFlash","Chen:RapidfireEvasive","Chen:PhoenixWings"],"picked":"Chen:Nimbleness","floor":54}],"player_experience":512841,"relics_obtained":[{"floor":1.0,"key":"Question Card"},{"floor":2.0,"key":"Mastiff:ReiMu"},{"floor":3.0,"key":"Pen Nib"},{"floor":4.0,"key":"White Beast Statue"},{"floor":5.0,"key":"Toy Ornithopter"},{"floor":6.0,"key":"Smiling Mask"},{"floor":7.0,"key":"Ornamental Fan"},{"floor":9.0,"key":"HornCleat"},{"floor":10.0,"key":"Du-Vu Doll"},{"floor":12.0,"key":"Mango"},{"floor":14.0,"key":"Bottled Flame"},{"floor":18.0,"key":"RuthlessExorcism:ReiMu"},{"floor":19.0,"key":"The Courier"},{"floor":20.0,"key":"Kunai"},{"floor":21.0,"key":"Lantern"},{"floor":22.0,"key":"Art of War"},{"floor":23.0,"key":"Happy Flower"},{"floor":24.0,"key":"Tiny Chest"},{"floor":25.0,"key":"Bottled Lightning"},{"floor":28,"key":"ZombieArmy"},{"floor":29,"key":"War Paint"},{"floor":30,"key":"MealTicket"},{"floor":31,"key":"SumBook"},{"floor":35,"key":"Dream Catcher"},{"floor":37,"key":"Bag of Marbles"},{"floor":38,"key":"Bag of Preparation"},{"floor":39,"key":"SSSystem"},{"floor":40,"key":"GodSword4"},{"floor":41,"key":"ScarletDevilRocket"},{"floor":43,"key":"Darkstone Periapt"},{"floor":44,"key":"StrikeDummy"},{"floor":45,"key":"Ancient Tea Set"},{"floor":46,"key":"Oddly Smooth Stone"},{"floor":47,"key":"Mercury Hourglass"},{"floor":48,"key":"GodSword3"},{"floor":54,"key":"GodSword6"}],"event_choices":[],"is_beta":false,"boss_relics":[{"not_picked":["Busted Crown","Fusion Hammer"],"picked":"Chen:SacredCatnip"},{"not_picked":["Runic Dome","SacredBark"],"picked":"Coffee Dripper"}],"items_purged_floors":[36],"is_endless":false,"potions_floor_spawned":[3,4,5,6,7,10,12,14,16,18,19,20,21,22,23,24,25,28,29,30,31,33,35,37,38,39,40,41,44,45,46,47,48,54],"ascension_level":0}}