{"host":"l6elh4j9kblzg1qy","time":1612992886,"event":{"mods":["BaseMod","Downfall","Minty Spire (QoL Compilation)","Replay The Spire","StSLib"],"gold_per_floor":[211,211,229,229,404,404,435,435,435,435,435,116,136,146,161,10,10,115,115,128,177,102,102,74,85,101,101,101,101,117,117,117,117,117,217,217,235,235,235,0,0,0,12,12,12,12,12,32,32,52,152,152,152],"floor_reached":52,"language":"SPA","playtime":3323,"items_purged":["Doubt"],"score":598,"play_id":"bae3af1f-ed5f-4178-8cb8-5836a84df221","local_time":"20210210223446","is_ascension_mode":false,"campfire_choices":[{"data":"Zap","floor":6,"key":"SMITH"},{"floor":8,"key":"REST"},{"floor":17,"key":"REST"},{"floor":27,"key":"REST"},{"floor":29,"key":"REST"},{"data":"Loop","floor":32,"key":"SMITH"},{"floor":34,"key":"DIG"},{"floor":42,"key":"RECALL"},{"floor":44,"key":"REST"},{"floor":46,"key":"REST"}],"circlet_count":0,"master_deck":["Strike_B+1","Strike_B+1","Strike_B+1","Defend_B+1","Defend_B+1","Defend_B+1","Defend_B+1","Zap+1","Dualcast+1","Compile Driver+1","Force Field+1","FIFO Queue+1","Panache+1","Panic Button+1","Loop+1","Creative AI+1","Coolheaded+1","Reinforced Body+1","Coolheaded+1","Zap+1","Defragment+1","Cold Snap+1","Streamline+1","Madness+1","Barrage+1","Cold Snap+1","downfall:Haunted","downfall:Haunted","Pain","Mirror Shield+1","Shame","Overencumbered"],"relics":["Cracked Core","Gremlin Food","InkBottle","ReplayTheSpireMod:TigerMarble","Pet Ghost","SacredBark","Replay:Bottled Snecko","Tiny Chest","Ring of Chaos","Mark of the Bloom","Red Mask","Golden Egg","Kunai","Darkstone Periapt"],"acts_visited":["Exordium","TheCity","TheBeyond"],"potions_floor_usage":[18,18,35,35,48,50],"damage_taken":[{"damage":0,"enemies":"Small Slimes","floor":1,"turns":2},{"damage":0,"enemies":"Jaw Worm","floor":3,"turns":4},{"damage":41,"enemies":"3 Sentries","floor":7,"turns":10},{"damage":0,"enemies":"2 Louse","floor":13,"turns":2},{"damage":5,"enemies":"Exordium Wildlife","floor":14,"turns":5},{"damage":15,"enemies":"Exordium Thugs","floor":15,"turns":3},{"damage":20,"enemies":"Slime Boss","floor":18,"turns":9},{"damage":16,"enemies":"Spheric Guardian","floor":20,"turns":6},{"damage":26,"enemies":"2 Thieves","floor":24,"turns":5},{"damage":2,"enemies":"Centurion and Healer","floor":25,"turns":7},{"damage":0,"enemies":"Snake Plant","floor":26,"turns":4},{"damage":3,"enemies":"Snecko","floor":30,"turns":5},{"damage":34,"enemies":"Collector","floor":35,"turns":11},{"damage":15,"enemies":"3 Shapes","floor":37,"turns":6},{"damage":15,"enemies":"Orb Walker","floor":43,"turns":4},{"damage":20,"enemies":"Spire Growth","floor":48,"turns":6},{"damage":20,"enemies":"Maw","floor":50,"turns":10},{"damage":13,"enemies":"Donu and Deca","floor":52,"turns":3}],"seed_played":"-7766018273640460984","potions_obtained":[{"floor":3,"key":"hexamod:SoulburnPotion"},{"floor":14,"key":"FearPotion"},{"floor":15,"key":"DuplicationPotion"},{"floor":20,"key":"LiquidBronze"},{"floor":25,"key":"EssenceOfSteel"},{"floor":37,"key":"Swift Potion"},{"floor":48,"key":"champ:CounterPotion"}],"is_trial":false,"path_per_floor":["M","?","M","?","?","R","E","R","T","PTL","PTL","$","M","M","M","$","R","B",null,"M","?","$","?","M","M","M","R","T","R","M","?","R","?","R","B",null,"M","?","?","?","T","R","M","R","T","R","$","M","?","M","R","B"],"character_chosen":"DEFECT","items_purchased":["ReplayTheSpireMod:TigerMarble","Panache","Pet Ghost"],"campfire_rested":6,"item_purchase_floors":[12,12,16],"current_hp_per_floor":[75,75,75,75,75,75,34,56,56,56,56,56,56,51,36,36,58,38,75,59,59,59,59,33,31,31,53,53,75,72,72,72,72,72,42,75,60,60,60,60,60,60,45,45,45,45,45,25,25,5,5,0,0],"gold":152,"neow_bonus":"HUNDRED_GOLD","is_daily":false,"chose_seed":false,"campfire_upgraded":2,"win_rate":0.0,"timestamp":1612992886,"path_taken":["M","?","M","?","?","R","E","R","T","PTL","PTL","$","M","M","M","$","R","BOSS","M","?","$","?","?","?","M","R","T","R","M","?","R","?","R","BOSS","M","?","?","?","?","R","M","R","T","R","$","M","?","M","R","BOSS"],"items_purchased_type":["Relic","Card","Relic"],"build_version":"2020-12-22","purchased_purges":1,"victory":false,"max_hp_per_floor":[75,75,75,75,75,75,75,75,75,75,75,75,75,75,75,75,75,75,75,75,75,75,75,75,75,75,75,75,75,75,75,75,75,75,75,75,75,75,75,75,75,75,75,75,75,75,75,75,75,75,110,110,110],"card_choices":[{"not_picked":["Steam","Gash"],"picked":"Compile Driver","floor":1},{"not_picked":["Auto Shields","Aggregate","Barrage"],"picked":"SKIP","floor":3},{"not_picked":["Sweeping Beam","Barrage"],"picked":"FIFO Queue","floor":7},{"not_picked":["Compile Driver","Hologram"],"picked":"Panic Button","floor":13},{"not_picked":["BootSequence","Coolheaded"],"picked":"Loop","floor":14},{"not_picked":["Cold Snap","Gash","FIFO Queue"],"picked":"SKIP","floor":15},{"not_picked":["All For One","Buffer"],"picked":"Creative AI","floor":18},{"not_picked":["Force Field","Stack"],"picked":"Coolheaded+1","floor":20},{"not_picked":["Redo","BasicCrystalCard"],"picked":"Reinforced Body+1","floor":21},{"not_picked":["FIFO Queue","Steam"],"picked":"Coolheaded+1","floor":21},{"not_picked":["Coolheaded+1","Gash+1"],"picked":"Defragment","floor":24},{"not_picked":["Reinforced Body","Seek","Static Discharge"],"picked":"SKIP","floor":25},{"not_picked":["Static Discharge","Sunder"],"picked":"Cold Snap+1","floor":26},{"not_picked":["Skim","Aggregate+1","Compile Driver"],"picked":"SKIP","floor":30},{"not_picked":["Reprogram+1","Doom and Gloom"],"picked":"Streamline+1","floor":37},{"not_picked":["HandOfGreed","Replay:Sssssssssshield"],"picked":"Madness","floor":39},{"not_picked":["Sweeping Beam","Scrape+1"],"picked":"Hello World+1","floor":43},{"not_picked":["Rebound+1","ReplayTheSpireMod:GoodbyeWorld+1"],"picked":"Barrage+1","floor":48},{"not_picked":["Coolheaded+1","Amplify"],"picked":"Cold Snap+1","floor":50}],"player_experience":94174,"relics_obtained":[{"floor":7,"key":"Gremlin Food"},{"floor":9,"key":"InkBottle"},{"floor":21,"key":"Replay:Bottled Snecko"},{"floor":34,"key":"Tiny Chest"},{"floor":41,"key":"Golden Egg"},{"floor":45,"key":"Kunai"}],"event_choices":[{"damage_healed":0,"gold_gain":175,"player_choice":"AGREE","damage_taken":0,"max_hp_gain":0,"max_hp_loss":0,"event_name":"Liars Game","floor":5,"gold_loss":0,"cards_obtained":["Doubt"]},{"damage_healed":0,"gold_gain":0,"player_choice":"Copied","damage_taken":0,"max_hp_gain":0,"max_hp_loss":0,"event_name":"Duplicator","floor":23,"gold_loss":0,"cards_obtained":["Zap"]},{"damage_healed":0,"gold_gain":0,"player_choice":"Ignored","damage_taken":0,"max_hp_gain":0,"max_hp_loss":0,"event_name":"Vampires","floor":31,"gold_loss":0},{"damage_healed":0,"gold_gain":0,"player_choice":"Ignored","damage_taken":0,"max_hp_gain":0,"max_hp_loss":0,"event_name":"Ghosts","floor":33,"gold_loss":0},{"damage_healed":0,"gold_gain":0,"player_choice":"Upgrade","damage_taken":0,"relics_obtained":["Mark of the Bloom"],"max_hp_gain":0,"max_hp_loss":0,"event_name":"MindBloom","floor":38,"gold_loss":0,"cards_upgraded":["Strike_B","Strike_B","Dualcast","Compile Driver","FIFO Queue","Panache","Panic Button","Creative AI","Defragment"]},{"damage_healed":0,"gold_gain":0,"player_choice":"Memory 1","damage_taken":0,"max_hp_gain":0,"max_hp_loss":0,"event_name":"SensoryStone","floor":39,"gold_loss":0},{"damage_healed":0,"gold_gain":0,"player_choice":"Paid","damage_taken":0,"relics_obtained":["Red Mask"],"max_hp_gain":0,"max_hp_loss":0,"event_name":"Tomb of Lord Red Mask","floor":40,"gold_loss":235},{"cards_removed":["Hello World"],"damage_healed":0,"gold_gain":0,"player_choice":"Removed Power","damage_taken":0,"max_hp_gain":0,"max_hp_loss":0,"event_name":"Falling","floor":49,"gold_loss":0}],"is_beta":false,"boss_relics":[{"not_picked":["SlaversCollar","Replay:Ancient Bell"],"picked":"SacredBark"},{"not_picked":["Honey Jar","ReplayTheSpireMod:DimensionalGlitch"],"picked":"Ring of Chaos"}],"items_purged_floors":[22],"is_endless":false,"potions_floor_spawned":[3,14,15,20,25,30,37,48],"killed_by":"Donu and Deca","ascension_level":0}}