{"host":"6xsbn6ynqlzwllfm","time":1612980859,"event":{"mods":["2.2 Compatiblity","BaseMod","Bestiary","Colored Map","Colored Powertips","Curses Come First","Highlight Path","Keyboard Shortcuts","Minty Spire (QoL Compilation)","Relic Stats","Slay the Relics Exporter","StSLib","SuperFastMode"],"gold_per_floor":[117,135,135,60,106,148,160,200,260,272,299,325,365,377,389,401,401],"floor_reached":16,"language":"ENG","playtime":774,"items_purged":[],"score":286,"play_id":"4374391e-1a4a-4229-995a-275db215cc30","local_time":"20210210131419","daily_mods":["Diverse","Colorless Cards","Heirloom"],"is_ascension_mode":true,"campfire_choices":[{"floor":7,"key":"REST"},{"data":"Rampage","floor":15,"key":"SMITH"}],"circlet_count":0,"master_deck":["AscendersBane","Strike_P","Strike_P","Defend_P","Defend_P","Defend_P","Defend_P","Eruption","Vigilance","Streamline","Infernal Blade","Thunderclap","Sword Boomerang","PanicButton","Rampage+1","EmptyFist","Adaptation+1"],"relics":["PureWater","Calipers","MawBank","Oddly Smooth Stone","Unceasing Top","Boot","Frozen Egg 2"],"acts_visited":["Exordium"],"potions_floor_usage":[8,11,16],"damage_taken":[{"damage":5,"enemies":"2 Louse","floor":1,"turns":4},{"damage":4,"enemies":"Jaw Worm","floor":2,"turns":5},{"damage":31,"enemies":"Gremlin Nob","floor":6,"turns":4},{"damage":23,"enemies":"3 Sentries","floor":8,"turns":9},{"damage":0,"enemies":"Cultist","floor":11,"turns":2},{"damage":0,"enemies":"2 Fungi Beasts","floor":12,"turns":2},{"damage":0,"enemies":"Gremlin Nob","floor":13,"turns":3},{"damage":18,"enemies":"Slime Boss","floor":16,"turns":5}],"seed_played":"-6728568870402271382","potions_obtained":[{"floor":1,"key":"CultistPotion"},{"floor":2,"key":"SteroidPotion"},{"floor":13,"key":"Dexterity Potion"}],"is_trial":true,"path_per_floor":["M","M","?","?","T","E","R","E","T","$","M","M","E","$","R","B"],"character_chosen":"WATCHER","items_purchased":[],"campfire_rested":1,"item_purchase_floors":[],"current_hp_per_floor":[56,52,52,52,52,21,41,18,18,18,18,18,18,18,18,0,0],"gold":401,"neow_bonus":"","is_daily":false,"chose_seed":false,"campfire_upgraded":1,"win_rate":0.0,"timestamp":1612980859,"path_taken":["M","M","?","?","?","E","R","E","T","?","?","M","E","$","R","BOSS"],"items_purchased_type":[],"build_version":"2020-12-22","purchased_purges":0,"victory":false,"max_hp_per_floor":[68,68,68,68,68,68,68,68,68,68,68,68,68,68,68,68,68],"relic_stats":{"counters":[8,34],"MawBank":132,"Boot":[10],"obtain_stats":[{"Calipers":0,"Oddly Smooth Stone":6,"PureWater":0,"Frozen Egg 2":13,"MawBank":5,"Boot":9,"Unceasing Top":8},{"Calipers":0,"Oddly Smooth Stone":3,"PureWater":0,"Frozen Egg 2":7,"MawBank":2,"Boot":4,"Unceasing Top":4},{"Calipers":0,"Oddly Smooth Stone":13,"PureWater":0,"Frozen Egg 2":29,"MawBank":9,"Boot":22,"Unceasing Top":22}],"Unceasing Top":[0]},"card_choices":[{"not_picked":["Metallicize","Trip"],"picked":"Streamline","floor":1},{"not_picked":["Backflip","Armaments"],"picked":"Infernal Blade","floor":2},{"not_picked":["Slice","Beam Cell"],"picked":"Sword Boomerang","floor":6},{"not_picked":["Cold Snap","Pommel Strike"],"picked":"PanicButton","floor":8},{"not_picked":["Skim","Barrage"],"picked":"Rampage","floor":11},{"not_picked":["Disarm","Ball Lightning"],"picked":"EmptyFist","floor":12},{"not_picked":["Sentinel","ForeignInfluence"],"picked":"Adaptation+1","floor":13}],"player_experience":1436293,"relics_obtained":[{"floor":5,"key":"MawBank"},{"floor":6,"key":"Oddly Smooth Stone"},{"floor":8,"key":"Unceasing Top"},{"floor":9,"key":"Boot"},{"floor":13,"key":"Frozen Egg 2"}],"event_choices":[{"damage_healed":0,"gold_gain":0,"cards_transformed":["Strike_P"],"player_choice":"Change","damage_taken":0,"max_hp_gain":0,"max_hp_loss":0,"event_name":"Living Wall","floor":3,"gold_loss":0,"cards_obtained":["Thunderclap"]},{"cards_removed":["Strike_P"],"damage_healed":0,"gold_gain":0,"player_choice":"Card Removal","damage_taken":0,"max_hp_gain":0,"max_hp_loss":0,"event_name":"The Cleric","floor":4,"gold_loss":75}],"is_beta":false,"boss_relics":[],"items_purged_floors":[],"is_endless":false,"potions_floor_spawned":[1,2,13],"killed_by":"Slime Boss","ascension_level":20}}