{"host":"kaame4qwxxqnygv7","time":1612968896,"event":{"mods":["AchievementEnabler","BaseMod","Better Match","Better Skull","Better Third Choice","Block Reminder","DeckTracker","Energized Spire","GungeonMod","Minty Spire (QoL Compilation)","Quick Restart","Red Circlet Mod","StSLib","SuperFastMode","The Blue Laboratory"],"gold_per_floor":[109,184,184,69,69,69,87,87,87],"floor_reached":8,"language":"KOR","playtime":136,"items_purged":[],"score":68,"play_id":"ed868dd5-f2b2-47b6-a369-51ef576768fc","local_time":"20210210235456","is_ascension_mode":true,"campfire_choices":[{"floor":6.0,"key":"REST"}],"circlet_count":0,"master_deck":["AscendersBane","DemoMod:Strike_Huntress","DemoMod:Strike_Huntress","DemoMod:Strike_Huntress","DemoMod:Defend_Huntress","DemoMod:Defend_Huntress","DemoMod:Defend_Huntress","DemoMod:Defend_Huntress","DemoMod:Roll","DemoMod:ManualReload","DemoMod:RustySidearm","DemoMod:CrossBow","DemoMod:Gungine"],"relics":["DemoMod:Dog","Golden Idol","DemoMod:GnawedKey"],"acts_visited":["Exordium"],"potions_floor_usage":[],"damage_taken":[{"damage":7.0,"enemies":"Jaw Worm","floor":1.0,"turns":3.0},{"damage":1.0,"enemies":"2 Louse","floor":7.0,"turns":3.0},{"damage":49,"enemies":"Gremlin Nob","floor":8,"turns":4}],"seed_played":"3232644315690859999","potions_obtained":[{"floor":1.0,"key":"blueLaboratory:NullPotion"}],"is_trial":false,"path_per_floor":["M","?","?","$","?","R","M","E"],"character_chosen":"HUNTRESS","items_purchased":["DemoMod:GnawedKey"],"campfire_rested":1,"item_purchase_floors":[4],"current_hp_per_floor":[56,45,28,28,28,49,48,0,0],"gold":87,"neow_bonus":"THREE_RARE_CARDS","is_daily":false,"chose_seed":false,"campfire_upgraded":0,"win_rate":0.0,"timestamp":1612968896,"path_taken":["M","?","?","$","?","R","M","E"],"items_purchased_type":["Relic"],"build_version":"2020-12-22","purchased_purges":0,"victory":false,"max_hp_per_floor":[70,70,70,70,70,70,70,70,70],"card_choices":[{"not_picked":["DemoMod:SuppressiveFire","DemoMod:BulletBore"],"picked":"DemoMod:Gungine","floor":0.0},{"not_picked":["DemoMod:Ejector","DemoMod:HighKaliber","DemoMod:SniperShot"],"picked":"SKIP","floor":1.0},{"not_picked":["DemoMod:Casey","DemoMod:JK47","DemoMod:ProbeStrike"],"picked":"SKIP","floor":7.0}],"player_experience":275838,"relics_obtained":[],"event_choices":[{"damage_healed":0.0,"max_hp_gain":0.0,"max_hp_loss":0.0,"gold_gain":75.0,"event_name":"betterThird:BetterGoop","player_choice":"Gold","floor":2.0,"gold_loss":0.0,"damage_taken":11.0},{"damage_healed":0.0,"max_hp_gain":0.0,"max_hp_loss":0.0,"gold_gain":0.0,"event_name":"Golden Idol","player_choice":"Take Damage","floor":3.0,"gold_loss":0.0,"damage_taken":17.0,"relics_obtained":["Golden Idol"]},{"cards_removed":["Normality"],"damage_healed":0.0,"max_hp_gain":0.0,"max_hp_loss":0.0,"gold_gain":0.0,"event_name":"Living Wall","player_choice":"Forget","floor":5.0,"gold_loss":0.0,"damage_taken":0.0}],"is_beta":false,"boss_relics":[],"items_purged_floors":[],"is_endless":false,"potions_floor_spawned":[1],"killed_by":"Gremlin Nob","ascension_level":11}}