{"host":"4jrpzl06hw66hx43","time":1612999179,"event":{"mods":["BaseMod","Bestiary","Colored Map","Colored Powertips","Minty Spire (QoL Compilation)","Permanent Neow","Quick Restart","Relic Sorter","Relic Stats","Spicy Shops","StSLib","??????REMEMod"],"gold_per_floor":[118,34,34,109,109,139,139,159,159,159,169,169,183,35,35,139,139,159,8,19,19,19,49,64,64,64],"floor_reached":25,"language":"ENG","playtime":1076,"items_purged":[],"score":219,"play_id":"1e88466d-1805-4b85-96e5-a67f77a2d5c8","local_time":"20210210151939","daily_mods":["Heirloom"],"is_ascension_mode":false,"campfire_choices":[{"data":"Demon Form","floor":7,"key":"SMITH"},{"floor":10,"key":"REST"},{"data":"Cleave","floor":12,"key":"SMITH"},{"data":"Twin Strike","floor":15,"key":"SMITH"}],"circlet_count":0,"master_deck":["Demon Form+1","Wraith Form v2","Echo Form","DevaForm","Strike_R","Strike_R","Defend_R","Defend_R","Defend_R","Defend_R","Bash","Twin Strike+1","Wild Strike","Combust","Thunderclap","Cleave+1","Heavy Blade","Anger","Shrug It Off","Demon Form","Double Tap+1","Impervious+1","Pummel+1","Sword Boomerang+1","Shame","Armaments","Hemokinesis+1","True Grit+1","Spot Weakness+1"],"relics":["Burning Blood","REME_ComplimentaryCards","Incense Burner","REME_LimitBreaker","Tiny Chest","Astrolabe","Pantograph","Frozen Egg 2","Toxic Egg 2"],"acts_visited":["Exordium","TheCity"],"potions_floor_usage":[25],"damage_taken":[{"damage":22,"enemies":"Small Slimes","floor":1,"turns":5},{"damage":23,"enemies":"Gremlin Nob","floor":6,"turns":6},{"damage":8,"enemies":"2 Louse","floor":8,"turns":3},{"damage":10,"enemies":"Cultist","floor":11,"turns":4},{"damage":6,"enemies":"Exordium Thugs","floor":13,"turns":4},{"damage":48,"enemies":"The Guardian","floor":16,"turns":8},{"damage":18,"enemies":"3 Byrds","floor":18,"turns":4},{"damage":20,"enemies":"Chosen","floor":20,"turns":4},{"damage":50,"enemies":"Slavers","floor":23,"turns":5},{"damage":32,"enemies":"Snake Plant","floor":24,"turns":6},{"damage":16,"enemies":"Centurion and Healer","floor":25,"turns":4}],"seed_played":"-1994862410519960267","potions_obtained":[{"floor":1,"key":"Block Potion"},{"floor":6,"key":"SkillPotion"},{"floor":8,"key":"Energy Potion"},{"floor":16,"key":"Swift Potion"},{"floor":23,"key":"FairyPotion"}],"is_trial":true,"path_per_floor":["M","$","?","?","?","E","R","M","T","R","M","R","M","$","R","B",null,"M","$","M","$","T","E","M","M"],"character_chosen":"IRONCLAD","items_purchased":["Power Through","Wild Strike","Anger","Shrug It Off","Fire Potion","Pantograph","Armaments"],"campfire_rested":1,"item_purchase_floors":[2,2,14,14,14,19,19],"current_hp_per_floor":[64,64,64,53,53,36,36,34,34,58,54,54,54,54,54,12,80,68,68,54,54,54,10,14,0,0],"gold":64,"neow_bonus":"","is_daily":false,"chose_seed":false,"campfire_upgraded":3,"win_rate":0.0,"timestamp":1612999179,"path_taken":["M","$","?","?","?","E","R","M","T","R","M","R","?","?","R","BOSS","M","$","?","$","?","E","M","M"],"items_purchased_type":["Card","Card","Card","Card","Potion","Relic","Card"],"build_version":"2020-12-22","purchased_purges":0,"victory":false,"max_hp_per_floor":[80,80,80,80,80,80,80,80,80,80,80,80,80,80,80,80,80,80,80,80,80,80,80,80,80,80],"relic_stats":{"counters":[11,53],"Astrolabe":["Double Tap","Impervious","Pummel"],"Pantograph":0,"Tiny Chest":1,"obtain_stats":[{"Astrolabe":17,"Pantograph":19,"Tiny Chest":9,"Incense Burner":0,"REME_LimitBreaker":6,"Frozen Egg 2":22,"Toxic Egg 2":23,"Burning Blood":0,"REME_ComplimentaryCards":0},{"Astrolabe":6,"Pantograph":7,"Tiny Chest":3,"Incense Burner":0,"REME_LimitBreaker":2,"Frozen Egg 2":8,"Toxic Egg 2":9,"Burning Blood":0,"REME_ComplimentaryCards":0},{"Astrolabe":30,"Pantograph":34,"Tiny Chest":14,"Incense Burner":0,"REME_LimitBreaker":11,"Frozen Egg 2":38,"Toxic Egg 2":43,"Burning Blood":0,"REME_ComplimentaryCards":0}],"Burning Blood":60},"card_choices":[{"not_picked":["Hemokinesis","Pommel Strike"],"picked":"Twin Strike","floor":1},{"not_picked":["Bloodletting","Sword Boomerang"],"picked":"Combust","floor":6},{"not_picked":["Metallicize","Rampage"],"picked":"Thunderclap","floor":8},{"not_picked":["Anger","Twin Strike"],"picked":"Cleave","floor":11},{"not_picked":["Dual Wield","Flame Barrier"],"picked":"Heavy Blade","floor":13},{"not_picked":["REME_ACTH","Impervious"],"picked":"Demon Form","floor":16},{"not_picked":["Evolve+1","Anger"],"picked":"Sword Boomerang+1","floor":18},{"not_picked":["Warcry","Shrug It Off+1"],"picked":"Hemokinesis+1","floor":20},{"not_picked":["Sword Boomerang","Body Slam"],"picked":"True Grit+1","floor":23},{"not_picked":["REME_SingleHolding+1","Clash+1"],"picked":"Spot Weakness+1","floor":24}],"player_experience":7683,"relics_obtained":[{"floor":6,"key":"REME_LimitBreaker"},{"floor":9,"key":"Tiny Chest"},{"floor":22,"key":"Frozen Egg 2"},{"floor":23,"key":"Toxic Egg 2"}],"event_choices":[{"damage_healed":0,"gold_gain":0,"player_choice":"Ignored","damage_taken":0,"max_hp_gain":0,"max_hp_loss":0,"event_name":"Liars Game","floor":3,"gold_loss":0},{"damage_healed":0,"gold_gain":75,"player_choice":"Gather Gold","damage_taken":11,"max_hp_gain":0,"max_hp_loss":0,"event_name":"World of Goop","floor":4,"gold_loss":0},{"cards_removed":["Power Through"],"damage_healed":0,"gold_gain":0,"player_choice":"Purged","damage_taken":0,"max_hp_gain":0,"max_hp_loss":0,"event_name":"Purifier","floor":5,"gold_loss":0}],"is_beta":false,"boss_relics":[{"not_picked":["Mark of Pain","Fusion Hammer"],"picked":"Astrolabe"}],"items_purged_floors":[],"is_endless":false,"potions_floor_spawned":[1,6,8,16,20,23],"killed_by":"Centurion and Healer","ascension_level":0}}