{"host":"8t5dkgm85abdp22d","time":1612919750,"event":{"mods":["Act Like it!","BaseMod","Colored Powertips","Gensokyo","Minty Spire (QoL Compilation)","Reliquary","StSLib","TheWitcher","UnlockEverythingMod","Yakumo Yukari mod","¡¾ÒÅÎï¿¨ÅÆ¡¿REMEMod"],"gold_per_floor":[132,165,165,165,178,178,178],"floor_reached":6,"language":"ZHS","playtime":167,"items_purged":[],"score":78,"play_id":"9cd2820e-c89c-4fbf-b0a5-cf5dc66d88d0","local_time":"20210210091550","is_ascension_mode":true,"campfire_choices":[],"circlet_count":0,"master_deck":["AT_purpleEX","AT_purpleEX","AT_purpleEX","AT_purpleEX","Defend_purpleEX","Defend_purpleEX","Defend_purpleEX","Defend_purpleEX","Observe_purple_2","SnafuTest:LastWish","Injury","Monsters_DoubleDeathButterfly_purple"],"relics":["Boundary_crack","Memoryfragments_purpleEX","REME_ComplimentaryCards","NeowsBlessing","Oddly Smooth Stone","Happy Flower","Ginger"],"acts_visited":["Exordium"],"potions_floor_usage":[6],"damage_taken":[{"damage":0,"enemies":"Gensokyo:Gryphon","floor":1,"turns":1},{"damage":21,"enemies":"Gensokyo:Mamizou","floor":2,"turns":2},{"damage":0,"enemies":"Gensokyo:2_Kodama","floor":5,"turns":1},{"damage":54,"enemies":"Gensokyo:Aya","floor":6,"turns":9}],"seed_played":"-1546761992786464570","potions_obtained":[{"floor":2,"key":"Fire Potion"},{"floor":5,"key":"BlessingOfTheForge"}],"is_trial":false,"path_per_floor":["M","?","?","?","M","E"],"character_chosen":"Youkari","items_purchased":[],"campfire_rested":0,"item_purchase_floors":[],"current_hp_per_floor":[70,50,50,50,50,0,0],"gold":178,"neow_bonus":"THREE_ENEMY_KILL","is_daily":false,"chose_seed":false,"campfire_upgraded":0,"win_rate":0.0,"timestamp":1612919750,"path_taken":["M","?","?","?","M","E"],"items_purchased_type":[],"build_version":"2020-12-22","purchased_purges":0,"victory":false,"max_hp_per_floor":[70,70,70,70,70,70,70],"card_choices":[{"not_picked":["RuleDissolution_purple","Line_surface_state_purple","Mirror_Drifter_purple"],"picked":"SKIP","floor":1},{"not_picked":["RuleDissolution_purple","StateDuplicate_purple","StretchesForeverDream_purple"],"picked":"SKIP","floor":2},{"not_picked":["OpenedBox_purple","Boundary_DynamicStaticEquilibrium_purple"],"picked":"Monsters_DoubleDeathButterfly_purple","floor":5}],"player_experience":69982,"relics_obtained":[{"floor":2,"key":"Oddly Smooth Stone"}],"event_choices":[],"is_beta":false,"boss_relics":[],"items_purged_floors":[],"is_endless":false,"potions_floor_spawned":[2,5],"killed_by":"Gensokyo:Aya","ascension_level":3}}