{"host":"mydft8i2zzydgggw","time":1612945369,"event":{"mods":["AchievementEnabler","BaseMod","Colored Map","Colored Powertips","DeckTracker","Keyboard Shortcuts","Minty Spire (QoL Compilation)","Rare Cards Sparkle","StSLib","SuperFastMode","everything is the same but u backflip on backflip"],"gold_per_floor":[115,65,75,90,101,101,119,147,147,147,182,182,182,202,202,307,307,321,49,65,79,79,79,107,107,182,122,154,104,132,232,232,232,232],"floor_reached":33,"language":"KOR","playtime":582,"items_purged":["Perfected Strike","Strike_R"],"score":582,"play_id":"32ade8c9-b073-4d34-a47e-29b908f01449","local_time":"20210210172249","is_ascension_mode":true,"campfire_choices":[{"data":"Bash","floor":6,"key":"SMITH"},{"data":"Immolate","floor":10,"key":"SMITH"},{"data":"Impervious","floor":12,"key":"SMITH"},{"data":"Inflame","floor":15,"key":"SMITH"},{"floor":23,"key":"RECALL"},{"floor":25,"key":"REST"},{"floor":32,"key":"REST"}],"circlet_count":0,"master_deck":["AscendersBane","Strike_R","Strike_R","Strike_R","Defend_R","Defend_R","Defend_R","Bash+1","Impervious+1","Dropkick","Immolate+1","Inflame+1","Bludgeon","Evolve","Feed","Body Slam","Offering"],"relics":["Burning Blood","Juzu Bracelet","Smiling Mask","Centennial Puzzle","Meat on the Bone","Fusion Hammer","Bag of Marbles","Darkstone Periapt","Ornamental Fan","Letter Opener","Art of War","Ice Cream","Molten Egg 2"],"acts_visited":["Exordium","TheCity"],"potions_floor_usage":[8,8,16,18,33],"damage_taken":[{"damage":2,"enemies":"Small Slimes","floor":1,"turns":5},{"damage":6,"enemies":"Cultist","floor":3,"turns":3},{"damage":0,"enemies":"2 Louse","floor":4,"turns":2},{"damage":0,"enemies":"2 Fungi Beasts","floor":5,"turns":4},{"damage":16,"enemies":"3 Louse","floor":7,"turns":4},{"damage":20,"enemies":"Lagavulin","floor":8,"turns":6},{"damage":25,"enemies":"3 Sentries","floor":11,"turns":5},{"damage":8,"enemies":"Blue Slaver","floor":14,"turns":3},{"damage":0,"enemies":"Slime Boss","floor":16,"turns":3},{"damage":27,"enemies":"Shell Parasite","floor":18,"turns":5},{"damage":24,"enemies":"3 Byrds","floor":20,"turns":4},{"damage":0,"enemies":"Snecko","floor":21,"turns":2},{"damage":16,"enemies":"Slavers","floor":24,"turns":4},{"damage":30,"enemies":"Book of Stabbing","floor":28,"turns":4},{"damage":6,"enemies":"Slavers","floor":30,"turns":2},{"damage":0,"enemies":"Colosseum Slavers","floor":31,"turns":2},{"damage":16,"enemies":"Colosseum Nobs","floor":31,"turns":3},{"damage":91,"enemies":"Champ","floor":33,"turns":8}],"seed_played":"6101775128430930322","potions_obtained":[{"floor":3,"key":"ElixirPotion"},{"floor":5,"key":"Energy Potion"},{"floor":11,"key":"ColorlessPotion"},{"floor":14,"key":"SneckoOil"},{"floor":24,"key":"Fire Potion"},{"floor":28,"key":"Ancient Potion"},{"floor":30,"key":"SmokeBomb"}],"is_trial":false,"path_per_floor":["M","?","M","M","M","R","M","E","T","R","E","R","?","M","R","B",null,"M","$","M","M","?","R","E","R","T","?","E","$","E","?","R","B"],"character_chosen":"IRONCLAD","items_purchased":["Bag of Marbles","Evolve"],"campfire_rested":2,"item_purchase_floors":[19,19],"current_hp_per_floor":[76,76,76,80,80,80,70,56,56,56,37,37,37,47,47,53,73,52,52,46,52,52,52,57,81,81,81,60,60,63,62,89,0,0],"gold":232,"neow_bonus":"ONE_RANDOM_RARE_CARD","is_daily":false,"chose_seed":false,"campfire_upgraded":4,"win_rate":0.0,"timestamp":1612945369,"path_taken":["M","?","M","M","M","R","M","E","T","R","E","R","?","M","R","BOSS","M","$","M","M","?","R","E","R","T","?","E","$","E","?","R","BOSS"],"items_purchased_type":["Relic","Card"],"build_version":"2020-12-22","purchased_purges":2,"victory":false,"max_hp_per_floor":[80,80,80,80,80,80,80,80,80,80,80,80,80,80,80,80,80,80,80,80,80,80,80,83,83,83,83,86,86,89,92,92,92,92],"card_choices":[{"not_picked":["Cleave","Twin Strike"],"picked":"Perfected Strike","floor":1},{"not_picked":["Pommel Strike","Spot Weakness"],"picked":"Dropkick","floor":3},{"not_picked":["Flex","Wild Strike","Thunderclap"],"picked":"SKIP","floor":4},{"not_picked":["Warcry","Wild Strike","Clothesline"],"picked":"SKIP","floor":5},{"not_picked":["Rampage","Heavy Blade","Sentinel"],"picked":"SKIP","floor":7},{"not_picked":["Rampage","Heavy Blade","Sentinel"],"picked":"SKIP","floor":7},{"not_picked":["Dual Wield","Whirlwind"],"picked":"Immolate","floor":8},{"not_picked":["Cleave","Twin Strike","Metallicize"],"picked":"SKIP","floor":11},{"not_picked":["Clash","Infernal Blade"],"picked":"Inflame","floor":14},{"not_picked":["Demon Form","Brutality"],"picked":"Bludgeon","floor":16},{"not_picked":["Thunderclap","Clash","Warcry"],"picked":"SKIP","floor":18},{"not_picked":["Flex","Clothesline","Uppercut"],"picked":"SKIP","floor":20},{"not_picked":["Thunderclap+1","Clothesline"],"picked":"Feed","floor":21},{"not_picked":["Headbutt","Warcry+1","Pommel Strike"],"picked":"SKIP","floor":24},{"not_picked":["Warcry","Fire Breathing"],"picked":"Offering","floor":28},{"not_picked":["Sever Soul","Pommel Strike","Fire Breathing"],"picked":"SKIP","floor":30}],"player_experience":262265,"relics_obtained":[{"floor":8,"key":"Juzu Bracelet"},{"floor":9,"key":"Smiling Mask"},{"floor":11,"key":"Centennial Puzzle"},{"floor":24,"key":"Darkstone Periapt"},{"floor":26,"key":"Ornamental Fan"},{"floor":28,"key":"Letter Opener"},{"floor":30,"key":"Art of War"},{"floor":31,"key":"Ice Cream"},{"floor":31,"key":"Molten Egg 2"}],"event_choices":[{"cards_removed":["Defend_R"],"damage_healed":0,"gold_gain":0,"player_choice":"Card Removal","damage_taken":0,"max_hp_gain":0,"max_hp_loss":0,"event_name":"The Cleric","floor":2,"gold_loss":50},{"damage_healed":0,"gold_gain":0,"player_choice":"Searched \u00271\u0027 times","damage_taken":0,"relics_obtained":["Meat on the Bone"],"max_hp_gain":0,"max_hp_loss":0,"event_name":"Dead Adventurer","floor":13,"gold_loss":0},{"damage_healed":0,"gold_gain":0,"player_choice":"Read","damage_taken":0,"max_hp_gain":0,"max_hp_loss":0,"event_name":"The Library","floor":22,"gold_loss":0,"cards_obtained":["Body Slam"]},{"cards_removed":["Strike_R"],"damage_healed":0,"gold_gain":0,"player_choice":"Single Remove","damage_taken":0,"max_hp_gain":0,"max_hp_loss":0,"event_name":"Designer","floor":27,"gold_loss":60},{"damage_healed":0,"gold_gain":0,"player_choice":"Fight","damage_taken":0,"max_hp_gain":0,"max_hp_loss":0,"event_name":"Colosseum","floor":31,"gold_loss":0},{"damage_healed":0,"gold_gain":0,"player_choice":"Fought Nobs","damage_taken":0,"max_hp_gain":0,"max_hp_loss":0,"event_name":"Colosseum","floor":31,"gold_loss":0}],"is_beta":false,"boss_relics":[{"not_picked":["Calling Bell","Velvet Choker"],"picked":"Fusion Hammer"}],"items_purged_floors":[19,29],"is_endless":false,"potions_floor_spawned":[3,5,11,14,24,28,30,31],"killed_by":"Champ","ascension_level":10}}