{"host":"z2o61o1qvcmvhuul","time":1612956512,"event":{"mods":["Alarm Clock","BaseMod","Minty Spire (QoL Compilation)","Quick Restart","Relic Filter Mod","Spicy Shops","StSLib","Starting Relic: Pandora\u0027s Box","SuperFastMode","¡¾ÒÅÎï¿¨ÅÆ¡¿REMEMod"],"gold_per_floor":[110,126,139,139,13,38,38,38,38],"floor_reached":8,"language":"ZHS","playtime":168,"items_purged":[],"score":112,"play_id":"e2936d4f-8c73-44fc-b244-20e95ff3ee7a","local_time":"20210210192832","is_ascension_mode":true,"campfire_choices":[{"data":"Capacitor","floor":7,"key":"SMITH"}],"circlet_count":0,"master_deck":["AscendersBane","Zap","Dualcast","Genetic Algorithm","Leap","Sunder","REME_DataAnalysis","Go for the Eyes","Double Energy","Gash","Capacitor","Double Energy","Capacitor+1","Fusion","Conserve Battery","Double Energy","Storm","Conserve Battery"],"relics":["Pandora\u0027s Box","REME_ComplimentaryCards","NeowsBlessing","Juzu Bracelet"],"acts_visited":["Exordium"],"potions_floor_usage":[6,6],"damage_taken":[{"damage":0,"enemies":"Cultist","floor":1,"turns":1},{"damage":0,"enemies":"Small Slimes","floor":2,"turns":1},{"damage":0,"enemies":"2 Louse","floor":3,"turns":1},{"damage":21,"enemies":"Lagavulin","floor":6,"turns":8},{"damage":82,"enemies":"Gremlin Nob","floor":8,"turns":4}],"seed_played":"-2201613353694846530","potions_obtained":[{"floor":1,"key":"EssenceOfSteel"},{"floor":3,"key":"PotionOfCapacity"}],"is_trial":false,"path_per_floor":["M","M","M","?","$","E","R","E"],"character_chosen":"DEFECT","items_purchased":["Double Energy","Storm"],"campfire_rested":0,"item_purchase_floors":[5,5],"current_hp_per_floor":[64,64,64,64,64,43,43,0,0],"gold":38,"neow_bonus":"THREE_ENEMY_KILL","is_daily":false,"chose_seed":false,"campfire_upgraded":1,"win_rate":0.0,"timestamp":1612956512,"path_taken":["M","?","M","?","$","E","R","E"],"items_purchased_type":["Card","Card"],"build_version":"2020-12-22","purchased_purges":0,"victory":false,"max_hp_per_floor":[71,71,71,71,71,71,71,71,71],"card_choices":[{"not_picked":["Chaos","Darkness"],"picked":"Capacitor","floor":1},{"not_picked":["Gash","Rip and Tear"],"picked":"Fusion","floor":2},{"not_picked":["Redo","Static Discharge"],"picked":"Conserve Battery","floor":3},{"not_picked":["Streamline","Cold Snap"],"picked":"Conserve Battery","floor":6}],"player_experience":66187,"relics_obtained":[{"floor":6,"key":"Juzu Bracelet"}],"event_choices":[{"damage_healed":0,"gold_gain":0,"player_choice":"Ignored","damage_taken":0,"max_hp_gain":0,"max_hp_loss":0,"event_name":"Liars Game","floor":4,"gold_loss":0}],"is_beta":false,"boss_relics":[],"items_purged_floors":[],"is_endless":false,"potions_floor_spawned":[1,3],"killed_by":"Gremlin Nob","ascension_level":20}}