{"host":"yans4pr1zf0lm9bx","time":1612995639,"event":{"mods":["AchievementEnabler","BaseMod","Minty Spire (QoL Compilation)","Replay The Spire","StSLib","SuperFastMode","slay the spire mod where everything is the same but ironclad has a cowboy hat"],"gold_per_floor":[114,114,39,59,59,59,94,94,94,127,147,173,173,173,173],"floor_reached":14,"language":"ENG","playtime":329,"items_purged":["Strike_B"],"score":157,"play_id":"d120f9b9-052d-4979-b775-be7370c7840d","local_time":"20210210172039","is_ascension_mode":true,"campfire_choices":[{"data":"Vigilance","floor":6,"key":"SMITH"},{"data":"Static Discharge","floor":8,"key":"SMITH"}],"circlet_count":0,"master_deck":["Strike_B","Strike_B","Defend_B","Defend_B","Defend_B","Defend_B","Compile Driver","Vigilance+1","Eruption","Static Discharge+1","Recycle","BasicCrystalCard","Steam"],"relics":["Cracked Core","NeowsBlessing","ReplayTheSpireMod:Lightbulb","Replay:Accelerometer","Replay:Kaleidoscope","Regal Pillow"],"acts_visited":["Exordium"],"potions_floor_usage":[12],"damage_taken":[{"damage":0,"enemies":"Cultist","floor":1,"turns":1},{"damage":0,"enemies":"Jaw Worm","floor":4,"turns":1},{"damage":0,"enemies":"Lagavulin","floor":7,"turns":1},{"damage":17,"enemies":"Gremlin Nob","floor":10,"turns":4},{"damage":0,"enemies":"2 Louse","floor":11,"turns":3},{"damage":23,"enemies":"Lagavulin","floor":12,"turns":9},{"damage":41,"enemies":"Gremlin Nob","floor":14,"turns":4}],"seed_played":"-6805846838618713648","potions_obtained":[{"floor":7,"key":"SmokeBomb"},{"floor":11,"key":"Weak Potion"},{"floor":12,"key":"GamblersBrew"}],"is_trial":false,"path_per_floor":["M","?","$","M","?","R","E","R","T","E","M","E","?","E"],"character_chosen":"DEFECT","items_purchased":[],"campfire_rested":0,"item_purchase_floors":[],"current_hp_per_floor":[75,75,75,75,75,75,75,75,75,58,58,35,35,0,0],"gold":173,"neow_bonus":"THREE_ENEMY_KILL","is_daily":false,"chose_seed":false,"campfire_upgraded":2,"win_rate":0.0,"timestamp":1612995639,"path_taken":["M","?","$","?","?","R","E","R","T","E","M","E","?","E"],"items_purchased_type":[],"build_version":"2020-12-22","purchased_purges":1,"victory":false,"max_hp_per_floor":[75,75,75,75,75,75,75,75,75,75,75,75,75,75,75],"card_choices":[{"not_picked":["Leap","Go for the Eyes"],"picked":"Redo","floor":1},{"not_picked":["Conserve Battery","Go for the Eyes"],"picked":"Compile Driver","floor":4},{"not_picked":["Panic Button","Meteor Strike"],"picked":"Static Discharge","floor":7},{"not_picked":["Panic Button","Creative AI"],"picked":"Recycle","floor":10},{"not_picked":["Cold Snap","Barrage"],"picked":"BasicCrystalCard","floor":11},{"not_picked":["Sweeping Beam","Conserve Battery"],"picked":"Steam","floor":12}],"player_experience":264774,"relics_obtained":[{"floor":7,"key":"Replay:Accelerometer"},{"floor":10,"key":"Replay:Kaleidoscope"},{"floor":12,"key":"Regal Pillow"}],"event_choices":[{"cards_removed":["Redo"],"damage_healed":0,"gold_gain":0,"player_choice":"Gave Card","damage_taken":0,"relics_obtained":["ReplayTheSpireMod:Lightbulb"],"max_hp_gain":0,"max_hp_loss":0,"event_name":"WeMeetAgain","floor":2,"gold_loss":0}],"is_beta":false,"boss_relics":[],"items_purged_floors":[3],"is_endless":false,"potions_floor_spawned":[7,11,12],"killed_by":"Gremlin Nob","ascension_level":4}}