{"host":"mmqs5ul2bvb60kyc","time":1612919261,"event":{"mods":["AchievementEnabler","Act Like it!","BaseMod","Colored Map","Colored Powertips","Gensokyo","Minty Spire (QoL Compilation)","Quick Restart","StSLib"],"gold_per_floor":[117,117,117,117,148,148,176,176,258,258,83,97,129,129,129,129,202,202,215,58,58,78,89,89,289,289],"floor_reached":26,"language":"ZHS","playtime":1101,"items_purged":[],"score":581,"play_id":"5624c0da-90f3-4740-bda2-2b7fa857470e","local_time":"20210210090741","is_ascension_mode":true,"campfire_choices":[{"data":"Eruption","floor":7.0,"key":"SMITH"},{"data":"WheelKick","floor":11.0,"key":"SMITH"},{"data":"BowlingBash","floor":16.0,"key":"SMITH"},{"floor":17.0,"key":"REST"},{"data":"1","floor":25,"key":"LIFT"}],"circlet_count":0,"master_deck":["AscendersBane","Strike_P","Strike_P","Strike_P","Strike_P","Defend_P","Defend_P","Defend_P","Defend_P","Eruption+1","Vigilance","Pray","WheelKick+1","BowlingBash+1","Vault","Prostrate","MasterReality"],"relics":["PureWater","NeowsBlessing","Gensokyo:LunaticRedEyes","Gensokyo:PortableGap","CloakClasp","Anchor","Gremlin Horn","Blood Vial","Ancient Tea Set","Cursed Key","Girya","Matryoshka","Gensokyo:DayTheSeaSplit","Nunchaku","Question Card"],"acts_visited":["Exordium","Gensokyo:Gensokyo"],"potions_floor_usage":[],"damage_taken":[{"damage":0.0,"enemies":"Gensokyo:Gryphon","floor":1.0,"turns":1.0},{"damage":2.0,"enemies":"Gensokyo:Mamizou","floor":6.0,"turns":2.0},{"damage":0.0,"enemies":"Gensokyo:Aya","floor":8.0,"turns":1.0},{"damage":4.0,"enemies":"Gensokyo:3_Fairies","floor":13.0,"turns":3.0},{"damage":24.0,"enemies":"Gensokyo:Cirno","floor":14.0,"turns":5.0},{"damage":0.0,"enemies":"Gensokyo:Reimu","floor":18.0,"turns":4.0},{"damage":13.0,"enemies":"Gensokyo:Chomper","floor":20.0,"turns":4.0},{"damage":0.0,"enemies":"Gensokyo:AngelMirror","floor":23.0,"turns":4.0},{"damage":23,"enemies":"Gensokyo:Swordslinger","floor":24,"turns":5},{"damage":34,"enemies":"Gensokyo:Reisen","floor":26,"turns":5}],"seed_played":"-3162765358551809055","potions_obtained":[{"floor":1.0,"key":"Strength Potion"},{"floor":6.0,"key":"LiquidMemories"},{"floor":24,"key":"Swift Potion"}],"is_trial":false,"path_per_floor":["M","?","?","$","E","R","E","T","T","R","COS","M","E","?","R","R","B",null,"M","COS","?","M","M","R","E"],"character_chosen":"WATCHER","items_purchased":[],"campfire_rested":1,"item_purchase_floors":[],"current_hp_per_floor":[61,61,58,55,53,53,53,53,53,53,53,49,25,25,25,41,43,52,41,41,41,43,22,22,0,0],"gold":289,"neow_bonus":"THREE_ENEMY_KILL","is_daily":false,"chose_seed":false,"campfire_upgraded":3,"win_rate":0.0,"timestamp":1612919261,"path_taken":["M","?","?","$","E","R","E","T","T","R","COS","M","E","?","R","R","BOSS","M","COS","?","?","M","R","E"],"items_purchased_type":[],"build_version":"2020-12-22","purchased_purges":0,"victory":false,"max_hp_per_floor":[68,68,58,55,55,55,55,55,55,55,55,55,55,55,55,55,55,55,55,55,55,55,55,55,55,55],"card_choices":[{"not_picked":["Sanctity","Protect","FollowUp"],"picked":"SKIP","floor":1.0},{"not_picked":["WaveOfTheHand","ClearTheMind"],"picked":"Pray","floor":6.0},{"not_picked":["Halt","WindmillStrike"],"picked":"WheelKick","floor":8.0},{"not_picked":["ThirdEye","EmptyFist","Protect"],"picked":"SKIP","floor":13.0},{"not_picked":["CarveReality","WaveOfTheHand"],"picked":"BowlingBash","floor":14.0},{"not_picked":["Omniscience","Alpha"],"picked":"Vault","floor":18.0},{"not_picked":["EmptyFist","DeceiveReality"],"picked":"Prostrate","floor":20.0},{"not_picked":["Sanctity","ClearTheMind","WheelKick"],"picked":"SKIP","floor":23.0},{"not_picked":["LessonLearned","DeusExMachina"],"picked":"MasterReality","floor":24},{"not_picked":["PathToVictory","ThirdEye","Consecrate"],"picked":"SKIP","floor":24}],"player_experience":343172,"relics_obtained":[{"floor":6.0,"key":"CloakClasp"},{"floor":8.0,"key":"Anchor"},{"floor":10.0,"key":"Gremlin Horn"},{"floor":14.0,"key":"Ancient Tea Set"}],"event_choices":[],"is_beta":false,"boss_relics":[{"not_picked":["Calling Bell","Ectoplasm"],"picked":"Cursed Key"}],"items_purged_floors":[],"is_endless":false,"potions_floor_spawned":[1,6,13,14,24],"killed_by":"Gensokyo:Reisen","ascension_level":18}}