{"host":"oj2qbbf4aubznu46","time":1612963185,"event":{"mods":["AchievementEnabler","BaseMod","Colored Powertips","Downfall","Infinite Spire","Minty Spire (QoL Compilation)","Replay The Spire","StSLib","The Bug Knight","The Cursed","The Forsaken","The Marked","The Mystic","The Servant 0.9.4","slay the spire mod where everything is the same but ironclad has a cowboy hat"],"gold_per_floor":[117,133,189,19,194,229,246,246,246,246,246,260,16,16,28,43,43,145,145,162,162,162,162,162,162,191,191,260,292,306,339,352,368,368,487,487,537,537,537],"floor_reached":38,"language":"DEU","playtime":3191,"items_purged":["Defend_S"],"score":787,"play_id":"972f6f80-f08b-406d-b2bc-65d5e0a7febd","local_time":"20210210141945","is_ascension_mode":false,"campfire_choices":[{"data":"Defy","floor":14,"key":"SMITH"},{"data":"TheWorld","floor":17,"key":"SMITH"},{"data":"MurderousAura","floor":25,"key":"SMITH"},{"data":"Exchange","floor":27,"key":"SMITH"},{"floor":34,"key":"REST"}],"circlet_count":0,"master_deck":["Strike_S","Strike_S","Strike_S","Strike_S","Defend_S","Defend_S","Defend_S","KidneyShot","Exchange+1","Moonlight","Starlight","FastForward","Comet","Defy+1","Doubt","BottledTime","Luminosity+1","GearUp","Ricochet","TimeWarp","TheWorld+1","MurderousAura+1","BottledTime","Potential","Desolation","Starlight+1","FastForward","WasteNot+1","Defy","LightFlow","BottledTime+1"],"relics":["Uniform","NeowsBlessing","infinitespire:Eraser","Garlic","The Courier","infinitespire:EmpoweringShard","Cursed Key","sneckomod:BabySnecko","Membership Card","Red Mask","Chameleon Ring","Thread and Needle","infinitespire:EvilPickle","Empty Cage"],"acts_visited":["Exordium","TheCity","TheBeyond"],"potions_floor_usage":[20,35,35,38],"damage_taken":[{"damage":0,"enemies":"Jaw Worm","floor":1,"turns":1},{"damage":0,"enemies":"Small Slimes","floor":2,"turns":1},{"damage":0,"enemies":"3 Sentries","floor":6,"turns":2},{"damage":0,"enemies":"2 Louse","floor":7,"turns":2},{"damage":0,"enemies":"2 Fungi Beasts","floor":12,"turns":3},{"damage":0,"enemies":"Large Slime","floor":15,"turns":4},{"damage":0,"enemies":"Looter","floor":16,"turns":2},{"damage":0,"enemies":"Fading Forest","floor":18,"turns":11},{"damage":4,"enemies":"2 Thieves","floor":20,"turns":4},{"damage":7,"enemies":"Masked Bandits","floor":26,"turns":3},{"damage":3,"enemies":"HollowMod:Nosk","floor":29,"turns":4},{"damage":0,"enemies":"Spheric Guardian","floor":30,"turns":2},{"damage":1,"enemies":"Slavers","floor":31,"turns":4},{"damage":0,"enemies":"Shelled Parasite and Fungi","floor":32,"turns":3},{"damage":0,"enemies":"Centurion and Healer","floor":33,"turns":3},{"damage":3,"enemies":"Pondfish","floor":35,"turns":9},{"damage":0,"enemies":"Orb Walker","floor":37,"turns":2},{"damage":7,"enemies":"infinitespire:Three Voidlings","floor":38,"turns":3},{"damage":70,"enemies":"Nightmare_Alpha","floor":38,"turns":7}],"seed_played":"906972065546582282","potions_obtained":[{"floor":2,"key":"Venom Potion"},{"floor":3,"key":"ColorlessPotion"},{"floor":7,"key":"DistilledChaos"},{"floor":12,"key":"Block Potion"},{"floor":29,"key":"Strength Potion"},{"floor":35,"key":"Weak Potion"}],"is_trial":false,"path_per_floor":["M","M","?","$","?","E","M","?","PTL","PTL","T","M","$","R","M","M","R","B",null,"M","?","?","?","AVR","R","?","R","T","E","M","E","M","M","R","B",null,"M","?"],"character_chosen":"THE_SERVANT","items_purchased":["Comet","Defy","SpeedPotion","Ricochet","infinitespire:EmpoweringShard"],"campfire_rested":1,"item_purchase_floors":[4,4,4,13,13],"current_hp_per_floor":[65,65,49,49,49,49,49,49,49,49,49,49,49,49,49,49,49,49,65,61,50,50,50,50,50,43,43,43,40,40,39,39,39,60,57,70,70,0,0],"gold":537,"neow_bonus":"THREE_ENEMY_KILL","is_daily":false,"chose_seed":false,"campfire_upgraded":4,"win_rate":0.0,"timestamp":1612963185,"path_taken":["M","M","?","$","?","E","M","?","PTL","PTL","T","M","$","R","M","M","R","BOSS","M","?","?","?","AVR","R","?","R","T","E","M","E","M","M","R","BOSS","M","?"],"items_purchased_type":["Card","Card","Potion","Card","Relic"],"build_version":"2020-12-22","purchased_purges":1,"victory":false,"max_hp_per_floor":[65,65,65,65,65,65,65,65,65,65,65,65,65,65,65,65,65,65,65,65,70,70,70,70,70,70,70,70,70,70,70,70,70,70,70,70,70,70,70],"card_choices":[{"not_picked":["Snipe","Alleviate"],"picked":"Moonlight","floor":1},{"not_picked":["Replace","Alleviate"],"picked":"Starlight","floor":2},{"not_picked":["Replace","RealityMarble"],"picked":"FastForward","floor":3},{"not_picked":["KillingDoll","FastForward"],"picked":"BottledTime","floor":6},{"not_picked":["Reset","Potential"],"picked":"Luminosity","floor":7},{"not_picked":["Snipe","Alleviate"],"picked":"GearUp","floor":12},{"not_picked":["Replace","Defy"],"picked":"TimeWarp","floor":15},{"not_picked":["DualDimension","Revamp"],"picked":"TheWorld","floor":16},{"not_picked":["Deny","FloweringNight"],"picked":"MurderousAura","floor":18},{"not_picked":["Hightail","DoubleEdge"],"picked":"BottledTime","floor":20},{"not_picked":["Starlight","TimeWarp+1"],"picked":"Potential","floor":26},{"not_picked":["Ricochet+1","Deny"],"picked":"Desolation","floor":29},{"not_picked":["BestPractice","Rewind"],"picked":"Starlight+1","floor":30},{"not_picked":["Moonlight","Replace"],"picked":"FastForward","floor":31},{"not_picked":["Potential","Defy"],"picked":"WasteNot+1","floor":32},{"not_picked":["Alleviate","Spin"],"picked":"Defy","floor":33},{"not_picked":["PendulumOfEternity","Deny"],"picked":"LightFlow","floor":35},{"not_picked":["Collapse+1","RealityMarble"],"picked":"BottledTime+1","floor":37}],"player_experience":357343,"relics_obtained":[{"floor":3,"key":"infinitespire:Eraser"},{"floor":6,"key":"Garlic"},{"floor":11,"key":"The Courier"},{"floor":26,"key":"Red Mask"},{"floor":29,"key":"Chameleon Ring"},{"floor":31,"key":"Thread and Needle"}],"event_choices":[{"damage_healed":0,"gold_gain":175,"player_choice":"AGREE","damage_taken":0,"max_hp_gain":0,"max_hp_loss":0,"event_name":"Liars Game","floor":5,"gold_loss":0,"cards_obtained":["Doubt"]},{"damage_healed":0,"gold_gain":0,"player_choice":"Shed Blood","damage_taken":16,"max_hp_gain":5,"max_hp_loss":0,"event_name":"Forgotten Altar","floor":21,"gold_loss":0},{"damage_healed":0,"gold_gain":0,"player_choice":"Fought Bandits","damage_taken":0,"max_hp_gain":0,"max_hp_loss":0,"event_name":"Masked Bandits","floor":26,"gold_loss":0}],"is_beta":false,"boss_relics":[{"not_picked":["bronze:MakeshiftBattery","ReplayTheSpireMod:SealedPack"],"picked":"Cursed Key"},{"not_picked":["Replay:Ancient Bell","Replay:Drink Me"],"picked":"Empty Cage"}],"items_purged_floors":[24],"is_endless":false,"potions_floor_spawned":[2,7,12,16,29,33,35],"killed_by":"Nightmare_Alpha","ascension_level":0}}