{"host":"8a3jzv7qxg3y7b6t","time":1612920762,"event":{"mods":["BaseMod","Better Third Choice","Downfall","Hermit","Minty Spire (QoL Compilation)","Relic Stats","StSLib","The Bug Knight","The Cursed"],"gold_per_floor":[111,111,57,57,75,119,119,119,144,182,182,218,242,285,285,406,406,422,435,290,310,330,330,330],"floor_reached":23,"language":"ENG","playtime":1498,"items_purged":[],"score":269,"play_id":"0d9abae5-0a71-4395-99aa-f2fa87cc9bbd","local_time":"20210209173242","is_ascension_mode":true,"campfire_choices":[{"floor":8.0,"key":"RECALL"},{"data":"HollowMod:PogoStrike","floor":11.0,"key":"SMITH"},{"floor":15.0,"key":"REST"}],"circlet_count":0,"master_deck":["HollowMod:NailStrikeStart","HollowMod:NailStrikeStart","HollowMod:NailStrikeStart","HollowMod:NailStrikeStart","HollowMod:QuickDashStart+1","HollowMod:QuickDashStart","HollowMod:QuickDashStart","HollowMod:QuickDashStart+1","HollowMod:FocusHealStart","HollowMod:PogoStrike+1","HollowMod:HeavyBlow","Injury","HollowMod:HowlingWraiths","Regret","HollowMod:HowlingWraiths","HollowMod:CycloneSlash","Apotheosis+1","HollowMod:HeavyBlow","HollowMod:SoulStrike","HollowMod:DesolateDive","HollowMod:ElderbugsWisdom","HollowMod:DoubleDash","HollowMod:SoulStrike","HollowMod:CloakDash","HollowMod:CycloneSlash+1"],"relics":["HollowMod:VesselMask","NeowsBlessing","Golden Idol","Eternal Feather","War Paint","Odd Mushroom","CaptainsWheel","Happy Flower","Philosopher\u0027s Stone","Sling"],"acts_visited":["Exordium","TheCity"],"potions_floor_usage":[23],"damage_taken":[{"damage":0.0,"enemies":"Small Slimes","floor":1.0,"turns":1.0},{"damage":0.0,"enemies":"2 Louse","floor":5.0,"turns":2.0},{"damage":0.0,"enemies":"Gremlin Nob","floor":6.0,"turns":1.0},{"damage":12.0,"enemies":"The Mushroom Lair","floor":10.0,"turns":3.0},{"damage":19.0,"enemies":"3 Sentries","floor":12.0,"turns":5.0},{"damage":9.0,"enemies":"Jaw Worm","floor":13.0,"turns":3.0},{"damage":15.0,"enemies":"Gremlin Nob","floor":14.0,"turns":4.0},{"damage":35.0,"enemies":"Hexaghost","floor":16.0,"turns":8.0},{"damage":4.0,"enemies":"Spheric Guardian","floor":18.0,"turns":4.0},{"damage":22,"enemies":"Shell Parasite","floor":19,"turns":5},{"damage":11,"enemies":"Snake Plant","floor":21,"turns":4},{"damage":28,"enemies":"Shelled Parasite and Fungi","floor":22,"turns":4},{"damage":2,"enemies":"Book of Stabbing","floor":23,"turns":2}],"seed_played":"6771945065998443085","potions_obtained":[{"floor":6.0,"key":"sneckomod:MuddlingPotion"},{"floor":14.0,"key":"SteroidPotion"},{"floor":16.0,"key":"sneckomod:MuddlingPotion"},{"floor":22,"key":"Fire Potion"}],"is_trial":false,"path_per_floor":["M","?","$","?","M","E","?","R","T","?","R","E","M","E","R","B",null,"M","M","$","M","M","E"],"character_chosen":"THE_BUGKNIGHT","items_purchased":["HollowMod:HowlingWraiths","Sling"],"campfire_rested":1,"item_purchase_floors":[3,20],"current_hp_per_floor":[75,75,75,75,75,75,75,75,75,63,72,59,50,35,69,34,75,71,49,49,38,10,8,8],"gold":330,"neow_bonus":"THREE_ENEMY_KILL","is_daily":false,"chose_seed":false,"campfire_upgraded":1,"win_rate":0.0,"timestamp":1612920762,"path_taken":["M","?","$","?","M","E","?","R","T","?","R","E","M","E","R","BOSS","M","M","$","M","M","E"],"items_purchased_type":["Card","Relic"],"build_version":"2020-12-22","purchased_purges":0,"victory":false,"max_hp_per_floor":[75,75,75,75,75,75,75,75,75,75,75,75,75,75,75,75,75,75,75,75,75,75,75,75],"relic_stats":{"Happy Flower":[9],"counters":[13,46],"Golden Idol":80,"Eternal Feather":21,"War Paint":["HollowMod:QuickDashStart","HollowMod:QuickDashStart"],"obtain_stats":[{"CaptainsWheel":12,"NeowsBlessing":0,"Happy Flower":14,"Golden Idol":2,"HollowMod:VesselMask":0,"Eternal Feather":4,"Philosopher\u0027s Stone":17,"War Paint":6,"Odd Mushroom":10,"Sling":20},{"CaptainsWheel":5,"NeowsBlessing":0,"Happy Flower":7,"Golden Idol":1,"HollowMod:VesselMask":0,"Eternal Feather":1,"Philosopher\u0027s Stone":8,"War Paint":3,"Odd Mushroom":4,"Sling":10},{"CaptainsWheel":12,"NeowsBlessing":0,"Happy Flower":19,"Golden Idol":1,"HollowMod:VesselMask":0,"Eternal Feather":1,"Philosopher\u0027s Stone":27,"War Paint":4,"Odd Mushroom":7,"Sling":36}]},"card_choices":[{"not_picked":["HollowMod:SoulSplash","HollowMod:PureNailStrike"],"picked":"HollowMod:HeavyBlow","floor":1.0},{"not_picked":["HollowMod:HuntersJournal","HollowMod:ShadowDash"],"picked":"HollowMod:HowlingWraiths","floor":5.0},{"not_picked":["HollowMod:ShadowDash","HollowMod:HerrahsAnger"],"picked":"HollowMod:CycloneSlash","floor":6.0},{"not_picked":["HollowMod:HowlingWraiths","HollowMod:NewJinnsSoul"],"picked":"HollowMod:HeavyBlow","floor":10.0},{"not_picked":["HollowMod:SoulSplash","HollowMod:DreamGate"],"picked":"HollowMod:SoulStrike","floor":12.0},{"not_picked":["HollowMod:NewJinnsSoul","HollowMod:RecoilStrike","HollowMod:SiblingsSouls"],"picked":"SKIP","floor":13.0},{"not_picked":["HollowMod:GoodIntentions","HollowMod:GrimmsGift"],"picked":"HollowMod:DesolateDive","floor":14.0},{"not_picked":["HollowMod:theNailsmith","HollowMod:ZotesMagnificence"],"picked":"HollowMod:ElderbugsWisdom","floor":16.0},{"not_picked":["HollowMod:SiblingsSouls","HollowMod:InfectedAttack"],"picked":"HollowMod:DoubleDash","floor":18.0},{"not_picked":["HollowMod:SharpenedNail","HollowMod:HeavyBlow"],"picked":"HollowMod:SoulStrike","floor":19},{"not_picked":["HollowMod:GreatSlash","HollowMod:NewLittleFool"],"picked":"HollowMod:CloakDash","floor":21},{"not_picked":["HollowMod:ChannelNail","HollowMod:QuirrelsAssistance"],"picked":"HollowMod:CycloneSlash+1","floor":22}],"player_experience":673657,"relics_obtained":[{"floor":6.0,"key":"War Paint"},{"floor":10.0,"key":"Odd Mushroom"},{"floor":12.0,"key":"CaptainsWheel"},{"floor":14.0,"key":"Happy Flower"}],"event_choices":[{"damage_healed":0.0,"max_hp_gain":0.0,"max_hp_loss":0.0,"gold_gain":0.0,"event_name":"Golden Idol","player_choice":"Take Wound","floor":2.0,"gold_loss":0.0,"damage_taken":0.0,"relics_obtained":["Golden Idol"],"cards_obtained":["Injury"]},{"damage_healed":0.0,"max_hp_gain":0.0,"max_hp_loss":0.0,"gold_gain":0.0,"event_name":"Big Fish","player_choice":"Box","floor":4.0,"gold_loss":0.0,"damage_taken":0.0,"relics_obtained":["Eternal Feather"],"cards_obtained":["Regret"]},{"damage_healed":75.0,"max_hp_gain":0.0,"max_hp_loss":75.0,"gold_gain":0.0,"event_name":"betterThird:BetterShining","player_choice":"Embrace","floor":7.0,"gold_loss":0.0,"damage_taken":0.0},{"damage_healed":0.0,"max_hp_gain":0.0,"max_hp_loss":0.0,"gold_gain":0.0,"event_name":"Mushrooms","player_choice":"Fought Mushrooms","floor":10.0,"gold_loss":0.0,"damage_taken":0.0}],"is_beta":false,"boss_relics":[{"not_picked":["SacredBark","Tiny House"],"picked":"Philosopher\u0027s Stone"}],"items_purged_floors":[],"is_endless":false,"potions_floor_spawned":[6,14,16,22],"killed_by":"Book of Stabbing","ascension_level":3}}