{"host":"coame8l8goqx0svj","time":1612957951,"event":{"mods":["BaseMod","Downfall","Minty Spire (QoL Compilation)","StSLib"],"gold_per_floor":[399,399,414,414,250,281,306,317,317,344,97,97,109,138,156,260,260,160,173,173,273,89,121,121,121,136,152,152,152,152,137,147,248,298,298,315,329,348,187,87,87,87,87,100,0,26,26,39,39,39,39,70,70,70,70,70,70,70],"floor_reached":56,"language":"ENG","playtime":3514,"items_purged":["downfall:Malfunctioning","Pride","bronze:Strike"],"score":941,"play_id":"0b264f86-e593-4f5d-9311-fd9bccf29cc6","local_time":"20210210125231","is_ascension_mode":true,"campfire_choices":[{"floor":1,"key":"REST"},{"data":"bronze:Flail","floor":9,"key":"SMITH"},{"data":"bronze:ChildClass","floor":12,"key":"SMITH"},{"data":"bronze:Defend","floor":18,"key":"SMITH"},{"data":"bronze:Iterate","floor":25,"key":"SMITH"},{"data":"bronze:Defend","floor":30,"key":"SMITH"},{"floor":35,"key":"RECALL"},{"floor":40,"key":"REST"},{"floor":43,"key":"REST"},{"data":"bronze:Strike","floor":45,"key":"SMITH"},{"floor":47,"key":"REST"},{"floor":54,"key":"REST"}],"circlet_count":0,"master_deck":["bronze:Strike+1","bronze:Strike+1","bronze:Strike+1","bronze:Defend+1","bronze:Defend+1","bronze:Defend+1","bronze:Defend+1","bronze:Replicate+1","bronze:Goto+1","bronze:Boost+1","bronze:ChildClass+1","bronze:Flail+1","bronze:Boost+1","bronze:FineTuning+1","bronze:BronzeArmor+1","bronze:FindAndReplace+1","Enlightenment+1","bronze:FineTuning+1","bronze:FineTuning+1","bronze:Turbo+1","bronze:SpaghettiCode+1","bronze:Iterate+1","bronze:InfiniteBeams+1","bronze:HardenedForm+1","bronze:ClassDefault+1","bronze:Terminator+1","bronze:Turbo+1","bronze:DelayedGuard+1","bronze:Fortify+1","bronze:Repulsor+1","bronze:Verify+1","bronze:Library+1","bronze:MaxOutput+1"],"relics":["bronze:BronzeCore","Old Coin","Toxic Egg 2","bronze:SilverBullet","Ginger","Lee\u0027s Waffle","Prayer Wheel","Runic Pyramid","downfall:HeartBlessingGreen","Frozen Egg 2","Torii","Ornamental Fan","hexamod:BolsterEngine","Matryoshka","Tiny House","Meat on the Bone","HandDrill","downfall:HeartBlessingRed","Juzu Bracelet","bronze:BottledCode","downfall:HeartBlessingBlue","Bottled Lightning","StoneCalendar"],"acts_visited":["Exordium","TheCity","TheBeyond","TheEnding"],"potions_floor_usage":[21,21,22,33,49,50,55,56],"damage_taken":[{"damage":7,"enemies":"Jaw Worm","floor":3,"turns":3},{"damage":0,"enemies":"downfall:FleeingMerchant","floor":5,"turns":4},{"damage":4,"enemies":"3 Sentries","floor":6,"turns":3},{"damage":0,"enemies":"Small Slimes","floor":8,"turns":2},{"damage":6,"enemies":"Lagavulin","floor":10,"turns":4},{"damage":2,"enemies":"downfall:FleeingMerchant","floor":11,"turns":4},{"damage":0,"enemies":"Cultist","floor":13,"turns":1},{"damage":10,"enemies":"Gremlin Nob","floor":14,"turns":4},{"damage":0,"enemies":"3 Louse","floor":15,"turns":3},{"damage":0,"enemies":"WA_ARCHETYPE_RETAIN","floor":16,"turns":4},{"damage":3,"enemies":"Shell Parasite","floor":19,"turns":4},{"damage":9,"enemies":"Colosseum Nobs","floor":21,"turns":3},{"damage":0,"enemies":"downfall:FleeingMerchant","floor":22,"turns":4},{"damage":9,"enemies":"Book of Stabbing","floor":23,"turns":4},{"damage":0,"enemies":"Chosen","floor":26,"turns":3},{"damage":0,"enemies":"3 Cultists","floor":27,"turns":3},{"damage":0,"enemies":"downfall:FleeingMerchant","floor":31,"turns":4},{"damage":1,"enemies":"Sentry and Sphere","floor":32,"turns":5},{"damage":1,"enemies":"IC_MUSHROOM_ARCHETYPE","floor":33,"turns":5},{"damage":19,"enemies":"3 Shapes","floor":36,"turns":2},{"damage":35,"enemies":"3 Darklings","floor":37,"turns":3},{"damage":0,"enemies":"Maw","floor":38,"turns":4},{"damage":0,"enemies":"downfall:FleeingMerchant","floor":39,"turns":2},{"damage":0,"enemies":"Sphere and 2 Shapes","floor":44,"turns":1},{"damage":0,"enemies":"Reptomancer","floor":46,"turns":3},{"damage":0,"enemies":"3 Darklings","floor":48,"turns":3},{"damage":0,"enemies":"4 Shapes","floor":49,"turns":1},{"damage":30,"enemies":"DF_ARCHETYPE_ORBS","floor":50,"turns":5},{"damage":33,"enemies":"downfall:CharBossMerchant","floor":52,"turns":7},{"damage":1,"enemies":"downfall:NeowBoss","floor":55,"turns":9},{"damage":85,"enemies":"downfall:NeowBossFinal","floor":56,"turns":6}],"seed_played":"-892903134651540800","potions_obtained":[{"floor":10,"key":"ColorlessPotion"},{"floor":13,"key":"FearPotion"},{"floor":14,"key":"SteroidPotion"},{"floor":15,"key":"Weak Potion"},{"floor":19,"key":"Strength Potion"},{"floor":23,"key":"SmokeBomb"},{"floor":27,"key":"CultistPotion"},{"floor":32,"key":"Block Potion"},{"floor":34,"key":"sneckomod:MuddlingPotion"},{"floor":44,"key":"CultistPotion"},{"floor":52,"key":"Block Potion"}],"is_trial":false,"path_per_floor":["R","?","M","?","$","E","T","M","R","E","$","R","M","E","M","B",null,"R","M","?","?","$","E","T","R","M","M","?","?","R","$","M","B",null,"R","M","M","M","$","R","T","?","R","M","R","E","R","M","M","B",null,"E","$","R","B","B"],"character_chosen":"THE_AUTOMATON","items_purchased":["bronze:Flail","Enlightenment+1","Lee\u0027s Waffle","bronze:ClassDefault+1","Meat on the Bone","HandDrill"],"campfire_rested":5,"item_purchase_floors":[5,11,11,22,39,39],"current_hp_per_floor":[70,70,63,63,63,59,59,59,59,53,77,77,77,67,67,67,77,77,74,74,65,65,56,56,56,56,56,56,56,56,56,55,54,82,82,63,28,28,28,52,52,52,72,72,82,82,82,82,82,52,82,49,49,73,72,0,0,0],"gold":70,"neow_bonus":"ONE_RARE_RELIC","is_daily":false,"chose_seed":false,"campfire_upgraded":6,"win_rate":0.0,"timestamp":1612957951,"path_taken":["R","?","M","?","$","E","T","M","R","E","$","R","M","E","M","BOSS","R","M","?","?","$","E","T","R","M","M","?","?","R","$","M","BOSS","R","?","M","M","$","R","T","?","R","M","R","E","R","M","M","BOSS","E","$","R","BOSS","BOSS"],"items_purchased_type":["Card","Card","Relic","Card","Relic","Relic"],"build_version":"2020-12-22","purchased_purges":3,"victory":false,"max_hp_per_floor":[70,70,70,70,70,70,70,70,70,70,77,77,77,77,77,77,77,77,77,77,77,77,77,77,77,77,77,77,77,77,77,77,77,82,82,82,82,82,82,82,82,72,72,72,82,82,82,82,82,82,82,82,82,82,82,82,82,82],"card_choices":[{"not_picked":["bronze:Invalidate","bronze:Iterate"],"picked":"bronze:Boost","floor":3},{"not_picked":["bronze:BugBarrage","bronze:Refactor"],"picked":"bronze:ChildClass","floor":5},{"not_picked":["bronze:Return+1","bronze:Constructor+1"],"picked":"bronze:Boost+1","floor":6},{"not_picked":["bronze:Overheat","bronze:Frontload+1"],"picked":"bronze:FineTuning+1","floor":8},{"not_picked":["bronze:HardenedForm","bronze:BuggyMess+1"],"picked":"bronze:BronzeArmor+1","floor":10},{"not_picked":["bronze:BugBarrage","bronze:Overload+1"],"picked":"bronze:FindAndReplace+1","floor":11},{"not_picked":["bronze:BuggyMess+1","bronze:Overheat","bronze:BitShift+1"],"picked":"SKIP","floor":13},{"not_picked":["bronze:WildBeam","bronze:BitShift+1"],"picked":"bronze:FineTuning+1","floor":14},{"not_picked":["bronze:BitShift+1","bronze:Boost+1"],"picked":"bronze:FineTuning+1","floor":15},{"not_picked":["bronze:Constructor+1","bronze:MaxOutput"],"picked":"bronze:Turbo+1","floor":15},{"not_picked":["bronze:CleanCode","bronze:ThunderWave"],"picked":"bronze:SpaghettiCode+1","floor":16},{"not_picked":["bronze:ChosenStrike","bronze:DelayedSlice"],"picked":"bronze:Iterate","floor":19},{"not_picked":["bronze:Boost+1","bronze:ChosenStrike+1","bronze:DelayedSlice"],"picked":"SKIP","floor":19},{"not_picked":["bronze:ClassDefault+1","bronze:Turbo+1"],"picked":"bronze:InfiniteBeams+1","floor":21},{"not_picked":["bronze:InfiniteLoop","bronze:ForceShield+1"],"picked":"bronze:HardenedForm+1","floor":22},{"not_picked":["bronze:BuggyMess+1","bronze:Iterate","bronze:DelayedGuard+1"],"picked":"SKIP","floor":23},{"not_picked":["bronze:Invalidate+1","bronze:WhirlingStrike+1"],"picked":"bronze:Terminator+1","floor":26},{"not_picked":["bronze:ClassDefault+1","bronze:DelayedGuard+1","bronze:CutThrough+1"],"picked":"SKIP","floor":26},{"not_picked":["bronze:WildBeam","bronze:BitShift+1"],"picked":"bronze:Turbo+1","floor":27},{"not_picked":["bronze:Deprecate+1","bronze:Overheat","bronze:MaxOutput+1"],"picked":"SKIP","floor":27},{"not_picked":["bronze:Frontload+1","bronze:Invalidate+1"],"picked":"bronze:DelayedGuard+1","floor":31},{"not_picked":["bronze:Invalidate+1","bronze:Philosophize+1"],"picked":"bronze:Fortify+1","floor":32},{"not_picked":["bronze:ClassDefault+1","bronze:Refactor+1","bronze:Turbo+1"],"picked":"SKIP","floor":32},{"not_picked":["bronze:Branch","bronze:DigitalCarnage"],"picked":"bronze:Repulsor+1","floor":36},{"not_picked":["bronze:ChildClass+1","bronze:BuggyMess+1","bronze:Philosophize+1"],"picked":"SKIP","floor":36},{"not_picked":["bronze:BugBarrage","bronze:Backtrace","bronze:Iterate+1"],"picked":"SKIP","floor":37},{"not_picked":["bronze:Backtrace+1","bronze:Shield+1","bronze:ChosenStrike+1"],"picked":"SKIP","floor":37},{"not_picked":["bronze:ForceShield+1","bronze:CutThrough+1","bronze:Branch+1"],"picked":"SKIP","floor":38},{"not_picked":["bronze:ClassDefault+1","bronze:CloningBeam","bronze:BugBarrage"],"picked":"SKIP","floor":38},{"not_picked":["bronze:Repulsor+1","bronze:Optimize+1","bronze:Fortify+1"],"picked":"SKIP","floor":39},{"not_picked":["bronze:DelayedSlice+1","bronze:BitShift+1"],"picked":"bronze:Verify+1","floor":44},{"not_picked":["bronze:Iterate","bronze:Overheat","bronze:Refactor+1"],"picked":"SKIP","floor":44},{"not_picked":["bronze:WhirlingStrike+1","bronze:ShipIt"],"picked":"bronze:Library+1","floor":46},{"not_picked":["bronze:Branch+1","bronze:DelayedGuard+1"],"picked":"bronze:MaxOutput+1","floor":48},{"not_picked":["bronze:WildBeam","bronze:Deprecate+1","bronze:InfiniteBeams+1"],"picked":"SKIP","floor":48},{"not_picked":["bronze:InfiniteLoop","bronze:Refactor+1","bronze:Shield+1"],"picked":"SKIP","floor":52}],"player_experience":1782379,"relics_obtained":[{"floor":6,"key":"Toxic Egg 2"},{"floor":7,"key":"bronze:SilverBullet"},{"floor":10,"key":"Ginger"},{"floor":14,"key":"Prayer Wheel"},{"floor":21,"key":"Torii"},{"floor":21,"key":"Ornamental Fan"},{"floor":23,"key":"hexamod:BolsterEngine"},{"floor":24,"key":"Matryoshka"},{"floor":41,"key":"Juzu Bracelet"},{"floor":46,"key":"Bottled Lightning"},{"floor":52,"key":"StoneCalendar"}],"event_choices":[{"damage_healed":0,"gold_gain":0,"player_choice":"Stole Relic","damage_taken":0,"relics_obtained":["Frozen Egg 2"],"max_hp_gain":0,"max_hp_loss":0,"event_name":"Addict","floor":20,"gold_loss":0,"cards_obtained":["Pride"]},{"damage_healed":0,"gold_gain":0,"player_choice":"Leave","damage_taken":0,"max_hp_gain":0,"max_hp_loss":0,"event_name":"FaceTrader","floor":29,"gold_loss":0}],"is_beta":false,"boss_relics":[{"not_picked":["Black Star","Calling Bell"],"picked":"Runic Pyramid"},{"not_picked":["Velvet Choker","Runic Dome"],"picked":"Tiny House"}],"items_purged_floors":[5,22,39],"is_endless":false,"potions_floor_spawned":[10,13,14,15,16,19,23,27,32,37,38,44,46,52],"killed_by":"downfall:NeowBossFinal","ascension_level":4}}