{"host":"guk5h31bsklpp7e4","time":1612923092,"event":{"mods":["AchievementEnabler","BaseMod","Colored Map","Colored Powertips","Highlight Path","Minty Spire (QoL Compilation)","Quick Restart"],"gold_per_floor":[214,55,130,143,157,157,157,157,157,182,38,49,49,60,60,155,155,173,173,173,187,207,207,240,267,291,291,307,335,335,351,351,351,351],"floor_reached":33,"language":"ENG","playtime":2275,"items_purged":["Strike_R"],"score":388,"play_id":"b4179a15-f238-4956-80b0-bb95b6ab3c7d","local_time":"20210209211132","is_ascension_mode":true,"campfire_choices":[{"data":"Body Slam","floor":6,"key":"SMITH"},{"data":"Dual Wield","floor":8,"key":"SMITH"},{"floor":15,"key":"REST"},{"floor":23,"key":"REST"},{"data":"Juggernaut","floor":27,"key":"SMITH"},{"data":"Ghostly Armor","floor":32,"key":"SMITH"}],"circlet_count":0,"master_deck":["Strike_R","Defend_R","Defend_R","Defend_R","Bash","Flex","Ghostly Armor+1","Body Slam+1","Cleave","Dual Wield+1","Cleave","Offering","Immolate","Entrench+1","Inflame+1","Double Tap+1","Battle Trance","Ghostly Armor+1","Juggernaut+1","Flex+1","Body Slam+1"],"relics":["Burning Blood","Ancient Tea Set","Eternal Feather","Letter Opener","Bag of Preparation","Astrolabe","Molten Egg 2","Dream Catcher","Omamori","Oddly Smooth Stone"],"acts_visited":["Exordium","TheCity"],"potions_floor_usage":[14,16,22,24,29,33],"damage_taken":[{"damage":9,"enemies":"2 Louse","floor":1,"turns":3},{"damage":0,"enemies":"Cultist","floor":4,"turns":3},{"damage":0,"enemies":"Small Slimes","floor":5,"turns":4},{"damage":35,"enemies":"3 Sentries","floor":10,"turns":11},{"damage":3,"enemies":"Exordium Wildlife","floor":12,"turns":4},{"damage":24,"enemies":"Exordium Thugs","floor":14,"turns":3},{"damage":39,"enemies":"Slime Boss","floor":16,"turns":6},{"damage":18,"enemies":"3 Byrds","floor":18,"turns":3},{"damage":22,"enemies":"2 Thieves","floor":21,"turns":2},{"damage":23,"enemies":"Centurion and Healer","floor":22,"turns":4},{"damage":6,"enemies":"Gremlin Leader","floor":24,"turns":1},{"damage":6,"enemies":"Sentry and Sphere","floor":28,"turns":1},{"damage":34,"enemies":"Book of Stabbing","floor":29,"turns":4},{"damage":6,"enemies":"Snecko","floor":31,"turns":2},{"damage":84,"enemies":"Champ","floor":33,"turns":9}],"seed_played":"238470418736415333","potions_obtained":[{"floor":4,"key":"Strength Potion"},{"floor":10,"key":"Strength Potion"},{"floor":12,"key":"PowerPotion"},{"floor":21,"key":"ColorlessPotion"},{"floor":22,"key":"FearPotion"},{"floor":24,"key":"Fire Potion"}],"is_trial":false,"path_per_floor":["M","$","?","M","M","R","T","R","T","E","$","M","?","M","R","B",null,"M","?","?","M","M","R","E","T","T","R","M","E","?","M","R","B"],"character_chosen":"IRONCLAD","items_purchased":["Ghostly Armor","Body Slam","Bag of Preparation"],"campfire_rested":2,"item_purchase_floors":[2,2,11],"current_hp_per_floor":[77,77,69,75,80,80,80,80,80,51,51,54,54,36,69,36,69,57,57,57,41,24,57,57,57,57,66,66,38,64,64,76,0,0],"gold":351,"neow_bonus":"HUNDRED_GOLD","is_daily":false,"chose_seed":false,"campfire_upgraded":4,"win_rate":0.0,"timestamp":1612923092,"path_taken":["M","$","?","?","M","R","?","R","T","E","$","M","?","M","R","BOSS","M","?","?","?","M","R","E","?","T","R","?","E","?","M","R","BOSS"],"items_purchased_type":["Card","Card","Relic"],"build_version":"2020-12-22","purchased_purges":1,"victory":false,"max_hp_per_floor":[80,80,80,80,80,80,80,80,80,80,80,80,80,80,80,80,80,80,80,80,80,80,80,80,80,80,80,80,80,80,80,80,80,80],"card_choices":[{"not_picked":["Thunderclap","Clothesline"],"picked":"Flex","floor":1},{"not_picked":["Wild Strike","Infernal Blade"],"picked":"Cleave","floor":4},{"not_picked":["Clash","Perfected Strike"],"picked":"Dual Wield","floor":5},{"not_picked":["Reckless Charge","Dropkick"],"picked":"Cleave","floor":10},{"not_picked":["Hemokinesis","Armaments"],"picked":"Offering","floor":12},{"not_picked":["Wild Strike","Twin Strike","Pummel"],"picked":"SKIP","floor":14},{"not_picked":["Fiend Fire","Brutality"],"picked":"Immolate","floor":16},{"not_picked":["True Grit","Thunderclap","Havoc"],"picked":"SKIP","floor":18},{"not_picked":["Sentinel+1","Hemokinesis"],"picked":"Battle Trance","floor":21},{"not_picked":["Clothesline+1","Perfected Strike"],"picked":"Ghostly Armor+1","floor":22},{"not_picked":["Pommel Strike+1","Iron Wave+1"],"picked":"Juggernaut","floor":24},{"not_picked":["Anger+1","Havoc"],"picked":"Flex+1","floor":28},{"not_picked":["Bloodletting","Perfected Strike+1"],"picked":"Body Slam+1","floor":29},{"not_picked":["Entrench","Anger+1","Burning Pact"],"picked":"SKIP","floor":31}],"player_experience":329994,"relics_obtained":[{"floor":7,"key":"Ancient Tea Set"},{"floor":9,"key":"Eternal Feather"},{"floor":10,"key":"Letter Opener"},{"floor":24,"key":"Molten Egg 2"},{"floor":25,"key":"Dream Catcher"},{"floor":26,"key":"Omamori"},{"floor":29,"key":"Oddly Smooth Stone"}],"event_choices":[{"damage_healed":0,"gold_gain":75,"player_choice":"Touch","damage_taken":8,"max_hp_gain":0,"max_hp_loss":0,"event_name":"FaceTrader","floor":3,"gold_loss":0},{"damage_healed":0,"gold_gain":0,"player_choice":"Fled","damage_taken":0,"max_hp_gain":0,"max_hp_loss":0,"event_name":"Scrap Ooze","floor":13,"gold_loss":0},{"damage_healed":0,"gold_gain":0,"player_choice":"Ignored","damage_taken":0,"max_hp_gain":0,"max_hp_loss":0,"event_name":"Ghosts","floor":19,"gold_loss":0},{"cards_removed":["Strike_R"],"damage_healed":0,"gold_gain":0,"player_choice":"Offered Basic","damage_taken":0,"max_hp_gain":0,"max_hp_loss":0,"event_name":"Bonfire Elementals","floor":20,"gold_loss":0},{"damage_healed":26,"gold_gain":0,"player_choice":"Heal","damage_taken":0,"max_hp_gain":0,"max_hp_loss":0,"event_name":"The Library","floor":30,"gold_loss":0}],"is_beta":false,"boss_relics":[{"not_picked":["Calling Bell","Empty Cage"],"picked":"Astrolabe"}],"items_purged_floors":[2],"is_endless":false,"potions_floor_spawned":[4,10,12,21,22,24],"killed_by":"Champ","ascension_level":5}}