{"host":"ajxvnmsjfcleb5r5","time":1612965416,"event":{"mods":["2.2 Compatiblity","AchievementEnabler","BaseMod","Beaked The Cultist","Better Note","BetterRewards","Card Forge","Colored Powertips","DNKmod","Friendly Minions","Infinite Spire","Minty Spire (QoL Compilation)","Quick Restart","Shop Mod","StSLib","SuperFastMode"],"gold_per_floor":[119,119,136,136,155,186,186,200,200,200,220,275,292,304,304,408,408,426,336,356,356,373,373,400,400,400,429,354,373,402,412,412,516,516,534,550,550,550,568,568,595,611,635,651,680,701,701,733,733],"floor_reached":48,"language":"KOR","playtime":1300,"items_purged":[],"score":806,"play_id":"3333c4c8-6392-4bc5-8fe7-b4b92211035d","local_time":"20210210225656","is_ascension_mode":false,"campfire_choices":[{"data":"Rampage","floor":7,"key":"SMITH"},{"data":"Intimidate","floor":10,"key":"SMITH"},{"data":"Uppercut","floor":15,"key":"SMITH"},{"data":"Berserk","floor":23,"key":"SMITH"},{"data":"Burning Pact","floor":32,"key":"SMITH"},{"data":"infinitespire:Collect","floor":40,"key":"SMITH"}],"circlet_count":0,"master_deck":["Strike_R","Strike_R","Strike_R","Defend_R","Defend_R+1","Defend_R+1","Defend_R","Bash","Sadistic Nature+1","Thunderclap","Twin Strike","Intimidate+1","Intimidate","Rampage+1","Shrug It Off","Thunderclap","Thunderclap+1","Pommel Strike","Uppercut+1","Berserk+1","Havoc","Sadistic Nature+1","Headbutt","Burning Pact+1","Reaper","True Grit+1","True Grit+1","Offering","beaked:AwakenedForm+1","Ghostly Armor","infinitespire:Collect+1","True Grit"],"relics":["Burning Blood","Hammer of Thor","Seething Fire","Anvil of the Gods","Happy Flower","infinitespire:CheckeredPen","Paper Frog","Blood Vial","StoneCalendar","War Paint","Regal Pillow","Blue Candle","Sozu","Letter Opener","Nloth\u0027s Gift","Pocketwatch","Ice Cream","Unceasing Top","beaked:SacredDeck","Bag of Preparation","infinitespire:Midas Blood"],"acts_visited":["Exordium","TheCity","TheBeyond"],"potions_floor_usage":[],"damage_taken":[{"damage":1,"enemies":"Jaw Worm","floor":1,"turns":2},{"damage":1,"enemies":"2 Louse","floor":3,"turns":2},{"damage":5,"enemies":"Small Slimes","floor":5,"turns":3},{"damage":4,"enemies":"3 Sentries","floor":6,"turns":4},{"damage":1,"enemies":"Gremlin Gang","floor":8,"turns":3},{"damage":2,"enemies":"Looter","floor":11,"turns":3},{"damage":17,"enemies":"Lagavulin Event","floor":12,"turns":4},{"damage":7,"enemies":"Blue Slaver","floor":13,"turns":2},{"damage":0,"enemies":"3 Louse","floor":14,"turns":1},{"damage":0,"enemies":"Slime Boss","floor":16,"turns":4},{"damage":0,"enemies":"Shell Parasite","floor":18,"turns":3},{"damage":2,"enemies":"3 Byrds","floor":20,"turns":3},{"damage":15,"enemies":"Snake Plant","floor":22,"turns":2},{"damage":2,"enemies":"Book of Stabbing","floor":24,"turns":3},{"damage":23,"enemies":"Gremlin Leader","floor":27,"turns":4},{"damage":22,"enemies":"Centurion and Healer","floor":29,"turns":4},{"damage":10,"enemies":"Book of Stabbing","floor":30,"turns":5},{"damage":0,"enemies":"3 Cultists","floor":31,"turns":4},{"damage":48,"enemies":"Champ","floor":33,"turns":6},{"damage":0,"enemies":"3 Darklings","floor":35,"turns":4},{"damage":6,"enemies":"3 Shapes","floor":36,"turns":2},{"damage":16,"enemies":"Writhing Mass","floor":39,"turns":2},{"damage":7,"enemies":"Reptomancer","floor":41,"turns":2},{"damage":6,"enemies":"Spire Growth","floor":42,"turns":1},{"damage":0,"enemies":"Jaw Worm Horde","floor":44,"turns":1},{"damage":6,"enemies":"Nemesis","floor":45,"turns":3},{"damage":3,"enemies":"4 Shapes","floor":46,"turns":3},{"damage":83,"enemies":"Nightmare","floor":48,"turns":5}],"seed_played":"-2698692111298446510","potions_obtained":[{"floor":3,"key":"DistilledChaos"},{"floor":6,"key":"AttackPotion"},{"floor":12,"key":"Ancient Potion"}],"is_trial":false,"path_per_floor":["M","?","M","?","M","E","R","M","T","R","M","?","M","M","R","B",null,"M","?","M","?","M","R","E","?","T","E","?","M","E","M","R","B",null,"M","M","AVR","?","M","R","E","M","T","M","E","M","M","NM"],"character_chosen":"IRONCLAD","items_purchased":["Paper Frog","Blood Vial","Sadistic Nature","Thunderclap"],"campfire_rested":0,"item_purchase_floors":[0,0,0,0],"current_hp_per_floor":[51,51,58,58,61,65,65,72,72,72,78,69,70,78,78,80,80,80,80,80,80,71,71,77,77,77,62,62,52,54,70,70,37,80,80,80,80,80,70,70,79,80,80,80,80,80,80,0,0],"gold":733,"neow_bonus":"","is_daily":false,"chose_seed":false,"campfire_upgraded":6,"win_rate":0.0,"timestamp":1612965416,"path_taken":["M","?","M","?","M","E","R","M","T","R","M","?","M","M","R","BOSS","M","?","?","?","M","R","E","?","T","E","?","M","E","M","R","BOSS","M","M","AVR","?","M","R","E","M","T","M","E","M","M","NM"],"items_purchased_type":["Relic","Relic","Card","Card"],"build_version":"2020-12-22","purchased_purges":0,"victory":false,"max_hp_per_floor":[80,80,80,80,80,80,80,80,80,80,80,80,80,80,80,80,80,80,80,80,80,80,80,80,80,80,80,80,80,80,80,80,80,80,80,80,80,80,80,80,80,80,80,80,80,80,80,80,80],"card_choices":[{"not_picked":["Hemokinesis","Searing Blow"],"picked":"Twin Strike","floor":1},{"not_picked":["Sword Boomerang","Uppercut"],"picked":"Intimidate","floor":3},{"not_picked":["Battle Trance","Pommel Strike"],"picked":"Intimidate","floor":5},{"not_picked":["Reaper","Ghostly Armor"],"picked":"Rampage","floor":6},{"not_picked":["Whirlwind","Spot Weakness"],"picked":"Shrug It Off","floor":8},{"not_picked":["Perfected Strike","Warcry"],"picked":"Thunderclap","floor":11},{"not_picked":["Wild Strike","Cleave"],"picked":"Thunderclap","floor":12},{"not_picked":["Warcry","Anger"],"picked":"Pommel Strike","floor":13},{"not_picked":["Anger","Flex"],"picked":"Uppercut","floor":14},{"not_picked":["Corruption","Brutality"],"picked":"Berserk","floor":16},{"not_picked":["Pummel","Shrug It Off+1","Body Slam"],"picked":"SKIP","floor":18},{"not_picked":["Warcry","Battle Trance"],"picked":"Havoc","floor":20},{"not_picked":["Rampage","Perfected Strike"],"picked":"Headbutt","floor":22},{"not_picked":["Flame Barrier","Havoc"],"picked":"Burning Pact","floor":24},{"not_picked":["Fiend Fire","Perfected Strike"],"picked":"Reaper","floor":27},{"not_picked":["Thunderclap+1","Evolve"],"picked":"True Grit+1","floor":29},{"not_picked":["Evolve","Offering"],"picked":"True Grit+1","floor":30},{"not_picked":["True Grit","Armaments+1","Thunderclap"],"picked":"SKIP","floor":31},{"not_picked":["Corruption","Berserk"],"picked":"Offering","floor":33},{"not_picked":["Clash","Carnage+1"],"picked":"Ghostly Armor","floor":35},{"not_picked":["Sword Boomerang+1","Sever Soul","Inflame"],"picked":"SKIP","floor":36},{"not_picked":["Inflame+1","Headbutt","Clothesline"],"picked":"SKIP","floor":39},{"not_picked":["Bludgeon","Shrug It Off+1","Double Tap"],"picked":"SKIP","floor":41},{"not_picked":["Bloodletting","Metallicize+1","Cleave"],"picked":"SKIP","floor":42},{"not_picked":["Armaments","Flex+1","Iron Wave+1"],"picked":"SKIP","floor":44},{"not_picked":["Havoc","Ghostly Armor","Pommel Strike"],"picked":"SKIP","floor":45},{"not_picked":["Anger","Body Slam"],"picked":"True Grit","floor":46}],"player_experience":171809,"relics_obtained":[{"floor":2,"key":"War Paint"},{"floor":6,"key":"Self Forming Clay"},{"floor":9,"key":"Regal Pillow"},{"floor":24,"key":"Letter Opener"},{"floor":26,"key":"Pocketwatch"},{"floor":27,"key":"Ice Cream"},{"floor":30,"key":"Unceasing Top"},{"floor":41,"key":"Bag of Preparation"},{"floor":45,"key":"infinitespire:Midas Blood"}],"event_choices":[{"damage_healed":0,"gold_gain":0,"player_choice":"Grow","damage_taken":0,"max_hp_gain":0,"max_hp_loss":0,"event_name":"Living Wall","floor":4,"gold_loss":0,"cards_upgraded":["Sadistic Nature"]},{"damage_healed":0,"gold_gain":0,"player_choice":"Searched \u00272\u0027 times","damage_taken":0,"relics_obtained":["Blue Candle"],"max_hp_gain":0,"max_hp_loss":0,"event_name":"Dead Adventurer","floor":12,"gold_loss":0},{"cards_removed":["Strike_R"],"damage_healed":0,"gold_gain":0,"player_choice":"Upgrade and Remove","damage_taken":0,"max_hp_gain":0,"max_hp_loss":0,"event_name":"Designer","floor":19,"gold_loss":90,"cards_upgraded":["Thunderclap"]},{"damage_healed":0,"gold_gain":0,"player_choice":"Copied","damage_taken":0,"max_hp_gain":0,"max_hp_loss":0,"event_name":"Duplicator","floor":21,"gold_loss":0,"cards_obtained":["Sadistic Nature"]},{"damage_healed":0,"gold_gain":0,"player_choice":"Traded Relic","damage_taken":0,"relics_obtained":["Nloth\u0027s Gift"],"max_hp_gain":0,"max_hp_loss":0,"event_name":"N\u0027loth","floor":25,"relics_lost":["Self Forming Clay"],"gold_loss":0},{"cards_removed":["Strike_R"],"damage_healed":0,"gold_gain":0,"player_choice":"Gave Gold","damage_taken":0,"max_hp_gain":0,"max_hp_loss":0,"event_name":"Beggar","floor":28,"gold_loss":75},{"damage_healed":0,"gold_gain":0,"player_choice":"Forge","damage_taken":0,"max_hp_gain":0,"max_hp_loss":0,"event_name":"Accursed Blacksmith","floor":38,"gold_loss":0,"cards_upgraded":["beaked:AwakenedForm"]}],"is_beta":false,"boss_relics":[{"not_picked":["Fusion Hammer","infinitespire:Cupcake"],"picked":"Sozu"},{"not_picked":["Pandora\u0027s Box","Black Star"],"picked":"beaked:SacredDeck"}],"items_purged_floors":[],"is_endless":false,"potions_floor_spawned":[3,6,12,14,22,24,27,30,35,36,44],"killed_by":"Nightmare","ascension_level":0}}