{"host":"fff5e1uasnm04x18","time":1612997189,"event":{"mods":["BaseMod","Highlight Path","Minty Spire (QoL Compilation)","StSLib"],"gold_per_floor":[110,126,146,0,13,44,44,64,64,64,64,64,29,42,42,141,141,128,143,143],"floor_reached":19,"language":"ENG","playtime":918,"items_purged":["Strike_R"],"score":171,"play_id":"d02ba8f0-e9a5-4d53-9d90-0c6351658d89","local_time":"20210210174629","is_ascension_mode":false,"campfire_choices":[{"floor":7,"key":"REST"},{"data":"Anger","floor":10,"key":"SMITH"},{"data":"Barricade","floor":12,"key":"SMITH"},{"data":"Corruption","floor":15,"key":"SMITH"}],"circlet_count":0,"master_deck":["Strike_R","Strike_R","Strike_R","Strike_R","Defend_R","Defend_R","Defend_R","Defend_R","Bash","Armaments","Corruption+1","Flame Barrier","Anger+1","Hemokinesis","Barricade+1","Dark Embrace","Rupture","Juggernaut"],"relics":["Burning Blood","Bottled Flame","Charon\u0027s Ashes","SacredBark"],"acts_visited":["Exordium","TheCity"],"potions_floor_usage":[18],"damage_taken":[{"damage":1,"enemies":"Cultist","floor":1,"turns":3},{"damage":5,"enemies":"Jaw Worm","floor":2,"turns":4},{"damage":10,"enemies":"Small Slimes","floor":3,"turns":3},{"damage":8,"enemies":"Exordium Wildlife","floor":5,"turns":4},{"damage":28,"enemies":"Lagavulin","floor":6,"turns":8},{"damage":0,"enemies":"Looter","floor":8,"turns":4},{"damage":18,"enemies":"Exordium Thugs","floor":14,"turns":6},{"damage":30,"enemies":"Slime Boss","floor":16,"turns":8},{"damage":2,"enemies":"2 Thieves","floor":18,"turns":4},{"damage":34,"enemies":"Shell Parasite","floor":19,"turns":6}],"seed_played":"1460339378960296084","potions_obtained":[{"floor":2,"key":"Block Potion"},{"floor":8,"key":"Energy Potion"},{"floor":14,"key":"Weak Potion"},{"floor":19,"key":"Fire Potion"}],"is_trial":true,"path_per_floor":["M","M","M","$","M","E","R","M","T","R","?","R","$","M","R","B",null,"M","M"],"character_chosen":"IRONCLAD","items_purchased":["Flame Barrier","Dark Embrace"],"campfire_rested":1,"item_purchase_floors":[4,13],"current_hp_per_floor":[80,80,76,76,74,52,76,80,80,80,80,80,80,68,68,44,80,80,52,52],"gold":143,"neow_bonus":"","is_daily":false,"chose_seed":false,"campfire_upgraded":3,"win_rate":0.0,"timestamp":1612997189,"path_taken":["M","?","M","$","M","E","R","M","T","R","?","R","?","?","R","BOSS","M","M"],"items_purchased_type":["Card","Card"],"build_version":"2020-12-22","purchased_purges":1,"victory":false,"max_hp_per_floor":[80,80,80,80,80,80,80,80,80,80,80,80,80,80,80,80,80,80,80,80],"card_choices":[{"not_picked":["True Grit","Heavy Blade","Headbutt"],"picked":"SKIP","floor":1},{"not_picked":["Cleave","Warcry"],"picked":"Armaments","floor":2},{"not_picked":["Blood for Blood","Shockwave"],"picked":"Corruption","floor":3},{"not_picked":["Warcry","Havoc"],"picked":"Anger","floor":5},{"not_picked":["Heavy Blade","Bloodletting","Battle Trance"],"picked":"SKIP","floor":6},{"not_picked":["Sword Boomerang","Rupture"],"picked":"Hemokinesis","floor":8},{"not_picked":["Wild Strike","Iron Wave"],"picked":"Rupture","floor":14},{"not_picked":["Reaper","Exhume"],"picked":"Juggernaut","floor":16},{"not_picked":["Wild Strike","Havoc","Anger"],"picked":"SKIP","floor":18}],"player_experience":569611,"relics_obtained":[{"floor":6,"key":"Bottled Flame"},{"floor":9,"key":"Charon\u0027s Ashes"}],"event_choices":[{"damage_healed":0,"gold_gain":0,"player_choice":"1 cards matched","damage_taken":0,"max_hp_gain":0,"max_hp_loss":0,"event_name":"Match and Keep!","floor":11,"gold_loss":0,"cards_obtained":["Barricade"]}],"is_beta":false,"boss_relics":[{"not_picked":["Philosopher\u0027s Stone","Velvet Choker"],"picked":"SacredBark"}],"items_purged_floors":[4],"is_endless":true,"potions_floor_spawned":[2,8,14,19],"killed_by":"Shell Parasite","ascension_level":0}}