{"host":"7ap89n2sm7vm35bt","time":1612948446,"event":{"mods":["AchievementEnabler","Aspiration","BaseMod","Minty Spire (QoL Compilation)","StSLib","[IsaacMod]ÒÔÈö¼âËþ"],"gold_per_floor":[213,88,88,98,98,98,109,126,126,126,126,26,26,44,44,142,142,159,209,134,134],"floor_reached":20,"language":"ZHS","playtime":555,"items_purged":["Strike_B","Defend_B"],"score":212,"play_id":"a0d10c94-ebc0-43de-8c95-54cf3b9b101c","local_time":"20210210171406","is_ascension_mode":false,"campfire_choices":[{"data":"Zap","floor":6.0,"key":"SMITH"},{"data":"Sunder","floor":10.0,"key":"SMITH"},{"data":"Leap","floor":13.0,"key":"SMITH"},{"data":"Dualcast","floor":15.0,"key":"SMITH"}],"circlet_count":0,"master_deck":["Strike_B","Strike_B","Defend_B","Defend_B","Defend_B","Zap+1","Dualcast+1","Coolheaded","Cold Snap","Streamline+1","Leap+1","Sunder+1","Fission"],"relics":["Cracked Core","HushsDoor","Damocles","aspiration:AnachronicSnailShell","aspiration:MysteriousAuxiliaryCore","BookOfRevelations","Bag of Marbles","PillsDrop","aspiration:Stellarator","D4"],"acts_visited":["Exordium","TheCity"],"potions_floor_usage":[],"damage_taken":[{"damage":11.0,"enemies":"Jaw Worm","floor":1.0,"turns":3.0},{"damage":0.0,"enemies":"2 Louse","floor":4.0,"turns":2.0},{"damage":0.0,"enemies":"Small Slimes","floor":7.0,"turns":2.0},{"damage":1.0,"enemies":"2 Fungi Beasts","floor":8.0,"turns":4.0},{"damage":0.0,"enemies":"Red Slaver","floor":14.0,"turns":1.0},{"damage":0.0,"enemies":"Slime Boss","floor":16.0,"turns":8.0},{"damage":0.0,"enemies":"Shell Parasite","floor":18.0,"turns":5.0},{"damage":2,"enemies":"2 Thieves","floor":20,"turns":3}],"seed_played":"-8842135252129050820","potions_obtained":[{"floor":18.0,"key":"BlessingOfTheForge"}],"is_trial":false,"path_per_floor":["M","$","?","M","?","R","M","M","T","R","?","$","R","M","R","B",null,"M","?","M"],"character_chosen":"DEFECT","items_purchased":["Cold Snap"],"campfire_rested":0,"item_purchase_floors":[2],"current_hp_per_floor":[64,64,57,57,57,57,57,56,56,56,56,56,56,56,56,56,75,70,70,0,0],"gold":134,"neow_bonus":"HUNDRED_GOLD","is_daily":false,"chose_seed":false,"campfire_upgraded":4,"win_rate":0.0,"timestamp":1612948446,"path_taken":["M","$","?","?","?","R","M","M","T","R","?","?","R","M","R","BOSS","M","?","?"],"items_purchased_type":["Card"],"build_version":"2020-12-22","purchased_purges":2,"victory":false,"max_hp_per_floor":[75,75,75,75,75,75,75,75,75,75,75,75,75,75,75,75,75,70,70,70,70],"card_choices":[{"not_picked":["Go for the Eyes","Compile Driver"],"picked":"Coolheaded","floor":1.0},{"not_picked":["Rebound","Hologram"],"picked":"Streamline","floor":4.0},{"not_picked":["Gash","Sweeping Beam"],"picked":"Leap","floor":7.0},{"not_picked":["Coolheaded","Darkness"],"picked":"Sunder","floor":8.0},{"not_picked":["Machine Learning","Barrage","Compile Driver"],"picked":"SKIP","floor":14.0},{"not_picked":["Buffer","Meteor Strike"],"picked":"Fission","floor":16.0},{"not_picked":["Ball Lightning","Reprogram","Coolheaded"],"picked":"SKIP","floor":18.0}],"player_experience":261319,"relics_obtained":[{"floor":1.0,"key":"aspiration:AnachronicSnailShell"},{"floor":4.0,"key":"aspiration:MysteriousAuxiliaryCore"},{"floor":7.0,"key":"BookOfRevelations"},{"floor":8.0,"key":"Orichalcum"},{"floor":9.0,"key":"Bag of Marbles"},{"floor":14.0,"key":"PillsDrop"},{"floor":18.0,"key":"D4"}],"event_choices":[{"cards_removed":["Strike_B"],"damage_healed":0.0,"max_hp_gain":0.0,"max_hp_loss":0.0,"gold_gain":0.0,"event_name":"Golden Wing","player_choice":"Card Removal","floor":3.0,"gold_loss":0.0,"damage_taken":7.0},{"damage_healed":0.0,"max_hp_gain":0.0,"max_hp_loss":0.0,"gold_gain":0.0,"event_name":"Living Wall","player_choice":"Grow","floor":5.0,"gold_loss":0.0,"damage_taken":0.0,"cards_upgraded":["Streamline"]},{"damage_healed":0.0,"max_hp_gain":0.0,"max_hp_loss":0.0,"gold_gain":100.0,"event_name":"The Joust","player_choice":"Bet on Murderer","floor":19.0,"gold_loss":50.0,"damage_taken":0.0}],"is_beta":false,"boss_relics":[{"not_picked":["Fusion Hammer","SacredBark"],"picked":"aspiration:Stellarator"},{"not_picked":[]}],"items_purged_floors":[2,12],"is_endless":false,"potions_floor_spawned":[18],"killed_by":"2 Thieves","ascension_level":0}}