{"host":"lktusdb9orijgc6z","time":1612968334,"event":{"mods":["BaseMod","Bestiary","Colored Map","Colored Powertips","Filter the Spire","Minty Spire (QoL Compilation)","Permanent Neow","Quick Restart","Relic Stats","StSLib","everything is the same but u backflip on backflip","slay the spire mod where everything is the same but ironclad has a cowboy hat"],"gold_per_floor":[118,134,29,47,61,61,61,79,79,108,28,28,58,72,72,148,148,168,168,168,168,168,198,198,223,246,264,264,277,277,21,21,98,98,115,1114,1114,1114],"floor_reached":37,"language":"ENG","playtime":1634,"items_purged":["Survivor"],"score":1055,"play_id":"923af6db-6619-41ab-bc13-3f55ff94f6eb","local_time":"20210210154534","is_ascension_mode":true,"campfire_choices":[{"data":"Noxious Fumes","floor":6.0,"key":"SMITH"},{"data":"Burst","floor":12.0,"key":"SMITH"},{"data":"Deadly Poison","floor":15.0,"key":"SMITH"},{"data":"Choke","floor":24.0,"key":"SMITH"},{"data":"Cloak And Dagger","floor":28,"key":"SMITH"},{"data":"Escape Plan","floor":30,"key":"SMITH"},{"data":"Neutralize","floor":32,"key":"SMITH"}],"circlet_count":0,"master_deck":["AscendersBane","Neutralize+1","Noxious Fumes+1","Escape Plan+1","Cloak And Dagger+1","Deadly Poison+1","Masterful Stab","Die Die Die","Burst+1","Acrobatics+1","Blade Dance+1","Adrenaline+1","CurseOfTheBell","Choke+1","Escape Plan+1","Malaise+1","Finesse+1","Acrobatics+1","Backflip+1","Burst+1","Tactician+1","Normality","Normality"],"relics":["Pandora\u0027s Box","HornCleat","FossilizedHelix","Toxic Egg 2","Calling Bell","Bag of Preparation","StrikeDummy","WingedGreaves","Gremlin Horn","Sundial","Mummified Hand","Bottled Tornado","Runic Pyramid"],"acts_visited":["Exordium","TheCity","TheBeyond"],"potions_floor_usage":[25,37],"damage_taken":[{"damage":25.0,"enemies":"Small Slimes","floor":1.0,"turns":17.0},{"damage":5.0,"enemies":"Cultist","floor":2.0,"turns":6.0},{"damage":0.0,"enemies":"Jaw Worm","floor":4.0,"turns":3.0},{"damage":1.0,"enemies":"Blue Slaver","floor":5.0,"turns":4.0},{"damage":0.0,"enemies":"2 Fungi Beasts","floor":8.0,"turns":3.0},{"damage":0.0,"enemies":"Lagavulin","floor":10.0,"turns":5.0},{"damage":0.0,"enemies":"Gremlin Nob","floor":13.0,"turns":3.0},{"damage":0.0,"enemies":"Exordium Thugs","floor":14.0,"turns":3.0},{"damage":18.0,"enemies":"Slime Boss","floor":16.0,"turns":7.0},{"damage":0.0,"enemies":"Chosen","floor":18.0,"turns":3.0},{"damage":0.0,"enemies":"Gremlin Leader","floor":23.0,"turns":3.0},{"damage":3,"enemies":"Slavers","floor":25,"turns":4},{"damage":0,"enemies":"Shell Parasite","floor":27,"turns":4},{"damage":0,"enemies":"Centurion and Healer","floor":29,"turns":3},{"damage":35,"enemies":"Champ","floor":33,"turns":8},{"damage":0,"enemies":"3 Shapes","floor":35,"turns":2},{"damage":54,"enemies":"2 Orb Walkers","floor":37,"turns":5}],"seed_played":"-2257711225440481082","potions_obtained":[{"floor":1.0,"key":"BlessingOfTheForge"},{"floor":4.0,"key":"Weak Potion"},{"floor":8.0,"key":"PowerPotion"},{"floor":16.0,"key":"PowerPotion"}],"is_trial":false,"path_per_floor":["M","M","$","M","M","R","?","M","T","E","$","R","E","M","R","B",null,"M","T","?","T","?","E","R","E","T","M","R","M","R","$","R","B",null,"M","?","?"],"character_chosen":"THE_SILENT","items_purchased":["Dagger Throw","Fire Potion","Burst","Finesse+1","Acrobatics+1","Backflip+1"],"campfire_rested":0,"item_purchase_floors":[3,3,11,31,31,31],"current_hp_per_floor":[34,29,29,29,28,28,33,33,33,33,33,33,33,33,33,15,53,53,53,53,53,53,53,53,50,50,50,50,50,50,50,50,15,53,53,53,0,0],"gold":1114,"neow_bonus":"BOSS_RELIC","is_daily":false,"chose_seed":false,"campfire_upgraded":7,"win_rate":0.0,"timestamp":1612968334,"path_taken":["M","M","$","M","M","R","?","M","T","E","$","R","E","M","R","BOSS","M","?","?","?","?","E","R","E","T","M","R","M","R","$","R","BOSS","M","?","?"],"items_purchased_type":["Card","Potion","Card","Card","Card","Card"],"build_version":"2020-12-22","purchased_purges":1,"victory":false,"max_hp_per_floor":[66,66,66,66,66,66,66,66,66,66,66,66,66,66,66,66,66,66,66,66,66,66,66,66,66,66,66,66,66,66,66,66,66,66,66,66,66,66],"relic_stats":{"Gremlin Horn":[9,9],"counters":[17,83],"Sundial":[10],"Mummified Hand":[6],"Pandora\u0027s Box":["Leg Sweep","Calculated Gamble","Terror","Choke","Bouncing Flask","Endless Agony","Predator","Unload","Concentrate","Crippling Poison"],"Bag of Preparation":[16],"obtain_stats":[{"Gremlin Horn":19,"Bag of Preparation":17,"Bottled Tornado":25,"Calling Bell":17,"HornCleat":9,"Sundial":21,"Mummified Hand":23,"Pandora\u0027s Box":0,"WingedGreaves":17,"Toxic Egg 2":13,"StrikeDummy":17,"FossilizedHelix":10,"Ring of the Snake":0,"Runic Pyramid":34},{"Gremlin Horn":10,"Bag of Preparation":9,"Bottled Tornado":12,"Calling Bell":9,"HornCleat":5,"Sundial":10,"Mummified Hand":11,"Pandora\u0027s Box":0,"WingedGreaves":9,"Toxic Egg 2":7,"StrikeDummy":9,"FossilizedHelix":6,"Ring of the Snake":0,"Runic Pyramid":15},{"Gremlin Horn":54,"Bag of Preparation":51,"Bottled Tornado":61,"Calling Bell":51,"HornCleat":33,"Sundial":54,"Mummified Hand":57,"Pandora\u0027s Box":0,"WingedGreaves":51,"Toxic Egg 2":41,"StrikeDummy":51,"FossilizedHelix":38,"Ring of the Snake":0,"Runic Pyramid":76}]},"card_choices":[{"not_picked":["Caltrops","Flechettes"],"picked":"Noxious Fumes","floor":1.0},{"not_picked":["Cloak And Dagger","Dagger Spray"],"picked":"Escape Plan","floor":2.0},{"not_picked":["Quick Slash","Dash"],"picked":"Cloak And Dagger","floor":4.0},{"not_picked":["All Out Attack","Skewer"],"picked":"Deadly Poison","floor":5.0},{"not_picked":["Dagger Spray","Quick Slash"],"picked":"Masterful Stab","floor":8.0},{"not_picked":["Distraction","Accuracy"],"picked":"Die Die Die","floor":10.0},{"not_picked":["Eviscerate","Flying Knee"],"picked":"Acrobatics+1","floor":13.0},{"not_picked":["Backflip+1","Heel Hook"],"picked":"Blade Dance+1","floor":14.0},{"not_picked":["Malaise+1","Unload"],"picked":"Adrenaline+1","floor":16.0},{"not_picked":["PiercingWail+1","Dash"],"picked":"Choke","floor":18.0},{"not_picked":["PiercingWail+1","All Out Attack"],"picked":"Escape Plan+1","floor":23.0},{"not_picked":["Venomology+1","Underhanded Strike"],"picked":"Malaise+1","floor":25},{"not_picked":["Sucker Punch","Underhanded Strike","Flying Knee"],"picked":"SKIP","floor":27},{"not_picked":["Outmaneuver+1","Deflect+1","Blade Dance+1"],"picked":"SKIP","floor":29},{"not_picked":["Corpse Explosion+1","Doppelganger+1"],"picked":"Burst+1","floor":33},{"not_picked":["Prepared+1","Dodge and Roll+1"],"picked":"Tactician+1","floor":35}],"player_experience":778065,"relics_obtained":[{"floor":9.0,"key":"HornCleat"},{"floor":10.0,"key":"FossilizedHelix"},{"floor":13.0,"key":"Toxic Egg 2"},{"floor":17.0,"key":"Bag of Preparation"},{"floor":17.0,"key":"StrikeDummy"},{"floor":17.0,"key":"WingedGreaves"},{"floor":19.0,"key":"Gremlin Horn"},{"floor":21.0,"key":"Sundial"},{"floor":23.0,"key":"Mummified Hand"},{"floor":25,"key":"Bottled Tornado"}],"event_choices":[{"cards_removed":["Dagger Throw"],"damage_healed":5.0,"max_hp_gain":0.0,"max_hp_loss":0.0,"gold_gain":0.0,"event_name":"Bonfire Elementals","player_choice":"Offered Common","floor":7.0,"gold_loss":0.0,"damage_taken":0.0},{"cards_removed":["Dagger Throw"],"damage_healed":5.0,"max_hp_gain":0.0,"max_hp_loss":0.0,"gold_gain":0.0,"event_name":"Bonfire Elementals","player_choice":"Offered Special","floor":7.0,"gold_loss":0.0,"damage_taken":0.0},{"damage_healed":0.0,"max_hp_gain":0.0,"max_hp_loss":0.0,"gold_gain":0.0,"event_name":"Lab","player_choice":"Got Potions","floor":22.0,"gold_loss":0.0,"damage_taken":0.0},{"damage_healed":0,"gold_gain":999,"player_choice":"Gold","damage_taken":0,"max_hp_gain":0,"max_hp_loss":0,"event_name":"MindBloom","floor":36,"gold_loss":0,"cards_obtained":["Normality","Normality"]},{"damage_healed":0,"gold_gain":0,"player_choice":"Fight","damage_taken":0,"max_hp_gain":0,"max_hp_loss":0,"event_name":"Mysterious Sphere","floor":37,"gold_loss":0}],"is_beta":false,"boss_relics":[{"not_picked":["Ectoplasm","Sozu"],"picked":"Calling Bell"},{"not_picked":["Runic Dome","Snecko Eye"],"picked":"Runic Pyramid"}],"items_purged_floors":[31],"is_endless":false,"potions_floor_spawned":[1,4,8,16,18],"killed_by":"2 Orb Walkers","ascension_level":20}}