{"host":"is2s59edl8twrhoj","time":1612969910,"event":{"mods":["BaseMod","Colored Map","Colored Powertips","DeckTracker","Downfall","Minty Spire (QoL Compilation)","StSLib"],"gold_per_floor":[111,111,128,53,72,72,85,112,136,165,179,205,51,61,61,137,137,118,128,128,147,147,147,147,178,190,229,258,285,297,319,331,343,343],"floor_reached":33,"language":"ENG","playtime":1731,"items_purged":["Strike_R"],"score":718,"play_id":"9ef4df40-d224-4938-bf7d-9616cb411458","local_time":"20210210151150","is_ascension_mode":true,"campfire_choices":[{"data":"Pommel Strike","floor":6.0,"key":"SMITH"},{"data":"Inflame","floor":15.0,"key":"SMITH"},{"data":"Flex","floor":23,"key":"SMITH"},{"data":"Whirlwind","floor":30,"key":"SMITH"},{"data":"Iron Wave","floor":32,"key":"SMITH"}],"circlet_count":0,"master_deck":["AscendersBane","Strike_R","Strike_R","Strike_R","Defend_R","Defend_R","Defend_R","Pommel Strike+1","Iron Wave","Thunderclap","Iron Wave+1","Whirlwind+1","Pommel Strike","Flex+1","Inflame+1","Iron Wave+1","Reaper","Rampage","Ghostly","Ghostly","Ghostly","Flex+1"],"relics":["Burning Blood","Akabeko","Art of War","Odd Mushroom","PreservedInsect","Black Star","Nilry\u0027s Codex","Pear","MawBank","Charon\u0027s Ashes","Toxic Egg 2","Kunai"],"acts_visited":["Exordium","TheCity"],"potions_floor_usage":[21,25,33],"damage_taken":[{"damage":3.0,"enemies":"Small Slimes","floor":1.0,"turns":4.0},{"damage":8.0,"enemies":"2 Louse","floor":3.0,"turns":3.0},{"damage":7.0,"enemies":"Jaw Worm","floor":5.0,"turns":3.0},{"damage":6.0,"enemies":"Blue Slaver","floor":7.0,"turns":4.0},{"damage":6.0,"enemies":"Gremlin Nob","floor":8.0,"turns":3.0},{"damage":4.0,"enemies":"The Mushroom Lair","floor":10.0,"turns":2.0},{"damage":0.0,"enemies":"Exordium Wildlife","floor":11.0,"turns":2.0},{"damage":0.0,"enemies":"3 Sentries","floor":12.0,"turns":2.0},{"damage":0.0,"enemies":"3 Louse","floor":14.0,"turns":1.0},{"damage":0.0,"enemies":"Slime Boss","floor":16.0,"turns":5.0},{"damage":18.0,"enemies":"2 Thieves","floor":18.0,"turns":4.0},{"damage":17.0,"enemies":"3 Byrds","floor":19.0,"turns":5.0},{"damage":33,"enemies":"Snecko","floor":21,"turns":5},{"damage":0,"enemies":"Slavers","floor":25,"turns":5},{"damage":3,"enemies":"Gremlin Leader","floor":27,"turns":4},{"damage":2,"enemies":"3 Cultists","floor":28,"turns":3},{"damage":3,"enemies":"Centurion and Healer","floor":29,"turns":4},{"damage":12,"enemies":"Chosen and Byrds","floor":31,"turns":4},{"damage":55,"enemies":"Automaton","floor":33,"turns":8}],"seed_played":"1926687417641441020","potions_obtained":[{"floor":3.0,"key":"PowerPotion"},{"floor":7.0,"key":"ColorlessPotion"},{"floor":11.0,"key":"Swift Potion"},{"floor":12.0,"key":"CultistPotion"},{"floor":19.0,"key":"SpeedPotion"},{"floor":21,"key":"PowerPotion"},{"floor":29,"key":"Weak Potion"}],"is_trial":false,"path_per_floor":["M","?","M","?","M","R","M","E","T","?","M","E","$","M","R","B",null,"M","M","?","M","?","R","?","E","T","E","M","M","R","M","R","B"],"character_chosen":"IRONCLAD","items_purchased":["Inflame"],"campfire_rested":0,"item_purchase_floors":[13],"current_hp_per_floor":[71,64,62,62,61,61,61,61,61,63,69,75,75,75,75,75,75,63,52,31,8,8,8,8,24,24,27,43,47,47,41,41,0,0],"gold":343,"neow_bonus":"TRANSFORM_CARD","is_daily":false,"chose_seed":false,"campfire_upgraded":5,"win_rate":0.0,"timestamp":1612969910,"path_taken":["M","?","M","?","M","R","M","E","T","?","M","E","?","M","R","BOSS","M","M","?","M","?","R","?","E","T","E","M","?","R","M","R","BOSS"],"items_purchased_type":["Card"],"build_version":"2020-12-22","purchased_purges":1,"victory":false,"max_hp_per_floor":[75,75,75,75,75,75,75,75,75,75,75,75,75,75,75,75,75,75,75,75,75,37,37,37,47,47,47,47,47,47,47,47,47,47],"card_choices":[{"not_picked":["Battle Trance","Havoc"],"picked":"Iron Wave","floor":1.0},{"not_picked":["Anger","Rupture"],"picked":"Thunderclap","floor":3.0},{"not_picked":["Thunderclap","Twin Strike"],"picked":"Iron Wave","floor":5.0},{"not_picked":["Reckless Charge","Warcry"],"picked":"Whirlwind","floor":7.0},{"not_picked":["Fire Breathing","Pummel"],"picked":"Pommel Strike","floor":8.0},{"not_picked":["Warcry","Sword Boomerang"],"picked":"Flex","floor":10.0},{"not_picked":["Shockwave","Bloodletting","Clothesline"],"picked":"SKIP","floor":11.0},{"not_picked":["Flame Barrier","True Grit","Intimidate"],"picked":"SKIP","floor":12.0},{"not_picked":["Cleave","Dark Embrace"],"picked":"Iron Wave","floor":14.0},{"not_picked":["Feed","Offering"],"picked":"Reaper","floor":16.0},{"not_picked":["Metallicize","Thunderclap","Heavy Blade"],"picked":"SKIP","floor":18.0},{"not_picked":["Metallicize","Anger","Sever Soul"],"picked":"SKIP","floor":19.0},{"not_picked":["Iron Wave","Rage"],"picked":"Rampage","floor":21},{"not_picked":["Thunderclap","Body Slam","Second Wind+1"],"picked":"SKIP","floor":25},{"not_picked":["Sword Boomerang","Clothesline+1","Blood for Blood+1"],"picked":"SKIP","floor":27},{"not_picked":["Body Slam","Searing Blow","Reaper"],"picked":"SKIP","floor":28},{"not_picked":["Evolve+1","Ghostly Armor+1"],"picked":"Flex+1","floor":29},{"not_picked":["Intimidate+1","Havoc+1","Headbutt+1"],"picked":"SKIP","floor":31}],"player_experience":693380,"relics_obtained":[{"floor":8.0,"key":"Akabeko"},{"floor":9.0,"key":"Art of War"},{"floor":10.0,"key":"Odd Mushroom"},{"floor":12.0,"key":"PreservedInsect"},{"floor":20,"key":"Nilry\u0027s Codex"},{"floor":25,"key":"Pear"},{"floor":25,"key":"MawBank"},{"floor":26,"key":"Charon\u0027s Ashes"},{"floor":27,"key":"Toxic Egg 2"},{"floor":27,"key":"Kunai"}],"event_choices":[{"cards_removed":["Strike_R"],"damage_healed":0.0,"max_hp_gain":0.0,"max_hp_loss":0.0,"gold_gain":0.0,"event_name":"Golden Wing","player_choice":"Card Removal","floor":2.0,"gold_loss":0.0,"damage_taken":7.0},{"cards_removed":["Defend_R"],"damage_healed":0.0,"max_hp_gain":0.0,"max_hp_loss":0.0,"gold_gain":0.0,"event_name":"The Cleric","player_choice":"Card Removal","floor":4.0,"gold_loss":75.0,"damage_taken":0.0},{"damage_healed":0.0,"max_hp_gain":0.0,"max_hp_loss":0.0,"gold_gain":0.0,"event_name":"Mushrooms","player_choice":"Fought Mushrooms","floor":10.0,"gold_loss":0.0,"damage_taken":0.0},{"damage_healed":0,"gold_gain":0,"player_choice":"Obtained Book","damage_taken":21,"max_hp_gain":0,"max_hp_loss":0,"event_name":"Cursed Tome","floor":20,"gold_loss":0},{"damage_healed":0,"gold_gain":0,"player_choice":"Became a Ghost","damage_taken":0,"max_hp_gain":0,"max_hp_loss":38,"event_name":"Ghosts","floor":22,"gold_loss":0,"cards_obtained":["Ghostly","Ghostly","Ghostly"]},{"damage_healed":0,"gold_gain":0,"player_choice":"Upgraded","damage_taken":0,"max_hp_gain":0,"max_hp_loss":0,"event_name":"Upgrade Shrine","floor":24,"gold_loss":0,"cards_upgraded":["Iron Wave"]}],"is_beta":false,"boss_relics":[{"not_picked":["Tiny House","SacredBark"],"picked":"Black Star"}],"items_purged_floors":[13],"is_endless":false,"potions_floor_spawned":[3,7,11,12,19,21,29],"killed_by":"Automaton","ascension_level":16}}