{"host":"fnndj664xgd3vavt","time":1612974331,"event":{"mods":["AchievementEnabler","BaseMod","Colored Powertips","DeckTracker","Downfall","Highlight Path","Infinite Spire","Marisa????????","Minty Spire (QoL Compilation)","Quick Restart","Random Character Button","Replay The Spire","StSLib","The Servant 0.9.4"],"gold_per_floor":[162,182,194,213,226,237,260,286,286,25,25,25,52,227,241,343,343,243,260,260,279,279,294,294,321,321,321,321],"floor_reached":26,"language":"ENG","playtime":2388,"items_purged":[],"score":242,"play_id":"b094f812-7b64-4e2b-bc7e-f3dbdf1e1ecb","local_time":"20210210112531","is_ascension_mode":false,"campfire_choices":[{"floor":11,"key":"REST"},{"data":"Slimebound:Repurpose","floor":18,"key":"SMITH"}],"circlet_count":0,"master_deck":["Slimebound:Tackle","Slimebound:Defend_Slimebound","Slimebound:Defend_Slimebound","Slimebound:Defend_Slimebound","Slimebound:Defend_Slimebound","Slimebound:Split+1","Slimebound:CorrosiveSpit","Slimebound:SlimeSpikes","Slimebound:Gluttony","Slimebound:SlimeSpikes","Slimebound:ItLooksTasty","Slimebound:LevelUp","Slimebound:GrowthPunch","infinitespire:TheBestDefense+1","Slimebound:ItLooksTasty","Sadistic Nature+1","Slimebound:TongueLash","Slimebound:TongueLash","Slimebound:Repurpose+1","Slimebound:SlimeSpikes","Slimebound:RallyTheTroops","Bite","Bite","Bite","Bite","Bite","Slimebound:ItLooksTasty+1","ReplayTheSpireMod:Doomed","ReplayTheSpireMod:Doomed"],"relics":["Slimebound:AbsorbEndCombat","infinitespire:Lychee Nut","Art of War","War Paint","Replay:Grab Bag","Replay:Bronze Core","Cursed Key","Black Star","downfall:HeartBlessingBlue","Spirit Poop","Pantograph","Replay:Baseball"],"acts_visited":["Exordium","TheCity"],"potions_floor_usage":[8,16,16],"damage_taken":[{"damage":12,"enemies":"Jaw Worm","floor":2,"turns":4},{"damage":0,"enemies":"2 Louse","floor":3,"turns":2},{"damage":0,"enemies":"Small Slimes","floor":4,"turns":4},{"damage":0,"enemies":"3 Louse","floor":5,"turns":3},{"damage":30,"enemies":"Exordium Thugs","floor":6,"turns":5},{"damage":22,"enemies":"3 Sentries","floor":8,"turns":7},{"damage":0,"enemies":"downfall:FleeingMerchant","floor":10,"turns":4},{"damage":19,"enemies":"Lagavulin","floor":13,"turns":5},{"damage":9,"enemies":"2 Fungi Beasts","floor":15,"turns":4},{"damage":33,"enemies":"DF_ARCHETYPE_STREAMLINE","floor":16,"turns":10},{"damage":13,"enemies":"3 Byrds","floor":19,"turns":5},{"damage":24,"enemies":"Chosen","floor":21,"turns":7},{"damage":33,"enemies":"Snecko","floor":23,"turns":6},{"damage":37,"enemies":"Sentry and Sphere","floor":26,"turns":3}],"seed_played":"3009378669540008329","potions_obtained":[{"floor":2,"key":"Guardian:BlockOnCardUsePotion"},{"floor":3,"key":"Milkshake"},{"floor":6,"key":"SkillPotion"},{"floor":13,"key":"Slimebound:SlimedPotion"},{"floor":23,"key":"SpeedPotion"}],"is_trial":false,"path_per_floor":["R","M","M","M","M","M","T","E","?","$","R","?","E","?","M","B",null,"R","M","?","M","?","M","T","T","M"],"character_chosen":"SLIMEBOUND","items_purchased":["Sadistic Nature","Slimebound:TongueLash"],"campfire_rested":1,"item_purchase_floors":[10,10],"current_hp_per_floor":[47,39,44,48,48,27,27,15,3,15,29,29,22,22,23,2,48,58,50,50,38,38,18,18,18,0,0,0],"gold":321,"neow_bonus":"ONE_RARE_RELIC","is_daily":false,"chose_seed":false,"campfire_upgraded":1,"win_rate":0.0,"timestamp":1612974331,"path_taken":["R","M","M","M","M","M","T","E","?","$","R","?","E","?","M","BOSS","R","M","?","?","?","M","T","?","M"],"items_purchased_type":["Card","Card"],"build_version":"2020-12-22","purchased_purges":0,"victory":false,"max_hp_per_floor":[48,48,48,48,48,48,48,48,48,48,48,48,48,48,48,48,48,58,58,58,58,40,40,40,40,40,40,40],"card_choices":[{"not_picked":["Slimebound:GoopTackle","Slimebound:SplitBruiser"],"picked":"Slimebound:SlimeSpikes","floor":2},{"not_picked":["Slimebound:PressTheAttack","Slimebound:SlimeBrawl"],"picked":"Slimebound:Gluttony","floor":3},{"not_picked":["Slimebound:FinishingTackle","Slimebound:Replication"],"picked":"Slimebound:SlimeSpikes","floor":4},{"not_picked":["Slimebound:SamplingLick","Slimebound:SlimeBarrage"],"picked":"Slimebound:ItLooksTasty","floor":5},{"not_picked":["Slimebound:DisruptingSlam","Slimebound:LivingWall"],"picked":"Slimebound:LevelUp","floor":6},{"not_picked":["Slimebound:FirmFortitude","Slimebound:MinionMaster"],"picked":"Slimebound:GrowthPunch","floor":8},{"not_picked":["infinitespire:Oblivion","Replay:Fractal Strike"],"picked":"infinitespire:TheBestDefense","floor":9},{"not_picked":["Slimebound:DivideAndConquer","Slimebound:RollThrough"],"picked":"Slimebound:ItLooksTasty","floor":10},{"not_picked":["Slimebound:SplitSpecialist","Slimebound:GoopTackle"],"picked":"Slimebound:Repurpose","floor":13},{"not_picked":["Slimebound:ComboTackle","Slimebound:SlimeBrawl"],"picked":"Slimebound:SlimeSpikes","floor":15},{"not_picked":["Slimebound:FirmFortitude","Slimebound:WasteNot"],"picked":"Slimebound:RallyTheTroops","floor":16},{"not_picked":["Slimebound:Prepare","Slimebound:ComboTackle+1","Slimebound:ProtectTheBoss+1"],"picked":"SKIP","floor":19},{"not_picked":["Slimebound:LeechingTouch","Slimebound:ComboTackle","Slimebound:ForwardTackle"],"picked":"SKIP","floor":21},{"not_picked":["Slimebound:LivingWall","Slimebound:RollThrough"],"picked":"Slimebound:ItLooksTasty+1","floor":23}],"player_experience":280971,"relics_obtained":[{"floor":8,"key":"Art of War"},{"floor":13,"key":"War Paint"},{"floor":24,"key":"Pantograph"},{"floor":25,"key":"Replay:Baseball"}],"event_choices":[{"damage_healed":0,"gold_gain":0,"player_choice":"Grow","damage_taken":0,"max_hp_gain":0,"max_hp_loss":0,"event_name":"Living Wall","floor":12,"gold_loss":0,"cards_upgraded":["Sadistic Nature"]},{"cards_removed":["Doubt"],"damage_healed":0,"gold_gain":0,"player_choice":"Offered Curse","damage_taken":0,"relics_obtained":["Spirit Poop"],"max_hp_gain":0,"max_hp_loss":0,"event_name":"Bonfire Elementals","floor":20,"gold_loss":0},{"damage_healed":0,"gold_gain":0,"player_choice":"Became a vampire","damage_taken":0,"max_hp_gain":0,"max_hp_loss":18,"event_name":"Vampires","floor":22,"gold_loss":0,"cards_obtained":["Bite","Bite","Bite","Bite","Bite"]}],"is_beta":false,"boss_relics":[{"not_picked":["infinitespire:Cupcake","Replay:Drink Me"],"picked":"Replay:Grab Bag"},{"not_picked":["Runic Dome","Replay:Wanted Poster"],"picked":"Replay:Bronze Core"},{"not_picked":["ReplayTheSpireMod:DimensionalGlitch","Coffee Dripper"],"picked":"Cursed Key"},{"not_picked":["Kintsugi","Calling Bell"],"picked":"Black Star"}],"items_purged_floors":[],"is_endless":false,"potions_floor_spawned":[2,3,6,13,23],"killed_by":"Sentry and Sphere","ascension_level":0}}