{"host":"ox77rn1xcurm2t5a","time":1612994087,"event":{"mods":["2.2 Compatiblity","AchievementEnabler","Act Like it!","Aspiration","BaseMod","Best Route Mod","Better Match","Better Note","Better Sensory Stone","Block Reminder","Colored Map","Colored Powertips","Conjunction","Conspire","Custom Start","Energized Spire","GifTheSpireLib","Gold Saver","Gremlin Skip","Halation","Highlight Path","Hubris","Infinite Spire","Minty Spire (QoL Compilation)","Pale of the Ancients","Quick Restart","Replay The Spire","Reworked Bosses","ShortenTheSpire","Spire Exporter","StSLib","Stuff the Spire","Wandering Minibosses"],"gold_per_floor":[109,109,109,8385,8385,8385,8410,8410,8436,8470,8470,8470,8495,8513,8513,8585,8585,8605,8605,8620,8620,8620,8620,8620],"floor_reached":23,"language":"ENG","playtime":543,"items_purged":["Strike_B"],"score":556,"play_id":"d018bbcc-6d08-4db6-8fc9-095125c5b83c","local_time":"20210210235447","is_ascension_mode":true,"campfire_choices":[{"floor":6,"key":"RECALL"},{"data":"StuffTheSpire:Coldhearted","floor":8,"key":"SMITH"},{"data":"Dualcast","floor":12,"key":"SMITH"},{"data":"Gash","floor":15,"key":"SMITH"}],"circlet_count":0,"master_deck":["AscendersBane","Strike_B+1","Strike_B","Defend_B","Defend_B","Defend_B","Defend_B+1","Zap","Dualcast+1","StuffTheSpire:Coldhearted+1","Gash+1","Sweeping Beam+1"],"relics":["Cracked Core","NeowsBlessing","Simple Rune","halation:PromiseList","Sling","Happy Flower","conspire:GiftBox","Replay:Antivirus Software","conspire:RoyalGoblet"],"acts_visited":["Exordium","TheCity"],"potions_floor_usage":[13,13,16,16,20,23],"damage_taken":[{"damage":0,"enemies":"Small Slimes","floor":1,"turns":1},{"damage":0,"enemies":"Gremlin Nob","floor":7,"turns":1},{"damage":0,"enemies":"Lagavulin","floor":10,"turns":2},{"damage":0,"enemies":"3 Sentries","floor":13,"turns":9},{"damage":0,"enemies":"2 Louse","floor":14,"turns":3},{"damage":46,"enemies":"Fading Forest","floor":16,"turns":13},{"damage":39,"enemies":"Chosen","floor":18,"turns":8},{"damage":7,"enemies":"Spheric Guardian","floor":20,"turns":6},{"damage":16,"enemies":"Slavers","floor":23,"turns":1}],"seed_played":"-615245976315067283","potions_obtained":[{"floor":13,"key":"Venom Potion"},{"floor":14,"key":"Weak Potion"},{"floor":18,"key":"Adrenaline Potion"},{"floor":20,"key":"Flashbang"}],"is_trial":false,"path_per_floor":["M","?","?","$","?","R","E","R","T","E","?","R","E","M","R","B",null,"M","?","M","?","?","E"],"character_chosen":"DEFECT","items_purchased":["Simple Rune","halation:PromiseList","Sling","Block Potion","BlessingOfTheForge"],"campfire_rested":0,"item_purchase_floors":[4,4,4,4,4],"current_hp_per_floor":[64,64,64,64,64,64,64,64,64,64,64,64,64,64,64,25,60,21,21,14,14,14,0,0],"gold":8620,"neow_bonus":"THREE_ENEMY_KILL","is_daily":false,"chose_seed":false,"campfire_upgraded":3,"win_rate":0.0,"timestamp":1612994087,"path_taken":["M","?","?","$","?","R","E","R","T","E","?","R","E","M","R","BOSS","M","?","M","?","?","E"],"items_purchased_type":["Relic","Relic","Relic","Potion","Potion"],"build_version":"2020-12-22","purchased_purges":1,"victory":false,"max_hp_per_floor":[71,71,71,71,71,71,71,71,71,71,71,71,71,71,71,71,71,71,71,71,71,71,71,71],"card_choices":[{"not_picked":["Time Bomb","Conserve Battery"],"picked":"StuffTheSpire:Coldhearted","floor":1},{"not_picked":["Panic Button","Reinforced Body","StuffTheSpire:Plugnplay"],"picked":"SKIP","floor":7},{"not_picked":["Chaos","BasicCrystalCard"],"picked":"Gash","floor":10},{"not_picked":["Melter","Stack","hubris:Ukulele"],"picked":"SKIP","floor":13},{"not_picked":["StuffTheSpire:Plugnplay","Redo","Skim"],"picked":"SKIP","floor":14},{"not_picked":["Redo","Coolheaded"],"picked":"Sweeping Beam+1","floor":18},{"not_picked":["Force Field","Self Repair","Go for the Eyes"],"picked":"SKIP","floor":20}],"player_experience":3076371,"relics_obtained":[{"floor":7,"key":"Happy Flower"},{"floor":10,"key":"conspire:GiftBox"},{"floor":13,"key":"Replay:Antivirus Software"}],"event_choices":[{"damage_healed":0,"gold_gain":1,"player_choice":"1","damage_taken":0,"max_hp_gain":0,"max_hp_loss":0,"event_name":"betterStone:BetterStone","floor":2,"gold_loss":0},{"damage_healed":0,"gold_gain":0,"player_choice":"Disagree","damage_taken":0,"max_hp_gain":0,"max_hp_loss":0,"event_name":"conspire:LoneGhost","floor":3,"gold_loss":0}],"is_beta":false,"boss_relics":[{"not_picked":["Pandora\u0027s Box","energizedSpire:OldTV"],"picked":"conspire:RoyalGoblet"}],"items_purged_floors":[4],"is_endless":false,"potions_floor_spawned":[13,14,18,20],"killed_by":"Slavers","ascension_level":20}}