{"host":"4g8vayc9pwrwu92h","time":1612966646,"event":{"mods":["Aspiration","BaseMod","Conspire","Downfall","Marked Mod","Minty Spire (QoL Compilation)","Quick Restart","StSLib","The Jungle"],"gold_per_floor":[1018,1018,1038,1050,1066,1100,1100,1100,1149,1169,1194,1194,1219,1292,1292,1394,1394,1413,1413,1427,1427,790,790,807,807,833,860,562,562,572,598,598,696,696,706,706,716,716,470,502,502,535,609,106,106,118,135,161,161,161,161,161,161,198,198,198],"floor_reached":55,"language":"ZHS","playtime":1924,"items_purged":["Zap"],"score":1091,"play_id":"59bc1b1b-755a-4693-8451-7a7c2ec24ec1","local_time":"20210210221726","is_ascension_mode":true,"campfire_choices":[{"floor":12,"key":"RECALL"},{"data":"Self Repair","floor":15,"key":"SMITH"},{"data":"Defragment","floor":23,"key":"SMITH"},{"data":"Sunder","floor":25,"key":"SMITH"},{"data":"Creative AI","floor":29,"key":"SMITH"},{"data":"Self Repair","floor":32,"key":"SMITH"},{"data":"Machine Learning","floor":41,"key":"SMITH"},{"data":"The Bomb","floor":45,"key":"SMITH"},{"data":"Defragment","floor":49,"key":"SMITH"},{"data":"Doom and Gloom","floor":52,"key":"SMITH"}],"circlet_count":0,"master_deck":["Strike_B+1","Strike_B+1","Strike_B+1","Strike_B+1","Defend_B+1","Defend_B+1","Defend_B+1","Defend_B+1","Zap+1","Dualcast+1","Ball Lightning","Sunder+1","Doom and Gloom+1","Go for the Eyes","Self Repair+1","Double Energy","Creative AI+1","Storm+1","Defragment+1","The Bomb+1","Self Repair+1","Leap+1","Machine Learning+1","CurseOfTheBell","Consume+1","Defragment+1","Double Energy+1","Loop+1"],"relics":["Cracked Core","Black Star","NeowsBlessing","conspire:TopHat","PreservedInsect","Strawberry","Pocketwatch","Vajra","Ice Cream","Guardian:PocketSentry","aspiration:FrozenJewel","conspire:SpecialSausage","sneckomod:BabySnecko","HandDrill","aspiration:EnhancedActuators","Nunchaku","Anchor","aspiration:DSix","aspiration:HatOfInfinitePower","Toxic Egg 2","Calling Bell","Toy Ornithopter","Question Card","conspire:Dentures","CeramicFish","conspire:IceCreamScoop","Lantern","Bottled Flame","Ornamental Fan","Turnip","ClockworkSouvenir","Oddly Smooth Stone"],"acts_visited":["TheCity","TheBeyond","TheEnding"],"potions_floor_usage":[6,6,16,16,24,33,33,37,46,50,50,55],"damage_taken":[{"damage":0,"enemies":"2 Louse","floor":1,"turns":1},{"damage":0,"enemies":"conspire:RoseBush","floor":3,"turns":1},{"damage":0,"enemies":"Cultist","floor":4,"turns":1},{"damage":0,"enemies":"Exordium Thugs","floor":5,"turns":2},{"damage":0,"enemies":"Gremlin Nob","floor":6,"turns":2},{"damage":0,"enemies":"Looter","floor":10,"turns":2},{"damage":0,"enemies":"3 Sentries","floor":11,"turns":2},{"damage":0,"enemies":"Lagavulin","floor":13,"turns":3},{"damage":3,"enemies":"Slime Boss","floor":16,"turns":4},{"damage":0,"enemies":"Spheric Guardian","floor":18,"turns":2},{"damage":0,"enemies":"conspire:FuzzyDice","floor":20,"turns":3},{"damage":22,"enemies":"Snake Plant","floor":24,"turns":2},{"damage":7,"enemies":"conspire:Head Lice","floor":27,"turns":3},{"damage":9,"enemies":"Sentry and Sphere","floor":30,"turns":3},{"damage":5,"enemies":"Book of Stabbing","floor":31,"turns":3},{"damage":13,"enemies":"Champ","floor":33,"turns":6},{"damage":14,"enemies":"3 Darklings","floor":35,"turns":3},{"damage":0,"enemies":"Orb Walker","floor":37,"turns":2},{"damage":1,"enemies":"Nemesis","floor":40,"turns":3},{"damage":0,"enemies":"Giant Head","floor":42,"turns":5},{"damage":0,"enemies":"Sphere and 2 Shapes","floor":46,"turns":3},{"damage":1,"enemies":"Spire Growth","floor":47,"turns":3},{"damage":9,"enemies":"3 Darklings","floor":48,"turns":3},{"damage":37,"enemies":"Donu and Deca","floor":50,"turns":6},{"damage":59,"enemies":"Shield and Spear","floor":54,"turns":4},{"damage":47,"enemies":"The Heart","floor":55,"turns":2}],"seed_played":"8659855317797280768","potions_obtained":[{"floor":3,"key":"champ:CounterPotion"},{"floor":5,"key":"Swift Potion"},{"floor":6,"key":"AttackPotion"},{"floor":11,"key":"LiquidBronze"},{"floor":16,"key":"EssenceOfDarkness"},{"floor":20,"key":"DistilledChaos"},{"floor":24,"key":"BlessingOfTheForge"},{"floor":27,"key":"ColorlessPotion"},{"floor":36,"key":"SpeedPotion"},{"floor":36,"key":"LiquidMemories"},{"floor":36,"key":"champ:CounterPotion"},{"floor":37,"key":"Dexterity Potion"},{"floor":54,"key":"AttackPotion"}],"is_trial":false,"path_per_floor":["M","?","M","M","M","E","?","?","T","M","E","R","E","T","R","B",null,"M","?","M","?","$","R","M","R","T","E","$","R","M","E","R","B",null,"M","?","M","?","$","E","R","E","T","$","R","M","M","M","R","B",null,"R","$","E","B"],"character_chosen":"DEFECT","items_purchased":["Defragment","HandDrill","aspiration:EnhancedActuators","The Bomb","aspiration:HatOfInfinitePower","conspire:Dentures","Turnip","ClockworkSouvenir","Defragment"],"campfire_rested":0,"item_purchase_floors":[22,22,22,22,28,39,44,44,44],"current_hp_per_floor":[75,75,75,75,75,75,75,64,64,64,64,64,71,71,71,78,81,82,82,82,82,82,82,70,70,70,73,73,73,74,82,82,82,82,68,68,82,82,82,81,81,82,82,82,82,82,82,82,82,65,78,78,78,39,0,0],"gold":198,"neow_bonus":"THREE_ENEMY_KILL","is_daily":false,"chose_seed":false,"campfire_upgraded":9,"win_rate":0.0,"timestamp":1612966646,"path_taken":["M","?","M","M","?","E","?","?","T","M","E","R","E","?","R","BOSS","M","?","M","?","$","R","M","R","T","E","?","R","M","E","R","BOSS","M","?","?","?","?","E","R","E","T","$","R","M","M","M","R","BOSS","R","$","E","BOSS"],"items_purchased_type":["Card","Relic","Relic","Card","Relic","Relic","Relic","Relic","Card"],"build_version":"2020-12-22","purchased_purges":1,"victory":false,"max_hp_per_floor":[75,75,75,75,75,75,75,82,82,82,82,82,82,82,82,82,82,82,82,82,82,82,82,82,82,82,82,82,82,82,82,82,82,82,82,82,82,82,82,82,82,82,82,82,82,82,82,82,82,82,82,82,82,82,82,82],"card_choices":[{"not_picked":["Cold Snap","Sweeping Beam"],"picked":"Ball Lightning","floor":1},{"not_picked":["Compile Driver","Gash"],"picked":"Sunder","floor":3},{"not_picked":["Barrage","Sweeping Beam"],"picked":"Doom and Gloom","floor":4},{"not_picked":["Blizzard","Stack","Glacier"],"picked":"SKIP","floor":5},{"not_picked":["Steam","Gash","Multi-Cast"],"picked":"SKIP","floor":6},{"not_picked":["Sweeping Beam","Hologram"],"picked":"Go for the Eyes","floor":10},{"not_picked":["BootSequence","Hologram"],"picked":"Self Repair","floor":11},{"not_picked":["Self Repair","Lockon"],"picked":"Double Energy","floor":13},{"not_picked":["Buffer","Electrodynamics"],"picked":"Creative AI","floor":16},{"not_picked":["Ball Lightning+1","Gash","Barrage"],"picked":"SKIP","floor":18},{"not_picked":["Hello World","Self Repair+1"],"picked":"Storm+1","floor":20},{"not_picked":["Sunder","Cold Snap","Go for the Eyes"],"picked":"SKIP","floor":24},{"not_picked":["Self Repair","Hologram","Go for the Eyes"],"picked":"SKIP","floor":27},{"not_picked":["Streamline","Cold Snap"],"picked":"Self Repair","floor":30},{"not_picked":["Hello World","Chill+1"],"picked":"Leap+1","floor":31},{"not_picked":["All For One","Buffer"],"picked":"Machine Learning","floor":33},{"not_picked":["Gash+1","Hologram+1","Conserve Battery+1","Hello World+1"],"picked":"SKIP","floor":35},{"not_picked":["Streamline+1","Amplify+1","Hologram+1"],"picked":"Consume+1","floor":37},{"not_picked":["Beam Cell","Ball Lightning","Chill+1","Barrage+1"],"picked":"SKIP","floor":40},{"not_picked":["Compile Driver","Barrage+1","Streamline","Self Repair"],"picked":"SKIP","floor":42},{"not_picked":["Streamline","Cold Snap","Rainbow+1","Sweeping Beam"],"picked":"SKIP","floor":46},{"not_picked":["Coolheaded+1","Steam+1","Redo+1","Go for the Eyes"],"picked":"SKIP","floor":47},{"not_picked":["Sweeping Beam+1","Reinforced Body+1","Barrage"],"picked":"Double Energy+1","floor":48},{"not_picked":["Go for the Eyes+1","FTL","Beam Cell+1"],"picked":"Loop+1","floor":54}],"player_experience":450758,"relics_obtained":[{"floor":6,"key":"conspire:TopHat"},{"floor":6,"key":"PreservedInsect"},{"floor":11,"key":"Pocketwatch"},{"floor":11,"key":"Vajra"},{"floor":13,"key":"Ice Cream"},{"floor":13,"key":"Guardian:PocketSentry"},{"floor":14,"key":"aspiration:FrozenJewel"},{"floor":26,"key":"Nunchaku"},{"floor":27,"key":"Anchor"},{"floor":27,"key":"aspiration:DSix"},{"floor":31,"key":"Toxic Egg 2"},{"floor":34,"key":"Toy Ornithopter"},{"floor":34,"key":"Question Card"},{"floor":40,"key":"CeramicFish"},{"floor":40,"key":"conspire:IceCreamScoop"},{"floor":42,"key":"Lantern"},{"floor":42,"key":"Bottled Flame"},{"floor":43,"key":"Ornamental Fan"},{"floor":54,"key":"Oddly Smooth Stone"}],"event_choices":[{"damage_healed":0,"gold_gain":0,"player_choice":"1 cards matched","damage_taken":0,"max_hp_gain":0,"max_hp_loss":0,"event_name":"Match and Keep!","floor":2,"gold_loss":0,"cards_obtained":["Zap"]},{"damage_healed":0,"gold_gain":0,"player_choice":"Disagree","damage_taken":0,"max_hp_gain":0,"max_hp_loss":0,"event_name":"conspire:LoneGhost","floor":7,"gold_loss":0},{"damage_healed":0,"gold_gain":0,"player_choice":"Success","damage_taken":18,"relics_obtained":["Strawberry"],"max_hp_gain":0,"max_hp_loss":0,"event_name":"Scrap Ooze","floor":8,"gold_loss":0},{"cards_removed":["downfall:Bewildered"],"damage_healed":0,"gold_gain":0,"player_choice":"Elegance","damage_taken":0,"max_hp_gain":0,"max_hp_loss":0,"event_name":"Back to Basics","floor":21,"gold_loss":0},{"damage_healed":0,"gold_gain":0,"player_choice":"Got Potions","damage_taken":0,"max_hp_gain":0,"max_hp_loss":0,"event_name":"Lab","floor":36,"gold_loss":0},{"damage_healed":0,"gold_gain":0,"player_choice":"Ignored","damage_taken":0,"max_hp_gain":0,"max_hp_loss":0,"event_name":"Mysterious Sphere","floor":38,"gold_loss":0}],"is_beta":false,"boss_relics":[{"not_picked":["Busted Crown","conspire:SlowCooker"],"picked":"conspire:SpecialSausage"},{"not_picked":["Pandora\u0027s Box","Astrolabe"],"picked":"Calling Bell"}],"items_purged_floors":[22],"is_endless":false,"potions_floor_spawned":[3,5,6,11,16,20,24,27,37,40,54],"killed_by":"The Heart","ascension_level":5}}