{"host":"36t3qd3wjvajtu1z","time":1612992947,"event":{"mods":["2.2 Compatiblity","AchievementEnabler","BaseMod","Bestiary","Block Reminder","Colored Powertips","Curses Come First","Highlight Path","Minty Spire (QoL Compilation)","Permanent Neow","Quick Restart","Random Character Button","Rare Cards Sparkle","Relic Stats","Slay-I","StSLib","Unknown Chances"],"gold_per_floor":[10,24,44,58,58,58,89,106,106,106,124,157,173,173,173,247,247,263,313,389,439,457,457,457,457],"floor_reached":24,"language":"ENG","playtime":1475,"items_purged":[],"score":466,"play_id":"3dc62e38-0853-42f6-9aee-000f4e06bf41","local_time":"20210210133547","is_ascension_mode":true,"campfire_choices":[{"data":"Night Terror","floor":6.0,"key":"SMITH"},{"floor":10.0,"key":"REST"},{"data":"Infinite Blades","floor":15.0,"key":"SMITH"},{"floor":23,"key":"REST"}],"circlet_count":0,"master_deck":["AscendersBane","Strike_G","Strike_G","Strike_G","Strike_G","Defend_G","Defend_G","Defend_G","Defend_G","Defend_G","Survivor","Neutralize","Blade Dance","Infinite Blades+1","Choke","Flying Knee","Night Terror+1","Quick Slash","Dash","Storm of Steel","Dagger Throw","Blade Dance","Envenom","CurseOfTheBell","Accuracy","Writhe","Deflect","Ghostly","Ghostly","Ghostly","Blur+1"],"relics":["Ring of the Snake","FossilizedHelix","Bag of Marbles","Bronze Scales","Art of War","SsserpentHead","Calling Bell","Potion Belt","Shuriken","Pocketwatch","White Beast Statue","Red Mask"],"acts_visited":["Exordium","TheCity"],"potions_floor_usage":[20,22,24],"damage_taken":[{"damage":0.0,"enemies":"Cultist","floor":1.0,"turns":5.0},{"damage":3.0,"enemies":"2 Louse","floor":2.0,"turns":3.0},{"damage":0.0,"enemies":"Small Slimes","floor":3.0,"turns":3.0},{"damage":0.0,"enemies":"Blue Slaver","floor":4.0,"turns":2.0},{"damage":34.0,"enemies":"3 Sentries","floor":7.0,"turns":9.0},{"damage":9.0,"enemies":"3 Louse","floor":8.0,"turns":4.0},{"damage":0.0,"enemies":"Large Slime","floor":11.0,"turns":4.0},{"damage":0.0,"enemies":"Lagavulin","floor":12.0,"turns":5.0},{"damage":0.0,"enemies":"Blue Slaver","floor":13.0,"turns":2.0},{"damage":28.0,"enemies":"Hexaghost","floor":16.0,"turns":9.0},{"damage":7,"enemies":"3 Byrds","floor":18,"turns":3},{"damage":41,"enemies":"Masked Bandits","floor":20,"turns":4},{"damage":1,"enemies":"2 Thieves","floor":22,"turns":2},{"damage":14,"enemies":"Slavers","floor":24,"turns":5}],"seed_played":"7278941222268859988","potions_obtained":[{"floor":3.0,"key":"Swift Potion"},{"floor":7.0,"key":"SpeedPotion"},{"floor":13.0,"key":"ColorlessPotion"},{"floor":18,"key":"Energy Potion"},{"floor":20,"key":"LiquidMemories"},{"floor":22,"key":"Weak Potion"}],"is_trial":false,"path_per_floor":["M","M","M","M","?","R","E","M","T","R","M","E","M","?","R","B",null,"M","?","?","?","M","R","E"],"character_chosen":"THE_SILENT","items_purchased":[],"campfire_rested":2,"item_purchase_floors":[],"current_hp_per_floor":[59,56,56,56,56,56,22,13,13,32,32,32,32,32,32,4,51,44,44,3,3,2,11,0,0],"gold":457,"neow_bonus":"ONE_RARE_RELIC","is_daily":false,"chose_seed":false,"campfire_upgraded":2,"win_rate":0.0,"timestamp":1612992947,"path_taken":["M","M","M","M","?","R","E","M","T","R","M","E","M","?","R","BOSS","M","?","?","?","M","R","E"],"items_purchased_type":[],"build_version":"2020-12-22","purchased_purges":0,"victory":false,"max_hp_per_floor":[66,66,66,66,66,66,66,66,66,66,66,66,66,66,66,66,66,66,66,66,33,33,33,33,33],"relic_stats":{"SsserpentHead":150,"counters":[14,60],"Shuriken":[11],"Bronze Scales":[167],"Art of War":[2],"obtain_stats":[{"Calling Bell":17,"Potion Belt":17,"SsserpentHead":14,"Shuriken":17,"Bronze Scales":9,"Bag of Marbles":7,"Art of War":12,"Red Mask":20,"FossilizedHelix":0,"White Beast Statue":19,"Ring of the Snake":0,"Pocketwatch":17},{"Calling Bell":10,"Potion Belt":10,"SsserpentHead":9,"Shuriken":10,"Bronze Scales":6,"Bag of Marbles":5,"Art of War":8,"Red Mask":12,"FossilizedHelix":0,"White Beast Statue":11,"Ring of the Snake":0,"Pocketwatch":10},{"Calling Bell":46,"Potion Belt":46,"SsserpentHead":37,"Shuriken":46,"Bronze Scales":26,"Bag of Marbles":22,"Art of War":35,"Red Mask":53,"FossilizedHelix":0,"White Beast Statue":49,"Ring of the Snake":0,"Pocketwatch":46}],"Ring of the Snake":[28],"Pocketwatch":[6]},"card_choices":[{"not_picked":["Acrobatics","Bane"],"picked":"Blade Dance","floor":1.0},{"not_picked":["Accuracy","PiercingWail"],"picked":"Infinite Blades","floor":2.0},{"not_picked":["Blade Dance","Heel Hook"],"picked":"Choke","floor":3.0},{"not_picked":["Sucker Punch","Poisoned Stab"],"picked":"Flying Knee","floor":4.0},{"not_picked":["Underhanded Strike","PiercingWail"],"picked":"Quick Slash","floor":7.0},{"not_picked":["Setup","Sucker Punch"],"picked":"Dash","floor":8.0},{"not_picked":["Acrobatics","Deflect"],"picked":"Storm of Steel","floor":11.0},{"not_picked":["Escape Plan","Masterful Stab"],"picked":"Dagger Throw","floor":12.0},{"not_picked":["Flying Knee","Deflect"],"picked":"Blade Dance","floor":13.0},{"not_picked":["Storm of Steel","A Thousand Cuts"],"picked":"Envenom","floor":16.0},{"not_picked":["Sucker Punch","Acrobatics"],"picked":"Accuracy","floor":18},{"not_picked":["Flying Knee","Deadly Poison"],"picked":"Deflect","floor":20},{"not_picked":["Leg Sweep","Deadly Poison"],"picked":"Blur+1","floor":22}],"player_experience":467299,"relics_obtained":[{"floor":7.0,"key":"Bag of Marbles"},{"floor":9.0,"key":"Bronze Scales"},{"floor":12.0,"key":"Art of War"},{"floor":17.0,"key":"Potion Belt"},{"floor":17.0,"key":"Shuriken"},{"floor":17.0,"key":"Pocketwatch"},{"floor":20,"key":"Red Mask"}],"event_choices":[{"damage_healed":0.0,"max_hp_gain":0.0,"max_hp_loss":0.0,"gold_gain":0.0,"cards_transformed":["Strike_G"],"event_name":"Living Wall","player_choice":"Change","floor":5.0,"gold_loss":0.0,"damage_taken":0.0,"cards_obtained":["Night Terror"]},{"damage_healed":0.0,"max_hp_gain":0.0,"max_hp_loss":0.0,"gold_gain":0.0,"event_name":"FaceTrader","player_choice":"Trade","floor":14.0,"gold_loss":0.0,"damage_taken":0.0,"relics_obtained":["SsserpentHead"]},{"damage_healed":0,"gold_gain":0,"player_choice":"Opened","damage_taken":0,"relics_obtained":["White Beast Statue"],"max_hp_gain":0,"max_hp_loss":0,"event_name":"The Mausoleum","floor":19,"gold_loss":0,"cards_obtained":["Writhe"]},{"damage_healed":0,"gold_gain":0,"player_choice":"Fought Bandits","damage_taken":0,"max_hp_gain":0,"max_hp_loss":0,"event_name":"Masked Bandits","floor":20,"gold_loss":0},{"damage_healed":0,"gold_gain":0,"player_choice":"Became a Ghost","damage_taken":0,"max_hp_gain":0,"max_hp_loss":33,"event_name":"Ghosts","floor":21,"gold_loss":0,"cards_obtained":["Ghostly","Ghostly","Ghostly"]}],"is_beta":false,"boss_relics":[{"not_picked":["Ring of the Serpent","Velvet Choker"],"picked":"Calling Bell"}],"items_purged_floors":[],"is_endless":false,"potions_floor_spawned":[3,7,13,18,20,22],"killed_by":"Slavers","ascension_level":20}}