{"host":"vhw5fdvi8l2afono","time":1612960339,"event":{"mods":["100% Spire Juice","Act Like it!","BaseMod","Gensokyo","Luminous","Minty Spire (QoL Compilation)","Reimu£®≤©¿ˆ¡È√Œ£©","Shop Mod","StSLib","Waifu the Spire"],"gold_per_floor":[119,119,44,60,60,86,86,117,117,151,151,151,183,196,196,271,271,290,301,7,25,25,25,56,66,66,66,81,111,111,131,131,209,209,219,232,132,132,147,174,174,192,192,192,206,216,66,111,111,111],"floor_reached":51,"language":"ZHS","playtime":2793,"items_purged":["Strike_R","Strike_R"],"score":1327,"play_id":"65aa9d43-dcf5-49c6-a20d-ace8c25e97ad","local_time":"20210210203219","is_ascension_mode":true,"campfire_choices":[{"data":"Gensokyo:CrescentMoonSlash","floor":7.0,"key":"SMITH"},{"data":"Fiend Fire","floor":11.0,"key":"SMITH"},{"data":"Havoc","floor":15.0,"key":"SMITH"},{"data":"Shrug It Off","floor":23.0,"key":"SMITH"},{"data":"Feel No Pain","floor":27.0,"key":"SMITH"},{"data":"Power Through","floor":32.0,"key":"SMITH"},{"data":"Battle Trance","floor":41,"key":"SMITH"},{"data":"Brutality","floor":49,"key":"SMITH"}],"circlet_count":0,"master_deck":["AscendersBane","Strike_R","Strike_R","Strike_R","Defend_R","Defend_R","Defend_R","Defend_R","Bash","Gensokyo:CrescentMoonSlash+1","Twin Strike","Havoc+1","Fiend Fire+1","Pummel","Power Through+1","Shrug It Off+1","Reaper","Sentinel","Fiend Fire+1","Shrug It Off+1","Feel No Pain+1","Feed","True Grit","Battle Trance+1","True Grit+1","Madness","Madness","Shrug It Off","Brutality+1","Burning Pact"],"relics":["Burning Blood","NeowsBlessing","Dead Branch","Meat on the Bone","Blue Candle","TungstenRod","Gensokyo:CelestialsFlawlessClothing","Lizard Tail","Black Star","Medical Kit","DollysMirror","Boot","Centennial Puzzle","HornCleat","Paper Frog","Du-Vu Doll","Coffee Dripper","Sundial","Blood Vial","Pear","Magic Flower"],"acts_visited":["Gensokyo:Gensokyo","Gensokyo:Gensokyoer","TheBeyond"],"potions_floor_usage":[42],"damage_taken":[{"damage":0.0,"enemies":"Gensokyo:3_Fairies","floor":1.0,"turns":2.0},{"damage":0.0,"enemies":"Gensokyo:Gryphon","floor":4.0,"turns":1.0},{"damage":0.0,"enemies":"Gensokyo:Mamizou","floor":6.0,"turns":2.0},{"damage":6.0,"enemies":"Gensokyo:Cirno","floor":8.0,"turns":4.0},{"damage":19.0,"enemies":"Gensokyo:Mamizou","floor":10.0,"turns":7.0},{"damage":17.0,"enemies":"Gensokyo:Cirno","floor":13.0,"turns":5.0},{"damage":0.0,"enemies":"Gensokyo:Python","floor":14.0,"turns":2.0},{"damage":22.0,"enemies":"Gensokyo:Reimu","floor":16.0,"turns":7.0},{"damage":4.0,"enemies":"Gensokyo:Chomper","floor":18.0,"turns":3.0},{"damage":25.0,"enemies":"Gensokyo:3_Dogs","floor":19.0,"turns":5.0},{"damage":46.0,"enemies":"Gensokyo:Slime_Group","floor":21.0,"turns":7.0},{"damage":17.0,"enemies":"Gensokyo:Reisen","floor":24.0,"turns":4.0},{"damage":7.0,"enemies":"Gensokyo:Swordslinger","floor":25.0,"turns":2.0},{"damage":0.0,"enemies":"Gensokyo:Wraith","floor":28.0,"turns":3.0},{"damage":16.0,"enemies":"Gensokyo:Tenshi","floor":29.0,"turns":4.0},{"damage":0.0,"enemies":"Gensokyo:Chomper_and_Gloop","floor":31.0,"turns":4.0},{"damage":38.0,"enemies":"Gensokyo:Eiki","floor":33.0,"turns":8.0},{"damage":0.0,"enemies":"Orb Walker","floor":35.0,"turns":1.0},{"damage":7.0,"enemies":"3 Shapes","floor":36.0,"turns":5.0},{"damage":28.0,"enemies":"Transient","floor":39.0,"turns":5.0},{"damage":12,"enemies":"Reptomancer","floor":40,"turns":7},{"damage":20,"enemies":"3 Darklings","floor":42,"turns":5},{"damage":26,"enemies":"Sphere and 2 Shapes","floor":45,"turns":8},{"damage":14,"enemies":"Writhing Mass","floor":46,"turns":3},{"damage":21,"enemies":"2 Orb Walkers","floor":48,"turns":5},{"damage":43,"enemies":"Awakened One","floor":50,"turns":10}],"seed_played":"9005414150057121608","potions_obtained":[{"floor":4.0,"key":"Ancient Potion"},{"floor":6.0,"key":"Explosive Potion"},{"floor":14.0,"key":"Explosive Potion"},{"floor":16.0,"key":"Strength Potion"},{"floor":25.0,"key":"BloodPotion"},{"floor":35.0,"key":"SteroidPotion"},{"floor":42,"key":"ElixirPotion"}],"is_trial":false,"path_per_floor":["M","?","$","M","?","E","R","E","T","E","R","?","E","M","R","B",null,"M","M","COS","M","$","R","E","M","T","R","M","E","?","M","R","B",null,"M","M","$","?","M","E","R","M","T","?","M","M","$","?","R","B",null],"character_chosen":"IRONCLAD","items_purchased":["Brutality"],"campfire_rested":0,"item_purchase_floors":[47],"current_hp_per_floor":[74,59,59,65,72,78,78,78,78,65,65,42,43,49,49,45,73,75,64,64,42,42,42,43,54,54,54,60,68,68,74,74,54,75,81,85,85,85,63,79,79,71,81,65,60,57,57,71,71,63],"gold":111,"neow_bonus":"THREE_ENEMY_KILL","is_daily":false,"chose_seed":false,"campfire_upgraded":8,"win_rate":0.0,"timestamp":1612960339,"path_taken":["M","?","$","?","?","E","R","E","T","E","R","?","E","M","R","BOSS","M","M","COS","M","?","R","E","M","T","R","M","E","?","M","R","BOSS","M","M","$","?","M","E","R","M","T","?","M","M","$","?","R","BOSS"],"items_purchased_type":["Card"],"build_version":"2020-12-22","purchased_purges":2,"victory":true,"max_hp_per_floor":[75,75,75,75,82,82,82,82,82,82,82,82,82,82,82,82,82,82,82,82,82,82,82,82,82,82,82,82,82,82,82,82,82,82,82,85,85,85,85,85,85,85,95,95,98,101,101,104,104,107],"card_choices":[{"not_picked":["Cleave","Clothesline","Searing Blow"],"picked":"SKIP","floor":1.0},{"not_picked":["Heavy Blade","Whirlwind"],"picked":"Twin Strike","floor":4.0},{"not_picked":["Feel No Pain","Bloodletting"],"picked":"Havoc","floor":6.0},{"not_picked":["Twin Strike","Sever Soul"],"picked":"Fiend Fire","floor":8.0},{"not_picked":["Uppercut","Anger"],"picked":"Pummel","floor":10.0},{"not_picked":["Wild Strike","Heavy Blade"],"picked":"Power Through","floor":13.0},{"not_picked":["Blood for Blood","Sword Boomerang"],"picked":"Shrug It Off","floor":14.0},{"not_picked":["Double Tap","Juggernaut"],"picked":"Reaper","floor":16.0},{"not_picked":["Ghostly Armor","Flex"],"picked":"Sentinel","floor":18.0},{"not_picked":["Armaments","Perfected Strike","Iron Wave"],"picked":"SKIP","floor":19.0},{"not_picked":["Sentinel","Pummel"],"picked":"Shrug It Off+1","floor":21.0},{"not_picked":["Heavy Blade+1","Clothesline","Havoc"],"picked":"SKIP","floor":24.0},{"not_picked":["Dropkick","Sword Boomerang"],"picked":"Feel No Pain","floor":25.0},{"not_picked":["Anger","Shrug It Off","Combust"],"picked":"SKIP","floor":28.0},{"not_picked":["Shrug It Off","Bludgeon","Rupture"],"picked":"SKIP","floor":29.0},{"not_picked":["Heavy Blade","Thunderclap","Rupture"],"picked":"SKIP","floor":31.0},{"not_picked":["Bludgeon","Impervious"],"picked":"Feed","floor":33.0},{"not_picked":["Armaments","Perfected Strike+1"],"picked":"True Grit","floor":35.0},{"not_picked":["Headbutt","Hemokinesis","Dropkick+1"],"picked":"SKIP","floor":36.0},{"not_picked":["Thunderclap","Power Through"],"picked":"Battle Trance","floor":39.0},{"not_picked":["Evolve","Impervious"],"picked":"True Grit+1","floor":40},{"not_picked":["Rupture","Wild Strike","Sword Boomerang"],"picked":"SKIP","floor":42},{"not_picked":["Feel No Pain","Sword Boomerang","Perfected Strike+1"],"picked":"SKIP","floor":45},{"not_picked":["Clash","Headbutt"],"picked":"Shrug It Off","floor":46},{"not_picked":["Brutality","Havoc+1"],"picked":"Burning Pact","floor":48}],"player_experience":270582,"relics_obtained":[{"floor":6.0,"key":"Dead Branch"},{"floor":8.0,"key":"Meat on the Bone"},{"floor":9.0,"key":"Blue Candle"},{"floor":10.0,"key":"TungstenRod"},{"floor":13.0,"key":"Lizard Tail"},{"floor":24.0,"key":"Boot"},{"floor":24.0,"key":"Centennial Puzzle"},{"floor":26.0,"key":"HornCleat"},{"floor":29.0,"key":"Paper Frog"},{"floor":29.0,"key":"Du-Vu Doll"},{"floor":40,"key":"Sundial"},{"floor":40,"key":"Blood Vial"},{"floor":43,"key":"Pear"},{"floor":48,"key":"Magic Flower"}],"event_choices":[{"damage_healed":0.0,"max_hp_gain":0.0,"max_hp_loss":0.0,"gold_gain":0.0,"event_name":"Tomb of Lord Red Mask","player_choice":"Ignored","floor":38.0,"gold_loss":0.0,"damage_taken":0.0},{"damage_healed":0,"gold_gain":0,"player_choice":"Embrace Madness","damage_taken":17,"max_hp_gain":0,"max_hp_loss":0,"event_name":"Winding Halls","floor":44,"gold_loss":0,"cards_obtained":["Madness","Madness"]},{"damage_healed":0,"gold_gain":0,"player_choice":"Fight","damage_taken":0,"max_hp_gain":0,"max_hp_loss":0,"event_name":"Mysterious Sphere","floor":48,"gold_loss":0}],"is_beta":false,"boss_relics":[{"not_picked":["Cursed Key","SacredBark"],"picked":"Black Star"},{"not_picked":["Busted Crown","Runic Cube"],"picked":"Coffee Dripper"}],"items_purged_floors":[3,37],"is_endless":false,"potions_floor_spawned":[4,6,14,16,19,25,35,36,42,48],"ascension_level":16}}