{"host":"x5w9zppki4gdwvc7","time":1612924338,"event":{"mods":["AchievementEnabler","BaseMod","Colored Powertips","DeckTracker","Minty Spire (QoL Compilation)","SuperFastMode"],"gold_per_floor":[111,111,111,111,36,68,68,100,100,112,130,130,162,174,174,174,174],"floor_reached":16,"language":"ENG","playtime":639,"items_purged":["Strike_R"],"score":227,"play_id":"766bc044-34ba-46eb-a96f-032b16e2dd8b","local_time":"20210210033218","is_ascension_mode":true,"campfire_choices":[{"data":"Double Tap","floor":7.0,"key":"SMITH"},{"data":"Barricade","floor":12.0,"key":"SMITH"},{"data":"True Grit","floor":15,"key":"SMITH"}],"circlet_count":0,"master_deck":["Strike_R","Strike_R","Defend_R","Defend_R","Defend_R","Defend_R","Bash","Thunderclap","Double Tap+1","Barricade+1","Shrug It Off","Bloodletting","True Grit+1"],"relics":["Burning Blood","NeowsBlessing","Kunai","Lizard Tail","Blue Candle","Self Forming Clay","Meat on the Bone"],"acts_visited":["Exordium"],"potions_floor_usage":[14,16,16],"damage_taken":[{"damage":0.0,"enemies":"2 Louse","floor":1.0,"turns":1.0},{"damage":0.0,"enemies":"3 Sentries","floor":6.0,"turns":2.0},{"damage":0.0,"enemies":"Gremlin Nob","floor":8.0,"turns":1.0},{"damage":0.0,"enemies":"Small Slimes","floor":10.0,"turns":2.0},{"damage":7.0,"enemies":"Jaw Worm","floor":11.0,"turns":4.0},{"damage":12.0,"enemies":"Lagavulin","floor":13.0,"turns":11.0},{"damage":20,"enemies":"Gremlin Gang","floor":14,"turns":6},{"damage":114,"enemies":"Slime Boss","floor":16,"turns":18}],"seed_played":"2480364989892439740","potions_obtained":[{"floor":6.0,"key":"Fruit Juice"},{"floor":10.0,"key":"SteroidPotion"},{"floor":11.0,"key":"Energy Potion"},{"floor":13.0,"key":"Energy Potion"},{"floor":14,"key":"Energy Potion"}],"is_trial":false,"path_per_floor":["M","?","?","?","$","E","R","E","T","M","M","R","E","M","R","B"],"character_chosen":"IRONCLAD","items_purchased":[],"campfire_rested":0,"item_purchase_floors":[],"current_hp_per_floor":[78,78,75,68,68,74,74,80,80,80,79,79,78,64,64,0,0],"gold":174,"neow_bonus":"THREE_ENEMY_KILL","is_daily":false,"chose_seed":false,"campfire_upgraded":3,"win_rate":0.0,"timestamp":1612924338,"path_taken":["M","?","?","?","$","E","R","E","T","M","M","R","E","M","R","BOSS"],"items_purchased_type":[],"build_version":"2020-12-22","purchased_purges":1,"victory":false,"max_hp_per_floor":[80,80,80,80,80,80,80,80,80,80,80,80,85,85,85,85,85],"card_choices":[{"not_picked":["Carnage","Perfected Strike"],"picked":"Thunderclap","floor":1.0},{"not_picked":["Flex","Headbutt","Seeing Red"],"picked":"SKIP","floor":6.0},{"not_picked":["Body Slam","Headbutt"],"picked":"Barricade","floor":8.0},{"not_picked":["Armaments","Anger"],"picked":"Shrug It Off","floor":10.0},{"not_picked":["Reckless Charge","Heavy Blade"],"picked":"Bloodletting","floor":11.0},{"not_picked":["Reckless Charge","Fire Breathing"],"picked":"True Grit","floor":13.0},{"not_picked":["Carnage","Bloodletting","Hemokinesis"],"picked":"SKIP","floor":14}],"player_experience":593878,"relics_obtained":[{"floor":6.0,"key":"Lizard Tail"},{"floor":8.0,"key":"Blue Candle"},{"floor":9.0,"key":"Self Forming Clay"},{"floor":13.0,"key":"Meat on the Bone"}],"event_choices":[{"damage_healed":0.0,"max_hp_gain":0.0,"max_hp_loss":0.0,"gold_gain":0.0,"cards_transformed":["Strike_R"],"event_name":"Living Wall","player_choice":"Change","floor":2.0,"gold_loss":0.0,"damage_taken":0.0,"cards_obtained":["Double Tap"]},{"damage_healed":0.0,"max_hp_gain":0.0,"max_hp_loss":0.0,"gold_gain":0.0,"event_name":"Scrap Ooze","player_choice":"Success","floor":3.0,"gold_loss":0.0,"damage_taken":3.0,"relics_obtained":["Kunai"]},{"cards_removed":["Strike_R"],"damage_healed":0.0,"max_hp_gain":0.0,"max_hp_loss":0.0,"gold_gain":0.0,"event_name":"Golden Wing","player_choice":"Card Removal","floor":4.0,"gold_loss":0.0,"damage_taken":7.0}],"is_beta":false,"boss_relics":[],"items_purged_floors":[5],"is_endless":false,"potions_floor_spawned":[6,10,11,13,14],"killed_by":"Slime Boss","ascension_level":7}}