{"host":"Sylvester","time":1612978716,"event":{"mods":["AchievementEnabler","BaseMod","Filter the Spire","Lobotomy","Minty Spire (QoL Compilation)","Replay The Spire","StSLib"],"gold_per_floor":[120,120,120,132,142,142,177,195,195,195,195,227,227,256,256,355,355,374,62,72,85,105,131,131,156,156,174,191,191,209,242,242,338,338,353,353,367,381,393,393,418,418,418,328,363,214,240,256,256,256],"floor_reached":51,"language":"ENG","playtime":3245,"items_purged":["Scorched","CentralCode"],"score":1210,"play_id":"04baee67-ca48-41da-98c6-4b7af14578a0","local_time":"20210210093836","is_ascension_mode":true,"campfire_choices":[{"floor":11.0,"key":"REST"},{"floor":42.0,"key":"RECALL"}],"circlet_count":0,"master_deck":["SpecialBullet","SpecialBullet","SpecialBullet","SpecialBullet","InformationCode","ControlCode","Trip","ShyLook","ParadiseLost","ShedSkin","Mimicry+1","TT2Protocol","LifeForTheDareDevil","Justitia","SolemnVow","DespairKnight","Moonlight+1","TrainingCode","GoldRush","BlackArmy","LifeForTheDareDevil","Regret_ego+1","SpecialBullet","GreedKing","SpecialBullet","SpecialBullet","DisciplinaryCode"],"relics":["CogitoBucket","Bottled Flame","Replay:Accelerometer","Replay:Rubber Ducky","ReplayFunnel","CaptainsWheel","Fusion Hammer","HellTrain","Replay:Wax Seal","Strawberry","Dead Branch","Ornamental Fan","Snecko Eye","AdjustmentMirror","Regal Pillow","Juzu Bracelet","MealTicket"],"acts_visited":["Exordium","TheCity","TheBeyond"],"potions_floor_usage":[50],"damage_taken":[{"damage":0.0,"enemies":"Jaw Worm","floor":1.0,"turns":2.0},{"damage":6.0,"enemies":"2 Louse","floor":4.0,"turns":2.0},{"damage":0.0,"enemies":"Cultist","floor":5.0,"turns":3.0},{"damage":12.0,"enemies":"Gremlin Nob","floor":7.0,"turns":2.0},{"damage":14.0,"enemies":"2 Fungi Beasts","floor":8.0,"turns":3.0},{"damage":0.0,"enemies":"Lagavulin","floor":12.0,"turns":4.0},{"damage":5.0,"enemies":"3 Sentries","floor":14.0,"turns":11.0},{"damage":6.0,"enemies":"The Guardian","floor":16.0,"turns":14.0},{"damage":9.0,"enemies":"3 Byrds","floor":18.0,"turns":9.0},{"damage":0.0,"enemies":"2 Thieves","floor":20.0,"turns":4.0},{"damage":1.0,"enemies":"Snake Plant","floor":21.0,"turns":3.0},{"damage":1.0,"enemies":"Snecko","floor":22.0,"turns":4.0},{"damage":0.0,"enemies":"Gremlin Leader","floor":23.0,"turns":4.0},{"damage":9.0,"enemies":"Replay:Snechameleon","floor":25.0,"turns":2.0},{"damage":6.0,"enemies":"Centurion and Healer","floor":27.0,"turns":4.0},{"damage":0.0,"enemies":"Chosen and Byrds","floor":28.0,"turns":1.0},{"damage":0.0,"enemies":"Snecko","floor":30.0,"turns":1.0},{"damage":0.0,"enemies":"Book of Stabbing","floor":31.0,"turns":4.0},{"damage":38.0,"enemies":"Automaton","floor":33.0,"turns":7.0},{"damage":0.0,"enemies":"3 Darklings","floor":35.0,"turns":2.0},{"damage":0.0,"enemies":"Orb Walker","floor":37.0,"turns":1.0},{"damage":0.0,"enemies":"Spire Growth","floor":38.0,"turns":2.0},{"damage":0.0,"enemies":"Writhing Mass","floor":39.0,"turns":1.0},{"damage":0.0,"enemies":"R_Hoarder","floor":41.0,"turns":3.0},{"damage":0.0,"enemies":"Nemesis","floor":45.0,"turns":3.0},{"damage":0.0,"enemies":"R_Hoarder","floor":47.0,"turns":2.0},{"damage":2.0,"enemies":"Sphere and 2 Shapes","floor":48.0,"turns":2.0},{"damage":85,"enemies":"FixerMidnight","floor":50,"turns":5},{"damage":0,"enemies":"Malkuth","floor":51,"turns":3}],"seed_played":"7647176644508128249","potions_obtained":[{"floor":1.0,"key":"Strength Potion"},{"floor":3.0,"key":"DuplicationPotion"},{"floor":3.0,"key":"Death Potion"},{"floor":3.0,"key":"AttackPotion"},{"floor":7.0,"key":"Explosive Potion"},{"floor":16.0,"key":"DistilledChaos"},{"floor":18.0,"key":"Swift Potion"},{"floor":21.0,"key":"SmokeBomb"},{"floor":28.0,"key":"Elixir"},{"floor":35.0,"key":"Swift Potion"},{"floor":37.0,"key":"FearPotion"}],"is_trial":false,"path_per_floor":["M","?","?","M","M","R","E","M","T","?","R","E","?","E","R","B",null,"M","$","M","M","M","E","R","E","T","M","M","?","M","E","R","B",null,"M","?","M","M","M","R","E","R","T","?","E","$","E","M","R","B",null],"character_chosen":"Angela","items_purchased":["LifeForTheDareDevil","Justitia","PowerPotion"],"campfire_rested":1,"item_purchase_floors":[19,19,46],"current_hp_per_floor":[70,70,70,64,64,64,52,38,38,5,26,26,26,21,21,15,70,61,61,61,60,59,59,59,61,61,55,55,55,55,55,55,17,81,85,85,85,85,85,85,85,85,85,85,89,89,89,87,87,2],"gold":256,"neow_bonus":"RANDOM_COLORLESS","is_daily":false,"chose_seed":false,"campfire_upgraded":0,"win_rate":0.0,"timestamp":1612978716,"path_taken":["M","?","?","M","M","R","E","?","T","?","R","E","?","E","R","BOSS","M","$","M","M","M","E","R","E","T","?","M","?","M","E","R","BOSS","M","?","?","M","M","R","E","R","T","?","E","$","E","M","R","BOSS"],"items_purchased_type":["Card","Card","Potion"],"build_version":"2020-11-17","purchased_purges":2,"victory":true,"max_hp_per_floor":[70,70,70,70,70,70,70,70,70,70,70,70,70,70,70,70,70,70,70,70,70,70,70,70,81,81,81,81,81,81,81,81,81,81,85,85,85,85,85,85,85,85,85,85,89,89,89,89,89,89],"card_choices":[{"not_picked":["ReplayTheSpireMod:Private Reserves","Mind Blast"],"picked":"Trip","floor":0.0},{"not_picked":["FairyFestival","Wellcheers"],"picked":"ShyLook","floor":1.0},{"not_picked":["Wingbeat","Regret_ego"],"picked":"SKIP","floor":1.0},{"not_picked":["Lantern"],"picked":"ParadiseLost","floor":4.0},{"not_picked":["Soda","Loneliness"],"picked":"SKIP","floor":5.0},{"not_picked":["BearPaw","SoundOfStar"],"picked":"SKIP","floor":7.0},{"not_picked":["Regret_ego","CUTE"],"picked":"SKIP","floor":8.0},{"not_picked":["FrostShard","Noise"],"picked":"SKIP","floor":12.0},{"not_picked":["Pleasure","SomewhereSpear"],"picked":"SKIP","floor":14.0},{"not_picked":["VoidDream","FairyFestival"],"picked":"Scorched","floor":18.0},{"not_picked":["RedEyes","BlackSwan_ego"],"picked":"SKIP","floor":18.0},{"not_picked":["Yin","DreamingCurrent"],"picked":"OldLady","floor":20.0},{"not_picked":["WristCuter","Loneliness"],"picked":"SKIP","floor":20.0},{"not_picked":["MagicBullet","Soda+1"],"picked":"SKIP","floor":21.0},{"not_picked":["Harvest","Tough"],"picked":"SKIP","floor":22.0},{"not_picked":["Moonlight"],"picked":"SolemnVow","floor":23.0},{"not_picked":["Mercenary","BlackSwan"],"picked":"DespairKnight","floor":25.0},{"not_picked":["Penitence"],"picked":"Moonlight+1","floor":25.0},{"not_picked":["Hornet","Moonlight"],"picked":"SKIP","floor":27.0},{"not_picked":["Discord+1","SomewhereSpear"],"picked":"SKIP","floor":28.0},{"not_picked":["FourthMatchFlame","Loneliness+1"],"picked":"SKIP","floor":30.0},{"not_picked":["InTheNameOfLoveAndHate","Amita"],"picked":"SKIP","floor":31.0},{"not_picked":["ParadiseLost"],"picked":"GoldRush","floor":33.0},{"not_picked":["SilentOrchestra","Alriune"],"picked":"BlackArmy","floor":35.0},{"not_picked":["RedEyes+1","Wingbeat"],"picked":"SKIP","floor":35.0},{"not_picked":["RapturousDream+1","Lantern"],"picked":"SKIP","floor":37.0},{"not_picked":["Wingbeat+1"],"picked":"Regret_ego+1","floor":38.0},{"not_picked":["Noise+1","Regret_ego"],"picked":"SKIP","floor":39.0},{"not_picked":["Loneliness+1","Lantern+1"],"picked":"SKIP","floor":41.0},{"not_picked":["LongBird","Scorched"],"picked":"GreedKing","floor":45.0},{"not_picked":["Hornet+1","Heaven"],"picked":"SKIP","floor":45.0},{"not_picked":["Beak","SwordSharpenedByTears"],"picked":"SKIP","floor":47.0},{"not_picked":["SomewhereSpear+1","Soda"],"picked":"SKIP","floor":48.0}],"player_experience":235991,"relics_obtained":[{"floor":7.0,"key":"Bottled Flame"},{"floor":9.0,"key":"Replay:Accelerometer"},{"floor":12.0,"key":"ReplayFunnel"},{"floor":14.0,"key":"CaptainsWheel"},{"floor":23.0,"key":"Replay:Wax Seal"},{"floor":25.0,"key":"Strawberry"},{"floor":26.0,"key":"Dead Branch"},{"floor":31.0,"key":"Ornamental Fan"},{"floor":41.0,"key":"Regal Pillow"},{"floor":45.0,"key":"Juzu Bracelet"},{"floor":47.0,"key":"MealTicket"}],"event_choices":[{"damage_healed":0.0,"max_hp_gain":0.0,"max_hp_loss":0.0,"gold_gain":0.0,"event_name":"Liars Game","player_choice":"Ignored","floor":2.0,"gold_loss":0.0,"damage_taken":0.0},{"damage_healed":0.0,"max_hp_gain":0.0,"max_hp_loss":0.0,"gold_gain":0.0,"event_name":"Lab","player_choice":"Got Potions","floor":3.0,"gold_loss":0.0,"damage_taken":0.0},{"damage_healed":0.0,"max_hp_gain":0.0,"max_hp_loss":0.0,"gold_gain":0.0,"event_name":"Scrap Ooze","player_choice":"Success","floor":10.0,"gold_loss":0.0,"damage_taken":33.0,"relics_obtained":["Replay:Rubber Ducky"]},{"damage_healed":0.0,"max_hp_gain":0.0,"max_hp_loss":0.0,"gold_gain":0.0,"event_name":"Match and Keep!","player_choice":"2 cards matched","floor":13.0,"gold_loss":0.0,"damage_taken":0.0,"cards_obtained":["ShedSkin","Mimicry"]},{"damage_healed":0.0,"max_hp_gain":0.0,"max_hp_loss":0.0,"gold_gain":0.0,"event_name":"Duplicator","player_choice":"Copied","floor":36.0,"gold_loss":0.0,"damage_taken":0.0,"cards_obtained":["LifeForTheDareDevil"]},{"cards_removed":["OldLady"],"damage_healed":0.0,"max_hp_gain":0.0,"max_hp_loss":0.0,"gold_gain":0.0,"event_name":"Designer","player_choice":"Upgrade and Remove","floor":44.0,"gold_loss":90.0,"damage_taken":0.0,"cards_upgraded":["Mimicry"]}],"is_beta":true,"boss_relics":[{"not_picked":["Replay:Drink Me","Tiny House"],"picked":"Fusion Hammer"},{"not_picked":["Replay:Ancient Bell","Ring of Chaos"],"picked":"Snecko Eye"}],"items_purged_floors":[19,46],"is_endless":false,"potions_floor_spawned":[1,5,7,18,21,22,23,28,35,37,45],"ascension_level":4}}