{"host":"c97twqu0op5dg8i4","time":1612993087,"event":{"mods":["AchievementEnabler","BaseMod","Colored Map","Minty Spire (QoL Compilation)","Permanent Neow"],"gold_per_floor":[110,185,200,200,20,20,34,34,34,49,82,82,96,113,113,218,218,228,153,0,0,15,15,27,52,52,52,52,52],"floor_reached":28,"language":"ENG","playtime":658,"items_purged":[],"score":369,"play_id":"29a89eba-c802-4734-98fa-464abd34771c","local_time":"20210210163807","is_ascension_mode":true,"campfire_choices":[{"data":"Bash","floor":6.0,"key":"SMITH"},{"data":"Clothesline","floor":12.0,"key":"SMITH"},{"data":"Iron Wave","floor":15.0,"key":"SMITH"},{"data":"Shrug It Off","floor":23.0,"key":"SMITH"}],"circlet_count":0,"master_deck":["AscendersBane","Bash+1","Reckless Charge","Spot Weakness+1","Battle Trance","Shrug It Off+1","Evolve","Iron Wave+1","Clothesline+1","Limit Break+1","Feel No Pain","Evolve","Flex+1","Offering+1","Immolate","Thunderclap","Twin Strike","Shrug It Off+1"],"relics":["Burning Blood","Brimstone","Akabeko","Toxic Egg 2","Pandora\u0027s Box","Vajra","Bronze Scales","Lantern"],"acts_visited":["Exordium","TheCity"],"potions_floor_usage":[28],"damage_taken":[{"damage":0.0,"enemies":"Small Slimes","floor":1.0,"turns":3.0},{"damage":7.0,"enemies":"2 Louse","floor":3.0,"turns":3.0},{"damage":0.0,"enemies":"Cultist","floor":7.0,"turns":2.0},{"damage":0.0,"enemies":"Exordium Thugs","floor":10.0,"turns":3.0},{"damage":24.0,"enemies":"Lagavulin","floor":11.0,"turns":4.0},{"damage":5.0,"enemies":"Blue Slaver","floor":13.0,"turns":2.0},{"damage":1.0,"enemies":"Gremlin Gang","floor":14.0,"turns":3.0},{"damage":27.0,"enemies":"The Guardian","floor":16.0,"turns":7.0},{"damage":6.0,"enemies":"Spheric Guardian","floor":18.0,"turns":2.0},{"damage":27.0,"enemies":"Shell Parasite","floor":22.0,"turns":3.0},{"damage":16.0,"enemies":"Snake Plant","floor":24.0,"turns":3.0},{"damage":25.0,"enemies":"Gremlin Leader","floor":25.0,"turns":4.0},{"damage":43,"enemies":"Slavers","floor":28,"turns":2}],"seed_played":"5715798952800252713","potions_obtained":[{"floor":1.0,"key":"Dexterity Potion"},{"floor":3.0,"key":"Regen Potion"}],"is_trial":false,"path_per_floor":["M","?","M","?","$","R","M","$","T","M","E","R","M","M","R","B",null,"M","?","$","?","M","R","M","E","T","$","E"],"character_chosen":"IRONCLAD","items_purchased":["Shrug It Off","Brimstone","Vajra"],"campfire_rested":0,"item_purchase_floors":[5,5,20],"current_hp_per_floor":[78,67,66,66,66,66,72,72,72,78,60,60,61,66,66,45,71,71,71,71,80,59,59,49,30,30,30,0,0],"gold":52,"neow_bonus":"TRANSFORM_CARD","is_daily":false,"chose_seed":false,"campfire_upgraded":4,"win_rate":0.0,"timestamp":1612993087,"path_taken":["M","?","M","?","$","R","?","$","T","M","E","R","M","M","R","BOSS","M","?","$","?","M","R","M","E","T","$","E"],"items_purchased_type":["Card","Relic","Relic"],"build_version":"2020-12-22","purchased_purges":0,"victory":false,"max_hp_per_floor":[80,80,80,80,80,80,80,80,80,80,80,80,80,80,80,80,80,80,80,80,80,80,80,80,80,80,80,80,80],"card_choices":[{"not_picked":["Wild Strike","Perfected Strike"],"picked":"Spot Weakness","floor":1.0},{"not_picked":["Havoc","Bloodletting"],"picked":"Battle Trance","floor":3.0},{"not_picked":["Dark Embrace","Rupture"],"picked":"Evolve","floor":7.0},{"not_picked":["Blood for Blood","Thunderclap"],"picked":"Iron Wave","floor":10.0},{"not_picked":["Blood for Blood","Flex+1"],"picked":"Clothesline","floor":11.0},{"not_picked":["Headbutt","Rage+1","Clash"],"picked":"SKIP","floor":13.0},{"not_picked":["Inflame","Havoc+1","Clothesline"],"picked":"SKIP","floor":14.0},{"not_picked":["Impervious+1","Corruption"],"picked":"Limit Break+1","floor":16.0},{"not_picked":["Clothesline","Cleave","Hemokinesis+1"],"picked":"SKIP","floor":18.0},{"not_picked":["Thunderclap","Clothesline+1"],"picked":"Twin Strike","floor":22.0},{"not_picked":["Headbutt","Iron Wave"],"picked":"Shrug It Off+1","floor":24.0},{"not_picked":["Thunderclap","Entrench+1","Headbutt"],"picked":"SKIP","floor":25.0}],"player_experience":365603,"relics_obtained":[{"floor":9.0,"key":"Akabeko"},{"floor":11.0,"key":"Toxic Egg 2"},{"floor":25.0,"key":"Bronze Scales"},{"floor":26.0,"key":"Lantern"}],"event_choices":[{"damage_healed":0.0,"max_hp_gain":0.0,"max_hp_loss":0.0,"gold_gain":75.0,"event_name":"World of Goop","player_choice":"Gather Gold","floor":2.0,"gold_loss":0.0,"damage_taken":11.0},{"damage_healed":0.0,"max_hp_gain":0.0,"max_hp_loss":0.0,"gold_gain":0.0,"event_name":"Upgrade Shrine","player_choice":"Upgraded","floor":4.0,"gold_loss":0.0,"damage_taken":0.0,"cards_upgraded":["Spot Weakness"]},{"cards_removed":["Berserk"],"damage_healed":0.0,"max_hp_gain":0.0,"max_hp_loss":0.0,"gold_gain":0.0,"event_name":"Beggar","player_choice":"Gave Gold","floor":19.0,"gold_loss":75.0,"damage_taken":0.0},{"cards_removed":["Evolve"],"damage_healed":9.0,"max_hp_gain":0.0,"max_hp_loss":0.0,"gold_gain":0.0,"event_name":"Bonfire Elementals","player_choice":"Offered Uncommon","floor":21.0,"gold_loss":0.0,"damage_taken":0.0}],"is_beta":false,"boss_relics":[{"not_picked":["Astrolabe","Busted Crown"],"picked":"Pandora\u0027s Box"}],"items_purged_floors":[],"is_endless":false,"potions_floor_spawned":[1,3,10,13,18],"killed_by":"Slavers","ascension_level":11}}