{"host":"8zow35rkxv448q2r","time":1612990929,"event":{"mods":["AchievementEnabler","BaseMod","Colored Map","Colored Powertips","Minty Spire (QoL Compilation)","Relic Stats"],"gold_per_floor":[112,99310,99286,98572,98590,98590,98623,98623,98649,98649,98677,98694,98694,97839,97839,97916,97916,97929,97929,97294,97393,96799,96828,96828,96844,96844,97244,97274,97274,97291,97304,97304,97381,97381,97398,0,25,25,25,56,56,99515,99585,99585,98831,98831,98831,98848,98848,98848,98848,98848,98185,98213,98213,98213],"floor_reached":55,"language":"ENG","playtime":2865,"items_purged":["Strike_R","Strike_R","Rage","Strike_R"],"score":1346,"play_id":"15eaf682-e538-46a1-89ca-2d14d3fd1b70","local_time":"20210210160209","is_ascension_mode":true,"campfire_choices":[{"floor":6,"key":"REST"},{"data":"Apotheosis","floor":8,"key":"SMITH"},{"data":"Wild Strike","floor":15,"key":"SMITH"},{"data":"Bash","floor":24,"key":"SMITH"},{"floor":32,"key":"RECALL"},{"floor":41,"key":"REST"},{"data":"Impervious","floor":44,"key":"SMITH"},{"data":"Madness","floor":49,"key":"SMITH"},{"floor":52,"key":"REST"}],"circlet_count":0,"master_deck":["AscendersBane","Strike_R","Strike_R","Defend_R","Defend_R","Defend_R","Bash+1","Seeing Red+1","Feel No Pain","Apotheosis+1","Wild Strike+1","Twin Strike","Pummel+1","Headbutt+1","Immolate+1","Cleave+1","Dramatic Entrance+1","Pommel Strike+1","Heavy Blade+1","Twin Strike+1","Twin Strike+1","Flame Barrier+1","Impervious+1","Mind Blast+1","Madness+1","Madness","Whirlwind+1","Exhume"],"relics":["Philosopher\u0027s Stone","Cauldron","Sundial","Red Skull","Centennial Puzzle","War Paint","DollysMirror","Dream Catcher","Happy Flower","Molten Egg 2","Medical Kit","Thread and Needle","Juzu Bracelet","SlaversCollar","MutagenicStrength","Sling","Regal Pillow","Gremlin Horn","Toolbox","Oddly Smooth Stone","Bag of Marbles","Blood Vial","Old Coin","Bottled Lightning","Bottled Flame","Mark of Pain","Red Mask","Gambling Chip","Nunchaku","Smiling Mask","Lantern","Bag of Preparation","ClockworkSouvenir","Kunai","Mango","Letter Opener","TheAbacus","Frozen Eye","Anchor","Boot","Akabeko"],"acts_visited":["Exordium","TheCity","TheBeyond","TheEnding"],"potions_floor_usage":[7,11,14,16,27,33,50,55],"damage_taken":[{"damage":9,"enemies":"2 Louse","floor":1,"turns":2},{"damage":13,"enemies":"Jaw Worm","floor":5,"turns":2},{"damage":17,"enemies":"3 Sentries","floor":7,"turns":5},{"damage":8,"enemies":"Gremlin Nob","floor":11,"turns":3},{"damage":0,"enemies":"Cultist","floor":12,"turns":3},{"damage":32,"enemies":"Hexaghost","floor":16,"turns":4},{"damage":7,"enemies":"Chosen","floor":18,"turns":3},{"damage":1,"enemies":"Slavers","floor":23,"turns":2},{"damage":2,"enemies":"2 Thieves","floor":25,"turns":2},{"damage":0,"enemies":"Colosseum Slavers","floor":27,"turns":1},{"damage":0,"enemies":"Colosseum Nobs","floor":27,"turns":1},{"damage":12,"enemies":"Book of Stabbing","floor":28,"turns":2},{"damage":0,"enemies":"Cultist and Chosen","floor":30,"turns":1},{"damage":0,"enemies":"Snake Plant","floor":31,"turns":1},{"damage":79,"enemies":"Champ","floor":33,"turns":8},{"damage":0,"enemies":"3 Darklings","floor":35,"turns":1},{"damage":25,"enemies":"Mind Bloom Boss Battle","floor":37,"turns":3},{"damage":0,"enemies":"Reptomancer","floor":40,"turns":1},{"damage":0,"enemies":"Orb Walker","floor":48,"turns":1},{"damage":36,"enemies":"Awakened One","floor":50,"turns":7},{"damage":0,"enemies":"Shield and Spear","floor":54,"turns":3},{"damage":96,"enemies":"The Heart","floor":55,"turns":6}],"seed_played":"-8865191100676697919","potions_obtained":[{"floor":7,"key":"Weak Potion"},{"floor":12,"key":"GamblersBrew"},{"floor":13,"key":"SmokeBomb"},{"floor":16,"key":"SmokeBomb"},{"floor":28,"key":"BlessingOfTheForge"},{"floor":30,"key":"FearPotion"},{"floor":40,"key":"DuplicationPotion"}],"is_trial":false,"path_per_floor":["M","$","?","$","M","R","E","R","T","?","E","M","?","$","R","B",null,"M","?","$","?","$","E","R","M","T","?","E","?","M","M","R","B",null,"M","?","?","T","?","E","R","$","T","R","$","?","?","M","R","B",null,"R","$","E","B"],"character_chosen":"IRONCLAD","items_purchased":["Feel No Pain","Ancient Potion","PowerPotion","Cauldron","Sundial","Red Skull","Apotheosis","Centennial Puzzle","Wild Strike","Twin Strike","War Paint","DollysMirror","Medical Kit","Fruit Juice","LiquidBronze","Thread and Needle","Juzu Bracelet","Sling","Regal Pillow","Gremlin Horn","Dramatic Entrance+1","Toolbox","Oddly Smooth Stone","Bag of Marbles","Pommel Strike+1","Rage","Lantern","Bag of Preparation","ClockworkSouvenir","Mango","Letter Opener","TheAbacus","PowerPotion","Frozen Eye","Anchor","Boot","Exhume"],"campfire_rested":3,"item_purchase_floors":[2,2,2,2,2,2,4,4,4,4,4,4,14,14,14,14,14,20,20,20,20,22,22,22,22,42,42,42,42,45,45,45,53,53,53,53,53],"current_hp_per_floor":[59,59,59,59,46,68,51,51,51,75,67,67,67,72,72,40,70,63,63,63,63,63,62,62,62,62,66,56,80,80,80,80,1,60,62,62,39,39,39,41,80,80,80,80,94,94,82,84,84,50,83,94,94,94,0,0],"gold":98213,"neow_bonus":"BOSS_RELIC","is_daily":false,"chose_seed":false,"campfire_upgraded":5,"win_rate":0.0,"timestamp":1612990929,"path_taken":["M","$","?","$","M","R","E","R","T","?","E","?","?","$","R","BOSS","M","?","$","?","$","E","R","M","T","?","E","?","M","M","R","BOSS","M","?","?","?","?","E","R","$","T","R","?","?","?","M","R","BOSS","R","$","E","BOSS"],"items_purchased_type":["Card","Potion","Potion","Relic","Relic","Relic","Card","Relic","Card","Card","Relic","Relic","Relic","Potion","Potion","Relic","Relic","Relic","Relic","Relic","Card","Relic","Relic","Relic","Card","Card","Relic","Relic","Relic","Relic","Relic","Relic","Potion","Relic","Relic","Relic","Card"],"build_version":"2020-12-22","purchased_purges":4,"victory":false,"max_hp_per_floor":[75,75,75,75,75,75,75,75,75,75,75,75,75,80,80,80,80,80,80,80,80,80,80,80,80,80,80,80,80,80,80,80,80,80,80,80,80,80,80,80,80,80,80,80,94,94,94,94,94,94,94,94,94,94,94,94],"relic_stats":{"Regal Pillow":15,"Happy Flower":[17],"Gremlin Horn":[10,10],"counters":[22,62],"Juzu Bracelet":1,"Bag of Preparation":[8],"Letter Opener":[18],"War Paint":["Defend_R","Seeing Red"],"Medical Kit":[16],"Smiling Mask":175,"Boot":[14],"Blood Vial":18,"Centennial Puzzle":[36],"Dream Catcher":2,"Nunchaku":[6],"TheAbacus":[12],"Sundial":[4],"Gambling Chip":[4],"Kunai":[13],"obtain_stats":[{"Regal Pillow":20,"Lantern":42,"Gremlin Horn":20,"Mango":45,"Juzu Bracelet":14,"Bag of Preparation":42,"Sling":20,"Smiling Mask":40,"Boot":53,"Burning Blood":0,"Old Coin":27,"ClockworkSouvenir":42,"Blood Vial":23,"Frozen Eye":53,"Centennial Puzzle":4,"Dream Catcher":7,"Nunchaku":38,"TheAbacus":45,"Sundial":2,"DollysMirror":4,"Gambling Chip":37,"Toolbox":22,"Philosopher\u0027s Stone":0,"Red Mask":36,"Kunai":43,"Red Skull":2,"Happy Flower":9,"Oddly Smooth Stone":22,"Thread and Needle":14,"Letter Opener":45,"War Paint":4,"Medical Kit":14,"Akabeko":54,"Cauldron":2,"SlaversCollar":17,"Bottled Flame":28,"Anchor":53,"MutagenicStrength":19,"Molten Egg 2":11,"Mark of Pain":34,"Bag of Marbles":22,"Bottled Lightning":27},{"Regal Pillow":7,"Lantern":18,"Gremlin Horn":7,"Mango":18,"Juzu Bracelet":5,"Bag of Preparation":18,"Sling":7,"Smiling Mask":18,"Boot":20,"Burning Blood":0,"Old Coin":11,"ClockworkSouvenir":18,"Blood Vial":8,"Frozen Eye":20,"Centennial Puzzle":1,"Dream Catcher":3,"Nunchaku":17,"TheAbacus":18,"Sundial":1,"DollysMirror":1,"Gambling Chip":17,"Toolbox":7,"Philosopher\u0027s Stone":0,"Red Mask":16,"Kunai":18,"Red Skull":1,"Happy Flower":3,"Oddly Smooth Stone":7,"Thread and Needle":5,"Letter Opener":18,"War Paint":1,"Medical Kit":5,"Akabeko":21,"Cauldron":1,"SlaversCollar":6,"Bottled Flame":12,"Anchor":20,"MutagenicStrength":7,"Molten Egg 2":4,"Mark of Pain":15,"Bag of Marbles":7,"Bottled Lightning":11},{"Regal Pillow":22,"Lantern":45,"Gremlin Horn":22,"Mango":45,"Juzu Bracelet":15,"Bag of Preparation":45,"Sling":22,"Smiling Mask":45,"Boot":53,"Burning Blood":0,"Old Coin":28,"ClockworkSouvenir":45,"Blood Vial":24,"Frozen Eye":53,"Centennial Puzzle":2,"Dream Catcher":9,"Nunchaku":44,"TheAbacus":45,"Sundial":2,"DollysMirror":2,"Gambling Chip":44,"Toolbox":22,"Philosopher\u0027s Stone":0,"Red Mask":41,"Kunai":45,"Red Skull":2,"Happy Flower":9,"Oddly Smooth Stone":22,"Thread and Needle":15,"Letter Opener":45,"War Paint":2,"Medical Kit":15,"Akabeko":56,"Cauldron":2,"SlaversCollar":19,"Bottled Flame":30,"Anchor":53,"MutagenicStrength":22,"Molten Egg 2":12,"Mark of Pain":40,"Bag of Marbles":22,"Bottled Lightning":28}]},"card_choices":[{"not_picked":["Headbutt","Twin Strike"],"picked":"Seeing Red","floor":1},{"not_picked":["Perfected Strike","Combust","Dual Wield"],"picked":"SKIP","floor":5},{"not_picked":["Sever Soul","Havoc","Shrug It Off"],"picked":"SKIP","floor":7},{"not_picked":["Wild Strike+1","Thunderclap+1"],"picked":"Pummel+1","floor":11},{"not_picked":["Iron Wave+1","Body Slam+1"],"picked":"Headbutt+1","floor":12},{"not_picked":["Feed+1","Exhume"],"picked":"Immolate+1","floor":16},{"not_picked":["Combust","Infernal Blade"],"picked":"Cleave+1","floor":18},{"not_picked":["Perfected Strike+1","Entrench"],"picked":"Heavy Blade+1","floor":23},{"not_picked":["Heavy Blade+1","Bloodletting"],"picked":"Twin Strike+1","floor":25},{"not_picked":["Warcry","Havoc"],"picked":"Twin Strike+1","floor":27},{"not_picked":["Searing Blow+1","Wild Strike+1","Twin Strike+1"],"picked":"SKIP","floor":28},{"not_picked":["Intimidate","Twin Strike+1","Dark Embrace+1"],"picked":"SKIP","floor":30},{"not_picked":["Offering","Sword Boomerang+1"],"picked":"Flame Barrier+1","floor":31},{"not_picked":["Berserk","Juggernaut"],"picked":"Impervious","floor":33},{"not_picked":["Headbutt+1","Shrug It Off+1","Anger+1"],"picked":"SKIP","floor":35},{"not_picked":["PanicButton","Discovery"],"picked":"Mind Blast+1","floor":39},{"not_picked":["Warcry","Entrench","Headbutt+1"],"picked":"SKIP","floor":40},{"not_picked":["Pummel+1","Havoc"],"picked":"Whirlwind+1","floor":48},{"not_picked":["Corruption","Perfected Strike+1","Clash+1"],"picked":"SKIP","floor":54}],"player_experience":193893,"relics_obtained":[{"floor":7,"key":"Dream Catcher"},{"floor":9,"key":"Happy Flower"},{"floor":11,"key":"Molten Egg 2"},{"floor":23,"key":"Blood Vial"},{"floor":27,"key":"Old Coin"},{"floor":27,"key":"Bottled Lightning"},{"floor":28,"key":"Bottled Flame"},{"floor":37,"key":"Gambling Chip"},{"floor":38,"key":"Nunchaku"},{"floor":40,"key":"Smiling Mask"},{"floor":43,"key":"Kunai"},{"floor":54,"key":"Akabeko"}],"event_choices":[{"damage_healed":0,"gold_gain":0,"player_choice":"Left Gold","damage_taken":0,"max_hp_gain":0,"max_hp_loss":0,"event_name":"World of Goop","floor":3,"gold_loss":24},{"cards_removed":["Seeing Red"],"damage_healed":24,"gold_gain":0,"player_choice":"Offered Uncommon","damage_taken":0,"max_hp_gain":0,"max_hp_loss":0,"event_name":"Bonfire Elementals","floor":10,"gold_loss":0},{"damage_healed":0,"gold_gain":0,"player_choice":"Got Potions","damage_taken":0,"max_hp_gain":0,"max_hp_loss":0,"event_name":"Lab","floor":13,"gold_loss":0},{"damage_healed":0,"gold_gain":0,"player_choice":"Inject Mutagens","damage_taken":0,"relics_obtained":["MutagenicStrength"],"max_hp_gain":0,"max_hp_loss":0,"event_name":"Drug Dealer","floor":19,"gold_loss":0},{"damage_healed":0,"gold_gain":99,"player_choice":"Stole From Cult","damage_taken":0,"max_hp_gain":0,"max_hp_loss":0,"event_name":"Nest","floor":21,"gold_loss":0},{"damage_healed":0,"gold_gain":0,"player_choice":"Fight","damage_taken":0,"max_hp_gain":0,"max_hp_loss":0,"event_name":"Colosseum","floor":27,"gold_loss":0},{"damage_healed":0,"gold_gain":0,"player_choice":"Fought Nobs","damage_taken":0,"max_hp_gain":0,"max_hp_loss":0,"event_name":"Colosseum","floor":27,"gold_loss":0},{"damage_healed":26,"gold_gain":0,"player_choice":"Heal","damage_taken":0,"max_hp_gain":0,"max_hp_loss":0,"event_name":"The Library","floor":29,"gold_loss":0},{"damage_healed":0,"gold_gain":0,"player_choice":"Paid","damage_taken":0,"relics_obtained":["Red Mask"],"max_hp_gain":0,"max_hp_loss":0,"event_name":"Tomb of Lord Red Mask","floor":36,"gold_loss":97398},{"damage_healed":0,"gold_gain":0,"player_choice":"Fight","damage_taken":0,"max_hp_gain":0,"max_hp_loss":0,"event_name":"MindBloom","floor":37,"gold_loss":0},{"damage_healed":0,"gold_gain":0,"player_choice":"Memory 1","damage_taken":0,"max_hp_gain":0,"max_hp_loss":0,"event_name":"SensoryStone","floor":39,"gold_loss":0},{"cards_removed":["Defend_R"],"damage_healed":0,"gold_gain":0,"player_choice":"Removed Skill","damage_taken":0,"max_hp_gain":0,"max_hp_loss":0,"event_name":"Falling","floor":46,"gold_loss":0},{"damage_healed":0,"gold_gain":0,"player_choice":"Embrace Madness","damage_taken":12,"max_hp_gain":0,"max_hp_loss":0,"event_name":"Winding Halls","floor":47,"gold_loss":0,"cards_obtained":["Madness","Madness"]}],"is_beta":false,"boss_relics":[{"not_picked":["Runic Dome","SacredBark"],"picked":"SlaversCollar"},{"not_picked":["Empty Cage","Cursed Key"],"picked":"Mark of Pain"}],"items_purged_floors":[14,22,42,45],"is_endless":false,"potions_floor_spawned":[7,12,16,25,27,28,30,40,48],"killed_by":"The Heart","ascension_level":14}}