{"host":"ylxam20yo7j5dy26","time":1612943033,"event":{"mods":["100% Spire Juice","ATMod(°¢èªMod)","Act Like it!","Aspiration","BaseMod","BetterRewards","Conspire","Defuse TimeMaze Blight","Downfall","Energized Spire","Gensokyo","GungeonMod","Hubris","Infinite Spire","Jedi Mod","KomeijiMod","Marisa£¨ìFÓê¡¡Ä§ÀíÉ³£©","Minty Spire (QoL Compilation)","MostiFishMod","Quarter Circle Forward PUNCH!","Quick Restart","Red Circlet Mod","Reimu£¨²©ÀöÁéÃÎ£©","Reliquary","Remilia£¨ÀÙÃ×ÀòÑÇ£©","Replay The Spire","Robot Space Explorer","RumiaBox-Â¶Ã×æ«µÄÉñÃØºÐ×Ó","Spicy Shops","StSLib","TestMod","The Animator","The Jungle","The Runesmith","¡¾¹¦ÄÜMod¡¿»ìãçÖ®»·ÐÞ¸´²¹¶¡","¡¾ÒÅÎï¿¨ÅÆ¡¿REMEMod"],"gold_per_floor":[110,130,148,148,173,198,198,211,235,21,49,49,49,73,73,177,177,195,195,214,232,232,232,232,83,136,211,235,235,262,279,279,380,380,392,411,261,307,307,307,337,337,337,184,184,200,200,314,314,264,264,264,595,645,645,645],"floor_reached":55,"language":"ZHS","playtime":5676,"items_purged":["animator:Strike","animator:Strike","animator:Defend","animator:Strike_NoGameNoLife","animator:Add","animator:Shizu"],"score":724,"play_id":"0a539c2b-f4d1-490f-bf01-1b08d98872fd","local_time":"20210210154353","is_ascension_mode":false,"campfire_choices":[{"data":"animator:Tatsumaki","floor":7.0,"key":"SMITH"},{"floor":12.0,"key":"REST"},{"data":"AT_RightCognition","floor":15.0,"key":"SMITH"},{"floor":23.0,"key":"RECALL"},{"data":"infinitespire:Oblivion","floor":29.0,"key":"SMITH"},{"floor":32.0,"key":"REST"},{"floor":40.0,"key":"REST"},{"floor":49.0,"key":"REST"},{"data":"ReplayTheSpireMod:Book of Names","floor":52.0,"key":"SMITH"}],"circlet_count":0,"master_deck":["animator:Defend_NoGameNoLife","animator:Defend","animator:Defend","animator:DolaSchwi","animator:DolaCouronne","AT_RightCognition+1","Master of Strategy","animator:SilverFang","animator:Tatsumaki","animator:Elsword","animator:KyokoSakura","animator:KyokoSakura","animator:Jibril","animator:EmiyaShirou","animator:NarberalGamma","animator:Albedo","animator:MetalKnight","animator:Ainz","animator:DolaRiku","animator:Kazuma","animator:Demiurge","animator:HigakiRinne","Chaos+1","animator:Cocytus","animator:FielNirvalen","animator:Benimaru","animator:Rimuru","animator:MisaKurobane","animator:HigakiRinne+1","animator:RinTohsaka","animator:Verdia","animator:PandorasActor","animator:Shalltear"],"relics":["animator:TheEruzaStone","animator:AncientMedallion"],"acts_visited":["Exordium","TheCity","TheBeyond","TheEnding","EYB:TheUnnamedReign"],"potions_floor_usage":[],"damage_taken":[{"damage":4.0,"enemies":"Cultist","floor":1.0,"turns":4.0},{"damage":0.0,"enemies":"Jaw Worm","floor":2.0,"turns":4.0},{"damage":1.0,"enemies":"2 Louse","floor":3.0,"turns":2.0},{"damage":7.0,"enemies":"Looter","floor":5.0,"turns":3.0},{"damage":8.0,"enemies":"Lagavulin","floor":6.0,"turns":4.0},{"damage":0.0,"enemies":"2 Fungi Beasts","floor":8.0,"turns":2.0},{"damage":20.0,"enemies":"Gremlin Nob","floor":11.0,"turns":4.0},{"damage":0.0,"enemies":"Large Slime","floor":14.0,"turns":5.0},{"damage":8.0,"enemies":"Hexaghost","floor":16.0,"turns":7.0},{"damage":12.0,"enemies":"Shell Parasite","floor":18.0,"turns":3.0},{"damage":0.0,"enemies":"3 Byrds","floor":20.0,"turns":3.0},{"damage":3.0,"enemies":"Cultist and Chosen","floor":21.0,"turns":4.0},{"damage":0.0,"enemies":"Shelled Parasite and Fungi","floor":28.0,"turns":3.0},{"damage":15.0,"enemies":"Slavers","floor":30.0,"turns":2.0},{"damage":0.0,"enemies":"3 Cultists","floor":31.0,"turns":3.0},{"damage":13.0,"enemies":"conspire:MysteriousRune","floor":33.0,"turns":4.0},{"damage":13.0,"enemies":"Orb Walker","floor":35.0,"turns":2.0},{"damage":8.0,"enemies":"3 Darklings","floor":36.0,"turns":4.0},{"damage":7.0,"enemies":"Orin","floor":38.0,"turns":5.0},{"damage":0.0,"enemies":"Transient","floor":41.0,"turns":5.0},{"damage":3.0,"enemies":"Spire Growth","floor":46.0,"turns":4.0},{"damage":0.0,"enemies":"Maw","floor":48.0,"turns":4.0},{"damage":3.0,"enemies":"Donu and Deca","floor":50.0,"turns":4.0},{"damage":51.0,"enemies":"animator:UNNAMED_HAT","floor":54.0,"turns":12.0},{"damage":18,"enemies":"animator:TRIPLE_SHAPES_WEAK","floor":55,"turns":3}],"seed_played":"8468441421952213263","potions_obtained":[{"floor":1.0,"key":"Block Potion"},{"floor":2.0,"key":"AttackPotion"},{"floor":5.0,"key":"animator:FalseLifePotion"},{"floor":31.0,"key":"Guardian:BlockOnCardUsePotion"},{"floor":35.0,"key":"Weak Potion"},{"floor":38.0,"key":"SpeedPotion"},{"floor":46.0,"key":"bronze:BurnAndBuffPotion"},{"floor":54.0,"key":"animator:FalseLifePotion"}],"is_trial":false,"path_per_floor":["M","M","M","?","M","E","R","M","T","$","E","R","?","M","R","B",null,"M","?","M","M","AVR","R","?","$","T","?","M","R","E","M","R","B",null,"M","M","$","?","T","R","M","AVR","T","$","?","M","?","M","R","B",null,"R","??","M","M"],"character_chosen":"THE_ANIMATOR","items_purchased":["animator:SilverFang","animator:NarberalGamma","animator:Cocytus","reliquary:FerryPass"],"campfire_rested":4,"item_purchase_floors":[0,10,25,44],"current_hp_per_floor":[62,62,61,61,54,46,46,46,46,46,26,45,45,45,45,37,66,55,55,55,52,52,52,52,52,52,46,46,46,31,31,51,38,67,54,46,46,39,39,59,59,59,59,59,59,56,56,56,67,64,67,67,98,47,33,33],"gold":645,"neow_bonus":"","is_daily":false,"chose_seed":false,"campfire_upgraded":4,"win_rate":0.0,"timestamp":1612943033,"path_taken":["M","?","M","?","M","E","R","M","T","$","E","R","?","M","R","BOSS","M","?","M","M","AVR","R","?","$","T","?","M","R","E","M","R","BOSS","M","M","$","?","?","R","M","AVR","T","$","?","?","?","M","R","BOSS","R","??","M","M"],"items_purchased_type":["Card","Card","Card","Relic"],"build_version":"2020-12-22","purchased_purges":6,"victory":false,"max_hp_per_floor":[66,66,66,66,66,66,66,66,66,66,66,66,66,66,66,66,66,67,67,67,67,67,67,67,67,67,67,67,67,67,67,67,67,67,67,67,67,67,67,67,67,67,67,67,67,67,67,67,67,67,67,67,98,98,98,98],"card_choices":[{"not_picked":["animator:Berserker","animator:GazelDwargon"],"picked":"animator:Elsword","floor":1.0},{"not_picked":["animator:Tatsumaki","animator:Geryuganshoop","animator:YachiyoNanami","animator:Illya"],"picked":"animator:KyokoSakura","floor":2.0},{"not_picked":["animator:DolaCouronne","animator:IrohaTamaki","animator:Kaijin","animator:MumenRider"],"picked":"animator:KyokoSakura","floor":3.0},{"not_picked":["animator:IzunaHatsuse","animator:DolaCouronne","animator:Tet","animator:DolaStephanie"],"picked":"animator:Jibril","floor":5.0},{"not_picked":["animator:Rider","animator:Raven","animator:Assassin","animator:Shuna"],"picked":"animator:EmiyaShirou","floor":6.0},{"not_picked":["animator:YuiTsuruno","animator:Assassin","animator:Shalltear","animator:Raven","animator:Ara"],"picked":"SKIP","floor":8.0},{"not_picked":["animator:Entoma","animator:Assassin","animator:Megumin","animator:SakuraMatou"],"picked":"animator:Albedo","floor":11.0},{"not_picked":["animator:Melzalgald","animator:Sonic","animator:SilverFang","animator:MumenRider"],"picked":"animator:MetalKnight","floor":14.0},{"not_picked":["animator:Eris","animator:Albedo","animator:Eve","animator:Hans"],"picked":"animator:Ainz","floor":16.0},{"not_picked":["animator:MetalKnight","animator:IrohaTamaki+1","animator:PandorasActor","animator:GazelDwargon"],"picked":"animator:DolaRiku","floor":18.0},{"not_picked":["animator:DolaStephanie","animator:Verdia+1","animator:Vesta","animator:PandorasActor"],"picked":"animator:Add","floor":20.0},{"not_picked":["animator:Kyubey","animator:Entoma+1","animator:Ara+1","animator:SayakaMiki"],"picked":"animator:Demiurge+1","floor":21.0},{"not_picked":["animator:Tet","animator:DolaSchwi","animator:DolaCouronne","animator:DolaStephanie"],"picked":"animator:FielNirvalen","floor":28.0},{"not_picked":["animator:Kaijin","animator:MamiTomoe+1","animator:Wiz","animator:IrohaTamaki+1","animator:ShinjiMatou"],"picked":"SKIP","floor":30.0},{"not_picked":["animator:Alexander+1","animator:OrikoMikuni","animator:Hakurou+1","animator:Vanir"],"picked":"animator:Benimaru","floor":31.0},{"not_picked":["animator:HomuraAkemi","animator:Ainz","animator:Boros","animator:Saitama"],"picked":"animator:Rimuru","floor":33.0},{"not_picked":["animator:Hans","animator:Wiz","animator:HomuraAkemi","animator:Sora"],"picked":"animator:Shizu","floor":34.0},{"not_picked":["animator:Magilou","animator:MisakiNakahara","animator:Kuroyukihime","animator:Kagari"],"picked":"animator:MisaKurobane","floor":34.0},{"not_picked":["infinitespire:DeathsTouch","infinitespire:Starlight","Replay:Fractal Strike","hubris:Rewind"],"picked":"ReplayTheSpireMod:Book of Names","floor":34.0},{"not_picked":["animator:ChlammyZell+1","animator:FielNirvalen","animator:MamiTomoe+1","animator:Laby+1"],"picked":"animator:RinTohsaka+1","floor":35.0},{"not_picked":["animator:Genos+1","animator:Jibril","animator:Shuna","animator:Sebas"],"picked":"animator:Verdia+1","floor":41.0},{"not_picked":["animator:Boros","animator:Mitsurugi","animator:Assassin+1","animator:YunYun"],"picked":"animator:PandorasActor","floor":46.0},{"not_picked":["animator:Cocytus","animator:PandorasActor","animator:Entoma","animator:NarberalGamma"],"picked":"animator:Shalltear","floor":48.0},{"not_picked":["animator:Vanir","animator:OrikoMikuni+1","animator:EmiyaShirou"],"picked":"SKIP","floor":54.0}],"player_experience":239597,"relics_obtained":[{"floor":1.0,"key":"SynthV:TestCard"},{"floor":6.0,"key":"reliquary:WeakTea"},{"floor":11.0,"key":"Omamori"},{"floor":24.0,"key":"aspiration:Lifesprig"},{"floor":26.0,"key":"Happy Flower"},{"floor":30.0,"key":"Lizard Tail"},{"floor":38.0,"key":"CatCart"},{"floor":39.0,"key":"qcfpunch:Wild_Herbs_Ointment"},{"floor":43.0,"key":"Golden Egg"},{"floor":53.0,"key":"animator:TheEruzaStone"},{"floor":53.0,"key":"animator:AncientMedallion"}],"event_choices":[{"damage_healed":0.0,"max_hp_gain":0.0,"max_hp_loss":0.0,"gold_gain":0.0,"event_name":"Dead Adventurer","player_choice":"Searched \u00271\u0027 times","floor":13.0,"gold_loss":0.0,"damage_taken":0.0,"relics_obtained":["Girya"]},{"damage_healed":0.0,"max_hp_gain":0.0,"max_hp_loss":0.0,"gold_gain":0.0,"event_name":"The Library","player_choice":"Read","floor":19.0,"gold_loss":0.0,"damage_taken":0.0,"cards_obtained":["animator:Kazuma"]},{"damage_healed":0.0,"max_hp_gain":0.0,"max_hp_loss":0.0,"gold_gain":75.0,"event_name":"FaceTrader","player_choice":"Touch","floor":27.0,"gold_loss":0.0,"damage_taken":6.0},{"damage_healed":0.0,"max_hp_gain":0.0,"max_hp_loss":0.0,"gold_gain":0.0,"event_name":"OrinTheCat","player_choice":"Fight","floor":38.0,"gold_loss":0.0,"damage_taken":0.0}],"is_beta":false,"boss_relics":[{"not_picked":["Ring of Chaos","GreenFoldingFan"],"picked":"AT_TrinityForce"},{"not_picked":["MoonlightInvasionPlan","reliquary:Ember"],"picked":"ReplayTheSpireMod:SealedPack"}],"items_purged_floors":[10,10,22,25,37,42],"is_endless":false,"potions_floor_spawned":[1,2,5,14,21,31,35,38,46,48,54],"killed_by":"animator:TRIPLE_SHAPES_WEAK","ascension_level":0}}