{"host":"vpaavrwbmey593fx","time":1612932387,"event":{"mods":["AchievementEnabler","BaseMod","Bestiary","Colored Map","Colored Powertips","DeckTracker","Minty Spire (QoL Compilation)","Relic Sorter"],"gold_per_floor":[109,184,200,217,392,392,420,420,446,458,492,492,510,785,785,886,886,902,120,133,149,166,166,195,195,248,264,264,264],"floor_reached":28,"language":"ENG","playtime":2312,"items_purged":["Strike_G"],"score":388,"play_id":"428846a5-aff9-4057-bbd0-acda7cf030c6","local_time":"20210209204627","is_ascension_mode":true,"campfire_choices":[{"data":"Blade Dance","floor":6,"key":"SMITH"},{"data":"Neutralize","floor":8,"key":"SMITH"},{"floor":15,"key":"REST"},{"floor":23,"key":"REST"},{"data":"Terror","floor":25,"key":"SMITH"}],"circlet_count":0,"master_deck":["Strike_G","Strike_G","Strike_G","Strike_G","Defend_G","Defend_G","Defend_G","Defend_G","Defend_G","Survivor","Neutralize+1","Flying Knee","Blade Dance+1","Backflip","PiercingWail","Deadly Poison","A Thousand Cuts","Malaise","Noxious Fumes","Terror+1","Blade Dance+1","Infinite Blades","Footwork","Regret","Dodge and Roll"],"relics":["Ring of the Snake","Kunai","Incense Burner","Omamori","Ancient Tea Set","Snake Skull","Cursed Key","DollysMirror","MealTicket","Regal Pillow"],"acts_visited":["Exordium","TheCity"],"potions_floor_usage":[7,11,20,24,24],"damage_taken":[{"damage":1,"enemies":"2 Louse","floor":1,"turns":3},{"damage":6,"enemies":"Jaw Worm","floor":3,"turns":6},{"damage":0,"enemies":"Cultist","floor":4,"turns":3},{"damage":17,"enemies":"3 Sentries","floor":7,"turns":9},{"damage":4,"enemies":"Large Slime","floor":10,"turns":7},{"damage":5,"enemies":"Gremlin Nob","floor":11,"turns":4},{"damage":2,"enemies":"Lots of Slimes","floor":13,"turns":4},{"damage":16,"enemies":"The Guardian","floor":16,"turns":13},{"damage":16,"enemies":"Chosen","floor":18,"turns":6},{"damage":6,"enemies":"2 Thieves","floor":20,"turns":4},{"damage":4,"enemies":"Centurion and Healer","floor":21,"turns":6},{"damage":13,"enemies":"Snecko","floor":22,"turns":6},{"damage":18,"enemies":"Book of Stabbing","floor":24,"turns":5},{"damage":13,"enemies":"Snake Plant","floor":27,"turns":5},{"damage":9,"enemies":"Shelled Parasite and Fungi","floor":28,"turns":4}],"seed_played":"-8667888395394175594","potions_obtained":[{"floor":3,"key":"DuplicationPotion"},{"floor":7,"key":"Block Potion"},{"floor":10,"key":"CunningPotion"},{"floor":16,"key":"Poison Potion"},{"floor":18,"key":"CunningPotion"},{"floor":21,"key":"AttackPotion"},{"floor":22,"key":"Strength Potion"}],"is_trial":false,"path_per_floor":["M","?","M","M","?","R","E","R","T","M","E","?","M","?","R","B",null,"M","$","M","M","M","R","E","R","T","M","M"],"character_chosen":"THE_SILENT","items_purchased":["Kunai","Noxious Fumes","Terror","DollysMirror","MealTicket"],"campfire_rested":2,"item_purchase_floors":[19,19,19,19,19],"current_hp_per_floor":[62,51,45,45,45,45,28,28,28,24,19,19,17,17,38,22,58,42,42,36,32,19,40,22,22,22,9,0,0],"gold":264,"neow_bonus":"RANDOM_COMMON_RELIC","is_daily":false,"chose_seed":false,"campfire_upgraded":3,"win_rate":0.0,"timestamp":1612932387,"path_taken":["M","?","M","M","?","R","E","R","T","M","E","?","?","?","R","BOSS","M","$","M","?","M","R","E","R","T","M","M"],"items_purchased_type":["Relic","Card","Card","Relic","Relic"],"build_version":"2020-12-22","purchased_purges":1,"victory":false,"max_hp_per_floor":[70,70,70,70,70,70,70,70,70,70,70,70,70,70,70,70,70,70,70,70,70,70,70,70,70,70,70,70,70],"card_choices":[{"not_picked":["Poisoned Stab","Underhanded Strike"],"picked":"Flying Knee","floor":1},{"not_picked":["Outmaneuver","Heel Hook","Quick Slash"],"picked":"SKIP","floor":3},{"not_picked":["Quick Slash","All Out Attack"],"picked":"Blade Dance","floor":4},{"not_picked":["Deflect","Poisoned Stab"],"picked":"Backflip","floor":7},{"not_picked":["Doppelganger","Acrobatics"],"picked":"PiercingWail","floor":10},{"not_picked":["Outmaneuver","Sucker Punch"],"picked":"Deadly Poison","floor":11},{"not_picked":["Poisoned Stab","Slice"],"picked":"A Thousand Cuts","floor":13},{"not_picked":["Tools of the Trade","Grand Finale"],"picked":"Malaise","floor":16},{"not_picked":["Flechettes","Acrobatics","Bane"],"picked":"SKIP","floor":18},{"not_picked":["Outmaneuver","Escape Plan","Cloak And Dagger"],"picked":"SKIP","floor":20},{"not_picked":["Cloak And Dagger","Dagger Throw+1","Reflex+1"],"picked":"SKIP","floor":21},{"not_picked":["Prepared","Quick Slash"],"picked":"Infinite Blades","floor":22},{"not_picked":["Caltrops","Finisher+1"],"picked":"Footwork","floor":24},{"not_picked":["Choke","Cloak And Dagger"],"picked":"Dodge and Roll","floor":27}],"player_experience":344514,"relics_obtained":[{"floor":7,"key":"Ancient Tea Set"},{"floor":11,"key":"Snake Skull"},{"floor":24,"key":"Incense Burner"},{"floor":26,"key":"Regal Pillow"}],"event_choices":[{"damage_healed":0,"gold_gain":75,"player_choice":"Gather Gold","damage_taken":11,"max_hp_gain":0,"max_hp_loss":0,"event_name":"World of Goop","floor":2,"gold_loss":0},{"damage_healed":0,"gold_gain":175,"player_choice":"AGREE","damage_taken":0,"max_hp_gain":0,"max_hp_loss":0,"event_name":"Liars Game","floor":5,"gold_loss":0,"cards_obtained":["Doubt"]},{"damage_healed":0,"gold_gain":0,"player_choice":"Fled","damage_taken":0,"max_hp_gain":0,"max_hp_loss":0,"event_name":"Scrap Ooze","floor":12,"gold_loss":0},{"damage_healed":0,"gold_gain":275,"player_choice":"Desecrate","damage_taken":0,"max_hp_gain":0,"max_hp_loss":0,"event_name":"Golden Shrine","floor":14,"gold_loss":0,"cards_obtained":["Regret"]}],"is_beta":false,"boss_relics":[{"not_picked":["Coffee Dripper","Velvet Choker"],"picked":"Cursed Key"}],"items_purged_floors":[19],"is_endless":false,"potions_floor_spawned":[3,7,10,16,18,21,22],"killed_by":"Shelled Parasite and Fungi","ascension_level":9}}