{"host":"k1qq3tnzhl68zvao","time":1612932366,"event":{"mods":["ATMod(阿瑾Mod)","AchievementEnabler","BaseMod","Colored Powertips","Conspire","DeckTracker","Downfall","Energized Spire","GifTheSpireLib","Minty Spire (QoL Compilation)","Quick Restart","Relic Filter Mod","Replay The Spire","Spicy Shops","StSLib","【遗物卡牌】REMEMod"],"gold_per_floor":[109,109,109,109,125,125,125,125,166,189,241,241,260,68,104,120,120,240,340,363,363,387,387,486,529,529,568,568,568,602,627,648,748,748,871,821,842,842,475,475,490,534,553,553,576,616,640,640,676,695,695,695],"floor_reached":53,"language":"ZHS","playtime":4456,"items_purged":["conspire:GhostlyStrike"],"score":1363,"play_id":"1eb01c90-3583-4d99-8c13-d61816ea870d","local_time":"20210210124606","is_ascension_mode":true,"campfire_choices":[{"data":"Pommel Strike","floor":8,"key":"SMITH"},{"data":"Armaments","floor":17,"key":"SMITH"},{"data":"AT_ShrugMaster","floor":26,"key":"SMITH"},{"floor":29,"key":"RECALL"},{"data":"Offering","floor":34,"key":"SMITH"},{"data":"Flex","floor":44,"key":"SMITH"},{"data":"Limit Break","floor":51,"key":"SMITH"}],"circlet_count":0,"master_deck":["conspire:GhostlyDefend","conspire:GhostlyDefend","conspire:GhostlyDefend","conspire:GhostlyDefend","Bash","Pommel Strike+1","AT_DiedThrough","ReplayTheSpireMod:Muscle Training","Heavy Blade","AT_ShrugMaster+1","Armaments+1","AT_ShrugMaster","AT_BodySlamDance+1","Offering+1","Flex+1","Bite","Bite","Bite","Bite","Bite","AT_BodySlamDance","Limit Break+1","Strike_R","Replay:Many Hands","ReplayTheSpireMod:Strike From Hell+1","conspire:GhostlyDefend","Entrench","Flex+1","AT_ShrugMaster","Dual Wield+1"],"relics":["Burning Blood","AT_ATBox","REME_ComplimentaryCards","NeowsBlessing","Golden Idol","AT_LudenTempest","AT_ForceNature","Juzu Bracelet","BargainBundle","conspire:DecoderRing","Replay:Wanted Poster","Replay:Rubber Ducky","Iron Hammer","AT_DeathDance","Happy Flower","energizedSpire:HugeHouse","ReplayTheSpireMod:TigerMarble","AT_SunfireAegis","Ring of Panic","ReplayTheSpireMod:Lightbulb","Oddly Smooth Stone","Replay:Bottled Snecko"],"acts_visited":["Exordium","TheCity","TheBeyond"],"potions_floor_usage":[27],"damage_taken":[{"damage":0,"enemies":"Small Slimes","floor":1,"turns":1},{"damage":0,"enemies":"conspire:RoseBush","floor":5,"turns":1},{"damage":0,"enemies":"Lagavulin","floor":9,"turns":1},{"damage":0,"enemies":"2 Louse","floor":10,"turns":1},{"damage":6,"enemies":"Looter","floor":13,"turns":2},{"damage":21,"enemies":"3 Sentries","floor":15,"turns":4},{"damage":5,"enemies":"conspire:2 RoseBushes","floor":16,"turns":3},{"damage":5,"enemies":"The Guardian","floor":18,"turns":7},{"damage":4,"enemies":"3 Byrds","floor":20,"turns":2},{"damage":3,"enemies":"conspire:FuzzyDice","floor":22,"turns":2},{"damage":3,"enemies":"Gremlin Leader","floor":25,"turns":3},{"damage":13,"enemies":"REME_1_Revenger","floor":27,"turns":3},{"damage":4,"enemies":"Book of Stabbing","floor":30,"turns":2},{"damage":3,"enemies":"Snake Plant","floor":31,"turns":2},{"damage":3,"enemies":"3 Cultists","floor":32,"turns":4},{"damage":6,"enemies":"Collector","floor":35,"turns":3},{"damage":3,"enemies":"Orb Walker","floor":37,"turns":1},{"damage":2,"enemies":"3 Shapes","floor":41,"turns":2},{"damage":0,"enemies":"Nemesis","floor":42,"turns":3},{"damage":3,"enemies":"Transient","floor":43,"turns":4},{"damage":3,"enemies":"Reptomancer","floor":46,"turns":1},{"damage":3,"enemies":"Jaw Worm Horde","floor":47,"turns":2},{"damage":4,"enemies":"Nemesis","floor":49,"turns":3},{"damage":3,"enemies":"Maw","floor":50,"turns":3},{"damage":24,"enemies":"Awakened One","floor":52,"turns":4}],"seed_played":"-5342459837579426009","potions_obtained":[{"floor":1,"key":"BlessingOfTheForge"},{"floor":13,"key":"DuplicationPotion"},{"floor":22,"key":"Block Potion"},{"floor":27,"key":"Slimebound:ThreeZeroPotion"},{"floor":30,"key":"conspire:TimeTravelPotion"},{"floor":42,"key":"LiquidMemories"}],"is_trial":false,"path_per_floor":["M","?","PTL","PTL","M","?","T","R","E","M","T","?","M","$","E","M","R","B",null,"M","?","M","?","?","E","R","E","T","R","E","M","M","?","R","B",null,"M","?","$","?","M","E","M","R","T","E","M","?","E","M","R","B",null],"character_chosen":"IRONCLAD","items_purchased":["BargainBundle","Armaments","AT_ShrugMaster","AT_BodySlamDance+1","Strength Potion","ReplayTheSpireMod:TigerMarble","AT_SunfireAegis","Entrench"],"campfire_rested":0,"item_purchase_floors":[14,14,14,14,14,39,39,39],"current_hp_per_floor":[78,78,78,78,80,60,60,60,66,72,72,72,72,72,57,58,58,59,75,77,77,80,56,56,56,56,52,52,52,56,56,56,56,56,56,51,51,51,51,51,51,51,51,51,51,51,51,51,51,51,51,35],"gold":695,"neow_bonus":"THREE_ENEMY_KILL","is_daily":false,"chose_seed":false,"campfire_upgraded":6,"win_rate":0.0,"timestamp":1612932366,"path_taken":["M","?","PTL","PTL","M","?","?","R","E","M","T","?","M","?","E","M","R","BOSS","M","?","M","?","?","E","R","E","T","R","E","M","M","?","R","BOSS","M","?","?","?","M","E","M","R","T","E","M","?","E","M","R","BOSS"],"items_purchased_type":["Relic","Card","Card","Card","Potion","Relic","Relic","Card"],"build_version":"2020-12-22","purchased_purges":1,"victory":true,"max_hp_per_floor":[80,80,80,80,80,80,80,80,80,80,80,80,80,80,80,80,80,80,80,80,80,80,56,56,56,56,56,56,56,56,56,56,56,56,56,51,51,51,51,51,51,51,51,51,51,51,51,51,51,51,51,51],"card_choices":[{"not_picked":["Perfected Strike","Clothesline"],"picked":"Pommel Strike","floor":1},{"not_picked":["Shrug It Off","Sword Boomerang"],"picked":"ReplayTheSpireMod:Muscle Training","floor":5},{"not_picked":["ReplayTheSpireMod:Corrosion Curse","Entrench"],"picked":"Heavy Blade","floor":9},{"not_picked":["REME_Scribble","Clash","Clothesline"],"picked":"SKIP","floor":10},{"not_picked":["Twin Strike","Armaments"],"picked":"AT_ShrugMaster","floor":13},{"not_picked":["Intimidate","Run Through","Pommel Strike"],"picked":"SKIP","floor":15},{"not_picked":["Headbutt","Disarm","Armaments"],"picked":"SKIP","floor":16},{"not_picked":["conspire:Purge","Demonic Infusion"],"picked":"Offering","floor":18},{"not_picked":["Evolve+1","Headbutt","AT_IchimonjiDouble"],"picked":"SKIP","floor":20},{"not_picked":["REME_Cut+1","Searing Blow"],"picked":"Flex","floor":22},{"not_picked":["Fiend Fire","Heavy Blade+1","Run Through"],"picked":"SKIP","floor":25},{"not_picked":["AT_IchimonjiDouble","Armaments","ReplayTheSpireMod:Corrosion Curse"],"picked":"SKIP","floor":27},{"not_picked":["Anger","Clothesline","Twin Strike"],"picked":"SKIP","floor":30},{"not_picked":["Anger","Impervious"],"picked":"ReplayTheSpireMod:Stacked","floor":31},{"not_picked":["Pommel Strike","Carnage"],"picked":"AT_BodySlamDance","floor":32},{"not_picked":["REME_TheLastStrike","Hemogenesis"],"picked":"Limit Break","floor":35},{"not_picked":["Anger","Run Through"],"picked":"ReplayTheSpireMod:Strike From Hell+1","floor":37},{"not_picked":["AT_DiedThrough+1","Abandon+1"],"picked":"Flex+1","floor":41},{"not_picked":["Barricade","Sentinel+1"],"picked":"AT_ShrugMaster","floor":42},{"not_picked":["Shrug It Off","Hemokinesis+1","Carnage"],"picked":"SKIP","floor":43},{"not_picked":["Evolve","Shrug It Off+1"],"picked":"Dual Wield+1","floor":46},{"not_picked":["Heavy Blade","ReplayTheSpireMod:Corrosion Curse","AT_BodySlamDance+1"],"picked":"SKIP","floor":47},{"not_picked":["Sword Boomerang+1","ReplayTheSpireMod:Corrosion Curse","Berserk"],"picked":"SKIP","floor":49},{"not_picked":["Battle Trance+1","Shrug It Off+1","Flex"],"picked":"SKIP","floor":50},{"not_picked":["Battle Trance+1","Shrug It Off+1","Flex"],"picked":"SKIP","floor":50}],"player_experience":534253,"relics_obtained":[{"floor":7,"key":"AT_LudenTempest"},{"floor":9,"key":"AT_ForceNature"},{"floor":11,"key":"Juzu Bracelet"},{"floor":15,"key":"conspire:DecoderRing"},{"floor":25,"key":"Replay:Rubber Ducky"},{"floor":27,"key":"Iron Hammer"},{"floor":28,"key":"AT_DeathDance"},{"floor":30,"key":"Happy Flower"},{"floor":40,"key":"Ring of Panic"},{"floor":42,"key":"ReplayTheSpireMod:Lightbulb"},{"floor":45,"key":"Oddly Smooth Stone"},{"floor":46,"key":"Replay:Bottled Snecko"}],"event_choices":[{"damage_healed":0,"gold_gain":0,"cards_transformed":["Strike_R"],"player_choice":"Change","damage_taken":0,"max_hp_gain":0,"max_hp_loss":0,"event_name":"Living Wall","floor":2,"gold_loss":0,"cards_obtained":["AT_DiedThrough"]},{"damage_healed":0,"gold_gain":0,"player_choice":"Take Damage","damage_taken":20,"relics_obtained":["Golden Idol"],"max_hp_gain":0,"max_hp_loss":0,"event_name":"Golden Idol","floor":6,"gold_loss":0},{"damage_healed":0,"gold_gain":0,"player_choice":"Agree","damage_taken":0,"max_hp_gain":0,"max_hp_loss":0,"event_name":"conspire:LoneGhost","floor":12,"gold_loss":0},{"damage_healed":0,"gold_gain":0,"player_choice":"Became a vampire","damage_taken":0,"max_hp_gain":0,"max_hp_loss":24,"event_name":"Vampires","floor":23,"gold_loss":0,"cards_obtained":["Bite","Bite","Bite","Bite","Bite"]},{"damage_healed":0,"gold_gain":99,"player_choice":"Stole From Cult","damage_taken":0,"max_hp_gain":0,"max_hp_loss":0,"event_name":"Nest","floor":24,"gold_loss":0},{"damage_healed":0,"gold_gain":100,"player_choice":"Pray","damage_taken":0,"max_hp_gain":0,"max_hp_loss":0,"event_name":"Golden Shrine","floor":33,"gold_loss":0},{"damage_healed":0,"gold_gain":0,"player_choice":"Leave","damage_taken":0,"max_hp_gain":0,"max_hp_loss":0,"event_name":"conspire:Investor","floor":48,"gold_loss":0}],"is_beta":false,"boss_relics":[{"not_picked":["conspire:SlowCooker","Ectoplasm"],"picked":"Replay:Wanted Poster"},{"not_picked":["Astrolabe","Replay:Drink Me"],"picked":"energizedSpire:HugeHouse"}],"items_purged_floors":[14],"is_endless":false,"potions_floor_spawned":[1,13,16,18,22,27,30,32,42,43,46,47],"ascension_level":9}}