{"host":"26mrfot5w7uj2ebc","time":1612971593,"event":{"mods":["AchievementEnabler","BaseMod","Colored Map","Curses Come First","Minty Spire (QoL Compilation)","StSLib"],"gold_per_floor":[111,124,49,49,62,62,76,93,142,176,176,191,191,209,209,304,304,318,318,91,102,102,121,131,162,233,252,268,268,268,284,284,284,284],"floor_reached":33,"language":"KOR","playtime":2035,"items_purged":["Strike_G"],"score":298,"play_id":"f0779030-28fa-4912-b140-4bf72a03037f","local_time":"20210211003953","is_ascension_mode":false,"campfire_choices":[{"data":"Dagger Spray","floor":6.0,"key":"SMITH"},{"data":"Riddle With Holes","floor":11.0,"key":"SMITH"},{"data":"Neutralize","floor":13.0,"key":"SMITH"},{"floor":15.0,"key":"REST"},{"floor":29,"key":"REST"},{"floor":32,"key":"REST"}],"circlet_count":0,"master_deck":["Defend_G+1","Defend_G+1","Defend_G+1","Defend_G+1","Defend_G+1","Survivor","Dagger Spray+1","Backstab","Footwork","Riddle With Holes+1","Dagger Spray","Grand Finale","Corpse Explosion+1","Leg Sweep+1","Backflip","Bane","Well Laid Plans","Quick Slash","Terror+1","Acrobatics","Writhe","Bullet Time"],"relics":["Ring of the Snake","NeowsBlessing","Nunchaku","StrikeDummy","Astrolabe","ClockworkSouvenir","Blood Vial","Pocketwatch"],"acts_visited":["Exordium","TheCity"],"potions_floor_usage":[25,31,33,33],"damage_taken":[{"damage":0.0,"enemies":"2 Louse","floor":1.0,"turns":1.0},{"damage":0.0,"enemies":"Cultist","floor":2.0,"turns":1.0},{"damage":0.0,"enemies":"Small Slimes","floor":5.0,"turns":1.0},{"damage":0.0,"enemies":"3 Louse","floor":7.0,"turns":2.0},{"damage":3.0,"enemies":"Exordium Wildlife","floor":8.0,"turns":4.0},{"damage":20.0,"enemies":"Gremlin Nob","floor":10.0,"turns":5.0},{"damage":10.0,"enemies":"Looter","floor":12.0,"turns":2.0},{"damage":1.0,"enemies":"Large Slime","floor":14.0,"turns":3.0},{"damage":50.0,"enemies":"Hexaghost","floor":16.0,"turns":11.0},{"damage":18.0,"enemies":"2 Thieves","floor":18.0,"turns":3.0},{"damage":0.0,"enemies":"Spheric Guardian","floor":21.0,"turns":3.0},{"damage":0,"enemies":"Cultist and Chosen","floor":23,"turns":3},{"damage":0,"enemies":"Chosen and Byrds","floor":24,"turns":3},{"damage":16,"enemies":"Book of Stabbing","floor":25,"turns":12},{"damage":0,"enemies":"Snecko","floor":27,"turns":3},{"damage":30,"enemies":"Centurion and Healer","floor":28,"turns":8},{"damage":0,"enemies":"3 Cultists","floor":31,"turns":2},{"damage":81,"enemies":"Champ","floor":33,"turns":14}],"seed_played":"1774399121431075586","potions_obtained":[{"floor":1.0,"key":"CunningPotion"},{"floor":2.0,"key":"Fruit Juice"},{"floor":10.0,"key":"AttackPotion"},{"floor":14.0,"key":"DuplicationPotion"},{"floor":18.0,"key":"Energy Potion"},{"floor":21.0,"key":"Regen Potion"},{"floor":23,"key":"SteroidPotion"},{"floor":28,"key":"FearPotion"}],"is_trial":false,"path_per_floor":["M","M","$","?","M","R","M","M","T","E","R","M","R","M","R","B",null,"M","?","$","M","?","M","M","E","T","M","M","R","?","M","R","B"],"character_chosen":"THE_SILENT","items_purchased":["ClockworkSouvenir","Well Laid Plans"],"campfire_rested":3,"item_purchase_floors":[20,20],"current_hp_per_floor":[70,75,75,75,75,75,75,72,72,52,52,42,42,41,63,13,75,57,57,57,57,57,57,57,41,41,43,15,37,37,44,66,0,0],"gold":284,"neow_bonus":"THREE_ENEMY_KILL","is_daily":false,"chose_seed":false,"campfire_upgraded":3,"win_rate":0.0,"timestamp":1612971593,"path_taken":["M","M","$","?","M","R","?","M","T","E","R","M","R","M","R","BOSS","M","?","$","M","?","M","M","E","T","M","M","R","?","M","R","BOSS"],"items_purchased_type":["Relic","Card"],"build_version":"2020-12-22","purchased_purges":1,"victory":false,"max_hp_per_floor":[70,75,75,75,75,75,75,75,75,75,75,75,75,75,75,75,75,75,75,75,75,75,75,75,75,75,75,75,75,75,75,75,75,75],"card_choices":[{"not_picked":["Well Laid Plans","Poisoned Stab"],"picked":"Dagger Spray","floor":1.0},{"not_picked":["Setup","Crippling Poison"],"picked":"Backstab","floor":2.0},{"not_picked":["Slice","Dagger Throw","Acrobatics"],"picked":"SKIP","floor":5.0},{"not_picked":["Flying Knee","Dagger Throw"],"picked":"Footwork","floor":7.0},{"not_picked":["Dodge and Roll","Crippling Poison","Eviscerate"],"picked":"SKIP","floor":8.0},{"not_picked":["Underhanded Strike","Slice"],"picked":"Riddle With Holes","floor":10.0},{"not_picked":["Dagger Throw","Skewer","Backstab"],"picked":"SKIP","floor":12.0},{"not_picked":["Outmaneuver","Endless Agony"],"picked":"Dagger Spray","floor":14.0},{"not_picked":["Corpse Explosion","Night Terror"],"picked":"Grand Finale","floor":16.0},{"not_picked":["Dagger Spray","Flying Knee","Eviscerate"],"picked":"SKIP","floor":18.0},{"not_picked":["Backstab","Riddle With Holes","Deflect"],"picked":"SKIP","floor":21.0},{"not_picked":["Dagger Spray+1","Flying Knee"],"picked":"Quick Slash","floor":23},{"not_picked":["Flying Knee","Escape Plan","Deflect+1"],"picked":"SKIP","floor":24},{"not_picked":["Blade Dance","Deadly Poison+1"],"picked":"Terror+1","floor":25},{"not_picked":["Bane","Caltrops","Dodge and Roll"],"picked":"SKIP","floor":27},{"not_picked":["Dagger Spray+1","Dagger Throw"],"picked":"Acrobatics","floor":28},{"not_picked":["Backflip","Tactician"],"picked":"Bullet Time","floor":31}],"player_experience":231282,"relics_obtained":[{"floor":9.0,"key":"Nunchaku"},{"floor":10.0,"key":"StrikeDummy"},{"floor":25,"key":"Blood Vial"}],"event_choices":[{"cards_removed":["Strike_G"],"damage_healed":0.0,"max_hp_gain":0.0,"max_hp_loss":0.0,"gold_gain":0.0,"event_name":"Purifier","player_choice":"Purged","floor":4.0,"gold_loss":0.0,"damage_taken":0.0},{"damage_healed":0.0,"max_hp_gain":0.0,"max_hp_loss":0.0,"gold_gain":0.0,"cards_transformed":["Masterful Stab","Neutralize"],"event_name":"Drug Dealer","player_choice":"Became Test Subject","floor":19.0,"gold_loss":0.0,"damage_taken":0.0,"cards_obtained":["Backflip","Bane"]},{"damage_healed":0.0,"max_hp_gain":0.0,"max_hp_loss":0.0,"gold_gain":0.0,"event_name":"Back to Basics","player_choice":"Simplicity","floor":22.0,"gold_loss":0.0,"damage_taken":0.0,"cards_upgraded":["Defend_G","Defend_G","Defend_G","Defend_G","Defend_G"]},{"damage_healed":0,"gold_gain":0,"player_choice":"Opened","damage_taken":0,"relics_obtained":["Pocketwatch"],"max_hp_gain":0,"max_hp_loss":0,"event_name":"The Mausoleum","floor":30,"gold_loss":0,"cards_obtained":["Writhe"]}],"is_beta":false,"boss_relics":[{"not_picked":["Coffee Dripper","Runic Dome"],"picked":"Astrolabe"}],"items_purged_floors":[3],"is_endless":false,"potions_floor_spawned":[1,2,10,14,18,21,23,28],"killed_by":"Champ","ascension_level":0}}