{"host":"gbgc43u9lfev3bcz","time":1612946241,"event":{"mods":["BaseMod","Better Note","Challenge The Spire","Colored Map","Downfall","Minty Spire (QoL Compilation)","StSLib"],"gold_per_floor":[99,7,18,118,28,42,69,69,169,180,193,212,225,258,270,373,373,373,386,82,97,112,112,112,37,67,84,99,99,110,110,110,110,110],"floor_reached":32,"language":"ENG","playtime":3287,"items_purged":["champ:Strike"],"score":291,"play_id":"e6b88647-65f4-41d3-84b7-3a08417f5384","local_time":"20210210023721","is_ascension_mode":false,"campfire_choices":[{"data":"champ:Execute","floor":1,"key":"SMITH"},{"data":"champ:Taunt","floor":8,"key":"SMITH"},{"floor":18,"key":"RECALL"},{"data":"champ:IronFortress","floor":23,"key":"SMITH"}],"circlet_count":0,"master_deck":["champ:Strike","champ:Strike+1","champ:Strike","champ:Defend","champ:Defend","champ:Defend","champ:Defend+1","champ:Execute+1","champ:Taunt+1","champ:FocusedDefense+1","champ:ShieldWall","champ:ShieldWall","champ:TornadoPunch","champ:FalseCounter","champ:Taunt","champ:TornadoPunch","champ:FalseCounter","champ:ShieldThrow","Madness","downfall:Icky","champ:CrookedStrike","champ:StanceDance","champ:EnragedBash","champ:ShieldThrow","champ:PreemptiveStrike+1","champ:FlashCut","champ:UltimateStance","champ:FlashCut+1","champ:ShieldThrow","champ:IronFortress+1","champ:Lariat","champ:GladiatorForm","champ:FalseCounter"],"relics":["champ:ChampionCrown","Oddly Smooth Stone","downfall:GremlinSack","War Paint","Philosopher\u0027s Stone","Gremlin Horn","The Courier","Whetstone"],"acts_visited":["Exordium","TheCity"],"potions_floor_usage":[14,15,25,26,26,30,32],"damage_taken":[{"damage":20,"enemies":"downfall:FleeingMerchant","floor":2,"turns":4},{"damage":18,"enemies":"Jaw Worm","floor":3,"turns":3},{"damage":15,"enemies":"downfall:FleeingMerchant","floor":5,"turns":4},{"damage":12,"enemies":"Small Slimes","floor":6,"turns":3},{"damage":20,"enemies":"Small Slimes","floor":9,"turns":5},{"damage":0,"enemies":"Cultist","floor":10,"turns":4},{"damage":21,"enemies":"Blue Slaver","floor":11,"turns":4},{"damage":0,"enemies":"2 Fungi Beasts","floor":12,"turns":2},{"damage":35,"enemies":"Large Slime","floor":13,"turns":5},{"damage":10,"enemies":"Lagavulin","floor":14,"turns":6},{"damage":20,"enemies":"Lots of Slimes","floor":15,"turns":2},{"damage":54,"enemies":"IC_STATUS_ARCHETYPE","floor":16,"turns":8},{"damage":18,"enemies":"Spheric Guardian","floor":19,"turns":3},{"damage":20,"enemies":"downfall:FleeingMerchant","floor":20,"turns":4},{"damage":10,"enemies":"Shell Parasite","floor":21,"turns":5},{"damage":26,"enemies":"Snake Plant","floor":22,"turns":4},{"damage":28,"enemies":"downfall:FleeingMerchant","floor":25,"turns":4},{"damage":32,"enemies":"Book of Stabbing","floor":26,"turns":6},{"damage":27,"enemies":"Centurion and Healer","floor":27,"turns":5},{"damage":30,"enemies":"Snecko","floor":28,"turns":5},{"damage":14,"enemies":"Cultist and Chosen","floor":30,"turns":6},{"damage":14,"enemies":"Snake Plant","floor":32,"turns":2}],"seed_played":"701617443179455626","potions_obtained":[{"floor":3,"key":"Slimebound:ThreeZeroPotion"},{"floor":10,"key":"Regen Potion"},{"floor":12,"key":"BlessingOfTheForge"},{"floor":14,"key":"Fire Potion"},{"floor":15,"key":"Dexterity Potion"},{"floor":26,"key":"Explosive Potion"},{"floor":28,"key":"champ:CounterPotion"}],"is_trial":false,"path_per_floor":["R","$","M","?","$","M","T","R","?","M","M","M","M","E","M","B",null,"R","M","$","M","M","R","T","$","E","M","M","?","M","?","M"],"character_chosen":"THE_CHAMP","items_purchased":["champ:ShieldWall","champ:IronFortress","Gremlin Horn","LiquidBronze"],"campfire_rested":0,"item_purchase_floors":[2,20,20,25],"current_hp_per_floor":[99,99,91,91,91,89,89,89,79,79,58,58,43,57,57,23,99,99,96,91,91,85,85,85,67,55,48,33,18,9,9,0,0,0],"gold":110,"neow_bonus":"TEN_PERCENT_HP_BONUS","is_daily":false,"chose_seed":false,"campfire_upgraded":3,"win_rate":0.0,"timestamp":1612946241,"path_taken":["R","$","M","?","$","M","T","R","?","M","M","M","M","E","M","BOSS","R","M","$","M","M","R","T","?","E","M","M","?","M","?","M"],"items_purchased_type":["Card","Card","Relic","Potion"],"build_version":"2020-12-22","purchased_purges":1,"victory":false,"max_hp_per_floor":[99,99,99,99,99,99,99,99,99,99,99,99,99,99,99,99,99,99,99,99,99,99,99,99,99,99,99,99,99,99,99,99,99,99],"card_choices":[{"not_picked":["champ:AdrenalArmor","champ:CrownThrow"],"picked":"champ:FocusedDefense","floor":2},{"not_picked":["champ:AdrenalArmor","champ:StanceDance"],"picked":"champ:ShieldWall","floor":3},{"not_picked":["champ:FaceSlap","champ:BerserkersShout"],"picked":"champ:TornadoPunch","floor":5},{"not_picked":["champ:BladeFlurry","champ:RecklessLeap"],"picked":"champ:FalseCounter","floor":6},{"not_picked":["champ:Haymaker","champ:TornadoPunch"],"picked":"champ:CrookedStrike","floor":9},{"not_picked":["champ:BerserkersShout","champ:AdrenalArmor","champ:TornadoPunch"],"picked":"SKIP","floor":10},{"not_picked":["champ:FlashCut","champ:RisingSlash"],"picked":"champ:StanceDance","floor":11},{"not_picked":["champ:Backstep","champ:BladeFlurry"],"picked":"champ:EnragedBash","floor":12},{"not_picked":["champ:CrookedStrike","champ:FalseCounter"],"picked":"champ:ShieldThrow","floor":13},{"not_picked":["champ:TornadoPunch","champ:GladiatorStyle"],"picked":"champ:PreemptiveStrike","floor":14},{"not_picked":["champ:FocusedDefense","champ:BladeFlurry"],"picked":"champ:FlashCut","floor":15},{"not_picked":["champ:HeavySlash","champ:CheapShot"],"picked":"champ:UltimateStance","floor":16},{"not_picked":["champ:PerfectedStrike","champ:BerserkersShout"],"picked":"champ:FlashCut+1","floor":19},{"not_picked":["champ:FlashCut+1","champ:RapidStrikes"],"picked":"champ:ShieldThrow","floor":20},{"not_picked":["champ:FocusedBerserking","champ:StanceDance+1","champ:Shatter"],"picked":"SKIP","floor":21},{"not_picked":["champ:BerserkersShout","champ:FanOfKnives+1"],"picked":"champ:Lariat","floor":22},{"not_picked":["champ:Circumvent","champ:GutPunch+1","champ:CalledShot"],"picked":"SKIP","floor":25},{"not_picked":["champ:PreemptiveStrike","champ:EnGarde"],"picked":"champ:GladiatorForm","floor":26},{"not_picked":["champ:FanOfKnives","champ:PerfectedStrike"],"picked":"champ:FalseCounter","floor":27},{"not_picked":["champ:Shatter","champ:RapidStrikes","champ:AdrenalArmor+1"],"picked":"SKIP","floor":28},{"not_picked":["champ:RecklessLeap+1","champ:SkillfulDodge","champ:DefensiveShout"],"picked":"SKIP","floor":30}],"player_experience":565028,"relics_obtained":[{"floor":7,"key":"Oddly Smooth Stone"},{"floor":9,"key":"downfall:GremlinSack"},{"floor":14,"key":"War Paint"},{"floor":24,"key":"The Courier"},{"floor":26,"key":"Whetstone"}],"event_choices":[],"is_beta":false,"boss_relics":[{"not_picked":["bronze:MakeshiftBattery","Snecko Eye"],"picked":"Philosopher\u0027s Stone"}],"items_purged_floors":[5],"is_endless":false,"potions_floor_spawned":[3,10,12,13,14,15,22,26,28],"killed_by":"Snake Plant","ascension_level":0}}