{"host":"8rqsnaeml9gxb0kp","time":1612942768,"event":{"mods":["AchievementEnabler","BaseMod","Dark Map","Minty Spire (QoL Compilation)","Relic Stats","StSLib","slay the spire mod where everything is the same but ironclad has a cowboy hat"],"gold_per_floor":[118,132,151,151,168,201,201,236,259,279,114,134,134,134],"floor_reached":13,"language":"ENG","playtime":654,"items_purged":[],"score":189,"play_id":"abb49cdb-d491-44db-8019-7a3f8e13e912","local_time":"20210209233928","is_ascension_mode":true,"campfire_choices":[{"floor":7,"key":"REST"}],"circlet_count":0,"master_deck":["AscendersBane","Strike_R","Strike_R","Strike_R","Strike_R","Strike_R","Defend_R","Defend_R","Defend_R","Defend_R","Bash","Clothesline","Blood for Blood","Pommel Strike","Headbutt","Bludgeon","Shrug It Off"],"relics":["Sozu","Matryoshka","Orichalcum","MealTicket","Happy Flower","Art of War"],"acts_visited":["Exordium"],"potions_floor_usage":[],"damage_taken":[{"damage":2,"enemies":"Cultist","floor":1,"turns":4},{"damage":4,"enemies":"Small Slimes","floor":2,"turns":3},{"damage":2,"enemies":"Jaw Worm","floor":3,"turns":3},{"damage":10,"enemies":"Exordium Thugs","floor":5,"turns":5},{"damage":20,"enemies":"Lagavulin","floor":6,"turns":5},{"damage":37,"enemies":"3 Sentries","floor":8,"turns":8},{"damage":6,"enemies":"Looter","floor":10,"turns":2},{"damage":17,"enemies":"Gremlin Gang","floor":12,"turns":5},{"damage":11,"enemies":"Lagavulin","floor":13,"turns":3}],"seed_played":"-2912771074891281313","potions_obtained":[],"is_trial":false,"path_per_floor":["M","M","M","$","M","E","R","E","T","M","$","M","E"],"character_chosen":"IRONCLAD","items_purchased":["Art of War"],"campfire_rested":1,"item_purchase_floors":[11],"current_hp_per_floor":[66,62,60,60,50,30,52,15,15,9,24,7,0,0],"gold":134,"neow_bonus":"BOSS_RELIC","is_daily":false,"chose_seed":false,"campfire_upgraded":0,"win_rate":0.0,"timestamp":1612942768,"path_taken":["M","M","M","$","M","E","R","E","T","?","$","M","E"],"items_purchased_type":["Relic"],"build_version":"2020-12-22","purchased_purges":0,"victory":false,"max_hp_per_floor":[75,75,75,75,75,75,75,75,75,75,75,75,75,75],"relic_stats":{"Sozu":3,"Happy Flower":[3],"counters":[9,38],"MealTicket":15,"Art of War":[0],"Orichalcum":[12],"obtain_stats":[{"Sozu":0,"Matryoshka":6,"Happy Flower":9,"MealTicket":9,"Art of War":11,"Orichalcum":8,"Burning Blood":0},{"Sozu":0,"Matryoshka":5,"Happy Flower":6,"MealTicket":6,"Art of War":7,"Orichalcum":6,"Burning Blood":0},{"Sozu":0,"Matryoshka":20,"Happy Flower":28,"MealTicket":28,"Art of War":30,"Orichalcum":28,"Burning Blood":0}]},"card_choices":[{"not_picked":["True Grit","Seeing Red","Warcry"],"picked":"SKIP","floor":1},{"not_picked":["Havoc","Power Through"],"picked":"Clothesline","floor":2},{"not_picked":["Havoc","Armaments"],"picked":"Blood for Blood","floor":3},{"not_picked":["Iron Wave","Intimidate"],"picked":"Pommel Strike","floor":5},{"not_picked":["Clash","Sword Boomerang"],"picked":"Headbutt","floor":6},{"not_picked":["Evolve","Flex"],"picked":"Bludgeon","floor":8},{"not_picked":["Havoc","Perfected Strike","Wild Strike"],"picked":"SKIP","floor":10},{"not_picked":["Armaments","Heavy Blade"],"picked":"Shrug It Off","floor":12}],"player_experience":189112,"relics_obtained":[{"floor":6,"key":"Matryoshka"},{"floor":8,"key":"Orichalcum"},{"floor":9,"key":"MealTicket"},{"floor":9,"key":"Happy Flower"}],"event_choices":[],"is_beta":false,"boss_relics":[],"items_purged_floors":[],"is_endless":false,"potions_floor_spawned":[3,8,10],"killed_by":"Lagavulin","ascension_level":19}}