{"host":"f3chan41r3z23lol","time":1612948817,"event":{"mods":["BaseMod","Hermit","Minty Spire (QoL Compilation)","StSLib","The Poker Player"],"gold_per_floor":[113,38,38,38,50,50,50,79,106,106,106,143,170,199,199,301,301,312,30,30,46,64,107,107,107,107,140,165,165,165,20,20,130,130,140,153,163,19,19,19,30,30,30,62,89,104,104,147,147,147],"floor_reached":51,"language":"KOR","playtime":1370,"items_purged":["PokerPlayerMod:ClubsClub","PokerPlayerMod:RiskyBet"],"score":1056,"play_id":"cd0c7f6e-0ff0-4f3d-990d-c3c1571eb864","local_time":"20210210182017","daily_mods":["Draft","Vintage","Heirloom","Flight","DeadlyEvents","Elite Swarm"],"is_ascension_mode":true,"metric_token":350,"campfire_choices":[{"data":"PokerPlayerMod:Club2","floor":6,"key":"SMITH"},{"data":"PokerPlayerMod:Club1","floor":7,"key":"SMITH"},{"data":"PokerPlayerMod:Club2","floor":10,"key":"SMITH"},{"data":"PokerPlayerMod:Club3","floor":11,"key":"SMITH"},{"floor":15,"key":"REST"},{"data":"PokerPlayerMod:Heart2","floor":24,"key":"SMITH"},{"data":"PokerPlayerMod:Heart3","floor":25,"key":"SMITH"},{"data":"PokerPlayerMod:Raise","floor":30,"key":"SMITH"},{"floor":32,"key":"REST"},{"data":"PokerPlayerMod:Club3","floor":40,"key":"SMITH"},{"data":"PokerPlayerMod:Club3","floor":42,"key":"SMITH"},{"data":"PokerPlayerMod:Club3","floor":47,"key":"SMITH"},{"data":"PokerPlayerMod:Club4","floor":49,"key":"SMITH"}],"circlet_count":0,"master_deck":["PokerPlayerMod:ClubsClub+1","PokerPlayerMod:Raise+1","PokerPlayerMod:Club5","PokerPlayerMod:Club4","PokerPlayerMod:Raise+1","PokerPlayerMod:Club4","PokerPlayerMod:Club9","PokerPlayerMod:Spade4","PokerPlayerMod:Spade4","PokerPlayerMod:Club4","PokerPlayerMod:Club5","PokerPlayerMod:Spade4","PokerPlayerMod:Duplicate+1","PokerPlayerMod:Heart4","PokerPlayerMod:ItsShowtime+1","PokerPlayerMod:Club9","PokerPlayerMod:Heart7"],"relics":["PokerPlayerMod:DeckCase","Calipers","Toxic Egg 2","PokerPlayerMod:Splitter","Kunai","CeramicFish","Prayer Wheel","Tiny Chest","Bottled Flame","Black Star","Akabeko","Lee\u0027s Waffle","Regal Pillow","Ornamental Fan","PokerPlayerMod:EnergeticBat","Potion Belt","Ginger","Matryoshka","Thread and Needle","Turnip","Whetstone","Orichalcum","Philosopher\u0027s Stone","Molten Egg 2","Singing Bowl","PokerPlayerMod:BrokenClock","Membership Card","PreservedInsect","Sundial","The Courier","Bag of Marbles","TungstenRod","Smiling Mask","Boot","Pen Nib","War Paint","Mummified Hand"],"acts_visited":["Exordium","TheCity","TheBeyond"],"potions_floor_usage":[],"damage_taken":[{"damage":0,"enemies":"Cultist","floor":1,"turns":1},{"damage":0,"enemies":"Small Slimes","floor":5,"turns":2},{"damage":13,"enemies":"3 Sentries","floor":8,"turns":3},{"damage":0,"enemies":"Gremlin Nob","floor":12,"turns":2},{"damage":12,"enemies":"Lagavulin","floor":13,"turns":3},{"damage":9,"enemies":"3 Sentries","floor":14,"turns":2},{"damage":0,"enemies":"Slime Boss","floor":16,"turns":2},{"damage":0,"enemies":"2 Thieves","floor":18,"turns":2},{"damage":10,"enemies":"Shell Parasite","floor":21,"turns":2},{"damage":2,"enemies":"Chosen and Byrds","floor":22,"turns":3},{"damage":21,"enemies":"Slavers","floor":23,"turns":3},{"damage":0,"enemies":"Book of Stabbing","floor":27,"turns":2},{"damage":0,"enemies":"Slavers","floor":28,"turns":1},{"damage":0,"enemies":"Champ","floor":33,"turns":6},{"damage":0,"enemies":"Orb Walker","floor":35,"turns":1},{"damage":9,"enemies":"3 Shapes","floor":36,"turns":2},{"damage":0,"enemies":"Maw","floor":37,"turns":4},{"damage":0,"enemies":"Transient","floor":41,"turns":5},{"damage":4,"enemies":"Giant Head","floor":44,"turns":5},{"damage":0,"enemies":"Spire Growth","floor":46,"turns":1},{"damage":4,"enemies":"Nemesis","floor":48,"turns":2},{"damage":39,"enemies":"Donu and Deca","floor":50,"turns":5}],"seed_played":"2050195238555409362","potions_obtained":[{"floor":5,"key":"Energy Potion"},{"floor":12,"key":"AttackPotion"},{"floor":14,"key":"PowerPotion"},{"floor":23,"key":"BlessingOfTheForge"},{"floor":27,"key":"Block Potion"}],"is_trial":true,"path_per_floor":["M","$","?","?","M","R","R","E","T","R","R","E","E","E","R","B",null,"M","$","?","M","M","E","R","R","T","E","E","?","R","$","R","B",null,"M","M","M","$","?","R","M","R","T","E","T","M","R","E","R","B",null],"character_chosen":"THE_POKER_PLAYER","items_purchased":["Lee\u0027s Waffle","PokerPlayerMod:Heart2","Orichalcum","Membership Card"],"campfire_rested":2,"item_purchase_floors":[19,19,31,38],"current_hp_per_floor":[52,52,52,52,52,52,52,39,39,39,39,39,27,18,33,33,52,52,59,49,39,43,27,27,27,27,33,33,33,33,33,64,64,64,64,61,64,64,64,64,64,64,64,62,62,62,62,66,66,27],"gold":147,"neow_bonus":"","is_daily":false,"chose_seed":false,"campfire_upgraded":11,"win_rate":0.0,"timestamp":1612948817,"path_taken":["M","$","?","?","?","R","R","E","T","R","R","E","?","E","R","BOSS","M","$","?","M","M","E","R","R","T","E","E","?","R","$","R","BOSS","M","M","M","$","?","R","M","R","T","E","?","?","R","E","R","BOSS"],"items_purchased_type":["Relic","Card","Relic","Relic"],"build_version":"2020-12-22","purchased_purges":2,"victory":true,"max_hp_per_floor":[52,52,52,52,52,52,52,52,52,52,52,52,52,52,52,52,52,52,59,64,64,64,64,64,64,64,64,64,64,64,64,64,64,64,64,64,64,64,64,64,64,64,64,66,66,66,66,66,66,66],"card_choices":[{"not_picked":["PokerPlayerMod:SpadeStrike","PokerPlayerMod:Spade3"],"picked":"PokerPlayerMod:ClubsClub","floor":0},{"not_picked":["PokerPlayerMod:CloakAndDiamond","PokerPlayerMod:Fold"],"picked":"PokerPlayerMod:RiskyBet","floor":0},{"not_picked":["PokerPlayerMod:SpadeStrike","PokerPlayerMod:Diamond1"],"picked":"PokerPlayerMod:ClubsClub","floor":0},{"not_picked":["PokerPlayerMod:ClubStrike","PokerPlayerMod:DiamondStrike"],"picked":"PokerPlayerMod:Raise","floor":0},{"not_picked":["PokerPlayerMod:Club3","PokerPlayerMod:Trickery"],"picked":"PokerPlayerMod:Club5","floor":0},{"not_picked":["PokerPlayerMod:Diamond1","PokerPlayerMod:Manipulation"],"picked":"PokerPlayerMod:MagicTrick","floor":0},{"not_picked":["PokerPlayerMod:Heart1","PokerPlayerMod:Spade5"],"picked":"PokerPlayerMod:Club2","floor":0},{"not_picked":["PokerPlayerMod:Spade3","PokerPlayerMod:HotShotCut"],"picked":"PokerPlayerMod:Raise","floor":0},{"not_picked":["PokerPlayerMod:Extraction","PokerPlayerMod:DamnStraight"],"picked":"PokerPlayerMod:Club1","floor":0},{"not_picked":["PokerPlayerMod:Diamond1","PokerPlayerMod:Diamond3"],"picked":"PokerPlayerMod:Club9","floor":0},{"not_picked":["PokerPlayerMod:Raise","PokerPlayerMod:Diamond2"],"picked":"PokerPlayerMod:Spade4","floor":0},{"not_picked":["PokerPlayerMod:Heart4","PokerPlayerMod:DartThrow"],"picked":"PokerPlayerMod:Spade4","floor":0},{"not_picked":["PokerPlayerMod:Trickery","PokerPlayerMod:ClubStrike"],"picked":"PokerPlayerMod:Club2","floor":0},{"not_picked":["PokerPlayerMod:CardBurn","PokerPlayerMod:PoorCopy"],"picked":"PokerPlayerMod:Club2","floor":0},{"not_picked":["PokerPlayerMod:Diamond2","PokerPlayerMod:Diamond4"],"picked":"PokerPlayerMod:Spade4","floor":0},{"not_picked":["PokerPlayerMod:Heart1","PokerPlayerMod:WasteCollection+1","PokerPlayerMod:VarietyAttack"],"picked":"SKIP","floor":8},{"not_picked":["PokerPlayerMod:ChangeRules","PokerPlayerMod:Spade1"],"picked":"PokerPlayerMod:Duplicate+1","floor":12},{"not_picked":["PokerPlayerMod:Diamond3","PokerPlayerMod:StackedDeck","PokerPlayerMod:WasteCollection+1"],"picked":"SKIP","floor":13},{"not_picked":["PokerPlayerMod:SecretDealer+1","PokerPlayerMod:Diamond6","PokerPlayerMod:FakeSymbols"],"picked":"SKIP","floor":14},{"not_picked":["PokerPlayerMod:StackedDeck","PokerPlayerMod:Spade8"],"picked":"PokerPlayerMod:ItsShowtime+1","floor":23},{"not_picked":["PokerPlayerMod:ChangeRules","PokerPlayerMod:Spade3","PokerPlayerMod:RoyalStrike"],"picked":"SKIP","floor":27},{"not_picked":["PokerPlayerMod:Club2","PokerPlayerMod:GamblerForm","PokerPlayerMod:Spade9"],"picked":"SKIP","floor":28},{"not_picked":["PokerPlayerMod:Club7","PokerPlayerMod:FakeSymbols"],"picked":"PokerPlayerMod:Club9","floor":33},{"not_picked":["PokerPlayerMod:StackedDeck","PokerPlayerMod:TheDieIsCast+1","PokerPlayerMod:FakeSymbols"],"picked":"Singing Bowl","floor":44},{"not_picked":["PokerPlayerMod:TheDieIsCast+1","PokerPlayerMod:Diamond2"],"picked":"PokerPlayerMod:Heart7","floor":48}],"player_experience":252818,"relics_obtained":[{"floor":1,"key":"Toxic Egg 2"},{"floor":5,"key":"PokerPlayerMod:Splitter"},{"floor":8,"key":"Kunai"},{"floor":9,"key":"CeramicFish"},{"floor":12,"key":"Prayer Wheel"},{"floor":13,"key":"Tiny Chest"},{"floor":14,"key":"Bottled Flame"},{"floor":18,"key":"Akabeko"},{"floor":21,"key":"Regal Pillow"},{"floor":22,"key":"Ornamental Fan"},{"floor":23,"key":"PokerPlayerMod:EnergeticBat"},{"floor":23,"key":"Potion Belt"},{"floor":26,"key":"Ginger"},{"floor":27,"key":"Matryoshka"},{"floor":27,"key":"Thread and Needle"},{"floor":28,"key":"Turnip"},{"floor":28,"key":"Whetstone"},{"floor":35,"key":"Molten Egg 2"},{"floor":36,"key":"Singing Bowl"},{"floor":37,"key":"PokerPlayerMod:BrokenClock"},{"floor":41,"key":"PreservedInsect"},{"floor":43,"key":"Sundial"},{"floor":43,"key":"The Courier"},{"floor":44,"key":"Bag of Marbles"},{"floor":44,"key":"TungstenRod"},{"floor":45,"key":"Smiling Mask"},{"floor":45,"key":"Boot"},{"floor":46,"key":"Pen Nib"},{"floor":48,"key":"War Paint"},{"floor":48,"key":"Mummified Hand"}],"event_choices":[{"damage_healed":0,"gold_gain":0,"player_choice":"Grow","damage_taken":0,"max_hp_gain":0,"max_hp_loss":0,"event_name":"Living Wall","floor":3,"gold_loss":0,"cards_upgraded":["PokerPlayerMod:Club3"]},{"damage_healed":0,"gold_gain":0,"player_choice":"Forge","damage_taken":0,"max_hp_gain":0,"max_hp_loss":0,"event_name":"Accursed Blacksmith","floor":4,"gold_loss":0,"cards_upgraded":["PokerPlayerMod:Club3"]},{"damage_healed":0,"gold_gain":0,"player_choice":"Shed Blood","damage_taken":15,"max_hp_gain":5,"max_hp_loss":0,"event_name":"Forgotten Altar","floor":20,"gold_loss":0},{"damage_healed":0,"gold_gain":0,"player_choice":"Ignored","damage_taken":0,"max_hp_gain":0,"max_hp_loss":0,"event_name":"The Mausoleum","floor":29,"gold_loss":0},{"cards_removed":["PokerPlayerMod:MagicTrick"],"damage_healed":0,"gold_gain":0,"player_choice":"Removed Skill","damage_taken":0,"max_hp_gain":0,"max_hp_loss":0,"event_name":"Falling","floor":39,"gold_loss":0}],"is_beta":false,"boss_relics":[{"not_picked":["Calling Bell","Fusion Hammer"],"picked":"Black Star"},{"not_picked":["Cursed Key","Velvet Choker"],"picked":"Philosopher\u0027s Stone"}],"items_purged_floors":[2,19],"is_endless":false,"potions_floor_spawned":[5,12,14,16,22,23,27,33,35,41,46],"ascension_level":1}}