{"host":"ndpbn7fqb3wjbd7p","time":1612940869,"event":{"mods":["AchievementEnabler","Act Like it!","AlwaysNeverKeys","BaseMod","Better Vampires","Block Reminder","Colored Powertips","DeckTracker","Defuse TimeMaze Blight","Friendly Minions","Hallownest","Hermit","Highlight Path","MarisaÅiñ∂âJÅ@ñÇóùçπÅj","Minty Spire (QoL Compilation)","Permanent Neow","Shade Mod","StSLib","SuperFastMode","Synergy Search","The Mystic","Unceasing Turn Reminder","Wandering Minibosses","egg"],"gold_per_floor":[113,127,52,68,68,68,68,68,68,94,107,119,129,29,29,133,133,145,20,20,39,39,39,66,66,89,89,89,108,108,108,108,209,209,225,75,75,92,92,124,124,152,152,152,164,164,193,207,207,207],"floor_reached":51,"language":"ENG","playtime":3190,"items_purged":["Strike_B","Strike_B","Defend_B","Dualcast"],"score":1212,"play_id":"d2ba85c3-e8aa-4226-9fa9-5d46250d1a7d","local_time":"20210210080749","is_ascension_mode":true,"campfire_choices":[{"data":"Defragment","floor":6,"key":"SMITH"},{"data":"Coolheaded","floor":15,"key":"SMITH"},{"data":"Impatience","floor":23,"key":"SMITH"},{"data":"Capacitor","floor":25,"key":"SMITH"},{"data":"Glacier","floor":27,"key":"SMITH"},{"data":"Self Repair","floor":32,"key":"SMITH"},{"data":"Blizzard","floor":41,"key":"SMITH"},{"data":"Echo Form","floor":44,"key":"SMITH"},{"data":"Glacier","floor":49,"key":"SMITH"}],"circlet_count":0,"master_deck":["AscendersBane","Zap","Impatience+1","Glacier+1","Defragment+1","Capacitor+1","Glacier+1","Coolheaded+1","Echo Form+1","Self Repair+1","Glacier+1","Go for the Eyes+1","Chill","Amplify","Defragment+1","Blizzard+1","Defragment+1","Capacitor+1"],"relics":["Cracked Core","Anchor","Oddly Smooth Stone","Empty Cage","PreservedInsect","Lantern","Coffee Dripper","Blood Vial","Vajra","HornCleat","Frozen Egg 2"],"acts_visited":["Exordium","TheCity","TheBeyond"],"potions_floor_usage":[16,16,24,42,45,50,50],"damage_taken":[{"damage":6,"enemies":"Cultist","floor":1,"turns":3},{"damage":8,"enemies":"Small Slimes","floor":2,"turns":3},{"damage":4,"enemies":"2 Louse","floor":4,"turns":3},{"damage":3,"enemies":"Blue Slaver","floor":11,"turns":3},{"damage":0,"enemies":"2 Fungi Beasts","floor":12,"turns":4},{"damage":0,"enemies":"Large Slime","floor":13,"turns":9},{"damage":8,"enemies":"Slime Boss","floor":16,"turns":9},{"damage":5,"enemies":"Spheric Guardian","floor":18,"turns":6},{"damage":0,"enemies":"Chosen","floor":21,"turns":8},{"damage":15,"enemies":"Slavers","floor":24,"turns":14},{"damage":25,"enemies":"Shelled Parasite and Fungi","floor":29,"turns":5},{"damage":25,"enemies":"Collector","floor":33,"turns":16},{"damage":4,"enemies":"3 Shapes","floor":35,"turns":7},{"damage":0,"enemies":"Orb Walker","floor":38,"turns":5},{"damage":0,"enemies":"Giant Head","floor":40,"turns":9},{"damage":0,"enemies":"Reptomancer","floor":42,"turns":7},{"damage":0,"enemies":"Transient","floor":45,"turns":5},{"damage":4,"enemies":"Nemesis","floor":47,"turns":11},{"damage":0,"enemies":"Maw","floor":48,"turns":8},{"damage":24,"enemies":"Donu and Deca","floor":50,"turns":8}],"seed_played":"4950683889590636595","potions_obtained":[{"floor":1,"key":"SpeedPotion"},{"floor":2,"key":"Block Potion"},{"floor":4,"key":"Swift Potion"},{"floor":21,"key":"SkillPotion"},{"floor":33,"key":"SkillPotion"},{"floor":35,"key":"Strength Potion"},{"floor":40,"key":"SkillPotion"},{"floor":45,"key":"SteroidPotion"},{"floor":46,"key":"DuplicationPotion"},{"floor":46,"key":"Strength Potion"},{"floor":48,"key":"Dexterity Potion"}],"is_trial":false,"path_per_floor":["M","M","$","M","?","R","$","?","T","T","M","M","M","$","R","B",null,"M","$","?","M","?","R","E","R","T","R","?","M","?","$","R","B",null,"M","$","?","M","?","E","R","E","T","R","M","?","E","M","R","B",null],"character_chosen":"DEFECT","items_purchased":[],"campfire_rested":0,"item_purchase_floors":[],"current_hp_per_floor":[62,54,54,50,50,50,50,35,35,35,32,32,32,32,32,24,62,57,57,57,57,57,57,42,42,42,42,42,31,31,31,31,16,60,66,66,66,75,75,75,75,75,75,75,75,75,75,75,75,61],"gold":207,"neow_bonus":"RANDOM_COLORLESS","is_daily":false,"chose_seed":false,"campfire_upgraded":9,"win_rate":0.0,"timestamp":1612940869,"path_taken":["M","M","$","M","?","R","?","?","T","?","M","M","M","$","R","BOSS","M","$","?","M","?","R","E","R","T","R","?","M","?","$","R","BOSS","M","$","?","M","?","E","R","E","T","R","M","?","E","M","R","BOSS"],"items_purchased_type":[],"build_version":"2020-12-22","purchased_purges":4,"victory":true,"max_hp_per_floor":[75,75,75,75,75,75,75,75,75,75,75,75,75,75,75,75,75,75,75,75,75,75,75,75,75,75,75,75,75,75,75,75,75,75,75,75,75,75,75,75,75,75,75,75,75,75,75,75,75,75],"card_choices":[{"not_picked":["Blind","Jack Of All Trades"],"picked":"Impatience","floor":0},{"not_picked":["Storm","Leap"],"picked":"Glacier","floor":1},{"not_picked":["Chaos","Self Repair"],"picked":"Defragment","floor":2},{"not_picked":["Beam Cell","Compile Driver"],"picked":"Gash","floor":4},{"not_picked":["Auto Shields","Gash"],"picked":"Capacitor","floor":11},{"not_picked":["Lockon","Rebound"],"picked":"Glacier","floor":12},{"not_picked":["Aggregate","Fusion"],"picked":"Coolheaded","floor":13},{"not_picked":["Hyperbeam","Buffer"],"picked":"Echo Form","floor":16},{"not_picked":["Ball Lightning","Steam","Sweeping Beam"],"picked":"SKIP","floor":18},{"not_picked":["Coolheaded","Redo","Ball Lightning"],"picked":"SKIP","floor":21},{"not_picked":["Consume","Skim","Recycle"],"picked":"SKIP","floor":24},{"not_picked":["Barrage","Compile Driver+1"],"picked":"Go for the Eyes+1","floor":29},{"not_picked":["Thunder Strike","Biased Cognition"],"picked":"Amplify","floor":33},{"not_picked":["Force Field","Cold Snap+1"],"picked":"Defragment+1","floor":35},{"not_picked":["Hologram","Turbo"],"picked":"Blizzard","floor":38},{"not_picked":["Sunder+1","Reinforced Body+1","Melter+1"],"picked":"SKIP","floor":40},{"not_picked":["Redo","Double Energy"],"picked":"Defragment+1","floor":42},{"not_picked":["Stack+1","Scrape+1","Static Discharge+1"],"picked":"SKIP","floor":45},{"not_picked":["Steam","Hologram+1"],"picked":"Capacitor+1","floor":47},{"not_picked":["Fusion+1","Rebound","Stack+1"],"picked":"SKIP","floor":48}],"player_experience":1218187,"relics_obtained":[{"floor":9,"key":"Anchor"},{"floor":10,"key":"Oddly Smooth Stone"},{"floor":24,"key":"PreservedInsect"},{"floor":26,"key":"Lantern"},{"floor":40,"key":"Blood Vial"},{"floor":42,"key":"Vajra"},{"floor":43,"key":"HornCleat"},{"floor":47,"key":"Frozen Egg 2"}],"event_choices":[{"damage_healed":0,"gold_gain":0,"player_choice":"Bought 0 Potions","damage_taken":0,"max_hp_gain":0,"max_hp_loss":0,"event_name":"The Woman in Blue","floor":5,"gold_loss":0},{"damage_healed":0,"gold_gain":0,"player_choice":"Entered Light","damage_taken":15,"max_hp_gain":0,"max_hp_loss":0,"event_name":"Shining Light","floor":8,"gold_loss":0,"cards_upgraded":["Strike_B","Glacier"]},{"cards_removed":["Defend_B"],"damage_healed":0,"gold_gain":0,"player_choice":"Elegance","damage_taken":0,"max_hp_gain":0,"max_hp_loss":0,"event_name":"Back to Basics","floor":20,"gold_loss":0},{"damage_healed":0,"gold_gain":0,"player_choice":"Ignored","damage_taken":0,"max_hp_gain":0,"max_hp_loss":0,"event_name":"Cursed Tome","floor":22,"gold_loss":0},{"damage_healed":0,"gold_gain":0,"cards_transformed":["Defend_B","Defend_B"],"player_choice":"Became Test Subject","damage_taken":0,"max_hp_gain":0,"max_hp_loss":0,"event_name":"Drug Dealer","floor":28,"gold_loss":0,"cards_obtained":["Self Repair","Glacier"]},{"damage_healed":0,"gold_gain":0,"player_choice":"Read","damage_taken":0,"max_hp_gain":0,"max_hp_loss":0,"event_name":"The Library","floor":30,"gold_loss":0,"cards_obtained":["Chill"]},{"damage_healed":0,"gold_gain":0,"player_choice":"Ignored","damage_taken":0,"max_hp_gain":0,"max_hp_loss":0,"event_name":"Tomb of Lord Red Mask","floor":37,"gold_loss":0},{"cards_removed":["Gash"],"damage_healed":0,"gold_gain":0,"player_choice":"Removed Attack","damage_taken":0,"max_hp_gain":0,"max_hp_loss":0,"event_name":"Falling","floor":39,"gold_loss":0},{"damage_healed":0,"gold_gain":0,"player_choice":"Got Potions","damage_taken":0,"max_hp_gain":0,"max_hp_loss":0,"event_name":"Lab","floor":46,"gold_loss":0}],"is_beta":false,"boss_relics":[{"not_picked":["Philosopher\u0027s Stone","Runic Pyramid"],"picked":"Empty Cage"},{"not_picked":["Tiny House","Sozu"],"picked":"Coffee Dripper"}],"items_purged_floors":[3,14,19,36],"is_endless":false,"potions_floor_spawned":[1,2,4,21,33,35,40,45,48],"ascension_level":11}}