{"host":"vl29iwkwnyytuw8q","time":1612917188,"event":{"mods":["BaseMod","Minty Spire (QoL Compilation)","Permanent Neow","Relic Stats","StSLib"],"gold_per_floor":[111,124,134,147,158,158,158,185,185,185,205,267,295,305,305,402,402,420,434,139,139,150,150,181,181,181,181,197,197,197,18,18,120,120,132,179,199,199,199],"floor_reached":38,"language":"ENG","playtime":1709,"items_purged":["Strike_B","Strike_B"],"score":572,"play_id":"a5bd3726-fca2-4781-bac4-4986b0ba7417","local_time":"20210210013308","is_ascension_mode":true,"campfire_choices":[{"data":"Consume","floor":7.0,"key":"SMITH"},{"data":"Capacitor","floor":10.0,"key":"SMITH"},{"floor":15.0,"key":"REST"},{"data":"Buffer","floor":23.0,"key":"SMITH"},{"data":"Echo Form","floor":25.0,"key":"SMITH"},{"floor":29.0,"key":"REST"},{"data":"Defragment","floor":32.0,"key":"SMITH"}],"circlet_count":0,"master_deck":["Strike_B","Defend_B","Defend_B","Defend_B","Zap","Dualcast","Aggregate","Beam Cell","Coolheaded","Consume+1","Buffer+1","Leap","Auto Shields","Capacitor+1","Beam Cell","Barrage","Glacier","Echo Form+1","Storm","Conserve Battery","Core Surge","Double Energy+1","Recycle","Reinforced Body+1","Skim","Defragment+1","Necronomicurse","Self Repair+1","Streamline","Gash","Hologram+1","Reprogram+1","Echo Form","Redo+1","Ball Lightning+1","Leap+1","Heatsinks+1"],"relics":["Cracked Core","Symbiotic Virus","Prayer Wheel","Shovel","Peace Pipe","Velvet Choker","Happy Flower","Necronomicon","Bronze Scales","Toxic Egg 2","Omamori","Inserter","Torii"],"acts_visited":["Exordium","TheCity","TheBeyond"],"potions_floor_usage":[33,37],"damage_taken":[{"damage":1.0,"enemies":"Cultist","floor":1.0,"turns":3.0},{"damage":11.0,"enemies":"2 Louse","floor":2.0,"turns":3.0},{"damage":1.0,"enemies":"Small Slimes","floor":3.0,"turns":3.0},{"damage":4.0,"enemies":"Blue Slaver","floor":4.0,"turns":4.0},{"damage":0.0,"enemies":"Large Slime","floor":5.0,"turns":6.0},{"damage":0.0,"enemies":"3 Sentries","floor":8.0,"turns":11.0},{"damage":11.0,"enemies":"Looter","floor":11.0,"turns":4.0},{"damage":18.0,"enemies":"3 Sentries","floor":12.0,"turns":8.0},{"damage":0.0,"enemies":"Lagavulin","floor":13.0,"turns":5.0},{"damage":0.0,"enemies":"Exordium Thugs","floor":14.0,"turns":3.0},{"damage":1.0,"enemies":"Slime Boss","floor":16.0,"turns":10.0},{"damage":3.0,"enemies":"3 Byrds","floor":18.0,"turns":6.0},{"damage":0.0,"enemies":"Spheric Guardian","floor":19.0,"turns":6.0},{"damage":3.0,"enemies":"Centurion and Healer","floor":22.0,"turns":7.0},{"damage":31.0,"enemies":"Slavers","floor":24.0,"turns":6.0},{"damage":10.0,"enemies":"Snake Plant","floor":28.0,"turns":3.0},{"damage":37,"enemies":"Automaton","floor":33,"turns":11},{"damage":14,"enemies":"Orb Walker","floor":35,"turns":5},{"damage":34,"enemies":"2 Orb Walkers","floor":36,"turns":8},{"damage":11,"enemies":"3 Shapes","floor":37,"turns":6},{"damage":50,"enemies":"Transient","floor":38,"turns":4}],"seed_played":"-2678717889256485064","potions_obtained":[{"floor":1.0,"key":"PotionOfCapacity"},{"floor":5.0,"key":"FocusPotion"},{"floor":6.0,"key":"Regen Potion"},{"floor":6.0,"key":"Dexterity Potion"},{"floor":6.0,"key":"EssenceOfSteel"},{"floor":11.0,"key":"DuplicationPotion"},{"floor":12.0,"key":"Energy Potion"},{"floor":19.0,"key":"DuplicationPotion"},{"floor":24.0,"key":"FocusPotion"},{"floor":28.0,"key":"FocusPotion"},{"floor":36,"key":"SpeedPotion"}],"is_trial":false,"path_per_floor":["M","M","M","M","M","?","R","E","T","R","M","?","E","M","R","B",null,"M","M","$","?","M","R","E","R","T","?","M","R","?","$","R","B",null,"M","?","M","M"],"character_chosen":"DEFECT","items_purchased":["Defragment","Happy Flower","Reprogram+1"],"campfire_rested":2,"item_purchase_floors":[20,20,31],"current_hp_per_floor":[53,42,41,37,37,37,37,37,37,37,26,23,23,23,45,44,75,72,72,72,56,53,53,42,42,42,42,32,54,54,54,54,27,75,75,51,50,0,0],"gold":199,"neow_bonus":"TRANSFORM_TWO_CARDS","is_daily":false,"chose_seed":false,"campfire_upgraded":5,"win_rate":0.0,"timestamp":1612917188,"path_taken":["M","M","M","?","M","?","R","E","T","R","?","?","E","M","R","BOSS","M","M","$","?","M","R","E","R","T","?","M","R","?","$","R","BOSS","M","?","M","M"],"items_purchased_type":["Card","Relic","Card"],"build_version":"2020-12-22","purchased_purges":2,"victory":false,"max_hp_per_floor":[75,75,75,75,75,75,75,75,75,75,75,75,75,75,75,75,75,75,75,75,75,75,75,75,75,75,75,75,75,75,75,75,75,75,75,75,75,75,75],"relic_stats":{"Peace Pipe":0,"Shovel":0,"Inserter":[11],"Happy Flower":[16],"Torii":0,"counters":[21,122],"Bronze Scales":[113],"Prayer Wheel":8,"Necronomicon":[4],"obtain_stats":[{"Inserter":34,"Happy Flower":20,"Torii":36,"Velvet Choker":17,"Omamori":27,"Peace Pipe":13,"Shovel":12,"Bronze Scales":24,"Prayer Wheel":9,"Necronomicon":21,"Toxic Egg 2":26,"Cracked Core":0,"Symbiotic Virus":8},{"Inserter":17,"Happy Flower":13,"Torii":19,"Velvet Choker":11,"Omamori":15,"Peace Pipe":9,"Shovel":8,"Bronze Scales":15,"Prayer Wheel":6,"Necronomicon":13,"Toxic Egg 2":15,"Cracked Core":0,"Symbiotic Virus":6},{"Inserter":99,"Happy Flower":72,"Torii":112,"Velvet Choker":60,"Omamori":85,"Peace Pipe":47,"Shovel":42,"Bronze Scales":85,"Prayer Wheel":30,"Necronomicon":72,"Toxic Egg 2":85,"Cracked Core":0,"Symbiotic Virus":30}]},"card_choices":[{"not_picked":["Double Energy","Stack"],"picked":"Coolheaded","floor":1.0},{"not_picked":["Cold Snap","Barrage"],"picked":"Consume","floor":2.0},{"not_picked":["Go for the Eyes","Recycle"],"picked":"Buffer","floor":3.0},{"not_picked":["Redo","Lockon"],"picked":"Leap","floor":4.0},{"not_picked":["Streamline","Beam Cell"],"picked":"Auto Shields","floor":5.0},{"not_picked":["Cold Snap","Tempest"],"picked":"Capacitor","floor":8.0},{"not_picked":["Hello World","Rebound"],"picked":"Beam Cell","floor":11.0},{"not_picked":["Beam Cell","Turbo"],"picked":"Barrage","floor":11.0},{"not_picked":["Cold Snap","Streamline"],"picked":"Glacier","floor":12.0},{"not_picked":["Beam Cell","Sweeping Beam"],"picked":"Echo Form","floor":13.0},{"not_picked":["Leap","White Noise"],"picked":"Storm","floor":14.0},{"not_picked":["White Noise","Sunder"],"picked":"Conserve Battery","floor":14.0},{"not_picked":["Echo Form","Hyperbeam"],"picked":"Core Surge","floor":16.0},{"not_picked":["Beam Cell","Go for the Eyes"],"picked":"Double Energy+1","floor":18.0},{"not_picked":["Doom and Gloom","BootSequence"],"picked":"Recycle","floor":18.0},{"not_picked":["BootSequence","Barrage"],"picked":"Reinforced Body+1","floor":19.0},{"not_picked":["Stack","Go for the Eyes"],"picked":"Skim","floor":19.0},{"not_picked":["Double Energy","Scrape"],"picked":"Self Repair+1","floor":22.0},{"not_picked":["Fusion","Sweeping Beam"],"picked":"Streamline","floor":22.0},{"not_picked":["Leap","Self Repair+1"],"picked":"Gash","floor":24.0},{"not_picked":["Beam Cell","Turbo+1"],"picked":"Hologram+1","floor":28.0},{"not_picked":["Scrape","Rip and Tear","Stack+1"],"picked":"SKIP","floor":28.0},{"not_picked":["Meteor Strike","Fission+1"],"picked":"Echo Form","floor":33},{"not_picked":["Recycle+1","Genetic Algorithm+1"],"picked":"Redo+1","floor":35},{"not_picked":["Storm+1","Sweeping Beam+1","Rip and Tear+1"],"picked":"SKIP","floor":35},{"not_picked":["Streamline+1","Undo+1"],"picked":"Ball Lightning+1","floor":36},{"not_picked":["Genetic Algorithm+1","Barrage"],"picked":"Leap+1","floor":37},{"not_picked":["Sweeping Beam","Stack+1"],"picked":"Heatsinks+1","floor":37}],"player_experience":676049,"relics_obtained":[{"floor":8.0,"key":"Symbiotic Virus"},{"floor":9.0,"key":"Prayer Wheel"},{"floor":12.0,"key":"Shovel"},{"floor":13.0,"key":"Peace Pipe"},{"floor":21.0,"key":"Necronomicon"},{"floor":24.0,"key":"Bronze Scales"},{"floor":26.0,"key":"Toxic Egg 2"},{"floor":36,"key":"Torii"}],"event_choices":[{"damage_healed":0.0,"max_hp_gain":0.0,"max_hp_loss":0.0,"gold_gain":0.0,"event_name":"Lab","player_choice":"Got Potions","floor":6.0,"gold_loss":0.0,"damage_taken":0.0},{"damage_healed":0.0,"max_hp_gain":0.0,"max_hp_loss":0.0,"gold_gain":0.0,"event_name":"Dead Adventurer","player_choice":"Searched \u00272\u0027 times","floor":12.0,"gold_loss":0.0,"damage_taken":0.0},{"damage_healed":0.0,"max_hp_gain":0.0,"max_hp_loss":0.0,"gold_gain":0.0,"event_name":"Cursed Tome","player_choice":"Obtained Book","floor":21.0,"gold_loss":0.0,"damage_taken":16.0},{"damage_healed":0.0,"max_hp_gain":0.0,"max_hp_loss":0.0,"gold_gain":0.0,"event_name":"The Mausoleum","player_choice":"Opened","floor":27.0,"gold_loss":0.0,"damage_taken":0.0,"relics_obtained":["Omamori"]},{"damage_healed":0.0,"max_hp_gain":0.0,"max_hp_loss":0.0,"gold_gain":0.0,"event_name":"Vampires","player_choice":"Ignored","floor":30.0,"gold_loss":0.0,"damage_taken":0.0},{"damage_healed":0,"gold_gain":0,"player_choice":"Fight","damage_taken":0,"max_hp_gain":0,"max_hp_loss":0,"event_name":"Mysterious Sphere","floor":36,"gold_loss":0}],"is_beta":false,"boss_relics":[{"not_picked":["Snecko Eye","Fusion Hammer"],"picked":"Velvet Choker"},{"not_picked":["Empty Cage","Astrolabe"],"picked":"Inserter"}],"items_purged_floors":[20,31],"is_endless":false,"potions_floor_spawned":[1,5,11,12,13,19,24,28,36],"killed_by":"Transient","ascension_level":4}}