{"host":"clf2hd4adhiiw0zf","time":1612929941,"event":{"mods":["AchievementEnabler","BaseMod","Beaked The Cultist","Bestiary","Dark Map","Downfall","Gremlin Mod","Hermit","Jorbs\u0027s Wanderer Trilogy","Marisa????????","Minty Spire (QoL Compilation)","Shop Mod","StSLib","The Cursed","The Servant 0.9.4","Wide Potions"],"gold_per_floor":[99,99,99,99,99,99,126,26,26,126,126,152,172,202,219,318,318,118,138,158,158,178,178,178,207,38,63,63,63,3,38,53,149,149,149,164,179,209,264,294,294,307,357,357,389,406,438,220,234,234,234,267,37,37,37,37],"floor_reached":57,"language":"ENG","playtime":9482,"items_purged":["downfall:Haunted"],"score":1685,"play_id":"64f8bd38-9379-4516-90ec-f352a9586289","local_time":"20210209210541","is_ascension_mode":true,"campfire_choices":[{"floor":1,"key":"RECALL"},{"data":"Guardian:ShieldSpikes","floor":6,"key":"SMITH"},{"data":"Guardian:TwinSlam","floor":8,"key":"SMITH"},{"data":"Guardian:BaubleBeam","floor":18,"key":"SMITH"},{"data":"Guardian:GemFire","floor":35,"key":"SMITH"},{"floor":54,"key":"REST"}],"circlet_count":0,"master_deck":["Guardian:Strike_Guardian+1","Guardian:Strike_Guardian","Guardian:Strike_Guardian","Guardian:Defend_Guardian","Guardian:Defend_Guardian","Guardian:Defend_Guardian","Guardian:Defend_Guardian","Guardian:CurlUp","Guardian:TwinSlam+1","Guardian:TemporalStrike","Guardian:ShieldSpikes+1","Guardian:StasisStrike","Guardian:BronzeArmor","Guardian:Recover","Guardian:RefractedBeam","Guardian:BaubleBeam+1","Guardian:PiercingHide","Guardian:CrystalBeam","Guardian:GemFire+1","Guardian:MultiBeam+1","Writhe","stsjorbsmod:Withering","Guardian:EvasiveProtocol","Guardian:AncientConstruct","Guardian:ShieldCharger+1","downfall:Malfunctioning","Doubt","Guardian:Orbwalk","Guardian:ShieldCharger","Guardian:StasisField","Guardian:Gem_Yellow","Guardian:Emergency","Guardian:FierceBash","downfall:Aged","Guardian:PrimingBeam","Guardian:Gem_White","Guardian:ChargeUp+1","Guardian:PrismaticBeam","Guardian:WalkerClaw+1","Guardian:ChargeUp+1","Guardian:ChargeUp+1"],"relics":["Guardian:ModeShifter","downfall:HeartsMalice","Gambling Chip","downfall:HeartBlessingRed","MealTicket","downfall:ExtraCursedKey","hexamod:BolsterEngine","Tiny Chest","SlaversCollar","downfall:HeartBlessingBlue","downfall:HeartBlessingGreen","Question Card","Kunai","Guardian:PocketSentry","Ginger","TungstenRod","beaked:SacredDeck","Guardian:PickAxe","ClockworkSouvenir","CatCart","Blue Candle","Guardian:StasisCodex","Guardian:SackOfGems","champ:DeflectingBracers","hexamod:CandleOfCauterizing","Medical Kit","Whetstone","Pen Nib"],"acts_visited":["Exordium","TheCity","TheBeyond","TheEnding"],"potions_floor_usage":[16,30,33,52,56,56],"damage_taken":[{"damage":0,"enemies":"2 Louse","floor":2,"turns":1},{"damage":0,"enemies":"Jaw Worm","floor":3,"turns":1},{"damage":0,"enemies":"3 Sentries","floor":12,"turns":1},{"damage":0,"enemies":"Small Slimes","floor":13,"turns":3},{"damage":13,"enemies":"Lagavulin","floor":14,"turns":5},{"damage":0,"enemies":"2 Fungi Beasts","floor":15,"turns":3},{"damage":11,"enemies":"SI_SHIV_ARCHETYPE","floor":16,"turns":8},{"damage":0,"enemies":"Chosen","floor":19,"turns":4},{"damage":4,"enemies":"Spheric Guardian","floor":20,"turns":4},{"damage":12,"enemies":"Cultist and Chosen","floor":22,"turns":8},{"damage":42,"enemies":"Book of Stabbing","floor":25,"turns":5},{"damage":0,"enemies":"downfall:FleeingMerchant","floor":26,"turns":4},{"damage":30,"enemies":"Gremlin Leader","floor":27,"turns":5},{"damage":5,"enemies":"downfall:FleeingMerchant","floor":30,"turns":4},{"damage":0,"enemies":"Slavers","floor":31,"turns":4},{"damage":0,"enemies":"Snake Plant","floor":32,"turns":2},{"damage":3,"enemies":"WA_ARCHETYPE_CALM","floor":33,"turns":8},{"damage":5,"enemies":"3 Darklings","floor":36,"turns":4},{"damage":0,"enemies":"3 Shapes","floor":37,"turns":1},{"damage":2,"enemies":"downfall:FleeingMerchant","floor":38,"turns":3},{"damage":6,"enemies":"Orin","floor":39,"turns":10},{"damage":27,"enemies":"Nemesis","floor":40,"turns":6},{"damage":8,"enemies":"Spire Growth","floor":42,"turns":5},{"damage":18,"enemies":"Spire Growth","floor":43,"turns":4},{"damage":6,"enemies":"Reptomancer","floor":45,"turns":4},{"damage":0,"enemies":"Sphere and 2 Shapes","floor":46,"turns":3},{"damage":0,"enemies":"Giant Head","floor":47,"turns":3},{"damage":0,"enemies":"3 Darklings","floor":49,"turns":1},{"damage":23,"enemies":"DF_ARCHETYPE_ORBS","floor":50,"turns":7},{"damage":50,"enemies":"downfall:CharBossMerchant","floor":52,"turns":8},{"damage":0,"enemies":"downfall:NeowBoss","floor":55,"turns":10},{"damage":65,"enemies":"downfall:NeowBossFinal","floor":56,"turns":8}],"seed_played":"3347969549923404162","potions_obtained":[{"floor":12,"key":"ColorlessPotion"},{"floor":23,"key":"CultistPotion"},{"floor":27,"key":"PowerPotion"},{"floor":31,"key":"Dexterity Potion"},{"floor":33,"key":"Strength Potion"},{"floor":42,"key":"Slimebound:ThreeZeroPotion"}],"is_trial":false,"path_per_floor":["R","M","M","?","T","R","T","R","?","?","?","E","M","E","M","B",null,"R","M","M","?","M","?","T","E","$","E","T","?","$","E","M","B",null,"R","M","M","$","?","E","T","M","?","T","E","M","E","?","M","B",null,"E","$","R","B","B",null],"character_chosen":"GUARDIAN","items_purchased":["Guardian:AncientConstruct","Guardian:Gem_Crimson","Guardian:Gem_Cyan","Guardian:PickAxe","ClockworkSouvenir","Medical Kit","Pen Nib","GamblersBrew"],"campfire_rested":1,"item_purchase_floors":[26,26,30,38,38,48,53,53],"current_hp_per_floor":[80,80,80,80,80,80,80,80,73,73,73,73,73,60,60,49,80,90,90,86,86,74,74,74,32,47,17,17,17,27,27,27,24,90,90,85,85,88,82,55,55,47,29,29,23,23,23,23,23,44,90,40,55,82,82,17],"gold":37,"neow_bonus":"THREE_ENEMY_KILL","is_daily":false,"chose_seed":false,"campfire_upgraded":4,"win_rate":0.0,"timestamp":1612929941,"path_taken":["R","M","M","?","?","R","T","R","?","?","?","E","?","E","M","BOSS","R","M","M","?","?","?","T","E","$","E","?","?","$","E","M","BOSS","R","M","M","$","?","E","T","M","?","?","E","M","E","?","M","BOSS","E","$","R","BOSS","BOSS"],"items_purchased_type":["Card","Card","Card","Relic","Relic","Relic","Relic","Potion"],"build_version":"2020-12-22","purchased_purges":1,"victory":true,"max_hp_per_floor":[80,80,80,80,80,80,80,80,80,80,80,80,80,80,80,80,80,90,90,90,90,90,90,90,90,90,90,90,90,90,90,90,90,90,90,90,90,90,90,90,90,90,90,90,90,90,90,90,90,90,90,90,90,90,90,90],"card_choices":[{"not_picked":["Guardian:ShieldCharger","Guardian:DecasProtection"],"picked":"Guardian:TemporalStrike","floor":2},{"not_picked":["Guardian:DonusPower","Guardian:RollAttack"],"picked":"Guardian:ShieldSpikes","floor":3},{"not_picked":["Guardian:Gem_Lightblue","Guardian:VentSteam"],"picked":"Guardian:StasisStrike","floor":12},{"not_picked":["Guardian:ShieldSpikes","Guardian:PrismaticBarrier"],"picked":"Guardian:BronzeArmor","floor":13},{"not_picked":["Guardian:Gem_Yellow","Guardian:Planning"],"picked":"Guardian:Recover","floor":14},{"not_picked":["Guardian:CrystalBeam","Guardian:TimeCapacitor"],"picked":"Guardian:RefractedBeam","floor":15},{"not_picked":["Guardian:HyperBeam_Guardian","Guardian:FierceBash"],"picked":"Guardian:BaubleBeam","floor":16},{"not_picked":["Guardian:ChargeUp","Guardian:Recover"],"picked":"Guardian:PiercingHide","floor":19},{"not_picked":["Guardian:Gem_White","Guardian:ChargeCore"],"picked":"Guardian:CrystalBeam","floor":20},{"not_picked":["Guardian:Gem_Green","Guardian:WalkerClaw"],"picked":"Guardian:MultiBeam+1","floor":22},{"not_picked":["Guardian:BronzeOrb+1","Guardian:Gem_Green","Guardian:Suspension+1"],"picked":"Guardian:Gem_Red","floor":25},{"not_picked":["Guardian:Reroute+1","Guardian:PiercingHide","Guardian:RollAttack"],"picked":"Guardian:EvasiveProtocol","floor":26},{"not_picked":["Guardian:PrismaticBarrier","Guardian:WalkerClaw","Guardian:AncientConstruct"],"picked":"Guardian:ShieldCharger+1","floor":27},{"not_picked":["Guardian:VentSteam","Guardian:FuturePlans","Guardian:RefractedBeam+1"],"picked":"Guardian:Gem_Purple","floor":30},{"not_picked":["Guardian:Gem_Green","Guardian:Reroute","Guardian:Planning+1"],"picked":"Guardian:Orbwalk","floor":31},{"not_picked":["Guardian:Gem_Cyan","Guardian:TemporalStrike","Guardian:Gem_Red"],"picked":"Guardian:ShieldCharger","floor":32},{"not_picked":["Guardian:FastForward","Guardian:FierceBash","Guardian:GatlingBeam"],"picked":"Guardian:StasisField","floor":33},{"not_picked":["Guardian:GuardianWhirl","Guardian:PrimingBeam+1","Guardian:Gem_Lightblue"],"picked":"Guardian:Gem_Yellow","floor":36},{"not_picked":["Guardian:Incinerate","Guardian:VentSteam","Guardian:PiercingHide","Guardian:ShieldCharger"],"picked":"SKIP","floor":37},{"not_picked":["Guardian:Preprogram","Guardian:Suspension+1","Guardian:ShieldCharger"],"picked":"Guardian:Emergency","floor":38},{"not_picked":["Guardian:TemporalStrike","Guardian:RollAttack","Guardian:RefractedBeam"],"picked":"Guardian:Gem_Yellow","floor":39},{"not_picked":["Guardian:PolyBeam","Guardian:Orbwalk","Guardian:TimeBomb"],"picked":"Guardian:FierceBash","floor":40},{"not_picked":["Guardian:TemporalStrike+1","Guardian:ShieldCharger+1","Guardian:Recover"],"picked":"Guardian:PrimingBeam","floor":42},{"not_picked":["Guardian:ShieldCharger","Guardian:TemporalShield+1","Guardian:VentSteam"],"picked":"Guardian:ChargeUp+1","floor":43},{"not_picked":["Guardian:Reroute+1","Guardian:MultiBeam+1","Guardian:ChargeUp+1","Guardian:DonusPower+1"],"picked":"SKIP","floor":45},{"not_picked":["Guardian:PrimingBeam+1","Guardian:Gem_Cyan","Guardian:Harden+1"],"picked":"Guardian:PrismaticBeam","floor":46},{"not_picked":["Guardian:Orbwalk","Guardian:Repulse","Guardian:FloatingOrbs+1"],"picked":"Guardian:WalkerClaw","floor":47},{"not_picked":["Guardian:WalkerClaw","Guardian:Recover+1","Guardian:Planning"],"picked":"Guardian:ChargeUp+1","floor":49},{"not_picked":["Guardian:Recover+1","Guardian:ShieldCharger","Guardian:RefractedBeam+1"],"picked":"Guardian:ChargeUp+1","floor":52}],"player_experience":203110,"relics_obtained":[{"floor":5,"key":"Gambling Chip"},{"floor":12,"key":"hexamod:BolsterEngine"},{"floor":14,"key":"Tiny Chest"},{"floor":24,"key":"Question Card"},{"floor":25,"key":"Kunai"},{"floor":27,"key":"Guardian:PocketSentry"},{"floor":28,"key":"Ginger"},{"floor":31,"key":"TungstenRod"},{"floor":39,"key":"CatCart"},{"floor":40,"key":"Blue Candle"},{"floor":41,"key":"Guardian:StasisCodex"},{"floor":43,"key":"Guardian:SackOfGems"},{"floor":45,"key":"champ:DeflectingBracers"},{"floor":47,"key":"hexamod:CandleOfCauterizing"},{"floor":52,"key":"Whetstone"}],"event_choices":[{"damage_healed":0,"gold_gain":0,"player_choice":"Success","damage_taken":7,"relics_obtained":["MealTicket"],"max_hp_gain":0,"max_hp_loss":0,"event_name":"Scrap Ooze","floor":9,"gold_loss":0},{"damage_healed":0,"gold_gain":0,"player_choice":"Ignored","damage_taken":0,"max_hp_gain":0,"max_hp_loss":0,"event_name":"Ghosts","floor":29,"gold_loss":0},{"damage_healed":0,"gold_gain":0,"player_choice":"Fight","damage_taken":0,"max_hp_gain":0,"max_hp_loss":0,"event_name":"OrinTheCat","floor":39,"gold_loss":0}],"is_beta":false,"boss_relics":[{"not_picked":["Philosopher\u0027s Stone","Runic Dome"],"picked":"SlaversCollar"},{"not_picked":["Astrolabe","Pandora\u0027s Box"],"picked":"beaked:SacredDeck"}],"items_purged_floors":[48],"is_endless":false,"potions_floor_spawned":[12,13,27,31,33,36,39,42,45,46,47],"ascension_level":3}}