{"host":"bxn2em57qlx5u4i0","time":1612986986,"event":{"mods":["BaseMod","Colored Map","Colored Powertips","Highlight Path","Minty Spire (QoL Compilation)","Random Character Button","Relic Sorter","Relic Stats","StSLib","SuperFastMode"],"gold_per_floor":[110,110,110,6,19,55,2,2,2,2,23,43,83,99,99,99,99],"floor_reached":16,"language":"ENG","playtime":302,"items_purged":["Strike_G"],"score":320,"play_id":"03a0bcd3-322f-46d8-aca8-fb522a0e5c3a","local_time":"20210210145626","is_ascension_mode":true,"campfire_choices":[{"data":"Crippling Poison","floor":8,"key":"SMITH"},{"data":"Predator","floor":15,"key":"SMITH"}],"circlet_count":0,"master_deck":["AscendersBane","Strike_G","Strike_G+1","Strike_G","Strike_G","Defend_G","Defend_G","Defend_G","Defend_G","Defend_G","Survivor+1","Neutralize","Blade Dance","Deadly Poison","Crippling Poison+1","Predator+1","Leg Sweep","Blade Dance"],"relics":["Ring of the Snake","NeowsBlessing","Golden Idol","Matryoshka","Bronze Scales","Paper Crane","Kunai","Omamori"],"acts_visited":["Exordium"],"potions_floor_usage":[13,16,16],"damage_taken":[{"damage":0,"enemies":"Jaw Worm","floor":1,"turns":1},{"damage":0,"enemies":"2 Louse","floor":5,"turns":1},{"damage":0,"enemies":"Lagavulin","floor":6,"turns":1},{"damage":0,"enemies":"Cultist","floor":11,"turns":3},{"damage":15,"enemies":"Exordium Thugs","floor":12,"turns":5},{"damage":0,"enemies":"Gremlin Nob","floor":13,"turns":3},{"damage":0,"enemies":"Gremlin Gang","floor":14,"turns":4},{"damage":30,"enemies":"Slime Boss","floor":16,"turns":9}],"seed_played":"-5547141481140051122","potions_obtained":[{"floor":6,"key":"BlessingOfTheForge"},{"floor":14,"key":"DistilledChaos"}],"is_trial":false,"path_per_floor":["M","?","?","$","M","E","$","R","T","?","M","M","E","M","R","B"],"character_chosen":"THE_SILENT","items_purchased":["Deadly Poison","Poison Potion"],"campfire_rested":0,"item_purchase_floors":[4,7],"current_hp_per_floor":[59,59,41,41,41,41,41,41,41,41,41,26,26,26,26,0,0],"gold":99,"neow_bonus":"THREE_ENEMY_KILL","is_daily":false,"chose_seed":false,"campfire_upgraded":2,"win_rate":0.0,"timestamp":1612986986,"path_taken":["M","?","?","$","M","E","?","R","T","?","M","M","E","?","R","BOSS"],"items_purchased_type":["Card","Potion"],"build_version":"2020-12-22","purchased_purges":1,"victory":false,"max_hp_per_floor":[66,60,60,60,60,60,60,60,60,60,60,60,60,60,60,60,60],"relic_stats":{"counters":[8,27],"Golden Idol":29,"Bronze Scales":[52],"Kunai":[11],"obtain_stats":[{"Matryoshka":6,"NeowsBlessing":0,"Golden Idol":2,"Bronze Scales":9,"Omamori":13,"Kunai":10,"Paper Crane":9,"Ring of the Snake":0},{"Matryoshka":3,"NeowsBlessing":0,"Golden Idol":1,"Bronze Scales":3,"Omamori":6,"Kunai":3,"Paper Crane":3,"Ring of the Snake":0},{"Matryoshka":3,"NeowsBlessing":0,"Golden Idol":1,"Bronze Scales":3,"Omamori":14,"Kunai":3,"Paper Crane":3,"Ring of the Snake":0}],"Ring of the Snake":[16]},"card_choices":[{"not_picked":["Acrobatics","Bane"],"picked":"Blade Dance","floor":1},{"not_picked":["Dash","Poisoned Stab"],"picked":"Crippling Poison","floor":5},{"not_picked":["Underhanded Strike","Bane","Prepared"],"picked":"SKIP","floor":6},{"not_picked":["Backstab","Deadly Poison"],"picked":"Predator","floor":11},{"not_picked":["Cloak And Dagger","Outmaneuver"],"picked":"Leg Sweep","floor":12},{"not_picked":["Cloak And Dagger","Eviscerate","Skewer"],"picked":"SKIP","floor":13},{"not_picked":["Venomology","Concentrate"],"picked":"Blade Dance","floor":14}],"player_experience":3030619,"relics_obtained":[{"floor":6,"key":"Matryoshka"},{"floor":9,"key":"Bronze Scales"},{"floor":9,"key":"Paper Crane"},{"floor":13,"key":"Omamori"}],"event_choices":[{"damage_healed":0,"gold_gain":0,"player_choice":"Lose Max HP","damage_taken":0,"relics_obtained":["Golden Idol"],"max_hp_gain":0,"max_hp_loss":6,"event_name":"Golden Idol","floor":2,"gold_loss":0},{"damage_healed":0,"gold_gain":0,"player_choice":"Entered Light","damage_taken":18,"max_hp_gain":0,"max_hp_loss":0,"event_name":"Shining Light","floor":3,"gold_loss":0,"cards_upgraded":["Strike_G","Survivor"]},{"damage_healed":0,"gold_gain":0,"player_choice":"Searched \u00272\u0027 times","damage_taken":0,"relics_obtained":["Kunai"],"max_hp_gain":0,"max_hp_loss":0,"event_name":"Dead Adventurer","floor":10,"gold_loss":0},{"damage_healed":0,"gold_gain":0,"player_choice":"Searched \u00272\u0027 times","damage_taken":0,"relics_obtained":["Kunai"],"max_hp_gain":0,"max_hp_loss":0,"event_name":"Dead Adventurer","floor":10,"gold_loss":0},{"damage_healed":0,"gold_gain":0,"player_choice":"Searched \u00272\u0027 times","damage_taken":0,"relics_obtained":["Kunai"],"max_hp_gain":0,"max_hp_loss":0,"event_name":"Dead Adventurer","floor":10,"gold_loss":0}],"is_beta":false,"boss_relics":[],"items_purged_floors":[4],"is_endless":false,"potions_floor_spawned":[6,12,14],"killed_by":"Slime Boss","ascension_level":20}}