{"host":"2l3i55whvwk76mom","time":1612924332,"event":{"mods":["BaseMod","Googly Eyes","Hermit","Hubris","Minty Spire (QoL Compilation)","Replay The Spire","StSLib","The Cursed","The Disciple","The Hierophant","The Jungle"],"gold_per_floor":[115,132,145,161,174,205,205,236,261,261,271,271],"floor_reached":11,"language":"ENG","playtime":462,"items_purged":[],"score":85,"play_id":"6a5282bb-f439-40ca-9ec6-1f2d2b750c6f","local_time":"20210209183212","is_ascension_mode":true,"campfire_choices":[{"data":"Replay:Battleflow","floor":7,"key":"SMITH"}],"circlet_count":0,"master_deck":["Strike_P","Strike_P","Strike_P","Defend_P","Defend_P","Defend_P","Defend_P","Eruption","Vigilance","Crescendo","SashWhip","EmptyBody","Evaluate","Replay:Battleflow+1","JustLucky","Wish"],"relics":["PureWater","Pen Nib","Replay:Bandana","Gremlin Food"],"acts_visited":["Exordium"],"potions_floor_usage":[5,5,5,6],"damage_taken":[{"damage":2,"enemies":"Jaw Worm","floor":1,"turns":3},{"damage":0,"enemies":"Cultist","floor":2,"turns":3},{"damage":3,"enemies":"2 Louse","floor":3,"turns":3},{"damage":4,"enemies":"Blue Slaver","floor":4,"turns":4},{"damage":5,"enemies":"Large Slime","floor":5,"turns":3},{"damage":8,"enemies":"Lagavulin","floor":6,"turns":6},{"damage":0,"enemies":"2 Fungi Beasts","floor":8,"turns":2},{"damage":51,"enemies":"Gremlin Nob","floor":11,"turns":6}],"seed_played":"-3847949837337835473","potions_obtained":[{"floor":3,"key":"PowerPotion"},{"floor":4,"key":"EntropicBrew"},{"floor":5,"key":"Adrenaline Potion"}],"is_trial":false,"path_per_floor":["M","M","M","M","M","E","R","M","T","?","E"],"character_chosen":"WATCHER","items_purchased":[],"campfire_rested":0,"item_purchase_floors":[],"current_hp_per_floor":[70,70,67,63,58,50,50,50,50,50,0,0],"gold":271,"neow_bonus":"RANDOM_COMMON_RELIC","is_daily":false,"chose_seed":false,"campfire_upgraded":1,"win_rate":0.0,"timestamp":1612924332,"path_taken":["M","M","M","M","M","E","R","M","T","?","E"],"items_purchased_type":[],"build_version":"2020-12-22","purchased_purges":0,"victory":false,"max_hp_per_floor":[72,72,72,72,72,72,72,72,72,72,72,72],"card_choices":[{"not_picked":["ClearTheMind","Protect"],"picked":"Crescendo","floor":1},{"not_picked":["SignatureMove","Replay:ManipulateFuture"],"picked":"SashWhip","floor":2},{"not_picked":["Consecrate","JustLucky"],"picked":"EmptyBody","floor":3},{"not_picked":["Replay:AtTheReady","ClearTheMind"],"picked":"Evaluate","floor":4},{"not_picked":["DeceiveReality","BowlingBash"],"picked":"Replay:Battleflow","floor":5},{"not_picked":["Protect","Replay:BluntJabs"],"picked":"JustLucky","floor":6},{"not_picked":["FlurryOfBlows","FollowUp"],"picked":"Wish","floor":8}],"player_experience":363019,"relics_obtained":[{"floor":6,"key":"Replay:Bandana"},{"floor":9,"key":"Gremlin Food"}],"event_choices":[{"cards_removed":["Strike_P"],"damage_healed":0,"gold_gain":0,"player_choice":"Offered Basic","damage_taken":0,"max_hp_gain":0,"max_hp_loss":0,"event_name":"Bonfire Elementals","floor":10,"gold_loss":0}],"is_beta":false,"boss_relics":[],"items_purged_floors":[],"is_endless":false,"potions_floor_spawned":[3,4,5],"killed_by":"Gremlin Nob","ascension_level":2}}