{"host":"8inpc3yxphy2r27y","time":1612975303,"event":{"mods":["100% Spire Juice","Act Like it!","Alarm Clock","Astrologer","Bard","BaseMod","Better Synergies","Better Vampires","Challenge The Spire","Conspire","Decade(王小明)","Defuse TimeMaze Blight","Dota2Spire","Downfall","Energized Spire","FanaticalFans","FoggyMod","FutureSeer","Gensokyo","Gremlin Mod","GungeonMod","Hallownest","Highlight Path","HumanHunterMod(怪物杀人mod)","Hunter 猎人","Jedi Mod","KinomotoSakuraMod(木之本樱)","Lobotomy","LobotomyExtend","Luminous","Minty Spire (QoL Compilation)","MostiFishMod","Nova Terra(诺娃・泰拉)","Pale of the Ancients","Quarter Circle Forward PUNCH!","Quick Restart","Red Circlet Mod","Reimu（博丽灵梦）","Relic Filter Mod","Relic Stats","Replay The Spire","Ryuuou龙王","SIMod","SOS（斯巴达之子）","Shop Mod","Spicy Shops","StSLib","The Bug Knight","The Cursed","The Gatherer","The Hierophant","The Invoker Mod","The Runesmith","TheHeartMod","UnlockEverythingMod","Waifu the Spire","Warlord Emblem","[GremlinLeader]The Maniac","[IsaacMod]以撒尖塔","noobMod","【功能Mod】聪明的最终Boss","【遗物卡牌】REMEMod","残留之物","篝火指南"],"gold_per_floor":[463,463,544,724,724,724],"floor_reached":5,"language":"ZHS","playtime":805,"items_purged":[],"score":315,"play_id":"5103e57b-62bd-45e0-97b4-21720276b07e","local_time":"20210211004143","daily_mods":["Draft","Hoarder","Chimera","Shiny","Specialized","Vintage","ControlledChaos","Allstar","Diverse","Colorless Cards","Heirloom","Time Dilation","Flight","downfall:Jewelcrafting","downfall:ChampStances","downfall:Improvised","DeadlyEvents","Binary","Cursed Run","Elite Swarm","Lethality","Midas","Night Terrors","Terminal","Uncertain Future","downfall:WorldOfGoo","downfall:Hexed","downfall:Enraging","downfall:ExchangeController","challengethespire:Elite Rush","challengethespire:Modded Elite Rush","challengethespire:Boss Rush","challengethespire:Modded Boss Rush","challengethespire:Sneaky Strike","challengethespire:Bronze Difficulty","challengethespire:Silver Difficulty","challengethespire:Gold Difficulty","challengethespire:Platinum Difficulty","Binary"],"is_ascension_mode":true,"campfire_choices":[{"floor":2,"key":"RECALL"}],"circlet_count":4,"master_deck":["Demon Form","Wraith Form v2","Echo Form","DevaForm","Gatherer:BomberForm","bronze:Verify","Gremlin:Nob","Moonworks:Blazing","theHeart:CorruptedForm","Runesmith:CreatorForm","hexamod:HexaLevel","DemoMod:GunslingerForm","champ:GladiatorForm","bard:SplendidForm","WarlordEmblem:LichkingWraith","maniac:TimeForm","sneckomod:SerpentMind","astrologer:Starfield","Guardian:ConstructionForm","Slimebound:DuplicatedForm","AscendersBane","Guardian:ExploitGems","Guardian:ExploitGems","sneckomod:UnknownCommonAttack","sneckomod:UnknownCommonAttack","sneckomod:UnknownCommonAttack","sneckomod:UnknownCommonSkill","sneckomod:UnknownCommonSkill","sneckomod:UnknownCommonSkill","sneckomod:UnknownUncommonAttack","sneckomod:UnknownUncommonSkill","sneckomod:UnknownUncommonPower","sneckomod:Unknown","Underhanded Strike","Underhanded Strike","Underhanded Strike","MostiFishMod:OutWit","MostiFishMod:OutWit","MostiFishMod:OutWit","WarlordEmblem:RuneBlade","WarlordEmblem:RuneBlade","WarlordEmblem:RuneBlade","WarlordEmblem:RuneBlade","WarlordEmblem:RuneBlade","WarlordEmblem:RuneBlade","WarlordEmblem:RuneBlade","WarlordEmblem:RuneBlade","WarlordEmblem:RuneBlade","WarlordEmblem:RuneBlade","WarlordEmblem:RuneBlade","WarlordEmblem:RuneBlade","WarlordEmblem:RuneBlade","WarlordEmblem:RuneBlade","WarlordEmblem:RuneBlade","ClowCardTheVoice","ClowCardTheVoice","ClowCardTheVoice","champ:PerfectedStrike","champ:PerfectedStrike","champ:PerfectedStrike","ClowCardTheDream","ClowCardTheDream","ClowCardTheDream","Luminous:Blinding_Pillar_Luminous","Luminous:Blinding_Pillar_Luminous","Luminous:Blinding_Pillar_Luminous","Gremlin:Tadah","Gremlin:Tadah","Gremlin:Tadah","Slimebound:SplitBruiser","Slimebound:SplitBruiser","Slimebound:SplitBruiser","Moonworks:LulusLuckyEgg","Moonworks:LulusLuckyEgg","Moonworks:LulusLuckyEgg","RideBooker_Skill_1","RideBooker_Skill_1","RideBooker_Skill_1","DemoMod:StickyCrossBow","DemoMod:StickyCrossBow","DemoMod:StickyCrossBow","hierophant:MorningPrayer","hierophant:MorningPrayer","hierophant:MorningPrayer","ReplayTheSpireMod:The Works","ReplayTheSpireMod:The Works","ReplayTheSpireMod:The Works","HideCarefully","HideCarefully","HideCarefully","MikOfLucky:ReiMu","MikOfLucky:ReiMu","MikOfLucky:ReiMu","hierophant:Doubloon","hierophant:Doubloon","hierophant:Doubloon","hierophant:Remorse","hierophant:Remorse","hierophant:Remorse","maniac:Infuriate","maniac:Infuriate","maniac:Infuriate","hierophant:Doubloon","hierophant:Doubloon","hierophant:Doubloon","Runesmith:UnlimitedPower","Runesmith:UnlimitedPower","Runesmith:UnlimitedPower","Omniscience","Omniscience","Omniscience"],"relics":["Unceasing Top","Busted Crown","HushsDoor","REME_ComplimentaryCards","Ring of Chaos","replay:Trail_Library","ice","Guardian:PickAxe","champ:ChampStancesModRelic","Velvet Choker","downfall:NeowBlessing_Player","bronze:MakeshiftBattery","Medical Kit","bronze:DonusWashers","bronze:DecasWashers","bronze:BronzeIdol","bronze:AnalyticalCore","Fans:FanaticalFans","Coffee Dripper","jedi:battlestandard","DaveBox","GuppysTail","Circlet","DemoMod:GnawedKey","MerchantsRug","LetterFromLob"],"acts_visited":["Exordium"],"potions_floor_usage":[],"damage_taken":[{"damage":28,"enemies":"3 Sentries","floor":3,"turns":12},{"damage":0,"enemies":"Lagavulin","floor":4,"turns":5},{"damage":73,"enemies":"Gremlin Nob","floor":5,"turns":4}],"seed_played":"2552471419565484734","potions_obtained":[],"is_trial":true,"path_per_floor":["$","R","E","E","E"],"character_chosen":"THE_SILENT","items_purchased":["DemoMod:GnawedKey","MerchantsRug"],"campfire_rested":0,"item_purchase_floors":[1,1],"current_hp_per_floor":[13,12,12,26,0,0],"gold":724,"neow_bonus":"","is_daily":false,"chose_seed":false,"campfire_upgraded":0,"win_rate":0.0,"timestamp":1612975303,"path_taken":["$","R","E","E","E"],"items_purchased_type":["Relic","Relic"],"build_version":"2020-12-22","purchased_purges":0,"victory":false,"max_hp_per_floor":[13,12,21,26,26,26],"relic_stats":{"Busted Crown":16,"counters":[3,21],"Medical Kit":[0],"obtain_stats":[{"GuppysTail":0,"champ:ChampStancesModRelic":0,"downfall:NeowBlessing_Player":0,"DaveBox":0,"DemoMod:GlassGuonStoneRelic":4,"ice":0,"Fans:FanaticalFans":0,"jedi:battlestandard":0,"Guardian:PickAxe":0,"DemoMod:GnawedKey":1,"replay:Trail_Library":0,"KeepersGift":0,"MerchantsRug":1,"bronze:DonusWashers":0,"bronze:DecasWashers":0,"Velvet Choker":0,"Circlet":0,"Ring of Chaos":0,"Medical Kit":0,"bronze:BronzeIdol":0,"Busted Crown":0,"bronze:AnalyticalCore":0,"Coffee Dripper":0,"LetterFromLob":3,"HushsDoor":0,"Unceasing Top":0,"bronze:MakeshiftBattery":0,"REME_ComplimentaryCards":0},{"GuppysTail":0,"champ:ChampStancesModRelic":0,"downfall:NeowBlessing_Player":0,"DaveBox":0,"DemoMod:GlassGuonStoneRelic":2,"ice":0,"Fans:FanaticalFans":0,"jedi:battlestandard":0,"Guardian:PickAxe":0,"DemoMod:GnawedKey":0,"replay:Trail_Library":0,"KeepersGift":0,"MerchantsRug":0,"bronze:DonusWashers":0,"bronze:DecasWashers":0,"Velvet Choker":0,"Circlet":0,"Ring of Chaos":0,"Medical Kit":0,"bronze:BronzeIdol":0,"Busted Crown":0,"bronze:AnalyticalCore":0,"Coffee Dripper":0,"LetterFromLob":1,"HushsDoor":0,"Unceasing Top":0,"bronze:MakeshiftBattery":0,"REME_ComplimentaryCards":0},{"GuppysTail":0,"champ:ChampStancesModRelic":0,"downfall:NeowBlessing_Player":0,"DaveBox":0,"DemoMod:GlassGuonStoneRelic":17,"ice":0,"Fans:FanaticalFans":0,"jedi:battlestandard":0,"Guardian:PickAxe":0,"DemoMod:GnawedKey":0,"replay:Trail_Library":0,"KeepersGift":0,"MerchantsRug":0,"bronze:DonusWashers":0,"bronze:DecasWashers":0,"Velvet Choker":0,"Circlet":0,"Ring of Chaos":0,"Medical Kit":0,"bronze:BronzeIdol":0,"Busted Crown":0,"bronze:AnalyticalCore":0,"Coffee Dripper":0,"LetterFromLob":12,"HushsDoor":0,"Unceasing Top":0,"bronze:MakeshiftBattery":0,"REME_ComplimentaryCards":0}],"Unceasing Top":[0]},"card_choices":[{"not_picked":[],"picked":"Underhanded Strike","floor":0},{"not_picked":["Smile","TheCursedMod:Stretching"],"picked":"ClowCardTheVoice","floor":0},{"not_picked":["Slimebound:SplitAcid","Gremlin:GremlinMeal"],"picked":"champ:PerfectedStrike","floor":0},{"not_picked":["champ:FocusedBerserking","ClowCardTheMove"],"picked":"ClowCardTheDream","floor":0},{"not_picked":["DemoMod:BattleInHaste","Rebound"],"picked":"Luminous:Blinding_Pillar_Luminous","floor":0},{"not_picked":["Bane","Combo Connect"],"picked":"Gremlin:Tadah","floor":0},{"not_picked":["WarlordEmblem:RuneDiffer","Whining"],"picked":"Slimebound:SplitBruiser","floor":0},{"not_picked":["BasicCrystalCard","HollowMod:DreamGate"],"picked":"Moonworks:LulusLuckyEgg","floor":0},{"not_picked":["PlaceholderMod:Colorful","sneckomod:UnknownClassRARITYBELL_COLOR"],"picked":"RideBooker_Skill_1","floor":0},{"not_picked":["UnarmedAttack5","REME_MusicOfDeath"],"picked":"DemoMod:StickyCrossBow","floor":0},{"not_picked":["astrologer:Premeditation","DemoMod:Polaris"],"picked":"hierophant:MorningPrayer","floor":0},{"not_picked":["hexamod:FlamesFromBeyond","PlaceholderMod:StrongAcid"],"picked":"ReplayTheSpireMod:The Works","floor":0},{"not_picked":["ClowCardTheIllusion","sneckomod:Nope"],"picked":"HideCarefully","floor":0},{"not_picked":["PlaceholderMod:Hyperplasia","Accuracy"],"picked":"MikOfLucky:ReiMu","floor":0},{"not_picked":["Guardian:ChargeCore","Gremlin:Irritability"],"picked":"hierophant:Remorse","floor":0},{"not_picked":["ThrowingApples","Runesmith:HeatedChisel"],"picked":"maniac:Infuriate","floor":0}],"player_experience":223931,"relics_obtained":[{"floor":3,"key":"Circlet"},{"floor":3,"key":"LetterFromLob"},{"floor":4,"key":"Circlet"}],"event_choices":[],"is_beta":false,"boss_relics":[],"items_purged_floors":[],"is_endless":false,"potions_floor_spawned":[],"killed_by":"Gremlin Nob","ascension_level":20}}