{"host":"w2kjv12xyhtt0cv2","time":1612971647,"event":{"mods":["100% Spire Juice","Act Like it!","BaseMod","Colored Map","Friendly Minions","Gensokyo","GifTheSpireLib","Highlight Path","Hubris","Marisa（F雨　魔理沙）","Minty Spire (QoL Compilation)","Prisma Mod","Quick Restart","Reimu（博丽灵梦）","Relic Stats","Reliquary","Replay The Spire","Robot Space Explorer","RumiaBox-露米娅的神秘盒子","Shop Mod","Spicy Shops","StSLib","The Bug Knight","The Cursed","The Dragon Tamer","The Servant 0.9.4","UnlockEverythingMod","Waifu the Spire","[功能]功能增强和修复MOD","【功能Mod】Neow奖励","【遗物卡牌】REMEMod","没有小屋子和绿帽子啦"],"gold_per_floor":[364,364,223,223,82,117,172,198,198,21,41,56,56,87,87,163,163,180,180,4,4,4,63,63,63,63],"floor_reached":25,"language":"ZHS","playtime":1381,"items_purged":["TheCursedMod:Strike_TheCursed","TheCursedMod:Strike_TheCursed","TheCursedMod:Strike_TheCursed","TheCursedMod:Strike_TheCursed"],"score":644,"play_id":"c31a98b3-cc1c-451d-8d87-3b49e28f5fbd","local_time":"20210210234047","is_ascension_mode":true,"campfire_choices":[{"data":"TheCursedMod:LuckyCharm","floor":15.0,"key":"SMITH"},{"data":"TheCursedMod:CollectTribute","floor":24,"key":"SMITH"}],"circlet_count":0,"master_deck":["AscendersBane","TheCursedMod:Defend_TheCursed","TheCursedMod:Defend_TheCursed","TheCursedMod:Defend_TheCursed","TheCursedMod:CursedWand","TheCursedMod:CleanUpWorkshop","TheCursedMod:Dregs","PrismaMod:IllyaInstallRider","TheCursedMod:WearCloak","Injury","TheCursedMod:LuckyCharm+1","Amnesia","TheCursedMod:AshesToAshes","TheCursedMod:AshesToAshes","TheCursedMod:CircleOfCorruption","Pain","PrismaMod:IllyaInstallRider","TheCursedMod:SurpriseAttack+1","TheCursedMod:CursedStaff","TheCursedMod:CursedStaff","TheCursedMod:AntiAging","TheCursedMod:CollectTribute+1","TheCursedMod:CursedStaff+1","Shame","TheCursedMod:ForbiddenAlchemy","TheCursedMod:LuckyCharm"],"relics":["TheCursedMod:BlackMagic101","REME_ComplimentaryCards","MealTicket","Ring of Searing","ReplayTheSpireMod:Ring of Challenge","Juzu Bracelet","reliquary:PorcupineQuills","Potion Belt","Pantograph","DollysMirror","hubris:Towel","Smiling Mask","Black Star","reliquary:Stiletto","TheCursedMod:Tack","FossilizedHelix","Incense Burner"],"acts_visited":["Gensokyo:Gensokyo","TheCity"],"potions_floor_usage":[23,23,23,23,23,23],"damage_taken":[{"damage":1.0,"enemies":"Gensokyo:Python","floor":1.0,"turns":3.0},{"damage":20.0,"enemies":"Gensokyo:Mamizou","floor":6.0,"turns":11.0},{"damage":21.0,"enemies":"Gensokyo:Aya","floor":8.0,"turns":12.0},{"damage":12.0,"enemies":"Gensokyo:Gryphon","floor":11.0,"turns":4.0},{"damage":8.0,"enemies":"Gensokyo:3_Fairies","floor":12.0,"turns":5.0},{"damage":14.0,"enemies":"Gensokyo:Mamizou","floor":14.0,"turns":7.0},{"damage":5.0,"enemies":"Gensokyo:Reimu","floor":16.0,"turns":9.0},{"damage":28.0,"enemies":"Chosen","floor":18.0,"turns":5.0},{"damage":39,"enemies":"Slavers","floor":23,"turns":4},{"damage":6,"enemies":"Replay:Snechameleon","floor":25,"turns":1}],"seed_played":"-4610094322254231636","potions_obtained":[{"floor":7.0,"key":"EssenceOfSteel"},{"floor":7.0,"key":"Swift Potion"},{"floor":12.0,"key":"PowerPotion"},{"floor":16.0,"key":"Strength Potion"},{"floor":18.0,"key":"REME_GoldPotion"},{"floor":23,"key":"BlessingOfTheForge"}],"is_trial":false,"path_per_floor":["M","?","$","?","$","E","?","E","T","$","M","M","?","E","R","B",null,"M","?","$","?","?","E","R","E"],"character_chosen":"THE_CURSED","items_purchased":["TheCursedMod:LuckyCharm","TheCursedMod:AshesToAshes","DollysMirror","TheCursedMod:SurpriseAttack+1","TheCursedMod:Tack"],"campfire_rested":0,"item_purchase_floors":[3,5,10,10,20],"current_hp_per_floor":[63,63,64,64,64,44,44,23,23,38,26,18,18,4,4,24,54,28,28,43,43,43,4,4,0,0],"gold":63,"neow_bonus":"TWO_FIFTY_GOLD","is_daily":false,"chose_seed":false,"campfire_upgraded":2,"win_rate":0.0,"timestamp":1612971647,"path_taken":["M","?","$","?","$","E","?","E","T","?","M","M","?","E","R","BOSS","M","?","$","?","?","E","R","E"],"items_purchased_type":["Card","Card","Relic","Card","Relic"],"build_version":"2020-12-22","purchased_purges":4,"victory":false,"max_hp_per_floor":[64,64,64,64,64,64,64,64,64,64,64,64,64,64,64,64,64,66,66,66,66,66,66,66,66,66],"relic_stats":{"counters":[10,61],"Pantograph":25,"MealTicket":31,"Juzu Bracelet":1,"Black Star":1,"Smiling Mask":175,"obtain_stats":[{"Potion Belt":8,"TheCursedMod:BlackMagic101":0,"TheCursedMod:Tack":20,"Juzu Bracelet":6,"Incense Burner":23,"hubris:Towel":13,"Smiling Mask":14,"Ring of Searing":4,"reliquary:PorcupineQuills":7,"DollysMirror":10,"Pantograph":9,"MealTicket":2,"reliquary:Stiletto":19,"Black Star":17,"ReplayTheSpireMod:Ring of Challenge":4,"FossilizedHelix":23,"REME_ComplimentaryCards":0},{"Potion Belt":3,"TheCursedMod:BlackMagic101":0,"TheCursedMod:Tack":8,"Juzu Bracelet":2,"Incense Burner":9,"hubris:Towel":5,"Smiling Mask":6,"Ring of Searing":1,"reliquary:PorcupineQuills":2,"DollysMirror":3,"Pantograph":3,"MealTicket":1,"reliquary:Stiletto":8,"Black Star":7,"ReplayTheSpireMod:Ring of Challenge":1,"FossilizedHelix":9,"REME_ComplimentaryCards":0},{"Potion Belt":26,"TheCursedMod:BlackMagic101":0,"TheCursedMod:Tack":56,"Juzu Bracelet":14,"Incense Burner":60,"hubris:Towel":35,"Smiling Mask":42,"Ring of Searing":3,"reliquary:PorcupineQuills":14,"DollysMirror":26,"Pantograph":26,"MealTicket":3,"reliquary:Stiletto":56,"Black Star":51,"ReplayTheSpireMod:Ring of Challenge":3,"FossilizedHelix":60,"REME_ComplimentaryCards":0}]},"card_choices":[{"not_picked":["TheCursedMod:Grudge","TheCursedMod:Mangle"],"picked":"TheCursedMod:WearCloak","floor":1.0},{"not_picked":["TheCursedMod:Stigma","TheCursedMod:CircleOfAmplification"],"picked":"TheCursedMod:CircleOfCorruption","floor":6.0},{"not_picked":["TheCursedMod:CursedBoomerang","TheCursedMod:CircleOfFlame","TheCursedMod:Stigma"],"picked":"SKIP","floor":8.0},{"not_picked":["TheCursedMod:ReleasedKnowledge","TheCursedMod:SpitefulStrike"],"picked":"TheCursedMod:CursedStaff","floor":11.0},{"not_picked":["TheCursedMod:CircleOfFlame","TheCursedMod:Torture"],"picked":"TheCursedMod:CursedStaff","floor":12.0},{"not_picked":["TheCursedMod:FuryStrike","TheCursedMod:CursedAmulet"],"picked":"TheCursedMod:AntiAging","floor":14.0},{"not_picked":["TheCursedMod:DemonicPact","TheCursedMod:OutForBlood"],"picked":"TheCursedMod:CollectTribute","floor":16.0},{"not_picked":["TheCursedMod:CursedBoomerang","TheCursedMod:TroublousMinions"],"picked":"TheCursedMod:CursedStaff+1","floor":18.0},{"not_picked":["TheCursedMod:CircleOfCorruption","TheCursedMod:TroublousMinions","TheCursedMod:Obscuration"],"picked":"SKIP","floor":23}],"player_experience":225310,"relics_obtained":[{"floor":4.0,"key":"Ring of Searing"},{"floor":4.0,"key":"ReplayTheSpireMod:Ring of Challenge"},{"floor":6.0,"key":"Juzu Bracelet"},{"floor":7.0,"key":"reliquary:PorcupineQuills"},{"floor":8.0,"key":"Potion Belt"},{"floor":9.0,"key":"Pantograph"},{"floor":14.0,"key":"Smiling Mask"},{"floor":23,"key":"FossilizedHelix"},{"floor":23,"key":"Incense Burner"}],"event_choices":[{"damage_healed":0.0,"max_hp_gain":0.0,"max_hp_loss":0.0,"gold_gain":0.0,"event_name":"Addict","player_choice":"Stole Relic","floor":19.0,"gold_loss":0.0,"damage_taken":0.0,"relics_obtained":["reliquary:Stiletto"],"cards_obtained":["Shame"]},{"damage_healed":0.0,"max_hp_gain":0.0,"max_hp_loss":0.0,"gold_gain":0.0,"cards_transformed":["TheCursedMod:Defend_TheCursed"],"event_name":"Transmorgrifier","player_choice":"Transformed","floor":21.0,"gold_loss":0.0,"damage_taken":0.0,"cards_obtained":["TheCursedMod:ForbiddenAlchemy"]},{"damage_healed":0.0,"max_hp_gain":0.0,"max_hp_loss":0.0,"gold_gain":0.0,"event_name":"The Library","player_choice":"Read","floor":22.0,"gold_loss":0.0,"damage_taken":0.0,"cards_obtained":["TheCursedMod:LuckyCharm"]}],"is_beta":false,"boss_relics":[{"not_picked":["Replay:Bronze Core","Snecko Heart"],"picked":"Black Star"}],"items_purged_floors":[3,5,20,20],"is_endless":false,"potions_floor_spawned":[12,16,18,23],"killed_by":"Replay:Snechameleon","ascension_level":17}}