{"host":"hm2va3obgs5yv0m7","time":1612930769,"event":{"mods":["AchievementEnabler","Act Like it!","BaseMod","Conspire","Infinite Spire","Marisa（F雨　魔理沙）","Minty Spire (QoL Compilation)","Prisma Mod","Relic Stats","Replay The Spire","Spicy Shops","StSLib","The Animator","The Cursed","The Servant 0.9.4","WarShipGirlsR/战舰少女R mod"],"gold_per_floor":[109,109,134,150,182,182,107,107,107,147,159,190,202,214,226,342,354,384,396,408,420,460,472,494,544,565,233,342,420,437,479,479,583,583,639,695,782,782,791,921,921,921,957,1051,517,576,17,38,38,38,38,38,38,65,65],"floor_reached":56,"language":"ZHS","playtime":4582,"items_purged":["Decay","animator:Curse_Greed","Voices","Regret"],"score":1469,"play_id":"8bee8eb6-8850-4bd2-82b4-4b5df6608c30","local_time":"20210210121929","is_ascension_mode":true,"campfire_choices":[{"data":"Eruption","floor":6.0,"key":"SMITH"},{"data":"Vigilance","floor":8.0,"key":"SMITH"},{"data":"Strike_P","floor":13.0,"key":"SMITH"},{"data":"Defend_P","floor":15.0,"key":"SMITH"},{"data":"Alpha","floor":23.0,"key":"SMITH"},{"data":"Wish","floor":32.0,"key":"SMITH"},{"floor":41.0,"key":"RECALL"},{"data":"Wish","floor":49.0,"key":"SMITH"},{"data":"Defend_P","floor":52.0,"key":"SMITH"}],"circlet_count":0,"master_deck":["Strike_P+1","Defend_P+1","Defend_P+2","Eruption+1","Vigilance+1","Alpha+1","Replay:DivineShield+1","Wish+1","Replay:Sluggish","TalkToTheHand+1","Wish+1","PathToVictory+1"],"relics":["Kintsugi","PreservedInsect","Pen Nib","MawBank","Singing Bowl","CeramicFish","Cursed Key","Bronze Scales","Divine Protection","Mirror","CaptainsWheel","Pear","Regal Pillow","infinitespire:EvilPickle","Coffee Dripper","ReplayTheSpireMod:Ring of Challenge","infinitespire:CursedDice","infinitespire:Beetle Shell","Gambling Chip","Whetstone","ReplayFunnel","Simple Rune","Sundial","Melange","Gremlin Food"],"acts_visited":["Exordium","TheCity","TheBeyond","TheEnding"],"potions_floor_usage":[],"damage_taken":[{"damage":4.0,"enemies":"Small Slimes","floor":1.0,"turns":3.0},{"damage":7.0,"enemies":"Jaw Worm","floor":4.0,"turns":5.0},{"damage":28.0,"enemies":"conspire:MimicChest","floor":5.0,"turns":9.0},{"damage":6.0,"enemies":"3 Sentries","floor":10.0,"turns":5.0},{"damage":0.0,"enemies":"Cultist","floor":12.0,"turns":2.0},{"damage":16.0,"enemies":"Fading Forest","floor":16.0,"turns":11.0},{"damage":11.0,"enemies":"3 Byrds","floor":18.0,"turns":3.0},{"damage":11.0,"enemies":"2 Thieves","floor":22.0,"turns":4.0},{"damage":0.0,"enemies":"Centurion and Healer","floor":24.0,"turns":4.0},{"damage":10.0,"enemies":"Replay:Snechameleon","floor":25.0,"turns":4.0},{"damage":0.0,"enemies":"Colosseum Slavers","floor":28.0,"turns":3.0},{"damage":22.0,"enemies":"Colosseum Nobs","floor":28.0,"turns":3.0},{"damage":0.0,"enemies":"Cultist and Chosen","floor":30.0,"turns":4.0},{"damage":0.0,"enemies":"Book of Stabbing","floor":31.0,"turns":5.0},{"damage":10.0,"enemies":"Pondfish","floor":33.0,"turns":9.0},{"damage":0.0,"enemies":"Orb Walker","floor":35.0,"turns":5.0},{"damage":22.0,"enemies":"3 Shapes","floor":36.0,"turns":4.0},{"damage":0.0,"enemies":"Spire Growth","floor":37.0,"turns":5.0},{"damage":0.0,"enemies":"Nemesis","floor":40.0,"turns":7.0},{"damage":43.0,"enemies":"Reptomancer","floor":44.0,"turns":6.0},{"damage":4.0,"enemies":"Nemesis","floor":46.0,"turns":7.0},{"damage":0.0,"enemies":"3 Darklings","floor":48.0,"turns":4.0},{"damage":9.0,"enemies":"infinitespire:MassOfShapes","floor":50.0,"turns":9.0},{"damage":9.0,"enemies":"Shield and Spear","floor":54.0,"turns":6.0},{"damage":50,"enemies":"The Heart","floor":55,"turns":11}],"seed_played":"8274477193182428047","potions_obtained":[{"floor":1.0,"key":"AttackPotion"},{"floor":4.0,"key":"Block Potion"},{"floor":5.0,"key":"Energy Potion"},{"floor":24.0,"key":"GamblersBrew"},{"floor":35.0,"key":"Elixir"},{"floor":37.0,"key":"Fire Potion"},{"floor":42.0,"key":"Venom Potion"},{"floor":42.0,"key":"Fire Potion"},{"floor":42.0,"key":"Weak Potion"},{"floor":44.0,"key":"Flashbang"},{"floor":48.0,"key":"SkillPotion"}],"is_trial":false,"path_per_floor":["M","?","T","M","?","R","$","R","T","E","$","M","R","?","R","B",null,"M","?","$","?","M","R","M","E","T","$","?","T","M","E","R","B",null,"M","M","M","?","?","E","R","?","T","E","$","E","$","M","R","B",null,"R","$","E","B",null],"character_chosen":"WATCHER","items_purchased":["Mirror","Whetstone","ReplayFunnel","PathToVictory+1","Fire Potion","Sundial","Melange"],"campfire_rested":0,"item_purchase_floors":[27,45,45,45,45,47,47],"current_hp_per_floor":[68,68,68,61,33,33,33,33,33,29,29,31,31,31,31,15,76,67,67,67,67,56,56,58,48,48,48,36,36,38,38,38,28,92,94,74,76,76,76,78,78,78,78,37,37,35,35,37,37,28,106,106,106,99,49],"gold":65,"neow_bonus":"BOSS_RELIC","is_daily":false,"chose_seed":false,"campfire_upgraded":8,"win_rate":0.0,"timestamp":1612930769,"path_taken":["M","?","?","M","?","R","$","R","T","E","$","M","R","?","R","BOSS","M","?","$","?","?","R","?","E","T","$","?","?","M","E","R","BOSS","M","M","M","?","?","E","R","?","T","E","$","E","$","?","R","BOSS","R","$","E","BOSS"],"items_purchased_type":["Relic","Relic","Relic","Card","Potion","Relic","Relic"],"build_version":"2020-12-22","purchased_purges":4,"victory":true,"max_hp_per_floor":[72,72,72,72,72,72,72,72,72,74,74,76,76,76,76,76,76,78,78,78,78,78,78,80,80,80,80,90,90,92,92,92,92,92,94,96,98,98,98,100,100,100,100,102,102,104,104,106,106,106,106,106,106,108,108],"relic_stats":{"Regal Pillow":0,"Singing Bowl":26,"counters":[25,138],"CeramicFish":99,"Melange":[50],"PreservedInsect":375,"Pen Nib":[8],"Whetstone":["TalkToTheHand"],"MawBank":216,"Cursed Key":3,"Sundial":[12],"Bronze Scales":[405],"Gambling Chip":[9],"obtain_stats":[{"ReplayFunnel":45,"Divine Protection":26,"Regal Pillow":31,"Singing Bowl":10,"CeramicFish":14,"Melange":47,"Whetstone":45,"Cursed Key":17,"Sundial":47,"Gambling Chip":44,"Gremlin Food":54,"Pear":28,"infinitespire:CursedDice":40,"PreservedInsect":3,"Pen Nib":5,"infinitespire:Beetle Shell":43,"MawBank":9,"infinitespire:EvilPickle":33,"CaptainsWheel":28,"Bronze Scales":25,"Simple Rune":46,"Coffee Dripper":34,"PureWater":0,"Kintsugi":0,"ReplayTheSpireMod:Ring of Challenge":39,"Mirror":27},{"ReplayFunnel":20,"Divine Protection":10,"Regal Pillow":14,"Singing Bowl":4,"CeramicFish":5,"Melange":21,"Whetstone":20,"Cursed Key":6,"Sundial":21,"Gambling Chip":20,"Gremlin Food":24,"Pear":12,"infinitespire:CursedDice":19,"PreservedInsect":1,"Pen Nib":3,"infinitespire:Beetle Shell":19,"MawBank":3,"infinitespire:EvilPickle":15,"CaptainsWheel":12,"Bronze Scales":10,"Simple Rune":21,"Coffee Dripper":15,"PureWater":0,"Kintsugi":0,"ReplayTheSpireMod:Ring of Challenge":18,"Mirror":10},{"ReplayFunnel":101,"Divine Protection":50,"Regal Pillow":65,"Singing Bowl":22,"CeramicFish":24,"Melange":108,"Whetstone":101,"Cursed Key":35,"Sundial":108,"Gambling Chip":101,"Gremlin Food":127,"Pear":56,"infinitespire:CursedDice":95,"PreservedInsect":3,"Pen Nib":17,"infinitespire:Beetle Shell":95,"MawBank":17,"infinitespire:EvilPickle":74,"CaptainsWheel":56,"Bronze Scales":50,"Simple Rune":108,"Coffee Dripper":74,"PureWater":0,"Kintsugi":0,"ReplayTheSpireMod:Ring of Challenge":88,"Mirror":50}]},"card_choices":[{"not_picked":["Pray","MentalFortress","InnerPeace"],"picked":"SKIP","floor":1.0},{"not_picked":["SashWhip","Protect","FlurryOfBlows"],"picked":"SKIP","floor":4.0},{"not_picked":["BowlingBash","JustLucky","Replay:ManipulateFuture"],"picked":"Singing Bowl","floor":10.0},{"not_picked":["BowlingBash","Omniscience","Replay:ManipulateFuture"],"picked":"Singing Bowl","floor":12.0},{"not_picked":["Omniscience","Brilliance"],"picked":"Alpha","floor":16.0},{"not_picked":["Worship","Evaluate","FollowUp"],"picked":"Singing Bowl","floor":18.0},{"not_picked":["EmptyBody","CrushJoints+1"],"picked":"Replay:DivineShield+1","floor":22.0},{"not_picked":["Protect","CrushJoints","Replay:ManipulateFuture"],"picked":"Singing Bowl","floor":24.0},{"not_picked":["Replay:Vibes","BattleHymn"],"picked":"Wish","floor":25.0},{"not_picked":["Protect","Replay:ManipulateFuture+1"],"picked":"TalkToTheHand","floor":28.0},{"not_picked":["CutThroughFate+1","Protect","EmptyFist"],"picked":"Singing Bowl","floor":30.0},{"not_picked":["Evaluate+1","ForeignInfluence"],"picked":"TalkToTheHand","floor":31.0},{"not_picked":["Replay:LoomingThreat","Omniscience"],"picked":"Wish","floor":33.0},{"not_picked":["EmptyMind","FlyingSleeves","MentalFortress+1"],"picked":"Singing Bowl","floor":35.0},{"not_picked":["EmptyBody+1","FearNoEvil+1","Halt+1"],"picked":"Singing Bowl","floor":36.0},{"not_picked":["Replay:AtTheReady","FollowUp","FlurryOfBlows"],"picked":"Singing Bowl","floor":37.0},{"not_picked":["MasterReality","CrushJoints+1","Conclude"],"picked":"Singing Bowl","floor":40.0},{"not_picked":["SashWhip","Crescendo+1","EmptyBody+1"],"picked":"Singing Bowl","floor":44.0},{"not_picked":["Replay:Anticipation","LessonLearned","Protect"],"picked":"Singing Bowl","floor":46.0},{"not_picked":["SashWhip","ClearTheMind+1","WheelKick"],"picked":"Singing Bowl","floor":48.0},{"not_picked":["Replay:AtTheReady","CrushJoints","Halt"],"picked":"Singing Bowl","floor":54.0}],"player_experience":130841,"relics_obtained":[{"floor":3.0,"key":"PreservedInsect"},{"floor":5.0,"key":"Pen Nib"},{"floor":9.0,"key":"MawBank"},{"floor":10.0,"key":"Singing Bowl"},{"floor":25.0,"key":"Bronze Scales"},{"floor":26.0,"key":"Divine Protection"},{"floor":28.0,"key":"CaptainsWheel"},{"floor":28.0,"key":"Pear"},{"floor":31.0,"key":"Regal Pillow"},{"floor":39.0,"key":"ReplayTheSpireMod:Ring of Challenge"},{"floor":40.0,"key":"infinitespire:CursedDice"},{"floor":43.0,"key":"infinitespire:Beetle Shell"},{"floor":44.0,"key":"Gambling Chip"},{"floor":46.0,"key":"Simple Rune"},{"floor":54.0,"key":"Gremlin Food"}],"event_choices":[{"damage_healed":0.0,"max_hp_gain":0.0,"max_hp_loss":0.0,"gold_gain":0.0,"event_name":"WeMeetAgain","player_choice":"Gave Potion","floor":14.0,"gold_loss":0.0,"damage_taken":0.0,"relics_obtained":["CeramicFish"]},{"damage_healed":0.0,"max_hp_gain":0.0,"max_hp_loss":0.0,"gold_gain":0.0,"event_name":"Ghosts","player_choice":"Ignored","floor":19.0,"gold_loss":0.0,"damage_taken":0.0},{"damage_healed":0.0,"max_hp_gain":0.0,"max_hp_loss":0.0,"gold_gain":0.0,"event_name":"Match and Keep!","player_choice":"0 cards matched","floor":21.0,"gold_loss":0.0,"damage_taken":0.0,"cards_obtained":[]},{"damage_healed":0.0,"max_hp_gain":0.0,"max_hp_loss":0.0,"gold_gain":0.0,"event_name":"Colosseum","player_choice":"Fight","floor":28.0,"gold_loss":0.0,"damage_taken":0.0},{"damage_healed":0.0,"max_hp_gain":0.0,"max_hp_loss":0.0,"gold_gain":0.0,"event_name":"Colosseum","player_choice":"Fought Nobs","floor":28.0,"gold_loss":0.0,"damage_taken":0.0},{"cards_removed":["TalkToTheHand"],"damage_healed":0.0,"max_hp_gain":0.0,"max_hp_loss":0.0,"gold_gain":0.0,"event_name":"Falling","player_choice":"Removed Attack","floor":38.0,"gold_loss":0.0,"damage_taken":0.0},{"damage_healed":0.0,"max_hp_gain":0.0,"max_hp_loss":0.0,"gold_gain":0.0,"event_name":"Lab","player_choice":"Got Potions","floor":42.0,"gold_loss":0.0,"damage_taken":0.0}],"is_beta":false,"boss_relics":[{"not_picked":["Snecko Eye","SacredBark"],"picked":"Cursed Key"},{"not_picked":["Replay:Grab Bag","Replay:Wanted Poster"],"picked":"Coffee Dripper"}],"items_purged_floors":[7,27,45,47],"is_endless":false,"potions_floor_spawned":[1,4,5,24,28,35,37,44,48],"ascension_level":1}}