{"host":"bxn2em57qlx5u4i0","time":1612984906,"event":{"mods":["BaseMod","Colored Map","Colored Powertips","Highlight Path","Minty Spire (QoL Compilation)","Random Character Button","Relic Sorter","Relic Stats","StSLib","SuperFastMode"],"gold_per_floor":[11,28,28,49,14,14,14,14,14,14,52,52,52,91,91,184,184,197,216,50,50,50,50,50,50,50,77,77,92,4,17,17,93,93,106,117,42,42,67,67,94,148,148,148,163,163,194,228,228,228,228,228,228,14,47,47],"floor_reached":57,"language":"ENG","playtime":1718,"items_purged":["Defend_G","Defend_G"],"score":2764,"play_id":"bb3685ef-6bbe-454f-8592-455328d72e46","local_time":"20210210142146","is_ascension_mode":true,"campfire_choices":[{"data":"Deadly Poison","floor":6.0,"key":"SMITH"},{"data":"Deadly Poison","floor":8.0,"key":"SMITH"},{"data":"Neutralize","floor":10.0,"key":"SMITH"},{"data":"Catalyst","floor":15.0,"key":"SMITH"},{"data":"Footwork","floor":23.0,"key":"SMITH"},{"data":"A Thousand Cuts","floor":25.0,"key":"SMITH"},{"data":"Catalyst","floor":32.0,"key":"SMITH"},{"data":"Wraith Form v2","floor":40.0,"key":"SMITH"},{"data":"Bullet Time","floor":44.0,"key":"SMITH"},{"floor":46.0,"key":"RECALL"},{"data":"Backflip","floor":49.0,"key":"SMITH"},{"data":"Survivor","floor":53,"key":"SMITH"}],"circlet_count":0,"master_deck":["AscendersBane","Defend_G","Defend_G+1","Survivor+1","Neutralize+1","Blur+1","Deadly Poison+1","Deadly Poison+1","Catalyst+1","A Thousand Cuts+1","Malaise+1","Riddle With Holes+1","Deadly Poison+1","Prepared+1","Footwork+1","Backflip+1","Catalyst+1","Wraith Form v2+1","Madness","Madness","Footwork+1","Bullet Time+1","Backflip+1","Caltrops+1"],"relics":["Ring of the Snake","Bloody Idol","Potion Belt","InkBottle","White Beast Statue","Astrolabe","Medical Kit","MutagenicStrength","StoneCalendar","Lantern","Pantograph","Coffee Dripper","Mango","Regal Pillow","The Courier","Frozen Egg 2","Cauldron","Calipers"],"acts_visited":["Exordium","TheCity","TheBeyond","TheEnding"],"potions_floor_usage":[51,56,56,56],"damage_taken":[{"damage":12.0,"enemies":"Small Slimes","floor":1.0,"turns":7.0},{"damage":0.0,"enemies":"Jaw Worm","floor":2.0,"turns":6.0},{"damage":0.0,"enemies":"2 Louse","floor":4.0,"turns":4.0},{"damage":31.0,"enemies":"Gremlin Nob","floor":11.0,"turns":4.0},{"damage":2.0,"enemies":"Lagavulin","floor":14.0,"turns":4.0},{"damage":0.0,"enemies":"Hexaghost","floor":16.0,"turns":6.0},{"damage":2.0,"enemies":"Shell Parasite","floor":18.0,"turns":5.0},{"damage":0.0,"enemies":"Chosen","floor":19.0,"turns":3.0},{"damage":22.0,"enemies":"Gremlin Leader","floor":27.0,"turns":7.0},{"damage":0.0,"enemies":"Snake Plant","floor":29.0,"turns":5.0},{"damage":16.0,"enemies":"Sentry and Sphere","floor":31.0,"turns":4.0},{"damage":19.0,"enemies":"Champ","floor":33.0,"turns":10.0},{"damage":0.0,"enemies":"3 Shapes","floor":35.0,"turns":5.0},{"damage":0.0,"enemies":"Orb Walker","floor":36.0,"turns":1.0},{"damage":0.0,"enemies":"Mind Bloom Boss Battle","floor":39.0,"turns":6.0},{"damage":24.0,"enemies":"Nemesis","floor":41.0,"turns":5.0},{"damage":8.0,"enemies":"Spire Growth","floor":45.0,"turns":4.0},{"damage":14.0,"enemies":"3 Darklings","floor":47.0,"turns":7.0},{"damage":22.0,"enemies":"Reptomancer","floor":48.0,"turns":5.0},{"damage":35.0,"enemies":"Time Eater","floor":50.0,"turns":8.0},{"damage":6,"enemies":"Donu and Deca","floor":51,"turns":12},{"damage":49,"enemies":"Shield and Spear","floor":55,"turns":10},{"damage":21,"enemies":"The Heart","floor":56,"turns":9}],"seed_played":"4934715260630824788","potions_obtained":[{"floor":2.0,"key":"Fire Potion"},{"floor":14.0,"key":"Strength Potion"},{"floor":16.0,"key":"SkillPotion"},{"floor":18.0,"key":"Swift Potion"},{"floor":19.0,"key":"Dexterity Potion"},{"floor":27.0,"key":"SkillPotion"},{"floor":29.0,"key":"GhostInAJar"},{"floor":31.0,"key":"EntropicBrew"},{"floor":33.0,"key":"Weak Potion"},{"floor":35.0,"key":"Ancient Potion"},{"floor":39.0,"key":"Energy Potion"},{"floor":45.0,"key":"ColorlessPotion"},{"floor":47.0,"key":"SkillPotion"},{"floor":48.0,"key":"SteroidPotion"},{"floor":54,"key":"GhostInAJar"},{"floor":54,"key":"LiquidBronze"},{"floor":54,"key":"FairyPotion"},{"floor":54,"key":"AttackPotion"},{"floor":55,"key":"Poison Potion"}],"is_trial":false,"path_per_floor":["M","M","?","M","?","R","?","R","T","R","E","$","?","E","R","B",null,"M","M","$","?","?","R","?","R","T","E","T","M","$","M","R","B",null,"M","M","$","?","?","R","E","T","T","R","M","R","M","E","R","B","B",null,"R","$","E","B",null],"character_chosen":"THE_SILENT","items_purchased":["Medical Kit","Catalyst","Cauldron"],"campfire_rested":0,"item_purchase_floors":[20,30,54],"current_hp_per_floor":[47,47,47,47,60,60,60,60,60,60,29,29,11,9,9,9,47,45,45,45,45,45,45,45,45,45,28,28,33,33,22,22,33,53,58,60,60,49,74,74,55,60,60,60,57,57,53,36,36,26,45,67,67,67,23,27],"gold":47,"neow_bonus":"REMOVE_TWO","is_daily":false,"chose_seed":false,"campfire_upgraded":11,"win_rate":0.0,"timestamp":1612984906,"path_taken":["M","M","?","M","?","R","?","R","T","R","E","?","?","E","R","BOSS","M","M","$","?","?","R","?","R","T","E","?","M","$","M","R","BOSS","M","M","$","?","?","R","E","?","T","R","M","R","M","E","R","BOSS","BOSS","R","$","E","BOSS"],"items_purchased_type":["Relic","Card","Relic"],"build_version":"2020-12-22","purchased_purges":2,"victory":true,"max_hp_per_floor":[66,66,60,60,60,60,60,60,60,60,60,60,60,60,60,60,60,60,60,60,60,60,60,60,60,60,60,60,60,60,60,60,60,60,60,60,60,60,74,74,74,74,74,74,74,74,74,74,74,74,74,74,74,74,74,74],"relic_stats":{"Regal Pillow":0,"counters":[23,137],"Bloody Idol":62,"Astrolabe":["Malaise","Riddle With Holes","Deadly Poison"],"Pantograph":111,"StoneCalendar":[206],"Medical Kit":[27],"obtain_stats":[{"Potion Belt":9,"Lantern":27,"Regal Pillow":41,"Calipers":55,"Golden Idol":3,"Astrolabe":17,"StoneCalendar":26,"Mango":39,"The Courier":43,"Frozen Egg 2":48,"Medical Kit":20,"White Beast Statue":14,"Cauldron":54,"Bloody Idol":22,"MutagenicStrength":24,"Pantograph":28,"Coffee Dripper":34,"InkBottle":11,"Ring of the Snake":0},{"Potion Belt":3,"Lantern":9,"Regal Pillow":16,"Calipers":22,"Golden Idol":2,"Astrolabe":6,"StoneCalendar":8,"Mango":15,"The Courier":16,"Frozen Egg 2":19,"Medical Kit":8,"White Beast Statue":5,"Cauldron":21,"Bloody Idol":8,"MutagenicStrength":8,"Pantograph":9,"Coffee Dripper":12,"InkBottle":4,"Ring of the Snake":0},{"Potion Belt":17,"Lantern":46,"Regal Pillow":82,"Calipers":128,"Golden Idol":13,"Astrolabe":31,"StoneCalendar":39,"Mango":77,"The Courier":82,"Frozen Egg 2":98,"Medical Kit":39,"White Beast Statue":25,"Cauldron":118,"Bloody Idol":39,"MutagenicStrength":39,"Pantograph":46,"Coffee Dripper":65,"InkBottle":21,"Ring of the Snake":0}],"InkBottle":[45],"Ring of the Snake":[46]},"card_choices":[{"not_picked":["Sucker Punch","Bane"],"picked":"Blur","floor":1.0},{"not_picked":["Outmaneuver","Underhanded Strike"],"picked":"Deadly Poison","floor":2.0},{"not_picked":["Leg Sweep","Underhanded Strike"],"picked":"Deadly Poison","floor":4.0},{"not_picked":["Deadly Poison","Dagger Throw"],"picked":"Catalyst","floor":11.0},{"not_picked":["Outmaneuver","Finisher","Dash"],"picked":"SKIP","floor":14.0},{"not_picked":["Venomology","Glass Knife"],"picked":"A Thousand Cuts","floor":16.0},{"not_picked":["Acrobatics","Dodge and Roll"],"picked":"Prepared+1","floor":18.0},{"not_picked":["Flechettes","Quick Slash"],"picked":"Footwork","floor":19.0},{"not_picked":["Poisoned Stab","Skewer"],"picked":"Backflip","floor":27.0},{"not_picked":["Choke","Dagger Spray","Blade Dance"],"picked":"SKIP","floor":29.0},{"not_picked":["Storm of Steel","Skewer","Blade Dance"],"picked":"SKIP","floor":31.0},{"not_picked":["Storm of Steel","Phantasmal Killer"],"picked":"Wraith Form v2","floor":33.0},{"not_picked":["Slice","Concentrate","Dodge and Roll"],"picked":"SKIP","floor":35.0},{"not_picked":["Poisoned Stab","Blade Dance+1","Deflect"],"picked":"SKIP","floor":36.0},{"not_picked":["Poisoned Stab","Dagger Spray"],"picked":"Footwork+1","floor":39.0},{"not_picked":["Skewer","Dash+1"],"picked":"Bullet Time","floor":41.0},{"not_picked":["Bane+1","Dash","Acrobatics"],"picked":"SKIP","floor":45.0},{"not_picked":["Terror","Poisoned Stab","Blade Dance+1"],"picked":"SKIP","floor":47.0},{"not_picked":["Dodge and Roll","Deflect"],"picked":"Backflip+1","floor":48.0},{"not_picked":["Flying Knee","Quick Slash"],"picked":"Caltrops+1","floor":55}],"player_experience":3028721,"relics_obtained":[{"floor":9.0,"key":"Potion Belt"},{"floor":11.0,"key":"InkBottle"},{"floor":14.0,"key":"White Beast Statue"},{"floor":26.0,"key":"StoneCalendar"},{"floor":27.0,"key":"Lantern"},{"floor":28.0,"key":"Pantograph"},{"floor":39.0,"key":"Mango"},{"floor":41.0,"key":"Regal Pillow"},{"floor":43.0,"key":"The Courier"},{"floor":48.0,"key":"Frozen Egg 2"},{"floor":55,"key":"Calipers"}],"event_choices":[{"damage_healed":0.0,"max_hp_gain":0.0,"max_hp_loss":6.0,"gold_gain":0.0,"event_name":"Golden Idol","player_choice":"Lose Max HP","floor":3.0,"gold_loss":0.0,"damage_taken":0.0,"relics_obtained":["Golden Idol"]},{"damage_healed":15.0,"max_hp_gain":0.0,"max_hp_loss":0.0,"gold_gain":0.0,"event_name":"The Cleric","player_choice":"Healed","floor":5.0,"gold_loss":35.0,"damage_taken":0.0},{"cards_removed":["Strike_G"],"damage_healed":0.0,"max_hp_gain":0.0,"max_hp_loss":0.0,"gold_gain":0.0,"event_name":"Living Wall","player_choice":"Forget","floor":7.0,"gold_loss":0.0,"damage_taken":0.0},{"damage_healed":0.0,"max_hp_gain":0.0,"max_hp_loss":0.0,"gold_gain":0.0,"event_name":"Shining Light","player_choice":"Entered Light","floor":13.0,"gold_loss":0.0,"damage_taken":18.0,"cards_upgraded":["Blur","Defend_G"]},{"damage_healed":0.0,"max_hp_gain":0.0,"max_hp_loss":0.0,"gold_gain":0.0,"event_name":"Forgotten Altar","player_choice":"Gave Idol","floor":22.0,"relics_lost":["Golden Idol"],"gold_loss":0.0,"damage_taken":0.0,"relics_obtained":["Bloody Idol"]},{"damage_healed":0.0,"max_hp_gain":0.0,"max_hp_loss":0.0,"gold_gain":0.0,"event_name":"Drug Dealer","player_choice":"Inject Mutagens","floor":24.0,"gold_loss":0.0,"damage_taken":0.0,"relics_obtained":["MutagenicStrength"]},{"damage_healed":0.0,"max_hp_gain":0.0,"max_hp_loss":0.0,"gold_gain":0.0,"event_name":"Winding Halls","player_choice":"Embrace Madness","floor":38.0,"gold_loss":0.0,"damage_taken":11.0,"cards_obtained":["Madness","Madness"]},{"damage_healed":0.0,"max_hp_gain":0.0,"max_hp_loss":0.0,"gold_gain":0.0,"event_name":"MindBloom","player_choice":"Fight","floor":39.0,"gold_loss":0.0,"damage_taken":0.0}],"is_beta":false,"boss_relics":[{"not_picked":["Cursed Key","Pandora\u0027s Box"],"picked":"Astrolabe"},{"not_picked":["Sozu","Runic Pyramid"],"picked":"Coffee Dripper"}],"items_purged_floors":[37,54],"is_endless":false,"potions_floor_spawned":[2,14,16,18,19,27,29,31,33,35,36,39,41,45,47,48,55],"ascension_level":20}}