{"host":"5inz41fcnifmg6v2","time":1612950555,"event":{"mods":["BaseMod","Marisa£®ÏF”Í°°ƒß¿Ì…≥£©","Minty Spire (QoL Compilation)","Replay The Spire","StSLib","The Bug Knight"],"gold_per_floor":[115,115,115,115,130,165,165,176,223,238,266,266,279,299,299,426,426,468,36,77,115,179,179,179,189,189,189,229,84,120,187,187,315,315,360,402,439,439,439,490,527,527,554,554,598,639,94,94,94,94,94,94,54,109,109,109],"floor_reached":55,"language":"ZHS","playtime":5169,"items_purged":["Regret","Spreading Infection"],"score":815,"play_id":"358cae16-5b9e-4099-9ed3-8a252eeb7565","local_time":"20210210174915","is_ascension_mode":false,"campfire_choices":[{"floor":7,"key":"RECALL"},{"floor":12,"key":"REST"},{"floor":15,"key":"REST"},{"floor":23,"key":"REST"},{"floor":27,"key":"REST"},{"floor":32,"key":"REST"},{"floor":42,"key":"REST"},{"floor":44,"key":"REST"},{"floor":49,"key":"REST"},{"floor":52,"key":"REST"}],"circlet_count":0,"master_deck":["Strike_MRS","Strike_MRS","Strike_MRS","Defend_MRS","Defend_MRS","Defend_MRS","MasterSpark","UpSweep","Acceleration","Delirium","GravityBeat+1","DragonMeteor+1","SatelliteIllusion+1","EnergyFlow+1","PowerUp","SuperPerseids+1","PulseMagic+1","WitchOfGreed+1","MillisecondPulsars+1","Looming Evil","CurseOfTheBell","SprinkleStarSeal+1","MilkyWay","BinaryStars+1","GravityBeat+1","SporeBomb","Occultation","EarthLightRay","LuminesStrike","UltimateShortwave+1","MagicChant","GrandCross","GravityBeat+1","UnstableBomb+1","SuperPerseids+1","MilkyWay+1","UltimateShortwave+1","ManaConvection+1","DoubleSpark"],"relics":["MiniHakkero","NeowsBlessing","Ring of Fury","Frozen Egg 2","Oddly Smooth Stone","Meat on the Bone","Replay:Ancient Bell","Bag of Marbles","Eternal Feather","CaptainsWheel","ReplayTheSpireMod:CursedCoin","Replay:Ringing Soul","Golden Egg","Bottled Tornado","Potion Belt","Replay:Grab Bag","SlaversCollar","Fusion Hammer","ExperimentalFamiliar","Orichalcum","Lantern","Calipers","Guide Book","InkBottle"],"acts_visited":["Exordium","TheCity","TheBeyond","TheEnding"],"potions_floor_usage":[11,11,16,18,21,21,22,22,25,25,30,31,33,33,35,37,37,37,37,37,37,37,40,40,41,50,50,50,50,55],"damage_taken":[{"damage":0,"enemies":"Small Slimes","floor":1,"turns":1},{"damage":0,"enemies":"Jaw Worm","floor":5,"turns":1},{"damage":0,"enemies":"Lagavulin","floor":6,"turns":1},{"damage":6,"enemies":"Cultist","floor":8,"turns":3},{"damage":23,"enemies":"Exordium Wildlife","floor":10,"turns":5},{"damage":37,"enemies":"Gremlin Nob","floor":11,"turns":4},{"damage":17,"enemies":"Large Slime","floor":13,"turns":4},{"damage":8,"enemies":"Exordium Thugs","floor":14,"turns":2},{"damage":16,"enemies":"Slime Boss","floor":16,"turns":7},{"damage":40,"enemies":"3 Byrds","floor":18,"turns":7},{"damage":10,"enemies":"Chosen","floor":20,"turns":4},{"damage":36,"enemies":"Snake Plant","floor":21,"turns":8},{"damage":23,"enemies":"Cultist and Chosen","floor":22,"turns":6},{"damage":3,"enemies":"Snecko","floor":25,"turns":4},{"damage":18,"enemies":"3 Cultists","floor":28,"turns":6},{"damage":25,"enemies":"Centurion and Healer","floor":30,"turns":5},{"damage":22,"enemies":"Shelled Parasite and Fungi","floor":31,"turns":4},{"damage":45,"enemies":"Automaton","floor":33,"turns":5},{"damage":24,"enemies":"3 Darklings","floor":35,"turns":6},{"damage":15,"enemies":"Orb Walker","floor":36,"turns":2},{"damage":8,"enemies":"Maw","floor":37,"turns":4},{"damage":46,"enemies":"Giant Head","floor":40,"turns":7},{"damage":4,"enemies":"Sphere and 2 Shapes","floor":41,"turns":4},{"damage":0,"enemies":"Spire Growth","floor":45,"turns":2},{"damage":4,"enemies":"Transient","floor":46,"turns":5},{"damage":73,"enemies":"Time Eater","floor":50,"turns":8},{"damage":49,"enemies":"Shield and Spear","floor":54,"turns":5},{"damage":128,"enemies":"The Heart","floor":55,"turns":5}],"seed_played":"-7331642711819603641","potions_obtained":[{"floor":6,"key":"LiquidMemories"},{"floor":8,"key":"SpeedPotion"},{"floor":10,"key":"BottledSpark"},{"floor":14,"key":"Explosive Potion"},{"floor":16,"key":"DuplicationPotion"},{"floor":16,"key":"FearPotion"},{"floor":18,"key":"Dexterity Potion"},{"floor":20,"key":"Dexterity Potion"},{"floor":21,"key":"FairyPotion"},{"floor":21,"key":"CultistPotion"},{"floor":22,"key":"BlessingOfTheForge"},{"floor":22,"key":"SpeedPotion"},{"floor":28,"key":"DuplicationPotion"},{"floor":28,"key":"FearPotion"},{"floor":30,"key":"LiquidMemories"},{"floor":31,"key":"Explosive Potion"},{"floor":31,"key":"Elixir"},{"floor":33,"key":"EntropicBrew"},{"floor":35,"key":"Weak Potion"},{"floor":36,"key":"SteroidPotion"},{"floor":37,"key":"SkillPotion"},{"floor":37,"key":"Adrenaline Potion"},{"floor":40,"key":"Swift Potion"},{"floor":41,"key":"Dexterity Potion"},{"floor":41,"key":"Block Potion"},{"floor":45,"key":"Fire Potion"},{"floor":46,"key":"Reflective Coating"},{"floor":54,"key":"ColorlessPotion"}],"is_trial":false,"path_per_floor":["M","?","T","?","M","E","R","M","T","M","E","R","M","M","R","B",null,"M","$","M","M","M","R","?","M","T","R","M","$","M","M","R","B",null,"M","M","M","?","?","E","M","R","T","R","M","M","$","?","R","B",null,"R","$","E","B"],"character_chosen":"MARISA","items_purchased":["ReplayTheSpireMod:CursedCoin","Replay:Ringing Soul","Golden Egg","Potion Belt","Calipers","Guide Book","ManaConvection"],"campfire_rested":9,"item_purchase_floors":[19,19,19,29,47,47,53],"current_hp_per_floor":[75,75,75,75,75,75,75,69,69,46,9,31,26,30,52,48,75,47,47,52,31,23,63,63,63,63,87,72,72,50,47,93,54,99,82,74,73,73,73,46,61,114,114,114,117,116,116,116,120,63,120,120,123,81,0,0],"gold":109,"neow_bonus":"THREE_ENEMY_KILL","is_daily":false,"chose_seed":false,"campfire_upgraded":0,"win_rate":0.0,"timestamp":1612950555,"path_taken":["M","?","?","?","M","E","R","M","T","M","E","R","M","M","R","BOSS","M","$","M","M","M","R","?","M","T","R","M","$","M","M","R","BOSS","M","M","?","?","?","E","M","R","T","R","M","?","?","?","R","BOSS","R","$","E","BOSS"],"items_purchased_type":["Relic","Relic","Relic","Relic","Relic","Relic","Card"],"build_version":"2020-12-22","purchased_purges":2,"victory":false,"max_hp_per_floor":[75,75,75,75,75,75,75,75,75,75,75,75,75,75,75,75,75,75,75,78,81,84,84,84,87,87,87,90,90,93,96,96,99,99,102,105,108,108,108,111,114,114,114,114,117,120,120,120,120,120,120,120,123,126,126,126],"card_choices":[{"not_picked":["IllusionStar","Singularity"],"picked":"Acceleration","floor":1},{"not_picked":["GalacticHalo","6A"],"picked":"DragonMeteor","floor":5},{"not_picked":["IllusionStar","EnergyRecoil"],"picked":"SatelliteIllusion+1","floor":6},{"not_picked":["AsteroidBelt","6A"],"picked":"EnergyFlow+1","floor":8},{"not_picked":["AsteroidBelt","DoubleSpark"],"picked":"PowerUp","floor":10},{"not_picked":["AlicesGift","DoubleSpark"],"picked":"SuperPerseids","floor":11},{"not_picked":["ChargingUp","GravityBeat"],"picked":"PulseMagic","floor":13},{"not_picked":["LuminesStrike","IllusionStar"],"picked":"WitchOfGreed+1","floor":14},{"not_picked":["ManaRampage","BinaryStars"],"picked":"MillisecondPulsars+1","floor":16},{"not_picked":["Voices","Clumsy"],"picked":"Looming Evil","floor":17},{"not_picked":["Languid","AbeCurse"],"picked":"Regret","floor":17},{"not_picked":["Pain","Languid"],"picked":"CurseOfTheBell","floor":17},{"not_picked":["ManaRampage","AsteroidBelt"],"picked":"SprinkleStarSeal+1","floor":18},{"not_picked":["AsteroidBelt","Acceleration"],"picked":"MilkyWay","floor":20},{"not_picked":["PropBag","SprinkleStarSeal"],"picked":"BinaryStars","floor":21},{"not_picked":["WitchLeyline","6A"],"picked":"GravityBeat+1","floor":22},{"not_picked":["6A","NonDirectionalLaser"],"picked":"SporeBomb","floor":25},{"not_picked":["NonDirectionalLaser","WitchLeyline"],"picked":"Occultation","floor":28},{"not_picked":["WitchOfGreed+1","UnstableBomb"],"picked":"EarthLightRay","floor":30},{"not_picked":["SprinkleStarSeal","AlicesGift+1"],"picked":"LuminesStrike","floor":31},{"not_picked":["StarDustReverie","MillisecondPulsars+1"],"picked":"UltimateShortwave","floor":33},{"not_picked":["PowerUp+1","LuminesStrike"],"picked":"MagicChant","floor":35},{"not_picked":["GravityBeat+1","PowerUp"],"picked":"GrandCross","floor":36},{"not_picked":["SporeBomb+1","LuminesStrike"],"picked":"GravityBeat+1","floor":37},{"not_picked":["NonDirectionalLaser+1","Orbital"],"picked":"UnstableBomb+1","floor":40},{"not_picked":["GravityBeat","MeteoricShower"],"picked":"SuperPerseids+1","floor":41},{"not_picked":["ShootingEcho","GalacticHalo+1"],"picked":"MilkyWay+1","floor":45},{"not_picked":["EventHorizon+1","GravityBeat+1"],"picked":"UltimateShortwave","floor":46},{"not_picked":["GrandCross","GravityBeat+1"],"picked":"DoubleSpark","floor":54}],"player_experience":78638,"relics_obtained":[{"floor":2,"key":"Ring of Fury"},{"floor":3,"key":"Frozen Egg 2"},{"floor":6,"key":"Oddly Smooth Stone"},{"floor":11,"key":"Meat on the Bone"},{"floor":26,"key":"Bottled Tornado"},{"floor":40,"key":"Orichalcum"},{"floor":43,"key":"Lantern"},{"floor":54,"key":"InkBottle"}],"event_choices":[{"damage_healed":0,"gold_gain":0,"player_choice":"Upgraded","damage_taken":0,"max_hp_gain":0,"max_hp_loss":0,"event_name":"Upgrade Shrine","floor":24,"gold_loss":0,"cards_upgraded":["PulseMagic"]},{"damage_healed":0,"gold_gain":0,"player_choice":"Ignored","damage_taken":0,"max_hp_gain":0,"max_hp_loss":0,"event_name":"Tomb of Lord Red Mask","floor":38,"gold_loss":0},{"damage_healed":0,"gold_gain":0,"player_choice":"Memory 1","damage_taken":0,"max_hp_gain":0,"max_hp_loss":0,"event_name":"SensoryStone","floor":39,"gold_loss":0},{"cards_removed":["Defend_MRS"],"damage_healed":0,"gold_gain":0,"player_choice":"Removed Skill","damage_taken":0,"max_hp_gain":0,"max_hp_loss":0,"event_name":"Falling","floor":48,"gold_loss":0}],"is_beta":false,"boss_relics":[{"not_picked":["Replay:Bronze Core","RampagingMagicTools"],"picked":"Replay:Ancient Bell"},{"not_picked":["Grinning Jar","Bag of Preparation"],"picked":"Bag of Marbles"},{"not_picked":["Shuriken","Snack Pack"],"picked":"Eternal Feather"},{"not_picked":["MagicBroom","StoneCalendar"],"picked":"CaptainsWheel"},{"not_picked":["Replay:Drink Me","Snecko Eye"],"picked":"Replay:Grab Bag"},{"not_picked":["Philosopher\u0027s Stone","Coffee Dripper"],"picked":"SlaversCollar"},{"not_picked":["Busted Crown","Cursed Key"],"picked":"Fusion Hammer"},{"not_picked":["BewitchedHakkero","Tiny House"],"picked":"ExperimentalFamiliar"}],"items_purged_floors":[19,47],"is_endless":false,"potions_floor_spawned":[6,8,10,14,16,21,22,28,37,41],"killed_by":"The Heart","ascension_level":0}}