{"host":"ve5hox67eka4rdnb","time":1612940206,"event":{"mods":["ATMod(∞¢Ë™Mod)","AchievementEnabler","Act Like it!","BaseMod","Downfall","Gensokyo","Hermit","Koishi","Lobotomy","LobotomyExtend","Marisa£®ÏF”Í°°ƒß¿Ì…≥£©","Minty Spire (QoL Compilation)","Reimu£®≤©¿ˆ¡È√Œ£©","Remilia£®¿Ÿ√◊¿Ú—«£©","Replay The Spire","Shop Mod","StSLib","The Construct","The Cursed","The Servant 0.9.4"],"gold_per_floor":[119,119,131,56,56,56,73,100,100,100,113,141,141,4,4,101,101,112,122,122,122,122,122],"floor_reached":22,"language":"ZHS","playtime":1271,"items_purged":["Loneliness","SpecialBullet"],"score":217,"play_id":"2f10fa40-98ba-4f73-bc75-516bed6607ac","local_time":"20210210145646","is_ascension_mode":false,"campfire_choices":[],"circlet_count":0,"master_deck":["SpecialBullet","SpecialBullet","SpecialBullet","SpecialBullet","SpecialBullet","InformationCode","RecordCode","Funeral","Lamp+3","Ecstasy+1","VoidDream","Justitia+1","CherryBlossom+1","UniverseFragment"],"relics":["CogitoBucket","AT_ATBox","LetterFromLob","Pear","Eternal Feather","Golden Egg","Black Star","HellTrain"],"acts_visited":["Exordium","TheCity"],"potions_floor_usage":[8,12,16,22],"damage_taken":[{"damage":0,"enemies":"2 Louse","floor":1,"turns":1},{"damage":11,"enemies":"Jaw Worm","floor":3,"turns":2},{"damage":6,"enemies":"Cultist","floor":7,"turns":3},{"damage":10,"enemies":"Replay:BlueRogue","floor":8,"turns":6},{"damage":6,"enemies":"Exordium Wildlife","floor":11,"turns":2},{"damage":38,"enemies":"Lagavulin","floor":12,"turns":7},{"damage":60,"enemies":"Hexaghost","floor":16,"turns":8},{"damage":15,"enemies":"2 Thieves","floor":18,"turns":8},{"damage":22,"enemies":"3 Byrds","floor":19,"turns":5},{"damage":59,"enemies":"Sentry and Sphere","floor":22,"turns":5}],"seed_played":"3002286253749363116","potions_obtained":[{"floor":1,"key":"EssenceOfSteel"},{"floor":3,"key":"bronze:BurnAndBuffPotion"},{"floor":7,"key":"Toxic Potion"},{"floor":12,"key":"FairyPotion"},{"floor":18,"key":"Weak Potion"}],"is_trial":false,"path_per_floor":["M","?","M","$","?","R","M","E","T","R","M","E","R","$","R","B",null,"M","M","?","?","M"],"character_chosen":"Angela","items_purchased":["Ecstasy"],"campfire_rested":0,"item_purchase_floors":[14],"current_hp_per_floor":[70,70,59,59,59,59,53,53,53,59,53,15,24,24,33,52,84,74,58,27,27,0,0],"gold":122,"neow_bonus":"TRANSFORM_CARD","is_daily":false,"chose_seed":false,"campfire_upgraded":0,"win_rate":0.0,"timestamp":1612940206,"path_taken":["M","?","M","$","?","R","M","E","T","R","M","E","R","$","R","BOSS","M","M","?","?","M"],"items_purchased_type":["Card"],"build_version":"2020-12-22","purchased_purges":2,"victory":false,"max_hp_per_floor":[70,70,70,70,70,70,70,80,80,80,80,80,80,80,80,84,84,84,88,91,91,91,91],"card_choices":[{"not_picked":["CUTE","SomewhereSpear"],"picked":"SKIP","floor":1},{"not_picked":["CherryBlossoms","HeroicMonk"],"picked":"Yin","floor":3},{"not_picked":["TodaysExpression"],"picked":"BloodyDesire","floor":3},{"not_picked":["RapturousDream","BlackSwan_ego"],"picked":"SKIP","floor":7},{"not_picked":["CUTE","TodaysExpression"],"picked":"SKIP","floor":8},{"not_picked":["Regret_ego"],"picked":"Hypocrisy","floor":11},{"not_picked":["WallGazer","FairyFestival"],"picked":"Funeral","floor":12},{"not_picked":["Harvest"],"picked":"Lamp","floor":12},{"not_picked":["Woodsman","ShyLook"],"picked":"VoidDream","floor":16},{"not_picked":["Pinks"],"picked":"Justitia","floor":16},{"not_picked":["Amita"],"picked":"CherryBlossom","floor":18},{"not_picked":["Bloodbath","FairyFestival"],"picked":"UniverseFragment","floor":19},{"not_picked":["Lantern","Loneliness+1"],"picked":"SKIP","floor":19}],"player_experience":201020,"relics_obtained":[{"floor":1,"key":"LetterFromLob"},{"floor":8,"key":"Pear"},{"floor":9,"key":"Eternal Feather"},{"floor":12,"key":"Golden Egg"}],"event_choices":[{"cards_removed":["SpecialBullet"],"damage_healed":0,"gold_gain":0,"player_choice":"Purged","damage_taken":0,"max_hp_gain":0,"max_hp_loss":0,"event_name":"Purifier","floor":5,"gold_loss":0}],"is_beta":false,"boss_relics":[{"not_picked":["Runic Pyramid","Velvet Choker"],"picked":"Black Star"}],"items_purged_floors":[4,14],"is_endless":false,"potions_floor_spawned":[1,3,7,12,18],"killed_by":"Sentry and Sphere","ascension_level":0}}