{"host":"uv5ws9rdk87e8i5k","time":1612975322,"event":{"mods":["AchievementEnabler","BaseMod","Colored Map","Minty Spire (QoL Compilation)","Permanent Neow","Quick Restart","StSLib","SuperFastMode","The Necromancer"],"gold_per_floor":[110,125,125,140,140,140,172,192,192,192,223,241,266,286,286,383,383,397,412,412,428,67,67,83,109,109,139,151,177,189,234,246,353,365,393,89,104,119,136,164,164,196,223,223,223],"floor_reached":44,"language":"ENG","playtime":1692,"items_purged":["Strike_R","Strike_R"],"score":930,"play_id":"933b699b-06d8-4993-9c50-e007c89ad558","local_time":"20210210104202","is_ascension_mode":true,"campfire_choices":[{"data":"Demon Form","floor":6.0,"key":"SMITH"},{"data":"Whirlwind","floor":10.0,"key":"SMITH"},{"data":"Heavy Blade","floor":15.0,"key":"SMITH"},{"data":"Immolate","floor":23.0,"key":"SMITH"},{"data":"Brutality","floor":30.0,"key":"SMITH"},{"data":"Seeing Red","floor":32.0,"key":"SMITH"},{"data":"Limit Break","floor":41,"key":"SMITH"}],"circlet_count":0,"master_deck":["AscendersBane","Strike_R","Strike_R","Defend_R","Defend_R","Defend_R","Defend_R","Bash+1","Whirlwind+1","Perfected Strike","Clothesline","Demon Form+1","Heavy Blade+1","Ghostly Armor","Twin Strike+1","Double Tap","Havoc","Immolate+1","Shrug It Off","Havoc","Brutality+1","Battle Trance","Seeing Red+1","Impervious","Battle Trance+1","Limit Break+1","Dual Wield","Armaments+1","Flame Barrier","Flame Barrier+1"],"relics":["Burning Blood","Red Skull","Nunchaku","Ornamental Fan","Matryoshka","Runic Dome","Gremlin Horn","Bottled Tornado","Toy Ornithopter","MawBank","Sundial","Sozu","Pocketwatch","Whetstone","Juzu Bracelet","Boot"],"acts_visited":["Exordium","TheCity","TheBeyond"],"potions_floor_usage":[],"damage_taken":[{"damage":13.0,"enemies":"Jaw Worm","floor":1.0,"turns":4.0},{"damage":8.0,"enemies":"Small Slimes","floor":2.0,"turns":2.0},{"damage":1.0,"enemies":"Cultist","floor":4.0,"turns":3.0},{"damage":30.0,"enemies":"Gremlin Nob","floor":7.0,"turns":5.0},{"damage":0.0,"enemies":"Large Slime","floor":8.0,"turns":4.0},{"damage":15.0,"enemies":"Lagavulin","floor":11.0,"turns":5.0},{"damage":4.0,"enemies":"Exordium Thugs","floor":12.0,"turns":3.0},{"damage":6.0,"enemies":"Gremlin Nob","floor":13.0,"turns":3.0},{"damage":2.0,"enemies":"Looter","floor":14.0,"turns":3.0},{"damage":12.0,"enemies":"Slime Boss","floor":16.0,"turns":6.0},{"damage":8.0,"enemies":"Chosen","floor":18.0,"turns":4.0},{"damage":16.0,"enemies":"Spheric Guardian","floor":19.0,"turns":4.0},{"damage":15.0,"enemies":"Snake Plant","floor":21.0,"turns":3.0},{"damage":0.0,"enemies":"3 Cultists","floor":24.0,"turns":2.0},{"damage":16.0,"enemies":"Gremlin Leader","floor":25.0,"turns":4.0},{"damage":0.0,"enemies":"Slavers","floor":27.0,"turns":1.0},{"damage":18.0,"enemies":"Snecko","floor":29.0,"turns":3.0},{"damage":29.0,"enemies":"Book of Stabbing","floor":31.0,"turns":4.0},{"damage":40.0,"enemies":"Champ","floor":33.0,"turns":4.0},{"damage":19.0,"enemies":"Orb Walker","floor":35.0,"turns":4.0},{"damage":24.0,"enemies":"3 Shapes","floor":37.0,"turns":1.0},{"damage":2,"enemies":"3 Darklings","floor":38,"turns":2},{"damage":3,"enemies":"Maw","floor":39,"turns":4},{"damage":20,"enemies":"Reptomancer","floor":40,"turns":3},{"damage":28,"enemies":"Nemesis","floor":42,"turns":5},{"damage":13,"enemies":"Giant Head","floor":44,"turns":1}],"seed_played":"-3446555227792024142","potions_obtained":[{"floor":1.0,"key":"BlessingOfTheForge"},{"floor":4.0,"key":"SpeedPotion"},{"floor":11.0,"key":"ElixirPotion"},{"floor":14.0,"key":"Strength Potion"},{"floor":16.0,"key":"LiquidBronze"},{"floor":24.0,"key":"GamblersBrew"},{"floor":29.0,"key":"Strength Potion"},{"floor":31.0,"key":"BloodPotion"}],"is_trial":false,"path_per_floor":["M","M","?","M","?","R","E","M","T","R","E","M","E","M","R","B",null,"M","M","?","M","$","R","M","E","T","E","?","M","R","E","R","B",null,"M","$","M","M","M","E","R","E","T","E"],"character_chosen":"IRONCLAD","items_purchased":["Immolate","BloodPotion","DuplicationPotion","Limit Break","Dual Wield"],"campfire_rested":0,"item_purchase_floors":[22,22,22,36,36],"current_hp_per_floor":[65,63,56,61,61,61,37,43,43,43,34,36,36,40,40,34,69,67,57,57,48,48,48,70,60,60,66,66,54,54,36,36,28,67,54,54,36,40,43,29,29,7,7,0,0],"gold":223,"neow_bonus":"THREE_CARDS","is_daily":false,"chose_seed":false,"campfire_upgraded":7,"win_rate":0.0,"timestamp":1612975322,"path_taken":["M","M","?","M","?","R","E","M","T","R","E","M","E","M","R","BOSS","M","?","?","M","?","R","M","E","T","E","?","?","R","E","R","BOSS","M","$","M","M","?","E","R","E","T","E"],"items_purchased_type":["Card","Potion","Potion","Card","Card"],"build_version":"2020-12-22","purchased_purges":2,"victory":false,"max_hp_per_floor":[80,80,80,80,80,80,80,80,80,80,80,80,80,80,80,80,80,80,80,80,80,80,80,80,80,80,80,80,80,80,80,80,80,80,80,80,80,80,80,80,80,80,80,80,80],"card_choices":[{"not_picked":["Iron Wave","Thunderclap"],"picked":"Whirlwind","floor":0.0},{"not_picked":["Body Slam","Twin Strike"],"picked":"Perfected Strike","floor":1.0},{"not_picked":["Iron Wave","Shockwave"],"picked":"Clothesline","floor":2.0},{"not_picked":["Heavy Blade","Feel No Pain","Iron Wave"],"picked":"SKIP","floor":4.0},{"not_picked":["Thunderclap","Armaments","Dark Embrace"],"picked":"SKIP","floor":7.0},{"not_picked":["Entrench","Evolve","Bludgeon"],"picked":"SKIP","floor":8.0},{"not_picked":["Reckless Charge","Disarm","Feel No Pain"],"picked":"SKIP","floor":11.0},{"not_picked":["Iron Wave","Sever Soul"],"picked":"Ghostly Armor","floor":12.0},{"not_picked":["Body Slam","Blood for Blood"],"picked":"Twin Strike","floor":13.0},{"not_picked":["True Grit","Armaments","Power Through"],"picked":"SKIP","floor":14.0},{"not_picked":["Offering","Bludgeon"],"picked":"Double Tap","floor":16.0},{"not_picked":["Disarm+1","Pommel Strike"],"picked":"Havoc","floor":18.0},{"not_picked":["Dark Embrace","Metallicize","Armaments"],"picked":"SKIP","floor":19.0},{"not_picked":["Pommel Strike","Body Slam+1","Flex"],"picked":"SKIP","floor":21.0},{"not_picked":["Warcry","Second Wind"],"picked":"Shrug It Off","floor":24.0},{"not_picked":["Flex","Entrench"],"picked":"Havoc","floor":25.0},{"not_picked":["Ghostly Armor","Hemokinesis"],"picked":"Brutality","floor":27.0},{"not_picked":["Anger+1","Armaments","Carnage+1"],"picked":"SKIP","floor":29.0},{"not_picked":["Clothesline+1","Cleave"],"picked":"Seeing Red","floor":31.0},{"not_picked":["Fiend Fire","Bludgeon"],"picked":"Impervious","floor":33.0},{"not_picked":["True Grit+1","Sword Boomerang"],"picked":"Battle Trance+1","floor":35.0},{"not_picked":["True Grit+1","Flex"],"picked":"Armaments+1","floor":37.0},{"not_picked":["Carnage+1","Anger+1","Sword Boomerang"],"picked":"SKIP","floor":38},{"not_picked":["Hemokinesis+1","Cleave"],"picked":"Flame Barrier","floor":39},{"not_picked":["Warcry","Dual Wield+1","Entrench+1"],"picked":"SKIP","floor":40},{"not_picked":["Clothesline","Evolve"],"picked":"Flame Barrier+1","floor":42}],"player_experience":162617,"relics_obtained":[{"floor":7.0,"key":"Red Skull"},{"floor":9.0,"key":"Nunchaku"},{"floor":11.0,"key":"Ornamental Fan"},{"floor":13.0,"key":"Matryoshka"},{"floor":25.0,"key":"Gremlin Horn"},{"floor":26.0,"key":"Bottled Tornado"},{"floor":26.0,"key":"Toy Ornithopter"},{"floor":27.0,"key":"MawBank"},{"floor":31.0,"key":"Sundial"},{"floor":40,"key":"Pocketwatch"},{"floor":42,"key":"Whetstone"},{"floor":43,"key":"Juzu Bracelet"},{"floor":43,"key":"Boot"}],"event_choices":[{"cards_removed":["Strike_R"],"damage_healed":0.0,"max_hp_gain":0.0,"max_hp_loss":0.0,"gold_gain":0.0,"event_name":"Golden Wing","player_choice":"Card Removal","floor":3.0,"gold_loss":0.0,"damage_taken":7.0},{"damage_healed":0.0,"max_hp_gain":0.0,"max_hp_loss":0.0,"gold_gain":0.0,"event_name":"Match and Keep!","player_choice":"2 cards matched","floor":5.0,"gold_loss":0.0,"damage_taken":0.0,"cards_obtained":["Demon Form","Heavy Blade"]},{"damage_healed":0.0,"max_hp_gain":0.0,"max_hp_loss":0.0,"gold_gain":0.0,"event_name":"The Woman in Blue","player_choice":"Bought 0 Potions","floor":20.0,"gold_loss":0.0,"damage_taken":0.0},{"damage_healed":0.0,"max_hp_gain":0.0,"max_hp_loss":0.0,"gold_gain":0.0,"event_name":"The Library","player_choice":"Read","floor":28.0,"gold_loss":0.0,"damage_taken":0.0,"cards_obtained":["Battle Trance"]}],"is_beta":false,"boss_relics":[{"not_picked":["Black Blood","Mark of Pain"],"picked":"Runic Dome"},{"not_picked":["Runic Cube","Coffee Dripper"],"picked":"Sozu"}],"items_purged_floors":[22,36],"is_endless":false,"potions_floor_spawned":[1,4,11,14,16,19,24,29,31,35,37,39],"killed_by":"Giant Head","ascension_level":11}}