{"host":"kh6fvhxn285ncg0o","time":1612995981,"event":{"mods":["Act Like it!","BaseMod","Colored Map","Friendly Minions","Keyboard Shortcuts","Minty Spire (QoL Compilation)","Quick Restart","Relic Stats","StSLib","SuperFastMode","UnlockEverythingMod"],"gold_per_floor":[116,116,132,150,163,163,198,211,235,235,249,277,202,216,216,289,289,306,206,206,224,224,224,256,131,181,209,222,240,266,286,286,362,362,375,386,311,323,347,378,391,406,406,421,232,57,68,97,97,97,97,97,97,13,47,47],"floor_reached":57,"language":"KOR","playtime":2360,"items_purged":["Strike_G","Strike_G","Strike_G","Defend_G","Defend_G"],"score":3076,"play_id":"264b05a7-cb47-4d13-8dd4-f4d51fe77bdf","local_time":"20210211072621","is_ascension_mode":true,"campfire_choices":[{"data":"Apotheosis","floor":6.0,"key":"SMITH"},{"floor":10.0,"key":"REST"},{"data":"Well Laid Plans","floor":15.0,"key":"SMITH"},{"floor":23.0,"key":"RECALL"},{"data":"Survivor","floor":32.0,"key":"SMITH"},{"data":"Footwork","floor":49,"key":"SMITH"},{"data":"Defend_G","floor":53,"key":"SMITH"}],"circlet_count":0,"master_deck":["AscendersBane","Defend_G","Defend_G+1","Survivor+1","Neutralize","Apotheosis+1","Reflex","Backstab","Bouncing Flask","Malaise","Malaise","Well Laid Plans+1","Grand Finale","Acrobatics+1","Terror","Escape Plan","Concentrate","PiercingWail+1","After Image","Footwork+1"],"relics":["Ring of the Snake","Du-Vu Doll","Orichalcum","Centennial Puzzle","Runic Pyramid","Potion Belt","Torii","Blood Vial","Bottled Lightning","Nunchaku","Busted Crown","Gremlin Horn","Snake Skull","Lantern","Toy Ornithopter"],"acts_visited":["Exordium","TheCity","TheBeyond","TheEnding"],"potions_floor_usage":[42,55,56,56,56],"damage_taken":[{"damage":4.0,"enemies":"Jaw Worm","floor":1.0,"turns":4.0},{"damage":0.0,"enemies":"Cultist","floor":3.0,"turns":3.0},{"damage":1.0,"enemies":"2 Louse","floor":4.0,"turns":3.0},{"damage":2.0,"enemies":"Gremlin Gang","floor":5.0,"turns":6.0},{"damage":14.0,"enemies":"Gremlin Nob","floor":7.0,"turns":4.0},{"damage":0.0,"enemies":"Blue Slaver","floor":8.0,"turns":3.0},{"damage":8.0,"enemies":"Exordium Thugs","floor":11.0,"turns":4.0},{"damage":6.0,"enemies":"Lagavulin","floor":12.0,"turns":7.0},{"damage":0.0,"enemies":"Looter","floor":14.0,"turns":3.0},{"damage":0.0,"enemies":"Hexaghost","floor":16.0,"turns":12.0},{"damage":3.0,"enemies":"2 Thieves","floor":18.0,"turns":3.0},{"damage":0.0,"enemies":"Chosen","floor":21.0,"turns":4.0},{"damage":15.0,"enemies":"Book of Stabbing","floor":24.0,"turns":6.0},{"damage":9.0,"enemies":"Slavers","floor":27.0,"turns":3.0},{"damage":2.0,"enemies":"Snake Plant","floor":28.0,"turns":4.0},{"damage":0.0,"enemies":"Cultist and Chosen","floor":29.0,"turns":3.0},{"damage":1.0,"enemies":"Gremlin Leader","floor":30.0,"turns":4.0},{"damage":0.0,"enemies":"3 Cultists","floor":31.0,"turns":2.0},{"damage":0.0,"enemies":"Collector","floor":33.0,"turns":6.0},{"damage":0.0,"enemies":"3 Darklings","floor":35.0,"turns":3.0},{"damage":1.0,"enemies":"3 Shapes","floor":36.0,"turns":5.0},{"damage":0.0,"enemies":"Maw","floor":38.0,"turns":4.0},{"damage":1,"enemies":"Reptomancer","floor":40,"turns":4},{"damage":1,"enemies":"Jaw Worm Horde","floor":41,"turns":2},{"damage":6,"enemies":"3 Darklings","floor":42,"turns":2},{"damage":0,"enemies":"Sphere and 2 Shapes","floor":44,"turns":3},{"damage":0,"enemies":"Maw","floor":47,"turns":3},{"damage":0,"enemies":"Giant Head","floor":48,"turns":3},{"damage":9,"enemies":"Donu and Deca","floor":50,"turns":3},{"damage":6,"enemies":"Awakened One","floor":51,"turns":4},{"damage":7,"enemies":"Shield and Spear","floor":55,"turns":3},{"damage":45,"enemies":"The Heart","floor":56,"turns":8}],"seed_played":"-6707122838935905113","potions_obtained":[{"floor":4.0,"key":"Weak Potion"},{"floor":7.0,"key":"AttackPotion"},{"floor":11.0,"key":"Regen Potion"},{"floor":12.0,"key":"PowerPotion"},{"floor":14.0,"key":"SteroidPotion"},{"floor":18.0,"key":"Regen Potion"},{"floor":29.0,"key":"EssenceOfSteel"},{"floor":30.0,"key":"PowerPotion"},{"floor":33.0,"key":"BlessingOfTheForge"},{"floor":35.0,"key":"Block Potion"},{"floor":36.0,"key":"ColorlessPotion"},{"floor":47,"key":"Strength Potion"}],"is_trial":false,"path_per_floor":["M","?","M","M","M","R","E","M","T","R","M","E","$","M","R","B",null,"M","$","?","M","?","R","E","$","T","E","M","M","E","M","R","B",null,"M","M","?","M","T","E","M","M","T","M","$","$","M","E","R","B","B",null,"R","$","E","B",null],"character_chosen":"THE_SILENT","items_purchased":["Footwork","DistilledChaos"],"campfire_rested":1,"item_purchase_floors":[45,54],"current_hp_per_floor":[40,40,40,39,37,37,23,23,23,42,34,43,43,43,43,43,60,57,57,57,57,57,57,57,57,57,50,50,52,53,55,55,57,64,66,65,65,66,66,65,65,60,60,62,62,62,64,66,66,57,53,63,63,63,58,30],"gold":47,"neow_bonus":"RANDOM_COLORLESS_2","is_daily":false,"chose_seed":false,"campfire_upgraded":5,"win_rate":0.0,"timestamp":1612995981,"path_taken":["M","?","?","M","M","R","E","M","T","R","M","E","$","M","R","BOSS","M","$","?","M","?","R","E","$","T","E","M","?","E","M","R","BOSS","M","M","?","?","?","E","M","M","T","M","?","$","M","E","R","BOSS","BOSS","R","$","E","BOSS"],"items_purchased_type":["Card","Potion"],"build_version":"2020-12-22","purchased_purges":5,"victory":true,"max_hp_per_floor":[66,66,66,66,66,66,66,66,66,66,66,66,66,66,66,66,66,66,66,66,66,66,66,66,66,66,66,66,66,66,66,66,66,66,66,66,66,66,66,66,66,66,66,66,66,66,66,66,66,66,66,66,66,66,66,66],"relic_stats":{"Blood Vial":29,"Centennial Puzzle":[37],"Nunchaku":[11],"Busted Crown":20,"Torii":14,"Gremlin Horn":[8,8],"counters":[32,131],"Snake Skull":[44],"Orichalcum":[216],"obtain_stats":[{"Potion Belt":22,"Lantern":48,"Torii":24,"Gremlin Horn":40,"Snake Skull":43,"Orichalcum":9,"Du-Vu Doll":7,"Blood Vial":26,"Centennial Puzzle":12,"Nunchaku":30,"Busted Crown":34,"Bottled Lightning":27,"Toy Ornithopter":55,"Ring of the Snake":0,"Runic Pyramid":17},{"Potion Belt":12,"Lantern":28,"Torii":13,"Gremlin Horn":23,"Snake Skull":25,"Orichalcum":6,"Du-Vu Doll":5,"Blood Vial":13,"Centennial Puzzle":8,"Nunchaku":17,"Busted Crown":19,"Bottled Lightning":14,"Toy Ornithopter":31,"Ring of the Snake":0,"Runic Pyramid":10},{"Potion Belt":56,"Lantern":113,"Torii":62,"Gremlin Horn":100,"Snake Skull":104,"Orichalcum":23,"Du-Vu Doll":20,"Blood Vial":62,"Centennial Puzzle":34,"Nunchaku":76,"Busted Crown":84,"Bottled Lightning":65,"Toy Ornithopter":123,"Ring of the Snake":0,"Runic Pyramid":49}],"Toy Ornithopter":15,"Ring of the Snake":[64]},"card_choices":[{"not_picked":["Magnetism","Master of Strategy"],"picked":"Apotheosis","floor":0.0},{"not_picked":["Quick Slash","Slice"],"picked":"Cloak And Dagger","floor":1.0},{"not_picked":["Setup","Sucker Punch"],"picked":"Reflex","floor":3.0},{"not_picked":["Outmaneuver","Blade Dance"],"picked":"Backstab","floor":4.0},{"not_picked":["Burst","Calculated Gamble"],"picked":"Bouncing Flask","floor":5.0},{"not_picked":["Expertise","Tactician"],"picked":"Malaise","floor":7.0},{"not_picked":["Accuracy","Quick Slash"],"picked":"Malaise","floor":12.0},{"not_picked":["Backflip","All Out Attack"],"picked":"Well Laid Plans","floor":14.0},{"not_picked":["Glass Knife","Adrenaline"],"picked":"Grand Finale","floor":16.0},{"not_picked":["Concentrate","Deadly Poison"],"picked":"Acrobatics+1","floor":18.0},{"not_picked":["Leg Sweep","Blade Dance"],"picked":"Terror","floor":21.0},{"not_picked":["Burst","Acrobatics+1"],"picked":"Escape Plan","floor":24.0},{"not_picked":["Leg Sweep","Blur","Blade Dance"],"picked":"SKIP","floor":27.0},{"not_picked":["Catalyst","Endless Agony+1","Outmaneuver+1"],"picked":"SKIP","floor":28.0},{"not_picked":["Flying Knee","Blade Dance","Slice"],"picked":"SKIP","floor":29.0},{"not_picked":["Dagger Throw","Dagger Spray"],"picked":"Concentrate","floor":30.0},{"not_picked":["Flechettes","Acrobatics"],"picked":"PiercingWail+1","floor":31.0},{"not_picked":["Adrenaline","Venomology"],"picked":"After Image","floor":33.0},{"not_picked":["Masterful Stab"],"picked":"SKIP","floor":35.0},{"not_picked":["Flying Knee"],"picked":"SKIP","floor":36.0},{"not_picked":["Cloak And Dagger"],"picked":"SKIP","floor":38.0},{"not_picked":["Bane"],"picked":"SKIP","floor":40},{"not_picked":["All Out Attack"],"picked":"SKIP","floor":41},{"not_picked":["All Out Attack"],"picked":"SKIP","floor":41},{"not_picked":["Poisoned Stab"],"picked":"SKIP","floor":42},{"not_picked":["Dodge and Roll+1"],"picked":"SKIP","floor":44},{"not_picked":["Eviscerate"],"picked":"SKIP","floor":47},{"not_picked":["Footwork"],"picked":"SKIP","floor":48},{"not_picked":["Quick Slash"],"picked":"SKIP","floor":55}],"player_experience":1363269,"relics_obtained":[{"floor":7.0,"key":"Du-Vu Doll"},{"floor":9.0,"key":"Orichalcum"},{"floor":12.0,"key":"Centennial Puzzle"},{"floor":24.0,"key":"Torii"},{"floor":26.0,"key":"Blood Vial"},{"floor":27.0,"key":"Bottled Lightning"},{"floor":30.0,"key":"Nunchaku"},{"floor":40,"key":"Gremlin Horn"},{"floor":43,"key":"Snake Skull"},{"floor":48,"key":"Lantern"},{"floor":55,"key":"Toy Ornithopter"}],"event_choices":[{"cards_removed":["Strike_G"],"damage_healed":0.0,"max_hp_gain":0.0,"max_hp_loss":0.0,"gold_gain":0.0,"event_name":"Bonfire Elementals","player_choice":"Offered Basic","floor":2.0,"gold_loss":0.0,"damage_taken":0.0},{"cards_removed":["Strike_G"],"damage_healed":0.0,"max_hp_gain":0.0,"max_hp_loss":0.0,"gold_gain":0.0,"event_name":"Back to Basics","player_choice":"Elegance","floor":20.0,"gold_loss":0.0,"damage_taken":0.0},{"cards_removed":["Cloak And Dagger"],"damage_healed":0.0,"max_hp_gain":0.0,"max_hp_loss":0.0,"gold_gain":0.0,"event_name":"WeMeetAgain","player_choice":"Gave Card","floor":22.0,"gold_loss":0.0,"damage_taken":0.0,"relics_obtained":["Potion Belt"]},{"cards_removed":["Defend_G"],"damage_healed":0.0,"max_hp_gain":0.0,"max_hp_loss":0.0,"gold_gain":0.0,"event_name":"Designer","player_choice":"Single Remove","floor":37.0,"gold_loss":75.0,"damage_taken":0.0}],"is_beta":false,"boss_relics":[{"not_picked":["SacredBark","Pandora\u0027s Box"],"picked":"Runic Pyramid"},{"not_picked":["Black Star","Ring of the Serpent"],"picked":"Busted Crown"}],"items_purged_floors":[13,19,25,45,46],"is_endless":false,"potions_floor_spawned":[4,7,11,12,14,18,21,29,30,33,35,36,41,47],"ascension_level":20}}