{"host":"37ccm3d17clopct7","time":1612950080,"event":{"mods":["BaseMod","GungeonMod","Hermit","Lobotomy","Minty Spire (QoL Compilation)","StSLib","The Bug Knight","The Cursed","The Hierophant","The Jungle","The Runesmith"],"gold_per_floor":[16,16,16,27,47,47,58,72,72,72,97,97,18,29,29,126,126,141,152,152,164,184,184,195,195,195],"floor_reached":25,"language":"KOR","playtime":1109,"items_purged":[],"score":228,"play_id":"f3baa0c8-f5d4-4843-8ca9-af1a42009c52","local_time":"20210210184120","is_ascension_mode":true,"campfire_choices":[{"floor":6,"key":"RECALL"},{"floor":10,"key":"REST"},{"data":"Runesmith:Reinforce","floor":12,"key":"SMITH"},{"data":"Runesmith:LithiumIon","floor":15,"key":"SMITH"},{"floor":23,"key":"REST"}],"circlet_count":0,"master_deck":["Runesmith:Strike_RS","Runesmith:Strike_RS","Runesmith:Defend_RS","Runesmith:Defend_RS","Runesmith:Defend_RS","Runesmith:CraftFirestone","Runesmith:Fortify","Runesmith:CraftMagma","Runesmith:CraftProtectio","Runesmith:CraftObretio","Runesmith:GoWithTheFlow","Runesmith:EnergizedChisel","Runesmith:Reinforce+1","Runesmith:LithiumIon+1","Runesmith:ChiselStab","Runesmith:MetallurgicalResearch","Runesmith:EnergizedChisel+1","Runesmith:Terraform+1","Runesmith:Firestorm+1","Runesmith:Reinforce","Runesmith:RuneHurl"],"relics":["Runesmith:BrokenRuby","Toy Ornithopter","Boot"],"acts_visited":["Exordium","TheCity"],"potions_floor_usage":[11,16,25,25],"damage_taken":[{"damage":7,"enemies":"Small Slimes","floor":1,"turns":4},{"damage":5,"enemies":"Jaw Worm","floor":4,"turns":4},{"damage":0,"enemies":"Cultist","floor":5,"turns":3},{"damage":2,"enemies":"Looter","floor":7,"turns":4},{"damage":1,"enemies":"Exordium Wildlife","floor":8,"turns":4},{"damage":5,"enemies":"3 Sentries","floor":11,"turns":7},{"damage":0,"enemies":"Red Slaver","floor":14,"turns":4},{"damage":23,"enemies":"Slime Boss","floor":16,"turns":8},{"damage":0,"enemies":"Chosen","floor":18,"turns":6},{"damage":27,"enemies":"2 Thieves","floor":19,"turns":5},{"damage":9,"enemies":"Snecko","floor":21,"turns":9},{"damage":16,"enemies":"Centurion and Healer","floor":22,"turns":6},{"damage":26,"enemies":"3 Cultists","floor":24,"turns":7},{"damage":12,"enemies":"Gremlin Leader","floor":25,"turns":1}],"seed_played":"-4004766206921897409","potions_obtained":[{"floor":1,"key":"AttackPotion"},{"floor":5,"key":"Block Potion"},{"floor":11,"key":"GamblersBrew"},{"floor":14,"key":"DistilledChaos"},{"floor":18,"key":"Fire Potion"},{"floor":19,"key":"SkillPotion"}],"is_trial":false,"path_per_floor":["M","?","?","M","M","R","M","M","T","R","E","R","$","M","R","B",null,"M","M","?","M","M","R","M","E"],"character_chosen":"RUNESMITH_CLASS","items_purchased":["Runesmith:LithiumIon"],"campfire_rested":2,"item_purchase_floors":[13],"current_hp_per_floor":[63,63,51,46,46,46,44,43,43,64,64,64,64,64,64,46,70,70,43,30,21,5,27,1,0,0],"gold":195,"neow_bonus":"REMOVE_TWO","is_daily":false,"chose_seed":false,"campfire_upgraded":2,"win_rate":0.0,"timestamp":1612950080,"path_taken":["M","?","?","M","M","R","M","M","T","R","E","R","?","M","R","BOSS","M","M","?","M","M","R","M","E"],"items_purchased_type":["Card"],"build_version":"2020-12-22","purchased_purges":0,"victory":false,"max_hp_per_floor":[70,70,70,70,70,70,70,70,70,70,70,70,70,70,70,70,70,70,70,75,75,75,75,75,75,75],"card_choices":[{"not_picked":["Runesmith:StaticCage","Runesmith:Grindstone"],"picked":"Runesmith:CraftMagma","floor":1},{"not_picked":["Runesmith:RuneHurl","Runesmith:CraftMagma"],"picked":"Runesmith:CraftProtectio","floor":4},{"not_picked":["Runesmith:BackupBattery","Runesmith:Attraction"],"picked":"Runesmith:CraftObretio","floor":5},{"not_picked":["Runesmith:HeatedChisel","Runesmith:Overpower"],"picked":"Runesmith:GoWithTheFlow","floor":7},{"not_picked":["Runesmith:CraftProtectio","Runesmith:Malloc"],"picked":"Runesmith:EnergizedChisel","floor":8},{"not_picked":["Runesmith:HeatedChisel","Runesmith:UnstableHammer"],"picked":"Runesmith:Reinforce","floor":11},{"not_picked":["Runesmith:HammerThrow","Runesmith:Retool"],"picked":"Runesmith:ChiselStab","floor":14},{"not_picked":["Runesmith:CreatorForm","Runesmith:UnlimitedPower"],"picked":"Runesmith:MetallurgicalResearch","floor":16},{"not_picked":["Runesmith:ChiselStab","Runesmith:CraftProtectio"],"picked":"Runesmith:EnergizedChisel+1","floor":18},{"not_picked":["Runesmith:ChiselStab+1","Runesmith:CraftObretio"],"picked":"Runesmith:Terraform+1","floor":19},{"not_picked":["Runesmith:ChargedHammer","Runesmith:MakeshiftArmor"],"picked":"Runesmith:Firestorm+1","floor":21},{"not_picked":["Runesmith:ShiftingStrike","Runesmith:ChiselStab"],"picked":"Runesmith:Reinforce","floor":22},{"not_picked":["Runesmith:Terraform","Runesmith:Repurpose+1"],"picked":"Runesmith:RuneHurl","floor":24}],"player_experience":164880,"relics_obtained":[{"floor":11,"key":"Boot"}],"event_choices":[{"cards_removed":["Runesmith:Strike_RS"],"damage_healed":0,"gold_gain":0,"player_choice":"Forget","damage_taken":0,"max_hp_gain":0,"max_hp_loss":0,"event_name":"Living Wall","floor":2,"gold_loss":0},{"damage_healed":0,"gold_gain":0,"player_choice":"Success","damage_taken":12,"relics_obtained":["Toy Ornithopter"],"max_hp_gain":0,"max_hp_loss":0,"event_name":"Scrap Ooze","floor":3,"gold_loss":0},{"damage_healed":0,"gold_gain":0,"player_choice":"Shed Blood","damage_taken":18,"max_hp_gain":5,"max_hp_loss":0,"event_name":"Forgotten Altar","floor":20,"gold_loss":0}],"is_beta":false,"boss_relics":[{"not_picked":["Sozu","Runesmith:PocketReactor","Fusion Hammer"]}],"items_purged_floors":[],"is_endless":false,"potions_floor_spawned":[1,5,11,14,18,19,22],"killed_by":"Gremlin Leader","ascension_level":2}}