{"host":"bxn2em57qlx5u4i0","time":1612987799,"event":{"mods":["BaseMod","Colored Map","Colored Powertips","Highlight Path","Minty Spire (QoL Compilation)","Random Character Button","Relic Sorter","Relic Stats","StSLib","SuperFastMode"],"gold_per_floor":[368,518,528,145,159,190,190,190,213,213,42,42,60,74,74,153,153,166,166,176,76,76,76,110,110,156,187,202,202,216,245,245,245,245],"floor_reached":33,"language":"ENG","playtime":752,"items_purged":["Doubt","Strike_G"],"score":656,"play_id":"80a16e31-305f-40ac-8041-73e47cd58d8e","local_time":"20210210150959","is_ascension_mode":true,"campfire_choices":[{"data":"Crippling Poison","floor":8,"key":"SMITH"},{"floor":10,"key":"REST"},{"data":"Catalyst","floor":12,"key":"SMITH"},{"data":"Burst","floor":15,"key":"SMITH"},{"floor":23,"key":"REST"},{"floor":25,"key":"REST"},{"floor":29,"key":"REST"},{"floor":32,"key":"REST"}],"circlet_count":0,"master_deck":["AscendersBane","Strike_G","Strike_G","Strike_G","Strike_G","Defend_G","Defend_G","Defend_G","Defend_G","Defend_G","Survivor","Neutralize","Flying Knee","Crippling Poison+1","Catalyst+1","Backflip","Deadly Poison","Burst+1","After Image","Noxious Fumes","Prepared+1","Tactician","Crippling Poison","Deflect"],"relics":["Ring of the Snake","Snake Skull","Juzu Bracelet","Toy Ornithopter","OrangePellets","Fusion Hammer","StrikeDummy","Blood Vial","Art of War","Pen Nib"],"acts_visited":["Exordium","TheCity"],"potions_floor_usage":[6,6,16,20,24,31,33],"damage_taken":[{"damage":4,"enemies":"2 Louse","floor":1,"turns":4},{"damage":10,"enemies":"Small Slimes","floor":3,"turns":4},{"damage":4,"enemies":"Jaw Worm","floor":5,"turns":5},{"damage":35,"enemies":"3 Sentries","floor":6,"turns":17},{"damage":6,"enemies":"Gremlin Gang","floor":13,"turns":3},{"damage":4,"enemies":"Blue Slaver","floor":14,"turns":4},{"damage":11,"enemies":"The Guardian","floor":16,"turns":6},{"damage":0,"enemies":"3 Byrds","floor":18,"turns":2},{"damage":21,"enemies":"2 Thieves","floor":20,"turns":5},{"damage":12,"enemies":"Gremlin Leader","floor":24,"turns":4},{"damage":29,"enemies":"Book of Stabbing","floor":27,"turns":7},{"damage":13,"enemies":"Shelled Parasite and Fungi","floor":28,"turns":5},{"damage":14,"enemies":"Snake Plant","floor":30,"turns":4},{"damage":18,"enemies":"Slavers","floor":31,"turns":5},{"damage":32,"enemies":"Automaton","floor":33,"turns":6}],"seed_played":"-7505140681484364486","potions_obtained":[{"floor":1,"key":"PowerPotion"},{"floor":6,"key":"Dexterity Potion"},{"floor":13,"key":"CunningPotion"},{"floor":16,"key":"CultistPotion"},{"floor":20,"key":"Explosive Potion"},{"floor":30,"key":"PowerPotion"}],"is_trial":false,"path_per_floor":["M","?","M","$","M","E","?","R","T","R","$","R","M","M","R","B",null,"M","?","M","$","?","R","E","R","T","E","M","R","M","E","R","B"],"character_chosen":"THE_SILENT","items_purchased":["Snake Skull","Catalyst","Block Potion","OrangePellets"],"campfire_rested":5,"item_purchase_floors":[4,4,4,11],"current_hp_per_floor":[55,55,45,45,41,6,6,6,6,24,24,24,18,14,14,8,47,47,31,15,15,15,34,27,46,46,19,8,27,15,4,23,0,0],"gold":245,"neow_bonus":"TWO_FIFTY_GOLD","is_daily":false,"chose_seed":false,"campfire_upgraded":3,"win_rate":0.0,"timestamp":1612987799,"path_taken":["M","?","M","$","M","E","?","R","T","R","$","R","M","M","R","BOSS","M","?","M","$","?","R","E","R","T","E","M","R","M","E","R","BOSS"],"items_purchased_type":["Relic","Card","Potion","Relic"],"build_version":"2020-12-22","purchased_purges":2,"victory":false,"max_hp_per_floor":[60,60,60,60,60,60,60,60,60,60,60,60,60,60,60,60,60,60,65,65,65,65,65,65,65,65,65,65,65,65,65,65,65,65],"relic_stats":{"Blood Vial":10,"OrangePellets":[4],"counters":[15,81],"Snake Skull":[99],"Pen Nib":[0],"Juzu Bracelet":0,"Art of War":[7],"obtain_stats":[{"Blood Vial":26,"OrangePellets":11,"Snake Skull":4,"Fusion Hammer":17,"Pen Nib":31,"Juzu Bracelet":6,"Art of War":27,"StrikeDummy":24,"Toy Ornithopter":9,"Ring of the Snake":0},{"Blood Vial":10,"OrangePellets":4,"Snake Skull":2,"Fusion Hammer":7,"Pen Nib":14,"Juzu Bracelet":4,"Art of War":11,"StrikeDummy":10,"Toy Ornithopter":4,"Ring of the Snake":0},{"Blood Vial":54,"OrangePellets":30,"Snake Skull":8,"Fusion Hammer":43,"Pen Nib":75,"Juzu Bracelet":30,"Art of War":61,"StrikeDummy":54,"Toy Ornithopter":30,"Ring of the Snake":0}],"Toy Ornithopter":25,"Ring of the Snake":[30]},"card_choices":[{"not_picked":["Backflip","Finisher"],"picked":"Flying Knee","floor":1},{"not_picked":["Finisher","Escape Plan"],"picked":"Crippling Poison","floor":3},{"not_picked":["Dodge and Roll","Acrobatics"],"picked":"Backflip","floor":5},{"not_picked":["Slice","Deflect"],"picked":"Deadly Poison","floor":6},{"not_picked":["Outmaneuver","Acrobatics"],"picked":"Burst","floor":13},{"not_picked":["Prepared","Quick Slash","Blade Dance"],"picked":"SKIP","floor":14},{"not_picked":["Bullet Time","Tools of the Trade"],"picked":"After Image","floor":16},{"not_picked":["Leg Sweep","Heel Hook"],"picked":"Noxious Fumes","floor":18},{"not_picked":["Cloak And Dagger","Slice","Deflect"],"picked":"SKIP","floor":20},{"not_picked":["Accuracy","Finisher"],"picked":"Prepared+1","floor":24},{"not_picked":["Underhanded Strike","Skewer"],"picked":"Tactician","floor":27},{"not_picked":["Outmaneuver","Cloak And Dagger","Accuracy"],"picked":"SKIP","floor":28},{"not_picked":["Outmaneuver+1","Deadly Poison"],"picked":"Crippling Poison","floor":30},{"not_picked":["Flechettes+1","Sucker Punch"],"picked":"Deflect","floor":31}],"player_experience":3030921,"relics_obtained":[{"floor":6,"key":"Juzu Bracelet"},{"floor":9,"key":"Toy Ornithopter"},{"floor":24,"key":"StrikeDummy"},{"floor":26,"key":"Blood Vial"},{"floor":27,"key":"Art of War"},{"floor":31,"key":"Pen Nib"}],"event_choices":[{"damage_healed":0,"gold_gain":150,"player_choice":"AGREE","damage_taken":0,"max_hp_gain":0,"max_hp_loss":0,"event_name":"Liars Game","floor":2,"gold_loss":0,"cards_obtained":["Doubt"]},{"damage_healed":0,"gold_gain":0,"player_choice":"Fled","damage_taken":0,"max_hp_gain":0,"max_hp_loss":0,"event_name":"Scrap Ooze","floor":7,"gold_loss":0},{"damage_healed":0,"gold_gain":0,"player_choice":"Shed Blood","damage_taken":21,"max_hp_gain":5,"max_hp_loss":0,"event_name":"Forgotten Altar","floor":19,"gold_loss":0},{"damage_healed":0,"gold_gain":0,"player_choice":"Ignored","damage_taken":0,"max_hp_gain":0,"max_hp_loss":0,"event_name":"Cursed Tome","floor":22,"gold_loss":0}],"is_beta":false,"boss_relics":[{"not_picked":["Calling Bell","Busted Crown"],"picked":"Fusion Hammer"}],"items_purged_floors":[4,21],"is_endless":false,"potions_floor_spawned":[1,6,13,16,18,20,30],"killed_by":"Automaton","ascension_level":20}}