{"host":"nb31x7fxbzv78wxi","time":1612984361,"event":{"mods":["BaseMod","Hermit","Infinite Spire","Marisa????????","Minty Spire (QoL Compilation)","Random Character Button","StSLib","The Administrix","The Bug Knight","The Construct","The Cursed","The Disciple","The Mystic","The Runesmith"],"gold_per_floor":[115,130,142,142,159,159,187,33,115,135,154,154,166,197,197,197,197],"floor_reached":16,"language":"ENG","playtime":1492,"items_purged":["hermit:Strike_Hermit"],"score":114,"play_id":"71276ad1-0f2f-4b4d-ac12-df9b32c07b55","local_time":"20210210111241","is_ascension_mode":false,"campfire_choices":[{"data":"hermit:Dissolve","floor":6,"key":"SMITH"},{"data":"hermit:Combo","floor":15,"key":"SMITH"}],"circlet_count":1,"master_deck":["hermit:Strike_Hermit","hermit:Strike_Hermit","hermit:Defend_Hermit","hermit:Defend_Hermit","hermit:Defend_Hermit","hermit:Defend_Hermit","hermit:Snapshot","hermit:Covet","hermit:FlashPowder","hermit:ShadowCloak","hermit:Grudge","CurseOfTheBell","CurseOfTheBell","Regret","hermit:Dissolve+1","hermit:Cheat","hermit:Glare","hermit:Desperado+1","hermit:Ricochet","hermit:Deadeye","hermit:Combo+1","hermit:ItchyTrigger"],"relics":["hermit:Momento","Circlet","Happy Flower","hermit:Spyglass","Bird Faced Urn","construct:RocketBooster","infinitespire:Bottled Soul","Juzu Bracelet"],"acts_visited":["Exordium"],"potions_floor_usage":[],"damage_taken":[{"damage":16.0,"enemies":"infinitespire:Voidling","floor":1.0,"turns":7.0},{"damage":3.0,"enemies":"Small Slimes","floor":2.0,"turns":3.0},{"damage":4.0,"enemies":"Jaw Worm","floor":3.0,"turns":6.0},{"damage":0.0,"enemies":"Gremlin Gang","floor":5.0,"turns":3.0},{"damage":36,"enemies":"Lagavulin","floor":7,"turns":12},{"damage":0,"enemies":"Blue Slaver","floor":10,"turns":4},{"damage":8,"enemies":"Large Slime","floor":11,"turns":5},{"damage":2,"enemies":"2 Fungi Beasts","floor":13,"turns":4},{"damage":27,"enemies":"HollowMod:MossKnight","floor":14,"turns":10},{"damage":58,"enemies":"Slime Boss","floor":16,"turns":6}],"seed_played":"-3971880109889439871","potions_obtained":[{"floor":3.0,"key":"AttackPotion"},{"floor":7,"key":"hermit:Eclipse"},{"floor":10,"key":"SpeedPotion"},{"floor":13,"key":"FairyPotion"}],"is_trial":false,"path_per_floor":["M","M","M","?","M","R","E","$","T","M","M","?","M","E","R","B"],"character_chosen":"HERMIT","items_purchased":["hermit:Glare","hermit:Desperado"],"campfire_rested":0,"item_purchase_floors":[8,8],"current_hp_per_floor":[76,73,69,69,71,71,37,37,37,39,31,31,31,8,8,0,0],"gold":197,"neow_bonus":"TEN_PERCENT_HP_BONUS","is_daily":false,"chose_seed":false,"campfire_upgraded":2,"win_rate":0.0,"timestamp":1612984361,"path_taken":["M","?","M","?","M","R","E","$","T","M","M","?","M","E","R","BOSS"],"items_purchased_type":["Card","Card"],"build_version":"2020-12-22","purchased_purges":1,"victory":false,"max_hp_per_floor":[82,82,82,82,82,82,82,82,82,82,82,82,82,82,82,82,82],"card_choices":[{"not_picked":["hermit:Headshot","hermit:Horror"],"picked":"hermit:FlashPowder","floor":1.0},{"not_picked":["hermit:Determination","hermit:Feint"],"picked":"hermit:ShadowCloak","floor":2.0},{"not_picked":["hermit:SprayPray","hermit:Malice"],"picked":"hermit:Grudge","floor":3.0},{"not_picked":["hermit:LowProfile","hermit:HoleUp","hermit:Roulette"],"picked":"SKIP","floor":5},{"not_picked":["hermit:HoleUp","hermit:LowProfile"],"picked":"hermit:Cheat","floor":7},{"not_picked":["hermit:Dive","hermit:Manifest"],"picked":"hermit:Ricochet","floor":10},{"not_picked":["hermit:Desperado","hermit:Gambit"],"picked":"hermit:Deadeye","floor":11},{"not_picked":["hermit:LowProfile","hermit:Ricochet"],"picked":"hermit:Combo","floor":13},{"not_picked":["hermit:Feint","hermit:Dissolve"],"picked":"hermit:ItchyTrigger","floor":14}],"player_experience":723992,"relics_obtained":[{"floor":4.0,"key":"Happy Flower"},{"floor":4.0,"key":"hermit:Spyglass"},{"floor":4.0,"key":"Bird Faced Urn"},{"floor":7,"key":"construct:RocketBooster"},{"floor":9,"key":"infinitespire:Bottled Soul"},{"floor":14,"key":"Juzu Bracelet"}],"event_choices":[{"cards_removed":["hermit:Strike_Hermit"],"damage_healed":0,"gold_gain":0,"player_choice":"Offered Basic","damage_taken":0,"max_hp_gain":0,"max_hp_loss":0,"event_name":"Bonfire Elementals","floor":12,"gold_loss":0}],"is_beta":false,"boss_relics":[],"items_purged_floors":[8],"is_endless":false,"potions_floor_spawned":[3,7,10,13],"killed_by":"Slime Boss","ascension_level":0}}