{"host":"my4gslufyvqsq7r2","time":1612993416,"event":{"mods":["BaseMod","Colored Powertips","Hubris","Infinite Spire","Minty Spire (QoL Compilation)","Replay The Spire","StSLib"],"gold_per_floor":[164,164,164,182,198,198,198,110,136,116,116,143,143,162,162,258,258,273,273,285,296,311,311,311,339,389,416,152,182,182,182,182,182,182],"floor_reached":33,"language":"ENG","playtime":1623,"items_purged":["Strike_R"],"score":316,"play_id":"6fd55c9b-ddd8-4bad-b195-afee173e10f7","local_time":"20210210164336","is_ascension_mode":true,"campfire_choices":[{"floor":6,"key":"REST"},{"floor":15,"key":"REST"},{"data":"Combust","floor":15,"key":"SMITH"},{"floor":23,"key":"REST"},{"data":"Blood for Blood","floor":23,"key":"SMITH"},{"floor":30,"key":"REST"},{"data":"Dramatic Entrance","floor":30,"key":"SMITH"}],"circlet_count":0,"master_deck":["Strike_R","Strike_R+1","Strike_R","Defend_R+1","Defend_R","Defend_R+1","Defend_R+1","Bash","Uppercut","hubris:ReadiedAction","Shrug It Off+1","Body Slam","Dramatic Entrance+1","Combust+1","hubris:SharpeningStone","Offering","Blood for Blood+1","Twin Strike+1","Bloodletting+1","Thunderclap","Burning Pact","ReplayTheSpireMod:Muscle Training+1","Violence","Hemokinesis","Decay"],"relics":["Tiny House","infinitespire:Cubic Diamond","War Paint","Pet Ghost","infinitespire:Magic Flask","Replay:WaspNest","Sozu","Self Forming Clay","hubris:ToyBattleship","Tiny Chest","Toy Ornithopter","Ancient Tea Set"],"acts_visited":["Exordium","TheCity"],"potions_floor_usage":[12,16,29,29],"damage_taken":[{"damage":1,"enemies":"Jaw Worm","floor":1,"turns":3},{"damage":0,"enemies":"Cultist","floor":4,"turns":3},{"damage":5,"enemies":"2 Louse","floor":5,"turns":2},{"damage":19,"enemies":"Gremlin Nob","floor":12,"turns":5},{"damage":0,"enemies":"Large Slime","floor":14,"turns":5},{"damage":33,"enemies":"Slime Boss","floor":16,"turns":9},{"damage":10,"enemies":"Shell Parasite","floor":18,"turns":5},{"damage":13,"enemies":"3 Byrds","floor":20,"turns":2},{"damage":11,"enemies":"Centurion and Healer","floor":21,"turns":5},{"damage":17,"enemies":"Shelled Parasite and Fungi","floor":22,"turns":3},{"damage":21,"enemies":"Book of Stabbing","floor":25,"turns":4},{"damage":26,"enemies":"Gremlin Leader","floor":27,"turns":4},{"damage":20,"enemies":"Slavers","floor":29,"turns":4},{"damage":63,"enemies":"Champ","floor":33,"turns":5}],"seed_played":"-446772088155750059","potions_obtained":[{"floor":0,"key":"Weak Potion"},{"floor":3,"key":"ElixirPotion"},{"floor":3,"key":"SkillPotion"},{"floor":12,"key":"Fruit Juice"},{"floor":16,"key":"SteroidPotion"}],"is_trial":false,"path_per_floor":["M","?","?","M","M","R","?","$","T","?","?","E","T","M","R","B",null,"M","?","M","M","M","R","T","E","T","E","$","E","R","?","R","B"],"character_chosen":"IRONCLAD","items_purchased":["Dramatic Entrance","Violence"],"campfire_rested":4,"item_purchase_floors":[8,28],"current_hp_per_floor":[84,67,67,67,62,85,85,85,85,85,82,68,68,68,90,57,90,80,80,67,56,39,66,66,45,45,19,19,9,36,36,63,0,0],"gold":182,"neow_bonus":"BOSS_RELIC","is_daily":false,"chose_seed":false,"campfire_upgraded":3,"win_rate":0.0,"timestamp":1612993416,"path_taken":["M","?","?","?","M","R","?","$","T","?","?","E","?","M","R","BOSS","M","?","M","?","M","R","?","E","T","E","?","E","R","?","R","BOSS"],"items_purchased_type":["Card","Card"],"build_version":"2020-12-22","purchased_purges":1,"victory":false,"max_hp_per_floor":[85,85,85,85,85,85,85,85,85,85,85,90,90,90,90,90,90,90,90,90,90,90,90,90,90,90,90,90,90,90,90,90,90,90],"card_choices":[{"not_picked":["Clothesline","Pommel Strike"],"picked":"Uppercut","floor":0},{"not_picked":["Sever Soul","Flex"],"picked":"hubris:ReadiedAction","floor":1},{"not_picked":["Iron Wave","Flex"],"picked":"Shrug It Off","floor":4},{"not_picked":["Armaments","Pommel Strike"],"picked":"Body Slam","floor":5},{"not_picked":["Disarm","Clothesline"],"picked":"Combust","floor":12},{"not_picked":["Massacre","Spot Weakness"],"picked":"hubris:SharpeningStone","floor":14},{"not_picked":["Berserk","Reaper"],"picked":"Offering","floor":16},{"not_picked":["Sword Boomerang+1","Feel No Pain"],"picked":"Blood for Blood","floor":18},{"not_picked":["Searing Blow","Flame Barrier"],"picked":"Twin Strike+1","floor":20},{"not_picked":["Armaments+1","Second Wind"],"picked":"Bloodletting+1","floor":21},{"not_picked":["True Grit","Body Slam"],"picked":"Thunderclap","floor":22},{"not_picked":["Reckless Charge+1","Perfected Strike+1"],"picked":"Burning Pact","floor":25},{"not_picked":["Havoc+1","Fiend Fire"],"picked":"ReplayTheSpireMod:Muscle Training","floor":27},{"not_picked":["Uppercut","hubris:SharpeningStone"],"picked":"Hemokinesis","floor":29}],"player_experience":455472,"relics_obtained":[{"floor":9,"key":"War Paint"},{"floor":12,"key":"infinitespire:Magic Flask"},{"floor":13,"key":"Replay:WaspNest"},{"floor":24,"key":"Self Forming Clay"},{"floor":25,"key":"hubris:ToyBattleship"},{"floor":26,"key":"Tiny Chest"},{"floor":27,"key":"Toy Ornithopter"},{"floor":29,"key":"Ancient Tea Set"}],"event_choices":[{"damage_healed":0,"gold_gain":0,"player_choice":"Entered Light","damage_taken":17,"max_hp_gain":0,"max_hp_loss":0,"event_name":"Shining Light","floor":2,"gold_loss":0,"cards_upgraded":["Defend_R","Defend_R"]},{"damage_healed":0,"gold_gain":0,"player_choice":"Got Potions","damage_taken":0,"max_hp_gain":0,"max_hp_loss":0,"event_name":"Lab","floor":3,"gold_loss":0},{"damage_healed":0,"gold_gain":0,"player_choice":"Left Gold","damage_taken":0,"max_hp_gain":0,"max_hp_loss":0,"event_name":"World of Goop","floor":10,"gold_loss":20},{"damage_healed":0,"gold_gain":0,"player_choice":"Success","damage_taken":3,"relics_obtained":["Pet Ghost"],"max_hp_gain":0,"max_hp_loss":0,"event_name":"Scrap Ooze","floor":11,"gold_loss":0},{"cards_removed":["Strike_R"],"damage_healed":0,"gold_gain":0,"player_choice":"Purged","damage_taken":0,"max_hp_gain":0,"max_hp_loss":0,"event_name":"Purifier","floor":19,"gold_loss":0},{"damage_healed":0,"gold_gain":0,"player_choice":"Cursed","damage_taken":0,"max_hp_gain":0,"max_hp_loss":0,"event_name":"Wheel of Change","floor":31,"gold_loss":0,"cards_obtained":["Decay"]}],"is_beta":false,"boss_relics":[{"not_picked":["Replay:Grab Bag","Cursed Key"],"picked":"Sozu"}],"items_purged_floors":[28],"is_endless":false,"potions_floor_spawned":[4,5,12,16,20,21,22,27],"killed_by":"Champ","ascension_level":1}}