{"host":"k6d6vy172g6ium25","time":1612999746,"event":{"mods":["Act Like it!","BaseMod","Bossed Relics","Custom Start","Downfall","Friendly Minions","Kiyohime????","Marisa????????","Minty Spire (QoL Compilation)","Prisma Mod","Rare Cards Sparkle","Relic Filter","StSLib","The Alterego","Transform Curses","Waifu the Spire","Wide Potions","Yakumo Yukari mod","Yohane!"],"gold_per_floor":[118,133,152,152,180,220,220,220,220,253,253,289,289,308,308,416,416,439,467,467,82,100,125,151,170,193,215,234,234,234,254,254,367,367,387,413,439,439,462,488,488,548,585,611,611,352,352,208,208,208],"floor_reached":51,"language":"ENG","playtime":5756,"items_purged":["hexamod:Defend","hexamod:Defend","hexamod:Strike"],"score":816,"play_id":"14c7815e-2417-489d-853c-4775388b79e1","local_time":"20210211002906","is_ascension_mode":false,"campfire_choices":[{"floor":9,"key":"REST"},{"floor":11,"key":"REST"},{"floor":13,"key":"RECALL"},{"data":"hexamod:ThermalTransfer","floor":15,"key":"SMITH"},{"data":"hexamod:InspiringFlames","floor":30,"key":"SMITH"},{"data":"hexamod:ThermalTransfer","floor":32,"key":"SMITH"},{"floor":45,"key":"REST"},{"data":"hexamod:VolcanoVisage","floor":49,"key":"SMITH"}],"circlet_count":0,"master_deck":["hexamod:Strike","hexamod:Strike+1","hexamod:Defend+1","hexamod:Defend+1","hexamod:Sear","hexamod:Float","hexamod:AdvancingGuard","hexamod:FourthSeal","hexamod:HauntingEcho","hexamod:ThermalTransfer+1","hexamod:InspiringFlames+1","hexamod:VolcanoVisage+1","hexamod:Hexaguard+1","hexamod:EtherealExpedition","hexamod:HauntingEcho+1","hexamod:TimeWarp","hexamod:RadiantFlame","hexamod:HeatCrush","hexamod:NightmareGuise","hexamod:CatchUp+1","hexamod:NightmareGuise+1","hexamod:ThermalTransfer+1","hexamod:NightmareGuise+1","hexamod:SpectralAdrenaline+1","hexamod:ThermalTransfer","hexamod:SecondSeal","hexamod:NecessarySacrifice+1","hexamod:SixthSeal","hexamod:RecurringNightmare+1","hexamod:ExtraCrispy+1","hexamod:ThirdSeal","hexamod:EtherealExpedition+1","hexamod:TimeOfNeed","hexamod:NightmareStrike","hexamod:GhostShield+1","hexamod:EmpoweredFlame","hexamod:Hexaguard+1","hexamod:GhostflameBarrier"],"relics":["hexamod:SpiritBrand","downfall:ShatteredFragment","PreservedInsect","Oddly Smooth Stone","Vajra","hexamod:IceCube","Torii","Orichalcum","War Paint","Lizard Tail","Tiny House","hexamod:TheBrokenSeal","Dream Catcher","Blood Vial","hexamod:SoulConsumer","CatCart","Happy Flower","Anchor","Membership Card","Letter Opener","Nunchaku"],"acts_visited":["Exordium","TheCity","TheBeyond"],"potions_floor_usage":[5,6,12,14,16,18,18,19,21,23,26,31,31,31,31,33,37,37,37,40,48,50,50],"damage_taken":[{"damage":5,"enemies":"Jaw Worm","floor":1,"turns":4},{"damage":0,"enemies":"2 Louse","floor":2,"turns":3},{"damage":0,"enemies":"Small Slimes","floor":3,"turns":3},{"damage":1,"enemies":"3 Louse","floor":5,"turns":2},{"damage":2,"enemies":"Blue Slaver","floor":6,"turns":4},{"damage":5,"enemies":"Lagavulin","floor":10,"turns":6},{"damage":9,"enemies":"3 Sentries","floor":12,"turns":6},{"damage":0,"enemies":"Large Slime","floor":14,"turns":5},{"damage":41,"enemies":"DF_ARCHETYPE_STREAMLINE","floor":16,"turns":8},{"damage":1,"enemies":"Shell Parasite","floor":18,"turns":5},{"damage":11,"enemies":"Snake Plant","floor":19,"turns":4},{"damage":0,"enemies":"downfall:FleeingMerchant","floor":21,"turns":4},{"damage":0,"enemies":"Cultist and Chosen","floor":22,"turns":6},{"damage":0,"enemies":"Gremlin Leader","floor":23,"turns":1},{"damage":7,"enemies":"Chosen and Byrds","floor":25,"turns":6},{"damage":9,"enemies":"Snake Plant","floor":26,"turns":4},{"damage":2,"enemies":"Centurion and Healer","floor":27,"turns":6},{"damage":0,"enemies":"Snecko","floor":28,"turns":5},{"damage":1,"enemies":"3 Cultists","floor":31,"turns":5},{"damage":19,"enemies":"SI_MIRROR_ARCHETYPE","floor":33,"turns":8},{"damage":1,"enemies":"Orb Walker","floor":35,"turns":5},{"damage":9,"enemies":"3 Darklings","floor":36,"turns":7},{"damage":32,"enemies":"Spire Growth","floor":37,"turns":6},{"damage":0,"enemies":"Reptomancer","floor":40,"turns":1},{"damage":30,"enemies":"Orin","floor":42,"turns":13},{"damage":19,"enemies":"Nemesis","floor":43,"turns":7},{"damage":0,"enemies":"Sphere and 2 Shapes","floor":44,"turns":6},{"damage":0,"enemies":"downfall:FleeingMerchant","floor":46,"turns":4},{"damage":0,"enemies":"downfall:FleeingMerchant","floor":48,"turns":3},{"damage":15,"enemies":"WA_ARCHETYPE_DIVINITY","floor":50,"turns":12}],"seed_played":"7913583652557237510","potions_obtained":[{"floor":1,"key":"AttackPotion"},{"floor":5,"key":"DuplicationPotion"},{"floor":6,"key":"Explosive Potion"},{"floor":6,"key":"LiquidMemories"},{"floor":10,"key":"hexamod:DoubleChargePotion"},{"floor":12,"key":"hexamod:SoulburnPotion"},{"floor":14,"key":"Strength Potion"},{"floor":16,"key":"Fire Potion"},{"floor":18,"key":"Fruit Juice"},{"floor":18,"key":"LiquidBronze"},{"floor":19,"key":"SmokeBomb"},{"floor":23,"key":"FearPotion"},{"floor":25,"key":"FairyPotion"},{"floor":26,"key":"EntropicBrew"},{"floor":26,"key":"Block Potion"},{"floor":31,"key":"ColorlessPotion"},{"floor":33,"key":"EntropicBrew"},{"floor":33,"key":"SkillPotion"},{"floor":37,"key":"SmokeBomb"},{"floor":40,"key":"SpeedPotion"},{"floor":42,"key":"hexamod:InfernoChargePotion"},{"floor":42,"key":"CultistPotion"},{"floor":48,"key":"hexamod:InfernoChargePotion"}],"is_trial":false,"path_per_floor":["M","M","M","?","M","M","T","?","R","E","R","E","R","M","R","B",null,"M","M","?","$","M","E","T","M","M","M","M","T","R","M","R","B",null,"M","M","M","?","?","E","T","?","E","M","R","$","?","$","R","B",null],"character_chosen":"THE_SPIRIT","items_purchased":["Torii","hexamod:TimeWarp","hexamod:ThirdSeal","Anchor","Membership Card","Letter Opener","hexamod:GhostflameBarrier","Nunchaku","SteroidPotion"],"campfire_rested":3,"item_purchase_floors":[21,21,21,46,48,48,48,48,48],"current_hp_per_floor":[72,72,72,51,50,48,48,30,53,48,71,62,62,69,69,35,77,89,85,85,89,89,89,89,82,73,78,85,85,85,89,89,77,89,89,87,99,99,99,99,99,73,60,62,91,93,93,95,95,86],"gold":208,"neow_bonus":"TEN_PERCENT_HP_BONUS","is_daily":false,"chose_seed":false,"campfire_upgraded":4,"win_rate":0.0,"timestamp":1612999746,"path_taken":["M","M","M","?","M","M","T","?","R","E","R","E","R","M","R","BOSS","M","M","?","$","M","E","T","M","M","M","M","?","R","M","R","BOSS","M","M","M","?","?","E","T","?","E","M","R","$","?","?","R","BOSS"],"items_purchased_type":["Relic","Card","Card","Relic","Relic","Relic","Card","Relic","Potion"],"build_version":"2020-12-22","purchased_purges":3,"victory":true,"max_hp_per_floor":[77,77,77,77,77,77,77,77,77,77,77,77,77,77,77,77,77,89,89,89,89,89,89,89,89,89,89,89,89,89,89,89,89,89,89,89,99,99,99,99,99,99,99,99,99,99,99,99,99,99],"card_choices":[{"not_picked":["hexamod:Again","hexamod:SpectralAdrenaline"],"picked":"hexamod:AdvancingGuard","floor":1},{"not_picked":["hexamod:Rewind","hexamod:SoulSteal"],"picked":"hexamod:FourthSeal","floor":2},{"not_picked":["hexamod:HauntingEcho","hexamod:InspiringFlames"],"picked":"hexamod:SecondSeal","floor":3},{"not_picked":["hexamod:SpectralAdrenaline","hexamod:SwordOfDarkness"],"picked":"hexamod:FourthSeal","floor":5},{"not_picked":["hexamod:Haunt","hexamod:FastForward"],"picked":"hexamod:HauntingEcho","floor":6},{"not_picked":["hexamod:Again","hexamod:SwordOfDarkness"],"picked":"hexamod:ThermalTransfer","floor":10},{"not_picked":["hexamod:HexaLevel","hexamod:FastForward"],"picked":"hexamod:FirstSeal","floor":12},{"not_picked":["hexamod:HeatShield","hexamod:BacktrackSmack"],"picked":"hexamod:InspiringFlames","floor":14},{"not_picked":["hexamod:ForkedFlame","hexamod:HexaLevel"],"picked":"hexamod:VolcanoVisage","floor":16},{"not_picked":["hexamod:GhostLash","hexamod:HeatMetal"],"picked":"hexamod:Hexaguard","floor":18},{"not_picked":["hexamod:HeatShield","hexamod:GhostflameBarrier"],"picked":"hexamod:EtherealExpedition","floor":19},{"not_picked":["hexamod:Rewind","hexamod:SpectersWail"],"picked":"hexamod:HauntingEcho+1","floor":21},{"not_picked":["hexamod:Incineration","hexamod:FirstSeal"],"picked":"hexamod:RadiantFlame","floor":22},{"not_picked":["hexamod:NightmareGuise","hexamod:BurningTouch+1"],"picked":"hexamod:HeatCrush","floor":23},{"not_picked":["hexamod:AdvancingGuard+1","hexamod:HeatShield+1"],"picked":"hexamod:NightmareGuise","floor":25},{"not_picked":["hexamod:Firestarter","hexamod:Hexaguard+1"],"picked":"hexamod:CatchUp","floor":25},{"not_picked":["hexamod:InspiringFlames","hexamod:Again"],"picked":"hexamod:NightmareGuise+1","floor":26},{"not_picked":["hexamod:SoulSteal+1","hexamod:StepThrough","hexamod:GhostLash+1"],"picked":"SKIP","floor":26},{"not_picked":["hexamod:Hexaguard+1","hexamod:SwordOfDarkness"],"picked":"hexamod:ThermalTransfer","floor":27},{"not_picked":["hexamod:GhostLash+1","hexamod:CatchUp","hexamod:RainOfEmbers+1"],"picked":"SKIP","floor":27},{"not_picked":["hexamod:Hexaguard","hexamod:HeatMetal"],"picked":"hexamod:NightmareGuise+1","floor":28},{"not_picked":["hexamod:ParanormalForm","hexamod:HauntingEcho","hexamod:DynamicBlow"],"picked":"SKIP","floor":28},{"not_picked":["hexamod:InspiringFlames+1","hexamod:RecurringNightmare"],"picked":"hexamod:SpectralAdrenaline+1","floor":31},{"not_picked":["hexamod:BurningTouch","hexamod:Hexaguard"],"picked":"hexamod:ThermalTransfer","floor":31},{"not_picked":["hexamod:ForkedFlame","hexamod:TimeWarp"],"picked":"hexamod:FifthSeal","floor":33},{"not_picked":["hexamod:ForkedFlame","hexamod:WildfireWeapon"],"picked":"hexamod:SixthSeal","floor":33},{"not_picked":["hexamod:Again","hexamod:GhostShield+1"],"picked":"hexamod:SecondSeal","floor":35},{"not_picked":["hexamod:SwordOfDarkness","hexamod:GhostShield+1"],"picked":"hexamod:NecessarySacrifice+1","floor":35},{"not_picked":["hexamod:FirstSeal","hexamod:ThirdSeal"],"picked":"hexamod:SixthSeal","floor":36},{"not_picked":["hexamod:NightmareGuise+1","hexamod:NightmareStrike"],"picked":"hexamod:RecurringNightmare","floor":36},{"not_picked":["hexamod:BurningTouch+1","hexamod:AdvancingGuard","hexamod:HeatCrush+1"],"picked":"SKIP","floor":36},{"not_picked":["hexamod:UnlimitedPower","hexamod:StepThrough"],"picked":"hexamod:ExtraCrispy+1","floor":37},{"not_picked":["hexamod:StepThrough","hexamod:SpectersWail+1"],"picked":"hexamod:ThirdSeal","floor":40},{"not_picked":["hexamod:HauntingEcho","hexamod:GhostLash"],"picked":"hexamod:EtherealExpedition+1","floor":42},{"not_picked":["hexamod:NightmareStrike+1","hexamod:AdvancingGuard+1"],"picked":"hexamod:TimeOfNeed","floor":43},{"not_picked":["hexamod:InspiringFlames","hexamod:ChargedBarrage"],"picked":"hexamod:NightmareStrike","floor":43},{"not_picked":["hexamod:SwordOfDarkness","hexamod:SoulSteal+1"],"picked":"hexamod:GhostShield+1","floor":44},{"not_picked":["hexamod:Firestarter+1","hexamod:NightmareStrike+1","hexamod:BurningTouch+1"],"picked":"SKIP","floor":44},{"not_picked":["hexamod:FourthSeal","hexamod:ShieldOfDarkness+1"],"picked":"hexamod:EmpoweredFlame","floor":46},{"not_picked":["hexamod:BurningTouch","hexamod:Rewind","hexamod:SpectersWail"],"picked":"SKIP","floor":46},{"not_picked":["hexamod:SwordOfDarkness","hexamod:PhantomCloak+1"],"picked":"hexamod:Hexaguard+1","floor":48}],"player_experience":84837,"relics_obtained":[{"floor":10,"key":"Oddly Smooth Stone"},{"floor":12,"key":"Vajra"},{"floor":23,"key":"Orichalcum"},{"floor":24,"key":"War Paint"},{"floor":29,"key":"Lizard Tail"},{"floor":39,"key":"Dream Catcher"},{"floor":40,"key":"Blood Vial"},{"floor":41,"key":"hexamod:SoulConsumer"},{"floor":42,"key":"CatCart"},{"floor":43,"key":"Happy Flower"}],"event_choices":[{"damage_healed":0,"gold_gain":0,"player_choice":"Success","damage_taken":18,"relics_obtained":["PreservedInsect"],"max_hp_gain":0,"max_hp_loss":0,"event_name":"Scrap Ooze","floor":8,"gold_loss":0},{"damage_healed":0,"gold_gain":0,"player_choice":"Fight","damage_taken":0,"max_hp_gain":0,"max_hp_loss":0,"event_name":"OrinTheCat","floor":42,"gold_loss":0}],"is_beta":false,"boss_relics":[{"not_picked":["Calling Bell","Philosopher\u0027s Stone"],"picked":"hexamod:IceCube"},{"not_picked":["Fusion Hammer","Velvet Choker"],"picked":"Tiny House"}],"items_purged_floors":[21,46,48],"is_endless":false,"potions_floor_spawned":[1,5,12,14,18,23,26,33,35,37,40,42],"ascension_level":0}}