{"host":"dmtlrev5pkc1867p","time":1612973641,"event":{"mods":["A Magickal Journey","BaseMod","Colored Map","Colored Powertips","Downfall","Hermit","Highlight Path","Infinite Spire","Marisa¡]Ãú«B¡@Å]²z¨F¡^","Minty Spire (QoL Compilation)","Permanent Neow","Rare Cards Sparkle","Relic Stats","Replay The Spire","StSLib","SuperFastMode","The Construct","The Cursed","The Disciple","The Hierophant","The Necromancer","The Runesmith","The Servant 0.9.4"],"gold_per_floor":[199,210,125,139,239,139,194,207,11,38,38,38,54,2,2],"floor_reached":14,"language":"ZHS","playtime":817,"items_purged":[],"score":80,"play_id":"9a695abd-ded5-4dec-8af5-fa933e4068bb","local_time":"20210211001401","is_ascension_mode":false,"campfire_choices":[{"floor":1.0,"key":"RECALL"},{"data":"hierophant:CursedGold","floor":6.0,"key":"SMITH"},{"floor":11.0,"key":"REST"}],"circlet_count":0,"master_deck":["hierophant:Strike_Hierophant","hierophant:Strike_Hierophant","hierophant:Strike_Hierophant","hierophant:Strike_Hierophant","hierophant:Punish+1","hierophant:Defend_Hierophant","hierophant:Defend_Hierophant","hierophant:Defend_Hierophant","hierophant:Defend_Hierophant","hierophant:ChurchCoffers","hierophant:Glossolalia","hierophant:Encroach","hierophant:CursedGold+1","hierophant:Doubloon","hierophant:DivineIntervention","hierophant:Community","hierophant:Exaltation","hierophant:Determination","hierophant:Doubloon","hierophant:Flagellation","hierophant:Doubloon","hierophant:Refuge"],"relics":["hierophant:PropheticMaskRelic","downfall:HeartBlessingRed","Regal Pillow"],"acts_visited":["Exordium"],"potions_floor_usage":[14,14],"damage_taken":[{"damage":0.0,"enemies":"2 Louse","floor":2.0,"turns":2.0},{"damage":5.0,"enemies":"downfall:FleeingMerchant","floor":3.0,"turns":4.0},{"damage":15.0,"enemies":"Jaw Worm","floor":4.0,"turns":5.0},{"damage":3.0,"enemies":"Small Slimes","floor":8.0,"turns":4.0},{"damage":10.0,"enemies":"downfall:FleeingMerchant","floor":9.0,"turns":4.0},{"damage":12.0,"enemies":"2 Fungi Beasts","floor":10.0,"turns":5.0},{"damage":21.0,"enemies":"Exordium Thugs","floor":13.0,"turns":5.0},{"damage":51,"enemies":"Lagavulin","floor":14,"turns":9}],"seed_played":"-5093736449968648191","potions_obtained":[{"floor":8.0,"key":"Languid Potion"},{"floor":10.0,"key":"Dexterity Potion"}],"is_trial":false,"path_per_floor":["R","M","$","M","?","R","T","M","$","M","R","?","M","E"],"character_chosen":"HIEROPHANT","items_purchased":["hierophant:CursedGold","hierophant:Determination","hierophant:Doubloon"],"campfire_rested":1,"item_purchase_floors":[3,9,9],"current_hp_per_floor":[75,75,70,55,55,55,55,52,42,30,67,67,54,3,3],"gold":2,"neow_bonus":"HUNDRED_GOLD","is_daily":false,"chose_seed":false,"campfire_upgraded":1,"win_rate":0.0,"timestamp":1612973641,"path_taken":["R","M","$","M","?","R","T","M","$","M","R","?","M","E"],"items_purchased_type":["Card","Card","Card"],"build_version":"2020-12-22","purchased_purges":0,"victory":false,"max_hp_per_floor":[75,75,75,75,75,75,75,75,75,75,75,75,75,75,75],"relic_stats":{"Regal Pillow":15,"counters":[8,38],"obtain_stats":[{"Regal Pillow":7,"downfall:HeartBlessingRed":6,"hierophant:PropheticMaskRelic":0},{"Regal Pillow":3,"downfall:HeartBlessingRed":3,"hierophant:PropheticMaskRelic":0},{"Regal Pillow":11,"downfall:HeartBlessingRed":11,"hierophant:PropheticMaskRelic":0}]},"card_choices":[{"not_picked":["hierophant:RustyCrate","hierophant:Smite"],"picked":"hierophant:Glossolalia","floor":2.0},{"not_picked":["hierophant:Empathy","hierophant:AuricBeam"],"picked":"hierophant:Encroach","floor":3.0},{"not_picked":["hierophant:OrnateBuckler","hierophant:Remorse"],"picked":"hierophant:DivineIntervention","floor":4.0},{"not_picked":["hierophant:Flagellation","hierophant:Zeal"],"picked":"hierophant:Community","floor":8.0},{"not_picked":["hierophant:Sermon","hierophant:OrnateBuckler"],"picked":"hierophant:Exaltation","floor":9.0},{"not_picked":["hierophant:Remorse","hierophant:RepressedViolence"],"picked":"hierophant:Flagellation","floor":10.0},{"not_picked":["hierophant:DisplayOfPower","hierophant:Zeal"],"picked":"hierophant:Refuge","floor":13.0}],"player_experience":686336,"relics_obtained":[{"floor":7.0,"key":"Regal Pillow"}],"event_choices":[],"is_beta":false,"boss_relics":[],"items_purged_floors":[],"is_endless":false,"potions_floor_spawned":[8,10],"killed_by":"Lagavulin","ascension_level":0}}