{"host":"8fuipfsvjht9cgcs","time":1612925980,"event":{"mods":["AchievementEnabler","BaseMod","Colored Map","Colored Powertips","DeckTracker","Friendly Minions","Kiyohime£¨?ýï£©","Marisa£¨Ùöéë¡¡Øª×âÞÞ£©","Minty Spire (QoL Compilation)","Prisma Mod","StSLib","SuperFastMode","The Cursed","The Gatherer"],"gold_per_floor":[110,129,129,129,129,129,157,177,203,220,220,170,170,197,197,197,197],"floor_reached":16,"language":"KOR","playtime":610,"items_purged":[],"score":173,"play_id":"88042c03-c4d9-4ace-b8ea-0244c560182f","local_time":"20210210155940","is_ascension_mode":true,"campfire_choices":[{"data":"Dualcast","floor":6,"key":"SMITH"},{"data":"Zap","floor":11,"key":"SMITH"},{"data":"Compile Driver","floor":13,"key":"SMITH"},{"floor":15,"key":"REST"}],"circlet_count":0,"master_deck":["Strike_B","Strike_B","Defend_B","Defend_B","Defend_B","Defend_B+1","Zap+1","Dualcast+1","Fusion+1","Compile Driver+1","Turbo","Glacier"],"relics":["Cracked Core","NeowsBlessing","Akabeko","Tiny Chest","Omamori","Potion Belt"],"acts_visited":["Exordium"],"potions_floor_usage":[],"damage_taken":[{"damage":0,"enemies":"Small Slimes","floor":1,"turns":1},{"damage":0,"enemies":"2 Louse","floor":2,"turns":1},{"damage":0,"enemies":"3 Sentries","floor":7,"turns":1},{"damage":4,"enemies":"Jaw Worm","floor":8,"turns":2},{"damage":2,"enemies":"3 Louse","floor":10,"turns":2},{"damage":17,"enemies":"Lagavulin","floor":14,"turns":7},{"damage":34,"enemies":"Hexaghost","floor":16,"turns":11}],"seed_played":"5151986051949476658","potions_obtained":[{"floor":2,"key":"FearPotion"},{"floor":7,"key":"BlessingOfTheForge"},{"floor":14,"key":"Swift Potion"}],"is_trial":false,"path_per_floor":["M","M","?","?","?","R","E","M","T","M","R","?","R","E","R","B"],"character_chosen":"DEFECT","items_purchased":[],"campfire_rested":1,"item_purchase_floors":[],"current_hp_per_floor":[68,68,53,41,34,34,34,30,30,28,28,28,28,11,33,0,0],"gold":197,"neow_bonus":"THREE_ENEMY_KILL","is_daily":false,"chose_seed":false,"campfire_upgraded":3,"win_rate":0.0,"timestamp":1612925980,"path_taken":["M","M","?","?","?","R","E","M","T","?","R","?","R","E","R","BOSS"],"items_purchased_type":[],"build_version":"2020-12-22","purchased_purges":0,"victory":false,"max_hp_per_floor":[75,75,75,75,75,75,75,75,75,75,75,75,75,75,75,75,75],"card_choices":[{"not_picked":["Go for the Eyes","Undo"],"picked":"Fusion","floor":1},{"not_picked":["Hologram","Auto Shields","Gash"],"picked":"SKIP","floor":2},{"not_picked":["Sunder","Gash"],"picked":"Compile Driver","floor":7},{"not_picked":["Leap","Rebound","Streamline"],"picked":"SKIP","floor":8},{"not_picked":["Hologram","Streamline"],"picked":"Turbo","floor":10},{"not_picked":["Undo","Tempest"],"picked":"Glacier","floor":14}],"player_experience":487847,"relics_obtained":[{"floor":7,"key":"Tiny Chest"},{"floor":9,"key":"Omamori"},{"floor":14,"key":"Potion Belt"}],"event_choices":[{"damage_healed":0,"gold_gain":0,"player_choice":"Entered Light","damage_taken":15,"max_hp_gain":0,"max_hp_loss":0,"event_name":"Shining Light","floor":3,"gold_loss":0,"cards_upgraded":["Fusion","Defend_B"]},{"damage_healed":0,"gold_gain":0,"player_choice":"Success","damage_taken":12,"relics_obtained":["Akabeko"],"max_hp_gain":0,"max_hp_loss":0,"event_name":"Scrap Ooze","floor":4,"gold_loss":0},{"cards_removed":["Strike_B"],"damage_healed":0,"gold_gain":0,"player_choice":"Card Removal","damage_taken":7,"max_hp_gain":0,"max_hp_loss":0,"event_name":"Golden Wing","floor":5,"gold_loss":0},{"cards_removed":["Strike_B"],"damage_healed":0,"gold_gain":0,"player_choice":"Card Removal","damage_taken":0,"max_hp_gain":0,"max_hp_loss":0,"event_name":"The Cleric","floor":12,"gold_loss":50}],"is_beta":false,"boss_relics":[],"items_purged_floors":[],"is_endless":false,"potions_floor_spawned":[2,7,14],"killed_by":"Hexaghost","ascension_level":6}}