{"host":"xobdcpbm4ckypiai","time":1612948077,"event":{"mods":["BaseMod","Energized Spire","FoggyMod","Minty Spire (QoL Compilation)","Permanent Neow","Relic Stats","Reliquary","Replay The Spire","Spicy Shops","StSLib","UnlockEverythingMod","¡¾ÒÅÎï¿¨ÅÆ¡¿REMEMod"],"gold_per_floor":[109,109,38,38,38,38,72,83,83,83,122,122,147,177,177,298,298,323,323,323,323,19,57,57,7,56,56,99,99,99,117,117,245,245,260,260,281,43,43,43,68,68,95,95,131,45,70,70,70,70],"floor_reached":51,"language":"ZHS","playtime":2296,"items_purged":["Strike_R"],"score":786,"play_id":"167552d3-57ac-4e6b-8d89-948b565a4b4c","local_time":"20210210170757","is_ascension_mode":false,"campfire_choices":[{"data":"REME_ACTH","floor":6.0,"key":"SMITH"},{"data":"Shockwave","floor":15.0,"key":"SMITH"},{"data":"Evolve","floor":27.0,"key":"SMITH"},{"data":"Pommel Strike","floor":30.0,"key":"SMITH"},{"data":"Fire Breathing","floor":32.0,"key":"SMITH"},{"data":"Demonic Infusion","floor":40.0,"key":"SMITH"},{"data":"Inflame","floor":42.0,"key":"SMITH"},{"data":"Flex","floor":44.0,"key":"SMITH"},{"data":"Bash","floor":49.0,"key":"SMITH"}],"circlet_count":0,"master_deck":["Strike_R+1","Strike_R","Strike_R","Defend_R","Defend_R","Defend_R+1","Bash+1","REME_ACTH+1","Evolve+1","Shockwave+1","Ghostly Armor","Shrug It Off","Flex+1","Pommel Strike+1","Immolate","Wild Strike+1","Intimidate+1","True Grit+1","Shockwave+1","Ghostly","Ghostly","Ghostly","Ghostly","Ghostly","Fire Breathing+1","Demonic Infusion+1","Defy Death+1","Inflame+1","Armaments+1"],"relics":["Burning Blood","REME_ComplimentaryCards","Pen Nib","Snack Pack","Replay:Bottled Snecko","Golden Idol","Bag of Preparation","Odd Mushroom","energizedSpire:DecayingSkull","Nilry\u0027s Codex","Potion Belt","Pondfish Scales","reliquary:Aerogel","reliquary:Crutches","Simple Rune","ChewingGum","reliquary:TatteredRug","REME_PuzzleBoxRelic","StoneCalendar","reliquary:PartyBalloon","reliquary:OuijaBoard","Toolbox","ReplayTheSpireMod:Spearhead"],"acts_visited":["Exordium","TheCity","TheBeyond"],"potions_floor_usage":[],"damage_taken":[{"damage":6.0,"enemies":"Jaw Worm","floor":1.0,"turns":4.0},{"damage":29.0,"enemies":"Gremlin Nob","floor":7.0,"turns":4.0},{"damage":0.0,"enemies":"Cultist","floor":8.0,"turns":3.0},{"damage":40.0,"enemies":"Lagavulin","floor":11.0,"turns":8.0},{"damage":0.0,"enemies":"Small Slimes","floor":13.0,"turns":2.0},{"damage":10.0,"enemies":"The Mushroom Lair","floor":14.0,"turns":5.0},{"damage":21.0,"enemies":"Slime Boss","floor":16.0,"turns":9.0},{"damage":6.0,"enemies":"Shell Parasite","floor":18.0,"turns":3.0},{"damage":30.0,"enemies":"REME_1_Revenger","floor":23.0,"turns":3.0},{"damage":10.0,"enemies":"Slavers","floor":28.0,"turns":3.0},{"damage":0.0,"enemies":"Spheric Guardian","floor":31.0,"turns":4.0},{"damage":17.0,"enemies":"Champ","floor":33.0,"turns":7.0},{"damage":4.0,"enemies":"Orb Walker","floor":35.0,"turns":4.0},{"damage":1.0,"enemies":"3 Shapes","floor":37.0,"turns":3.0},{"damage":1.0,"enemies":"3 Darklings","floor":41.0,"turns":5.0},{"damage":2.0,"enemies":"Reptomancer","floor":45.0,"turns":2.0},{"damage":4,"enemies":"Time Eater","floor":50,"turns":8}],"seed_played":"-1299598340723424710","potions_obtained":[{"floor":1.0,"key":"Swift Potion"},{"floor":7.0,"key":"Swift Potion"},{"floor":8.0,"key":"Toxic Potion"},{"floor":12.0,"key":"Regen Potion"},{"floor":12.0,"key":"LiquidBronze"},{"floor":13.0,"key":"Adrenaline Potion"},{"floor":14.0,"key":"SteroidPotion"},{"floor":28.0,"key":"Block Potion"},{"floor":37.0,"key":"Adrenaline Potion"},{"floor":45.0,"key":"EssenceOfSteel"}],"is_trial":false,"path_per_floor":["M","?","$","?","$","R","E","M","T","?","E","?","M","?","R","B",null,"M","?","?","M","$","E","?","$","T","R","E","?","R","M","R","B",null,"M","?","M","$","?","R","M","R","T","R","E","$","T","?","R","B",null],"character_chosen":"IRONCLAD","items_purchased":["Pen Nib","Pondfish Scales","True Grit+1","reliquary:TatteredRug","REME_PuzzleBoxRelic","StoneCalendar","Toolbox"],"campfire_rested":0,"item_purchase_floors":[3,22,25,38,38,38,46],"current_hp_per_floor":[80,80,80,80,80,80,57,65,65,45,17,17,25,37,37,28,80,80,65,49,49,49,31,31,31,31,31,29,29,29,35,35,26,43,43,43,43,43,39,39,45,45,45,45,45,45,45,45,45,45],"gold":70,"neow_bonus":"REMOVE_CARD","is_daily":false,"chose_seed":false,"campfire_upgraded":9,"win_rate":0.0,"timestamp":1612948077,"path_taken":["M","?","?","?","?","R","E","?","T","?","E","?","?","?","R","BOSS","M","?","?","?","$","E","?","?","T","R","E","?","R","?","R","BOSS","M","?","?","$","?","R","?","R","T","R","E","?","?","?","R","BOSS"],"items_purchased_type":["Relic","Relic","Card","Relic","Relic","Relic","Relic"],"build_version":"2020-12-22","purchased_purges":1,"victory":true,"max_hp_per_floor":[80,80,80,80,80,80,80,80,80,80,80,80,80,80,80,80,80,80,85,85,85,85,87,87,87,87,87,87,43,43,43,43,43,43,43,43,43,43,43,43,45,45,45,45,45,45,45,45,45,45],"relic_stats":{"counters":[17,77],"Golden Idol":140,"StoneCalendar":[52],"Pen Nib":[13],"Bag of Preparation":[26],"obtain_stats":[{"Potion Belt":21,"reliquary:OuijaBoard":45,"Golden Idol":10,"Nilry\u0027s Codex":20,"reliquary:Aerogel":23,"reliquary:PartyBalloon":43,"StoneCalendar":38,"Pen Nib":3,"reliquary:TatteredRug":38,"Bag of Preparation":11,"Odd Mushroom":14,"Burning Blood":0,"reliquary:Crutches":26,"Pondfish Scales":22,"ReplayTheSpireMod:Spearhead":47,"Toolbox":46,"Simple Rune":28,"ChewingGum":34,"Snack Pack":7,"Replay:Bottled Snecko":9,"REME_PuzzleBoxRelic":38,"energizedSpire:DecayingSkull":17,"REME_ComplimentaryCards":0},{"Potion Belt":8,"reliquary:OuijaBoard":16,"Golden Idol":3,"Nilry\u0027s Codex":8,"reliquary:Aerogel":9,"reliquary:PartyBalloon":15,"StoneCalendar":14,"Pen Nib":1,"reliquary:TatteredRug":14,"Bag of Preparation":4,"Odd Mushroom":6,"Burning Blood":0,"reliquary:Crutches":9,"Pondfish Scales":8,"ReplayTheSpireMod:Spearhead":16,"Toolbox":16,"Simple Rune":10,"ChewingGum":12,"Snack Pack":2,"Replay:Bottled Snecko":3,"REME_PuzzleBoxRelic":14,"energizedSpire:DecayingSkull":7,"REME_ComplimentaryCards":0},{"Potion Belt":38,"reliquary:OuijaBoard":69,"Golden Idol":11,"Nilry\u0027s Codex":38,"reliquary:Aerogel":41,"reliquary:PartyBalloon":67,"StoneCalendar":62,"Pen Nib":4,"reliquary:TatteredRug":62,"Bag of Preparation":19,"Odd Mushroom":26,"Burning Blood":0,"reliquary:Crutches":41,"Pondfish Scales":38,"ReplayTheSpireMod:Spearhead":69,"Toolbox":69,"Simple Rune":44,"ChewingGum":55,"Snack Pack":8,"Replay:Bottled Snecko":11,"REME_PuzzleBoxRelic":62,"energizedSpire:DecayingSkull":35,"REME_ComplimentaryCards":0}],"Burning Blood":82},"card_choices":[{"not_picked":["Iron Wave","Warcry"],"picked":"Evolve","floor":1.0},{"not_picked":["Evolve","Replay:Undeath\u0027s Touch"],"picked":"Ghostly Armor","floor":7.0},{"not_picked":["True Grit","Heavy Blade","Cleave"],"picked":"SKIP","floor":8.0},{"not_picked":["Defy Death","Havoc"],"picked":"Shrug It Off","floor":11.0},{"not_picked":["Sword Boomerang","Warcry"],"picked":"Flex","floor":13.0},{"not_picked":["Searing Blow","Clash"],"picked":"Pommel Strike","floor":14.0},{"not_picked":["Exhume","Replay:Many Hands"],"picked":"Immolate","floor":16.0},{"not_picked":["Armaments","Bloodletting"],"picked":"Wild Strike+1","floor":18.0},{"not_picked":["Sword Boomerang","Heavy Blade+1"],"picked":"Intimidate+1","floor":23.0},{"not_picked":["Heavy Blade","Combust"],"picked":"Shockwave+1","floor":28.0},{"not_picked":["Intimidate","Clothesline"],"picked":"Fire Breathing","floor":31.0},{"not_picked":["Hemogenesis","Replay:Many Hands"],"picked":"Demonic Infusion","floor":33.0},{"not_picked":["Anger+1","REME_FearOfPain+1"],"picked":"Defy Death+1","floor":35.0},{"not_picked":["Cleave","Sentinel+1","Bloodletting+1"],"picked":"SKIP","floor":37.0},{"not_picked":["Wild Strike+1","Heavy Blade+1"],"picked":"Inflame","floor":41.0},{"not_picked":["Shrug It Off+1","Massacre"],"picked":"Armaments+1","floor":45.0}],"player_experience":101660,"relics_obtained":[{"floor":7.0,"key":"Snack Pack"},{"floor":9.0,"key":"Replay:Bottled Snecko"},{"floor":11.0,"key":"Bag of Preparation"},{"floor":14.0,"key":"Odd Mushroom"},{"floor":20.0,"key":"Nilry\u0027s Codex"},{"floor":23.0,"key":"reliquary:Aerogel"},{"floor":26.0,"key":"reliquary:Crutches"},{"floor":28.0,"key":"Simple Rune"},{"floor":43.0,"key":"reliquary:PartyBalloon"},{"floor":45.0,"key":"reliquary:OuijaBoard"},{"floor":47.0,"key":"ReplayTheSpireMod:Spearhead"}],"event_choices":[{"damage_healed":0.0,"max_hp_gain":0.0,"max_hp_loss":0.0,"gold_gain":0.0,"cards_transformed":["Strike_R"],"event_name":"Transmorgrifier","player_choice":"Transformed","floor":2.0,"gold_loss":0.0,"damage_taken":0.0,"cards_obtained":["Shockwave"]},{"damage_healed":0.0,"max_hp_gain":0.0,"max_hp_loss":0.0,"gold_gain":0.0,"event_name":"The Cleric","player_choice":"Leave","floor":4.0,"gold_loss":0.0,"damage_taken":0.0},{"damage_healed":0.0,"max_hp_gain":0.0,"max_hp_loss":0.0,"gold_gain":0.0,"event_name":"Golden Idol","player_choice":"Take Damage","floor":10.0,"gold_loss":0.0,"damage_taken":20.0,"relics_obtained":["Golden Idol"]},{"damage_healed":0.0,"max_hp_gain":0.0,"max_hp_loss":0.0,"gold_gain":0.0,"event_name":"Lab","player_choice":"Got Potions","floor":12.0,"gold_loss":0.0,"damage_taken":0.0},{"damage_healed":0.0,"max_hp_gain":0.0,"max_hp_loss":0.0,"gold_gain":0.0,"event_name":"Mushrooms","player_choice":"Fought Mushrooms","floor":14.0,"gold_loss":0.0,"damage_taken":0.0},{"damage_healed":0.0,"max_hp_gain":5.0,"max_hp_loss":0.0,"gold_gain":0.0,"event_name":"Forgotten Altar","player_choice":"Shed Blood","floor":19.0,"gold_loss":0.0,"damage_taken":20.0},{"damage_healed":0.0,"max_hp_gain":0.0,"max_hp_loss":0.0,"gold_gain":0.0,"event_name":"Cursed Tome","player_choice":"Obtained Book","floor":20.0,"gold_loss":0.0,"damage_taken":16.0},{"damage_healed":0.0,"max_hp_gain":0.0,"max_hp_loss":0.0,"gold_gain":0.0,"event_name":"Vampires","player_choice":"Ignored","floor":24.0,"gold_loss":0.0,"damage_taken":0.0},{"damage_healed":0.0,"max_hp_gain":0.0,"max_hp_loss":44.0,"gold_gain":0.0,"event_name":"Ghosts","player_choice":"Became a Ghost","floor":29.0,"gold_loss":0.0,"damage_taken":0.0,"cards_obtained":["Ghostly","Ghostly","Ghostly","Ghostly","Ghostly"]},{"damage_healed":0.0,"max_hp_gain":0.0,"max_hp_loss":0.0,"gold_gain":0.0,"event_name":"The Woman in Blue","player_choice":"Bought 0 Potions","floor":36.0,"gold_loss":0.0,"damage_taken":0.0},{"damage_healed":0.0,"max_hp_gain":0.0,"max_hp_loss":0.0,"gold_gain":0.0,"event_name":"Wheel of Change","player_choice":"Damaged","floor":39.0,"gold_loss":0.0,"damage_taken":4.0},{"damage_healed":0.0,"max_hp_gain":0.0,"max_hp_loss":0.0,"gold_gain":0.0,"event_name":"SecretPortal","player_choice":"Ignored","floor":48.0,"gold_loss":0.0,"damage_taken":0.0}],"is_beta":false,"boss_relics":[{"not_picked":["energizedSpire:SpiderWeb","Electric Blood"],"picked":"energizedSpire:DecayingSkull"},{"not_picked":["Replay:Ancient Bell","Fusion Hammer"],"picked":"ChewingGum"}],"items_purged_floors":[38],"is_endless":false,"potions_floor_spawned":[1,7,8,13,14,28,37,45],"ascension_level":0}}