{"host":"ydh61a5ftgdajrbo","time":1612948731,"event":{"mods":["BaseMod","Colored Map","Colored Powertips","DeckTracker","Downfall","Hermit","Hubris","Infinite Spire","Minty Spire (QoL Compilation)","Prisma Mod","Relic Stats","Replay The Spire","Spire Arcade","StSLib","SuperFastMode","The Cursed","The Jungle","The Mystic","The Runesmith","The Servant 0.9.4","WarShipGirlsR/??¤Ö¤kR mod","Wide Potions"],"gold_per_floor":[112,112,122,122,47,77,89,133,168,200,212,239,251,273,285,297,297],"floor_reached":16,"language":"ZHS","playtime":394,"items_purged":[],"score":243,"play_id":"dda6412b-6cc0-4f3a-add7-0c9eb99f02eb","local_time":"20210210171851","is_ascension_mode":true,"campfire_choices":[{"data":"hubris:Counter","floor":13,"key":"SMITH"},{"floor":15,"key":"REST"}],"circlet_count":0,"master_deck":["AscendersBane","Strike_G","Strike_G","Strike_G","Strike_G","Defend_G","Defend_G","Defend_G","Defend_G","Survivor","Neutralize","Bouncing Flask","Slice","Predator","hubris:Counter+1","Pain","Deadly Poison","Dash","Corpse Explosion","Footwork"],"relics":["Uniform","NeowsBlessing","infinitespire:Cubic Diamond","MawBank","WarpedTongs","Ornamental Fan","Boot"],"acts_visited":["Exordium"],"potions_floor_usage":[8,16],"damage_taken":[{"damage":0,"enemies":"2 Louse","floor":1,"turns":1},{"damage":0,"enemies":"Small Slimes","floor":3,"turns":1},{"damage":0,"enemies":"3 Sentries","floor":6,"turns":1},{"damage":10,"enemies":"Gremlin Nob","floor":8,"turns":3},{"damage":1,"enemies":"Cultist","floor":10,"turns":4},{"damage":7,"enemies":"Large Slime","floor":12,"turns":5},{"damage":19,"enemies":"Gremlin Gang","floor":14,"turns":4},{"damage":42,"enemies":"Slime Boss","floor":16,"turns":5}],"seed_played":"7477303876297755058","potions_obtained":[{"floor":1,"key":"Fire Potion"},{"floor":8,"key":"Venom Potion"},{"floor":12,"key":"Poison Potion"}],"is_trial":false,"path_per_floor":["M","?","M","?","?","E","?","E","T","M","?","M","R","M","R","B"],"character_chosen":"THE_SILENT","items_purchased":[],"campfire_rested":1,"item_purchase_floors":[],"current_hp_per_floor":[59,59,59,59,59,59,59,49,49,48,48,41,41,22,41,0,0],"gold":297,"neow_bonus":"THREE_ENEMY_KILL","is_daily":false,"chose_seed":false,"campfire_upgraded":1,"win_rate":0.0,"timestamp":1612948731,"path_taken":["M","?","M","?","?","E","?","E","T","?","?","?","R","?","R","BOSS"],"items_purchased_type":[],"build_version":"2020-12-22","purchased_purges":0,"victory":false,"max_hp_per_floor":[66,66,66,66,66,66,66,66,66,66,66,66,66,66,66,66,66],"relic_stats":{"counters":[8,24],"Ornamental Fan":[4],"MawBank":120,"Boot":[8],"obtain_stats":[{"NeowsBlessing":0,"Ornamental Fan":8,"infinitespire:Cubic Diamond":2,"Uniform":2,"MawBank":6,"Boot":9,"Ring of the Snake":0,"WarpedTongs":7},{"NeowsBlessing":0,"Ornamental Fan":4,"infinitespire:Cubic Diamond":1,"Uniform":1,"MawBank":3,"Boot":4,"Ring of the Snake":0,"WarpedTongs":3},{"NeowsBlessing":0,"Ornamental Fan":6,"infinitespire:Cubic Diamond":1,"Uniform":1,"MawBank":3,"Boot":6,"Ring of the Snake":0,"WarpedTongs":3}],"WarpedTongs":[21]},"card_choices":[{"not_picked":["PiercingWail","Escape Plan"],"picked":"Bouncing Flask","floor":1},{"not_picked":["Blur","Tactician"],"picked":"Slice","floor":3},{"not_picked":["Backstab","Eviscerate"],"picked":"hubris:Counter","floor":6},{"not_picked":["Deflect","Finisher"],"picked":"Deadly Poison","floor":8},{"not_picked":["Setup","Dodge and Roll"],"picked":"Dash","floor":10},{"not_picked":["Choke","Flechettes","Slice"],"picked":"SKIP","floor":12},{"not_picked":["Poisoned Stab","Accuracy"],"picked":"Footwork","floor":14}],"player_experience":384567,"relics_obtained":[{"floor":6,"key":"MawBank"},{"floor":8,"key":"Ornamental Fan"},{"floor":9,"key":"Boot"}],"event_choices":[{"damage_healed":0,"gold_gain":0,"cards_transformed":["Strike_G"],"player_choice":"Change","damage_taken":0,"max_hp_gain":0,"max_hp_loss":0,"event_name":"Living Wall","floor":4,"gold_loss":0,"cards_obtained":["Predator"]},{"cards_removed":["Defend_G"],"damage_healed":0,"gold_gain":0,"player_choice":"Card Removal","damage_taken":0,"max_hp_gain":0,"max_hp_loss":0,"event_name":"The Cleric","floor":5,"gold_loss":75},{"damage_healed":0,"gold_gain":0,"player_choice":"Rummage","damage_taken":0,"relics_obtained":["WarpedTongs"],"max_hp_gain":0,"max_hp_loss":0,"event_name":"Accursed Blacksmith","floor":7,"gold_loss":0,"cards_obtained":["Pain"]},{"damage_healed":0,"gold_gain":0,"player_choice":"1 cards matched","damage_taken":0,"max_hp_gain":0,"max_hp_loss":0,"event_name":"Match and Keep!","floor":11,"gold_loss":0,"cards_obtained":["Corpse Explosion"]}],"is_beta":false,"boss_relics":[],"items_purged_floors":[],"is_endless":false,"potions_floor_spawned":[1,8,12,14],"killed_by":"Slime Boss","ascension_level":16}}