{"host":"udzsrhbqdxqtlypj","time":1612997450,"event":{"mods":["BaseMod","Minty Spire (QoL Compilation)","Relic Stats"],"gold_per_floor":[111,111,121,196,41,75,75,99,99,127,127,146,156,176,176,271,271,282,301,132,145,163,190,190,223,301,301,313,92,119,129,129,228,228,244,258,26,43,59,87,100,127,209,259,276,276,276,288,288,288,288,288,21,50,50],"floor_reached":56,"language":"ENG","playtime":5312,"items_purged":["Pain","Strike_B","Parasite"],"score":1922,"play_id":"23babf9e-d29f-4484-aef9-89e8d8492b1c","local_time":"20210210165050","is_ascension_mode":true,"campfire_choices":[{"data":"Doom and Gloom","floor":7,"key":"SMITH"},{"data":"Buffer","floor":11,"key":"SMITH"},{"data":"Zap","floor":15,"key":"SMITH"},{"data":"Biased Cognition","floor":27,"key":"SMITH"},{"data":"Defragment","floor":32,"key":"SMITH"},{"floor":47,"key":"RECALL"},{"data":"Go for the Eyes","floor":49,"key":"SMITH"},{"data":"Loop","floor":52,"key":"SMITH"}],"circlet_count":0,"master_deck":["AscendersBane","Defend_B","Defend_B","Defend_B","Defend_B","Zap+1","Dualcast","Ball Lightning","Sweeping Beam","Doom and Gloom+1","Go for the Eyes+1","Cold Snap","Buffer+1","Force Field+1","Coolheaded+1","Steam Power+1","Biased Cognition+1","Conserve Battery+1","Static Discharge","White Noise+1","Chaos+1","Gash+1","Bite","Bite","Bite","Bite","Bite","Force Field+1","Multi-Cast+1","Core Surge","Recycle+1","Redo+1","Loop+1","Coolheaded+1","Defragment+1","Echo Form","Hologram+1","Defragment+1","Panacea+1","Capacitor+1","BootSequence+1","Heatsinks+1","Turbo+1","Hologram+1","Skim+1","Glacier+1","Beam Cell+1"],"relics":["FrozenCore","NeowsBlessing","WarpedTongs","White Beast Statue","Odd Mushroom","Symbiotic Virus","Toxic Egg 2","InkBottle","Regal Pillow","Bottled Tornado","Orrery","Bronze Scales","Inserter","Chemical X","Pen Nib","Kunai","Ice Cream","Pantograph"],"acts_visited":["Exordium","TheCity","TheBeyond","TheEnding"],"potions_floor_usage":[13,18,19,19,22,23,23,25,30,30,33,33,40,50,54,55,55],"damage_taken":[{"damage":0,"enemies":"Small Slimes","floor":1,"turns":1},{"damage":0,"enemies":"Cultist","floor":3,"turns":1},{"damage":0,"enemies":"Gremlin Nob","floor":6,"turns":1},{"damage":6,"enemies":"The Mushroom Lair","floor":8,"turns":2},{"damage":13,"enemies":"3 Sentries","floor":10,"turns":3},{"damage":0,"enemies":"Jaw Worm","floor":12,"turns":2},{"damage":7,"enemies":"3 Louse","floor":13,"turns":2},{"damage":0,"enemies":"Large Slime","floor":14,"turns":5},{"damage":0,"enemies":"Slime Boss","floor":16,"turns":8},{"damage":13,"enemies":"Shell Parasite","floor":18,"turns":5},{"damage":0,"enemies":"Spheric Guardian","floor":19,"turns":4},{"damage":14,"enemies":"Centurion and Healer","floor":21,"turns":5},{"damage":7,"enemies":"Snake Plant","floor":22,"turns":3},{"damage":12,"enemies":"Gremlin Leader","floor":23,"turns":7},{"damage":22,"enemies":"Slavers","floor":25,"turns":5},{"damage":0,"enemies":"Shelled Parasite and Fungi","floor":28,"turns":4},{"damage":17,"enemies":"Gremlin Leader","floor":30,"turns":7},{"damage":2,"enemies":"Centurion and Healer","floor":31,"turns":5},{"damage":13,"enemies":"Collector","floor":33,"turns":10},{"damage":40,"enemies":"3 Darklings","floor":35,"turns":12},{"damage":21,"enemies":"3 Shapes","floor":36,"turns":6},{"damage":7,"enemies":"Jaw Worm Horde","floor":38,"turns":9},{"damage":26,"enemies":"3 Darklings","floor":39,"turns":8},{"damage":29,"enemies":"Reptomancer","floor":40,"turns":10},{"damage":0,"enemies":"Spire Growth","floor":41,"turns":7},{"damage":0,"enemies":"Nemesis","floor":42,"turns":9},{"damage":0,"enemies":"Mind Bloom Boss Battle","floor":44,"turns":11},{"damage":14,"enemies":"Jaw Worm Horde","floor":45,"turns":4},{"damage":29,"enemies":"Writhing Mass","floor":48,"turns":12},{"damage":32,"enemies":"Awakened One","floor":50,"turns":12},{"damage":61,"enemies":"Shield and Spear","floor":54,"turns":6},{"damage":21,"enemies":"The Heart","floor":55,"turns":11}],"seed_played":"-5317251056420621639","potions_obtained":[{"floor":1,"key":"Ancient Potion"},{"floor":6,"key":"SpeedPotion"},{"floor":8,"key":"SmokeBomb"},{"floor":10,"key":"ColorlessPotion"},{"floor":12,"key":"Fruit Juice"},{"floor":13,"key":"FairyPotion"},{"floor":14,"key":"AttackPotion"},{"floor":18,"key":"Strength Potion"},{"floor":19,"key":"SteroidPotion"},{"floor":21,"key":"EssenceOfDarkness"},{"floor":22,"key":"SteroidPotion"},{"floor":23,"key":"ColorlessPotion"},{"floor":25,"key":"ColorlessPotion"},{"floor":28,"key":"ColorlessPotion"},{"floor":30,"key":"ColorlessPotion"},{"floor":31,"key":"Explosive Potion"},{"floor":33,"key":"CultistPotion"},{"floor":35,"key":"Ancient Potion"},{"floor":36,"key":"LiquidMemories"},{"floor":40,"key":"BlessingOfTheForge"},{"floor":48,"key":"SkillPotion"},{"floor":54,"key":"BlessingOfTheForge"}],"is_trial":false,"path_per_floor":["M","?","M","?","$","E","R","?","T","E","R","M","M","M","R","B",null,"M","M","$","M","M","E","?","E","T","R","M","$","E","M","R","B",null,"M","M","$","M","M","E","M","E","T","?","M","?","R","M","R","B",null,"R","$","E","B",null],"character_chosen":"DEFECT","items_purchased":["Doom and Gloom","Static Discharge","Orrery","Loop","Chemical X","Panacea+1","Glacier+1","PotionOfCapacity"],"campfire_rested":0,"item_purchase_floors":[5,20,29,29,37,37,53,53],"current_hp_per_floor":[68,68,68,57,57,57,57,51,51,38,38,38,36,36,36,36,69,56,56,56,42,35,23,23,7,7,7,11,11,7,12,12,19,47,48,35,35,50,41,40,56,56,56,56,46,46,46,56,56,50,55,55,53,21,35],"gold":50,"neow_bonus":"THREE_ENEMY_KILL","is_daily":false,"chose_seed":false,"campfire_upgraded":7,"win_rate":0.0,"timestamp":1612997450,"path_taken":["M","?","?","?","$","E","R","?","T","E","R","M","M","M","R","BOSS","M","M","$","M","M","E","?","E","T","R","M","$","E","M","R","BOSS","M","M","$","M","M","E","M","E","T","?","M","?","R","?","R","BOSS","R","$","E","BOSS"],"items_purchased_type":["Card","Card","Relic","Card","Relic","Card","Card","Potion"],"build_version":"2020-12-22","purchased_purges":3,"victory":true,"max_hp_per_floor":[75,75,75,75,75,75,75,75,75,75,75,75,80,80,80,80,80,80,80,80,80,80,80,56,56,56,56,56,56,56,56,56,56,56,56,56,56,56,56,56,56,56,56,56,56,56,56,56,56,56,56,56,53,53,53],"relic_stats":{"Regal Pillow":0,"Inserter":[45],"counters":[32,197],"Bronze Scales":[619],"Pantograph":25,"Pen Nib":[10],"Chemical X":[13],"Kunai":[17],"obtain_stats":[{"Ice Cream":44,"Regal Pillow":25,"Inserter":34,"NeowsBlessing":0,"Pen Nib":40,"Odd Mushroom":8,"Bottled Tornado":26,"White Beast Statue":6,"WarpedTongs":2,"FrozenCore":17,"Bronze Scales":30,"Pantograph":54,"Orrery":29,"Chemical X":37,"Kunai":42,"Toxic Egg 2":10,"Cracked Core":0,"Symbiotic Virus":9,"InkBottle":23},{"Ice Cream":27,"Regal Pillow":15,"Inserter":19,"NeowsBlessing":0,"Pen Nib":24,"Odd Mushroom":4,"Bottled Tornado":15,"White Beast Statue":3,"WarpedTongs":1,"FrozenCore":9,"Bronze Scales":17,"Pantograph":31,"Orrery":16,"Chemical X":21,"Kunai":26,"Toxic Egg 2":5,"Cracked Core":0,"Symbiotic Virus":4,"InkBottle":14},{"Ice Cream":152,"Regal Pillow":54,"Inserter":80,"NeowsBlessing":0,"Pen Nib":125,"Odd Mushroom":5,"Bottled Tornado":54,"White Beast Statue":3,"WarpedTongs":1,"FrozenCore":25,"Bronze Scales":65,"Pantograph":186,"Orrery":58,"Chemical X":98,"Kunai":141,"Toxic Egg 2":8,"Cracked Core":0,"Symbiotic Virus":5,"InkBottle":49}],"InkBottle":[68],"FrozenCore":[82],"WarpedTongs":[187]},"card_choices":[{"not_picked":["Chaos","Double Energy"],"picked":"Ball Lightning","floor":1},{"not_picked":["Beam Cell","Barrage"],"picked":"Sweeping Beam","floor":3},{"not_picked":["Force Field","Steam Power"],"picked":"Go for the Eyes","floor":6},{"not_picked":["Loop","Sweeping Beam"],"picked":"Cold Snap","floor":8},{"not_picked":["Blizzard","Static Discharge"],"picked":"Buffer","floor":10},{"not_picked":["Sweeping Beam","Compile Driver"],"picked":"Force Field+1","floor":12},{"not_picked":["Turbo+1","Sweeping Beam"],"picked":"Coolheaded+1","floor":13},{"not_picked":["Skim+1","Gash"],"picked":"Steam Power+1","floor":14},{"not_picked":["Fission+1","Hyperbeam"],"picked":"Biased Cognition","floor":16},{"not_picked":["Cold Snap","Lockon+1"],"picked":"Conserve Battery+1","floor":18},{"not_picked":["Barrage","Beam Cell","Compile Driver"],"picked":"SKIP","floor":19},{"not_picked":["Cold Snap","Streamline"],"picked":"White Noise+1","floor":21},{"not_picked":["Steam+1","Steam Power+1"],"picked":"Chaos+1","floor":22},{"not_picked":["Double Energy+1","Sweeping Beam"],"picked":"Gash+1","floor":23},{"not_picked":["Go for the Eyes","Streamline+1"],"picked":"Force Field+1","floor":25},{"not_picked":["Rebound","Ball Lightning","Consume+1"],"picked":"SKIP","floor":28},{"not_picked":["Ball Lightning+1","Go for the Eyes"],"picked":"Multi-Cast+1","floor":29},{"not_picked":["Sunder","Hologram+1"],"picked":"Core Surge","floor":29},{"not_picked":["Leap+1","Steam+1"],"picked":"Recycle+1","floor":29},{"not_picked":["Leap+1","Blizzard+1"],"picked":"Redo+1","floor":29},{"not_picked":["Reboot+1","Conserve Battery+1"],"picked":"Coolheaded+1","floor":30},{"not_picked":["Redo+1","Stack+1"],"picked":"Defragment","floor":31},{"not_picked":["Meteor Strike","Multi-Cast+1"],"picked":"Echo Form","floor":33},{"not_picked":["Blizzard","Stack+1"],"picked":"Hologram+1","floor":35},{"not_picked":["Ball Lightning","Barrage+1"],"picked":"Defragment+1","floor":36},{"not_picked":["Rip and Tear","Genetic Algorithm+1"],"picked":"Capacitor+1","floor":38},{"not_picked":["Coolheaded+1","Aggregate+1"],"picked":"BootSequence+1","floor":39},{"not_picked":["Cold Snap","Steam+1","Auto Shields+1"],"picked":"SKIP","floor":40},{"not_picked":["Auto Shields+1","Ball Lightning+1"],"picked":"Heatsinks","floor":41},{"not_picked":["Storm+1","Aggregate+1","Amplify+1"],"picked":"SKIP","floor":42},{"not_picked":["Ball Lightning+1","Self Repair+1"],"picked":"Turbo+1","floor":44},{"not_picked":["Compile Driver+1","Steam+1"],"picked":"Hologram+1","floor":45},{"not_picked":["Turbo+1","Rip and Tear+1"],"picked":"Skim+1","floor":48},{"not_picked":["Hologram+1","Reprogram+1"],"picked":"Beam Cell+1","floor":54}],"player_experience":2856700,"relics_obtained":[{"floor":6,"key":"White Beast Statue"},{"floor":8,"key":"Odd Mushroom"},{"floor":9,"key":"Symbiotic Virus"},{"floor":10,"key":"Toxic Egg 2"},{"floor":23,"key":"InkBottle"},{"floor":25,"key":"Regal Pillow"},{"floor":26,"key":"Bottled Tornado"},{"floor":30,"key":"Bronze Scales"},{"floor":40,"key":"Pen Nib"},{"floor":42,"key":"Kunai"},{"floor":44,"key":"Ice Cream"},{"floor":54,"key":"Pantograph"}],"event_choices":[{"damage_healed":0,"gold_gain":0,"player_choice":"Rummage","damage_taken":0,"relics_obtained":["WarpedTongs"],"max_hp_gain":0,"max_hp_loss":0,"event_name":"Accursed Blacksmith","floor":2,"gold_loss":0,"cards_obtained":["Pain"]},{"damage_healed":0,"gold_gain":75,"player_choice":"Gather Gold","damage_taken":11,"max_hp_gain":0,"max_hp_loss":0,"event_name":"World of Goop","floor":4,"gold_loss":0},{"damage_healed":0,"gold_gain":0,"player_choice":"Fought Mushrooms","damage_taken":0,"max_hp_gain":0,"max_hp_loss":0,"event_name":"Mushrooms","floor":8,"gold_loss":0},{"damage_healed":0,"gold_gain":0,"player_choice":"Became a vampire","damage_taken":0,"max_hp_gain":0,"max_hp_loss":24,"event_name":"Vampires","floor":24,"gold_loss":0,"cards_obtained":["Bite","Bite","Bite","Bite","Bite"]},{"damage_healed":0,"gold_gain":0,"player_choice":"Fight","damage_taken":0,"max_hp_gain":0,"max_hp_loss":0,"event_name":"MindBloom","floor":44,"gold_loss":0},{"damage_healed":0,"gold_gain":0,"player_choice":"Upgraded","damage_taken":0,"max_hp_gain":0,"max_hp_loss":0,"event_name":"Upgrade Shrine","floor":46,"gold_loss":0,"cards_upgraded":["Heatsinks"]}],"is_beta":false,"boss_relics":[{"not_picked":["Sozu","Runic Pyramid"],"picked":"FrozenCore"},{"not_picked":["Busted Crown","Black Star"],"picked":"Inserter"}],"items_purged_floors":[5,20,53],"is_endless":false,"potions_floor_spawned":[1,6,8,10,12,13,14,16,18,19,21,22,23,25,28,30,31,33,35,36,38,39,40,41,42,44,45,48,54],"ascension_level":10}}