{"host":"ia9e4s524g7bamk7","time":1612966204,"event":{"mods":["AchievementEnabler","BaseMod","Minty Spire (QoL Compilation)","Slay-I"],"gold_per_floor":[114,125,125,139,158,184,184,213,258,333,333,26,61,90,102,219,231,262,274,286,213,239,280,391,403,415,452,464,476,476],"floor_reached":29,"language":"ENG","playtime":1713,"items_purged":["Strike_R"],"score":335,"play_id":"04580921-8a9f-4216-9f8f-a95856a1da32","local_time":"20210210151004","is_ascension_mode":true,"campfire_choices":[{"data":"Armaments","floor":11,"key":"SMITH"},{"floor":15,"key":"REST"},{"floor":25,"key":"REST"}],"circlet_count":0,"master_deck":["Strike_R+1","Strike_R+1","Strike_R+1","Defend_R+1","Defend_R+1","Defend_R+1","Defend_R+1","Bash","Good Instincts","Fire Breathing","Armaments+1","Wild Strike","Metallicize","Reckless Charge","Iron Wave","Fire Breathing","Warcry","Fiend Fire","Metallicize"],"relics":["Burning Blood","Gambling Chip","Bottled Flame","Sling","MawBank","Sozu","Sundial","Blue Candle","Bottled Tornado","Omamori","Centennial Puzzle"],"acts_visited":["Exordium","TheCity"],"potions_floor_usage":[5,16,18],"damage_taken":[{"damage":8,"enemies":"2 Louse","floor":1,"turns":3},{"damage":2,"enemies":"Jaw Worm","floor":2,"turns":4},{"damage":5,"enemies":"Small Slimes","floor":4,"turns":4},{"damage":2,"enemies":"Looter","floor":5,"turns":4},{"damage":20,"enemies":"3 Sentries","floor":6,"turns":6},{"damage":30,"enemies":"Lagavulin","floor":8,"turns":7},{"damage":11,"enemies":"3 Sentries","floor":13,"turns":4},{"damage":0,"enemies":"Large Slime","floor":14,"turns":4},{"damage":17,"enemies":"Hexaghost","floor":16,"turns":10},{"damage":5,"enemies":"3 Byrds","floor":18,"turns":4},{"damage":10,"enemies":"Shell Parasite","floor":22,"turns":6},{"damage":48,"enemies":"Book of Stabbing","floor":23,"turns":7},{"damage":31,"enemies":"Slavers","floor":27,"turns":4},{"damage":21,"enemies":"Shelled Parasite and Fungi","floor":29,"turns":3}],"seed_played":"772967410361161621","potions_obtained":[{"floor":4,"key":"Swift Potion"},{"floor":8,"key":"Dexterity Potion"},{"floor":13,"key":"Block Potion"},{"floor":16,"key":"SneckoOil"}],"is_trial":false,"path_per_floor":["M","M","?","M","M","E","?","E","T","?","R","$","E","M","R","B",null,"M","?","?","?","M","E","?","R","T","E","T","M"],"character_chosen":"IRONCLAD","items_purchased":["Fire Breathing","Sling"],"campfire_rested":2,"item_purchase_floors":[12,12],"current_hp_per_floor":[78,80,80,80,80,66,59,35,35,24,24,24,19,25,49,38,80,80,65,65,65,61,19,19,44,44,19,19,0,0],"gold":476,"neow_bonus":"RANDOM_COLORLESS","is_daily":false,"chose_seed":true,"campfire_upgraded":1,"win_rate":0.0,"timestamp":1612966204,"path_taken":["M","M","?","M","M","E","?","E","T","?","R","$","E","M","R","BOSS","M","?","?","?","M","E","?","R","T","E","?","?"],"items_purchased_type":["Card","Relic"],"build_version":"2020-12-22","purchased_purges":1,"victory":false,"max_hp_per_floor":[80,80,80,80,80,80,80,80,80,80,80,80,80,80,80,80,80,80,85,85,85,85,85,85,85,85,85,85,85,85],"card_choices":[{"not_picked":["Panacea","Jack Of All Trades"],"picked":"Good Instincts","floor":0},{"not_picked":["Dropkick","Iron Wave"],"picked":"Fire Breathing","floor":1},{"not_picked":["Havoc","True Grit"],"picked":"Armaments","floor":2},{"not_picked":["Iron Wave","Searing Blow"],"picked":"Wild Strike","floor":4},{"not_picked":["Dark Embrace","Berserk"],"picked":"Metallicize","floor":5},{"not_picked":["Sword Boomerang","Anger"],"picked":"Reckless Charge","floor":6},{"not_picked":["Shrug It Off","Twin Strike"],"picked":"Iron Wave","floor":8},{"not_picked":["Headbutt","Pommel Strike"],"picked":"Warcry","floor":13},{"not_picked":["True Grit","Flex","Armaments"],"picked":"SKIP","floor":14},{"not_picked":["Brutality","Offering"],"picked":"Fiend Fire","floor":16},{"not_picked":["Body Slam","Dual Wield+1","Perfected Strike"],"picked":"SKIP","floor":18},{"not_picked":["Intimidate","Perfected Strike","Sword Boomerang"],"picked":"SKIP","floor":22},{"not_picked":["Headbutt+1","Sword Boomerang","Thunderclap+1"],"picked":"SKIP","floor":23},{"not_picked":["Clothesline","Blood for Blood+1"],"picked":"Metallicize","floor":27}],"player_experience":305893,"relics_obtained":[{"floor":6,"key":"Gambling Chip"},{"floor":8,"key":"Bottled Flame"},{"floor":13,"key":"MawBank"},{"floor":23,"key":"Blue Candle"},{"floor":26,"key":"Bottled Tornado"},{"floor":27,"key":"Omamori"},{"floor":28,"key":"Centennial Puzzle"}],"event_choices":[{"damage_healed":0,"gold_gain":0,"player_choice":"Ignored","damage_taken":0,"max_hp_gain":0,"max_hp_loss":0,"event_name":"Liars Game","floor":3,"gold_loss":0},{"cards_removed":["Strike_R"],"damage_healed":0,"gold_gain":0,"player_choice":"Card Removal","damage_taken":7,"max_hp_gain":0,"max_hp_loss":0,"event_name":"Golden Wing","floor":7,"gold_loss":0},{"damage_healed":0,"gold_gain":75,"player_choice":"Gather Gold","damage_taken":11,"max_hp_gain":0,"max_hp_loss":0,"event_name":"World of Goop","floor":10,"gold_loss":0},{"damage_healed":0,"gold_gain":0,"player_choice":"Shed Blood","damage_taken":20,"max_hp_gain":5,"max_hp_loss":0,"event_name":"Forgotten Altar","floor":19,"gold_loss":0},{"damage_healed":0,"gold_gain":0,"player_choice":"Simplicity","damage_taken":0,"max_hp_gain":0,"max_hp_loss":0,"event_name":"Back to Basics","floor":20,"gold_loss":0,"cards_upgraded":["Strike_R","Strike_R","Strike_R","Defend_R","Defend_R","Defend_R","Defend_R"]},{"damage_healed":0,"gold_gain":0,"player_choice":"Obtained Relic","damage_taken":0,"relics_obtained":["Sundial"],"max_hp_gain":0,"max_hp_loss":0,"event_name":"Addict","floor":21,"gold_loss":85},{"damage_healed":0,"gold_gain":99,"player_choice":"Stole From Cult","damage_taken":0,"max_hp_gain":0,"max_hp_loss":0,"event_name":"Nest","floor":24,"gold_loss":0}],"is_beta":false,"boss_relics":[{"not_picked":["Coffee Dripper","Calling Bell"],"picked":"Sozu"}],"items_purged_floors":[12],"is_endless":false,"potions_floor_spawned":[4,8,13,16,22],"killed_by":"Shelled Parasite and Fungi","ascension_level":4}}