{"host":"2sct7qpnpunnnd84","time":1612924828,"event":{"mods":["BaseMod","Googly Eyes","Minty Spire (QoL Compilation)","Quick Restart","Shop Mod","StSLib","The IronCluck"],"gold_per_floor":[217,227,227,227,46,46,56,56,56,72,72,72,82,94,94,199,199,215,130,150,161,17,17,37,37,37,49,9,284,302,392,392,491,491,501,320,340,1339,1359,1359,1371,1391,1391,1391,1391,1391,1391,1409,1409,1409,1409],"floor_reached":50,"language":"ENG","playtime":3261,"items_purged":["Regret"],"score":536,"play_id":"f62382a5-dd0e-440c-ae16-49a23158425b","local_time":"20210209184028","is_ascension_mode":false,"campfire_choices":[{"data":"Flex","floor":6.0,"key":"SMITH"},{"data":"Cleave","floor":8.0,"key":"SMITH"},{"floor":12.0,"key":"REST"},{"data":"Flex","floor":15.0,"key":"SMITH"},{"data":"Limit Break","floor":23.0,"key":"SMITH"},{"floor":25.0,"key":"REST"},{"floor":32.0,"key":"REST"},{"floor":40,"key":"REST"},{"floor":44,"key":"REST"},{"floor":46,"key":"REST"},{"floor":49,"key":"REST"}],"circlet_count":0,"master_deck":["Strike_R","Strike_R","Strike_R","Strike_R","Strike_R","Defend_R","Defend_R","Defend_R","Defend_R","Bash","Cleave+1","Flame Barrier+1","Flex+1","Thunderclap","Flex+1","Barricade","Flex+1","Flex","Heavy Blade","Limit Break+1","Power Through","Fire Breathing","Heavy Blade","Spot Weakness","Rampage","Inflame+1","Normality","Normality","Shrug It Off","Writhe"],"relics":["Burning Blood","ClockworkSouvenir","Singing Bowl","Mark of Pain","Art of War","Meat on the Bone","Busted Crown","InkBottle"],"acts_visited":["Exordium","TheCity","TheBeyond"],"potions_floor_usage":[39,39,50,50],"damage_taken":[{"damage":15.0,"enemies":"Jaw Worm","floor":1.0,"turns":5.0},{"damage":2.0,"enemies":"2 Louse","floor":2.0,"turns":2.0},{"damage":5.0,"enemies":"Small Slimes","floor":7.0,"turns":2.0},{"damage":17.0,"enemies":"Exordium Thugs","floor":10.0,"turns":3.0},{"damage":0.0,"enemies":"Large Slime","floor":13.0,"turns":3.0},{"damage":0.0,"enemies":"Lots of Slimes","floor":14.0,"turns":1.0},{"damage":63.0,"enemies":"Hexaghost","floor":16.0,"turns":11.0},{"damage":5.0,"enemies":"3 Byrds","floor":18.0,"turns":4.0},{"damage":0.0,"enemies":"2 Thieves","floor":20.0,"turns":3.0},{"damage":18.0,"enemies":"Snake Plant","floor":21.0,"turns":4.0},{"damage":9.0,"enemies":"3 Cultists","floor":24.0,"turns":4.0},{"damage":28.0,"enemies":"Shelled Parasite and Fungi","floor":27.0,"turns":5.0},{"damage":51.0,"enemies":"Snecko","floor":30.0,"turns":6.0},{"damage":66.0,"enemies":"Collector","floor":33.0,"turns":8.0},{"damage":24.0,"enemies":"Orb Walker","floor":35.0,"turns":4.0},{"damage":7,"enemies":"3 Shapes","floor":37,"turns":5},{"damage":48,"enemies":"Sphere and 2 Shapes","floor":39,"turns":9},{"damage":70,"enemies":"Transient","floor":41,"turns":5},{"damage":15,"enemies":"4 Shapes","floor":42,"turns":5},{"damage":40,"enemies":"Jaw Worm Horde","floor":48,"turns":4},{"damage":101,"enemies":"Time Eater","floor":50,"turns":8}],"seed_played":"4359789846372340832","potions_obtained":[{"floor":2.0,"key":"Regen Potion"},{"floor":10.0,"key":"EssenceOfSteel"},{"floor":13.0,"key":"ElixirPotion"},{"floor":16.0,"key":"AttackPotion"},{"floor":18.0,"key":"BloodPotion"},{"floor":21.0,"key":"DistilledChaos"},{"floor":24.0,"key":"Ancient Potion"},{"floor":30.0,"key":"Strength Potion"},{"floor":37,"key":"Swift Potion"},{"floor":39,"key":"Fruit Juice"},{"floor":48,"key":"Weak Potion"}],"is_trial":false,"path_per_floor":["M","M","?","?","$","R","M","R","T","M","$","R","M","M","R","B",null,"M","?","M","M","$","R","M","R","T","M","$","?","M","?","R","B",null,"M","$","M","?","M","R","M","M","T","R","?","R","?","M","R","B"],"character_chosen":"IRONCLAD","items_purchased":["Flex","ClockworkSouvenir","Limit Break","Fire Breathing","Spot Weakness","Rampage"],"campfire_rested":7,"item_purchase_floors":[5,5,22,28,36,36],"current_hp_per_floor":[71,75,75,75,75,75,76,76,76,65,65,80,80,82,82,25,82,82,82,82,70,70,70,69,84,84,62,62,62,45,33,58,27,86,70,70,69,69,44,71,21,26,26,55,55,84,97,65,94,0,0],"gold":1409,"neow_bonus":"HUNDRED_GOLD","is_daily":false,"chose_seed":false,"campfire_upgraded":4,"win_rate":0.0,"timestamp":1612924828,"path_taken":["M","M","?","?","?","R","M","R","T","M","$","R","M","?","R","BOSS","M","?","M","M","$","R","M","R","T","M","$","?","?","?","R","BOSS","M","$","?","?","M","R","M","M","T","R","?","R","?","M","R","BOSS"],"items_purchased_type":["Card","Relic","Card","Card","Card","Card"],"build_version":"2020-12-22","purchased_purges":1,"victory":false,"max_hp_per_floor":[80,80,80,80,80,80,80,80,80,80,80,80,80,82,82,82,82,82,82,82,82,82,82,84,84,84,84,84,84,84,84,84,86,86,88,88,88,88,93,93,95,97,97,97,97,97,97,99,99,99,99],"card_choices":[{"not_picked":["Sword Boomerang","Iron Wave"],"picked":"Cleave","floor":1.0},{"not_picked":["Sever Soul","Pommel Strike"],"picked":"Flame Barrier","floor":2.0},{"not_picked":["Warcry","Shockwave","Dropkick"],"picked":"SKIP","floor":7.0},{"not_picked":["Warcry","Evolve"],"picked":"Thunderclap","floor":10.0},{"not_picked":["Brutality","Perfected Strike"],"picked":"Flex","floor":13.0},{"not_picked":["Havoc","Sword Boomerang","Intimidate"],"picked":"Singing Bowl","floor":14.0},{"not_picked":["Reaper","Fiend Fire"],"picked":"Barricade","floor":16.0},{"not_picked":["Body Slam+1","Infernal Blade"],"picked":"Flex+1","floor":18.0},{"not_picked":["Sentinel","Sword Boomerang+1"],"picked":"Flex","floor":20.0},{"not_picked":["Pommel Strike","Shrug It Off"],"picked":"Heavy Blade","floor":21.0},{"not_picked":["Anger","Ghostly Armor","Wild Strike"],"picked":"Singing Bowl","floor":24.0},{"not_picked":["Rage","Whirlwind"],"picked":"Power Through","floor":27.0},{"not_picked":["Double Tap","Havoc"],"picked":"Heavy Blade","floor":30.0},{"not_picked":["Berserk","Reaper","Fiend Fire"],"picked":"Singing Bowl","floor":33.0},{"not_picked":["Bloodletting+1"],"picked":"Singing Bowl","floor":35.0},{"not_picked":[],"picked":"Inflame+1","floor":37},{"not_picked":[],"picked":"Shrug It Off","floor":39},{"not_picked":["Combust+1"],"picked":"Singing Bowl","floor":41},{"not_picked":["Dropkick"],"picked":"Singing Bowl","floor":42},{"not_picked":["Perfected Strike"],"picked":"Singing Bowl","floor":48}],"player_experience":3428265,"relics_obtained":[{"floor":9.0,"key":"Singing Bowl"},{"floor":26.0,"key":"Meat on the Bone"},{"floor":43,"key":"InkBottle"}],"event_choices":[{"damage_healed":0.0,"max_hp_gain":0.0,"max_hp_loss":0.0,"gold_gain":0.0,"event_name":"Golden Wing","player_choice":"Ignored","floor":3.0,"gold_loss":0.0,"damage_taken":0.0},{"damage_healed":0.0,"max_hp_gain":0.0,"max_hp_loss":0.0,"gold_gain":0.0,"event_name":"Living Wall","player_choice":"Grow","floor":4.0,"gold_loss":0.0,"damage_taken":0.0,"cards_upgraded":["Flame Barrier"]},{"damage_healed":0.0,"max_hp_gain":0.0,"max_hp_loss":0.0,"gold_gain":0.0,"event_name":"Addict","player_choice":"Obtained Relic","floor":19.0,"gold_loss":85.0,"damage_taken":0.0,"relics_obtained":["Art of War"]},{"damage_healed":0.0,"max_hp_gain":0.0,"max_hp_loss":0.0,"gold_gain":275.0,"event_name":"Golden Shrine","player_choice":"Desecrate","floor":29.0,"gold_loss":0.0,"damage_taken":0.0,"cards_obtained":["Regret"]},{"damage_healed":0.0,"max_hp_gain":0.0,"max_hp_loss":0.0,"gold_gain":90.0,"event_name":"Knowing Skull","player_choice":"GOLD ","floor":31.0,"potions_obtained":[],"gold_loss":0.0,"damage_taken":12.0,"cards_obtained":[]},{"damage_healed":0,"gold_gain":999,"player_choice":"Gold","damage_taken":0,"max_hp_gain":0,"max_hp_loss":0,"event_name":"MindBloom","floor":38,"gold_loss":0,"cards_obtained":["Normality","Normality"]},{"damage_healed":0,"gold_gain":0,"player_choice":"Ignored","damage_taken":0,"max_hp_gain":0,"max_hp_loss":0,"event_name":"Mysterious Sphere","floor":45,"gold_loss":0},{"damage_healed":24,"gold_gain":0,"player_choice":"Writhe","damage_taken":0,"max_hp_gain":0,"max_hp_loss":0,"event_name":"Winding Halls","floor":47,"gold_loss":0,"cards_obtained":["Writhe"]}],"is_beta":false,"boss_relics":[{"not_picked":["Tiny House","Snecko Eye"],"picked":"Mark of Pain"},{"not_picked":["Cursed Key","Calling Bell"],"picked":"Busted Crown"}],"items_purged_floors":[36],"is_endless":false,"potions_floor_spawned":[2,10,13,16,18,21,24,30,37,39,48],"killed_by":"Time Eater","ascension_level":0}}