{"host":"phniwng9zo19jwdb","time":1612928030,"event":{"mods":["AchievementEnabler","BaseMod","Colored Powertips","Dark Map","Faster Ascension Climbing","GifTheSpireLib","Minty Spire (QoL Compilation)","Permanent Neow","Rare Cards Sparkle","Relic Filter Mod","StSLib","Weighted Paths"],"gold_per_floor":[114,128,128,278,258,258,283,298,376,376,402,415,431,449,449,526,526,536,536,536,376,376,376,405,415,441,452,477,492,510,536,536,615,615,634,634,17,31,45,80,80,110,110,138,60,60,94,108,108,108,108,108,108,8,42,42],"floor_reached":57,"language":"ENG","playtime":3919,"items_purged":["Doubt","Defend_G"],"score":3254,"play_id":"40190d97-c7b3-47eb-94cb-82f88ee0ee34","local_time":"20210210043350","is_ascension_mode":true,"campfire_choices":[{"data":"Neutralize","floor":6.0,"key":"SMITH"},{"data":"After Image","floor":10.0,"key":"SMITH"},{"floor":15,"key":"REST"},{"data":"Tools of the Trade","floor":23,"key":"SMITH"},{"data":"Distraction","floor":32,"key":"SMITH"},{"floor":41,"key":"RECALL"},{"data":"Adrenaline","floor":46,"key":"SMITH"},{"data":"Adrenaline","floor":49,"key":"SMITH"},{"data":"After Image","floor":53,"key":"SMITH"}],"circlet_count":0,"master_deck":["AscendersBane","Defend_G","Defend_G","Defend_G","Defend_G","Survivor","Neutralize+1","After Image+1","PiercingWail","Deadly Poison","Backflip","Backflip","Catalyst","Caltrops","Reflex","Distraction+1","Tools of the Trade+1","PiercingWail","Backstab","Bite","Bite+1","Bite","Bite+1","Bite","Footwork","Doppelganger","Endless Agony","Blade Dance","Adrenaline+1","Adrenaline+1","Sadistic Nature","Footwork","Infinite Blades","Dash","Calculated Gamble","PiercingWail","After Image+1","PiercingWail","Backflip"],"relics":["Ring of the Snake","Eternal Feather","Dead Branch","Bird Faced Urn","Coffee Dripper","Boot","Potion Belt","Nunchaku","Blood Vial","Mummified Hand","SlaversCollar","Spirit Poop","Calipers","Whetstone","Vajra","Ancient Tea Set","Oddly Smooth Stone","Sundial","TungstenRod"],"acts_visited":["Exordium","TheCity","TheBeyond","TheEnding"],"potions_floor_usage":[14,28,30,33,40,56,56,56],"damage_taken":[{"damage":3.0,"enemies":"Cultist","floor":1.0,"turns":5.0},{"damage":0.0,"enemies":"Small Slimes","floor":2.0,"turns":6.0},{"damage":32.0,"enemies":"3 Sentries","floor":7.0,"turns":10.0},{"damage":0.0,"enemies":"2 Louse","floor":8.0,"turns":4.0},{"damage":13.0,"enemies":"Lagavulin","floor":11.0,"turns":9.0},{"damage":7.0,"enemies":"Gremlin Gang","floor":12.0,"turns":9.0},{"damage":12.0,"enemies":"Large Slime","floor":13.0,"turns":15.0},{"damage":1,"enemies":"Looter","floor":14,"turns":5},{"damage":22,"enemies":"The Guardian","floor":16,"turns":15},{"damage":17,"enemies":"Chosen","floor":18,"turns":9},{"damage":10,"enemies":"Book of Stabbing","floor":24,"turns":6},{"damage":3,"enemies":"Shell Parasite","floor":25,"turns":7},{"damage":19,"enemies":"Shelled Parasite and Fungi","floor":27,"turns":6},{"damage":38,"enemies":"Slavers","floor":28,"turns":7},{"damage":11,"enemies":"Cultist and Chosen","floor":29,"turns":9},{"damage":14,"enemies":"3 Cultists","floor":30,"turns":8},{"damage":0,"enemies":"Gremlin Leader","floor":31,"turns":5},{"damage":23,"enemies":"Collector","floor":33,"turns":12},{"damage":9,"enemies":"3 Darklings","floor":35,"turns":6},{"damage":0,"enemies":"Orb Walker","floor":38,"turns":2},{"damage":0,"enemies":"Writhing Mass","floor":39,"turns":6},{"damage":2,"enemies":"Reptomancer","floor":40,"turns":5},{"damage":0,"enemies":"Giant Head","floor":42,"turns":5},{"damage":5,"enemies":"Nemesis","floor":44,"turns":5},{"damage":0,"enemies":"Giant Head","floor":47,"turns":5},{"damage":0,"enemies":"4 Shapes","floor":48,"turns":5},{"damage":0,"enemies":"Donu and Deca","floor":50,"turns":6},{"damage":21,"enemies":"Time Eater","floor":51,"turns":8},{"damage":0,"enemies":"Shield and Spear","floor":55,"turns":5},{"damage":34,"enemies":"The Heart","floor":56,"turns":9}],"seed_played":"-5447560842329524494","potions_obtained":[{"floor":2.0,"key":"PowerPotion"},{"floor":5.0,"key":"FearPotion"},{"floor":11.0,"key":"PowerPotion"},{"floor":12.0,"key":"Poison Potion"},{"floor":16,"key":"SteroidPotion"},{"floor":24,"key":"EssenceOfSteel"},{"floor":28,"key":"AttackPotion"},{"floor":30,"key":"ColorlessPotion"},{"floor":31,"key":"GamblersBrew"},{"floor":35,"key":"SteroidPotion"},{"floor":39,"key":"Strength Potion"},{"floor":42,"key":"Fire Potion"}],"is_trial":false,"path_per_floor":["M","M","T","?","?","R","E","M","T","R","E","M","M","M","R","B",null,"M","?","?","$","?","R","E","M","T","M","E","M","M","E","R","B",null,"M","?","$","M","M","E","R","E","T","E","$","R","E","M","R","B","B",null,"R","$","E","B",null],"character_chosen":"THE_SILENT","items_purchased":["Footwork","Calipers","Sadistic Nature","Footwork","After Image"],"campfire_rested":1,"item_purchase_floors":[21,37,37,37,45],"current_hp_per_floor":[41,41,41,41,41,50,18,18,18,27,14,11,3,6,37,21,55,46,46,46,46,46,46,46,46,46,46,28,39,32,46,46,29,42,46,46,46,46,46,46,46,46,46,46,46,46,46,46,46,46,28,42,46,46,46,46],"gold":42,"neow_bonus":"THREE_RARE_CARDS","is_daily":false,"chose_seed":false,"campfire_upgraded":7,"win_rate":0.0,"timestamp":1612928030,"path_taken":["M","M","?","?","?","R","E","M","T","R","E","?","M","M","R","BOSS","M","?","?","$","?","R","E","M","T","M","E","?","M","E","R","BOSS","M","?","$","?","M","E","R","E","T","E","$","R","E","M","R","BOSS","BOSS","R","$","E","BOSS"],"items_purchased_type":["Card","Relic","Card","Card","Card"],"build_version":"2020-12-22","purchased_purges":2,"victory":true,"max_hp_per_floor":[66,66,66,66,66,66,66,66,66,66,66,66,66,66,66,66,66,66,66,46,46,46,46,46,46,46,46,46,46,46,46,46,46,46,46,46,46,46,46,46,46,46,46,46,46,46,46,46,46,46,46,46,46,46,46,46],"card_choices":[{"not_picked":["Night Terror","Venomology"],"picked":"After Image","floor":0.0},{"not_picked":["Sucker Punch","Slice"],"picked":"PiercingWail","floor":1.0},{"not_picked":["Finisher","Well Laid Plans"],"picked":"Deadly Poison","floor":2.0},{"not_picked":["Leg Sweep","Flying Knee"],"picked":"Backflip","floor":7.0},{"not_picked":["Reflex","Dodge and Roll"],"picked":"Backflip","floor":8.0},{"not_picked":["Storm of Steel","Dodge and Roll"],"picked":"Catalyst","floor":11.0},{"not_picked":["Deflect","PiercingWail"],"picked":"Caltrops","floor":12.0},{"not_picked":["Riddle With Holes","Sucker Punch"],"picked":"Reflex","floor":13.0},{"not_picked":["Eviscerate","Leg Sweep"],"picked":"Distraction","floor":14},{"not_picked":["Storm of Steel","Malaise"],"picked":"Tools of the Trade","floor":16},{"not_picked":["Sucker Punch","Poisoned Stab"],"picked":"PiercingWail","floor":18},{"not_picked":["Quick Slash","Bane"],"picked":"Doppelganger","floor":24},{"not_picked":["Sucker Punch+1","Backflip"],"picked":"Endless Agony","floor":25},{"not_picked":["Blur","Poisoned Stab+1"],"picked":"Blade Dance","floor":27},{"not_picked":["Flechettes+1","Outmaneuver","Slice"],"picked":"SKIP","floor":28},{"not_picked":["Dagger Spray","Expertise","Prepared"],"picked":"SKIP","floor":29},{"not_picked":["Riddle With Holes","Deadly Poison","Dodge and Roll"],"picked":"SKIP","floor":30},{"not_picked":["Blade Dance","Reflex+1"],"picked":"Adrenaline","floor":31},{"not_picked":["Burst","Phantasmal Killer"],"picked":"Adrenaline","floor":33},{"not_picked":["Deflect+1","Slice","Sucker Punch"],"picked":"SKIP","floor":35},{"not_picked":["Quick Slash","Acrobatics"],"picked":"Infinite Blades","floor":38},{"not_picked":["Bane","Blur+1"],"picked":"Dash","floor":39},{"not_picked":["Dagger Spray","Noxious Fumes"],"picked":"Calculated Gamble","floor":40},{"not_picked":["Flechettes","Riddle With Holes+1"],"picked":"PiercingWail","floor":42},{"not_picked":["Sucker Punch+1","Dagger Spray+1","Outmaneuver"],"picked":"SKIP","floor":44},{"not_picked":["Dagger Throw+1","Underhanded Strike"],"picked":"PiercingWail","floor":47},{"not_picked":["Flying Knee","Quick Slash"],"picked":"Backflip","floor":48},{"not_picked":["Endless Agony","All Out Attack+1","Terror"],"picked":"SKIP","floor":55}],"player_experience":95819,"relics_obtained":[{"floor":3.0,"key":"Eternal Feather"},{"floor":7.0,"key":"Dead Branch"},{"floor":11.0,"key":"Bird Faced Urn"},{"floor":24,"key":"Potion Belt"},{"floor":26,"key":"Nunchaku"},{"floor":28,"key":"Blood Vial"},{"floor":31,"key":"Mummified Hand"},{"floor":40,"key":"Whetstone"},{"floor":42,"key":"Vajra"},{"floor":43,"key":"Ancient Tea Set"},{"floor":44,"key":"Oddly Smooth Stone"},{"floor":47,"key":"Sundial"},{"floor":55,"key":"TungstenRod"}],"event_choices":[{"damage_healed":0.0,"max_hp_gain":0.0,"max_hp_loss":0.0,"gold_gain":150.0,"event_name":"Liars Game","player_choice":"AGREE","floor":4.0,"gold_loss":0.0,"damage_taken":0.0,"cards_obtained":["Doubt"]},{"damage_healed":0.0,"max_hp_gain":0.0,"max_hp_loss":0.0,"gold_gain":0.0,"event_name":"The Woman in Blue","player_choice":"Bought 1 Potion","floor":5.0,"gold_loss":0.0,"damage_taken":0.0},{"damage_healed":0,"gold_gain":0,"player_choice":"Read","damage_taken":0,"max_hp_gain":0,"max_hp_loss":0,"event_name":"The Library","floor":19,"gold_loss":0,"cards_obtained":["Backstab"]},{"damage_healed":0,"gold_gain":0,"player_choice":"Became a vampire","damage_taken":0,"max_hp_gain":0,"max_hp_loss":20,"event_name":"Vampires","floor":20,"gold_loss":0,"cards_obtained":["Bite","Bite","Bite","Bite","Bite"]},{"damage_healed":0,"gold_gain":0,"player_choice":"Opened","damage_taken":0,"relics_obtained":["Boot"],"max_hp_gain":0,"max_hp_loss":0,"event_name":"The Mausoleum","floor":22,"gold_loss":0,"cards_obtained":["Writhe"]},{"cards_removed":["Writhe"],"damage_healed":0,"gold_gain":0,"player_choice":"Offered Curse","damage_taken":0,"relics_obtained":["Spirit Poop"],"max_hp_gain":0,"max_hp_loss":0,"event_name":"Bonfire Elementals","floor":36,"gold_loss":0}],"is_beta":false,"boss_relics":[{"not_picked":["Sozu","Philosopher\u0027s Stone"],"picked":"Coffee Dripper"},{"not_picked":["Calling Bell","WristBlade"],"picked":"SlaversCollar"}],"items_purged_floors":[21,54],"is_endless":false,"potions_floor_spawned":[2,11,12,16,24,28,30,31,35,39,42],"ascension_level":20}}