{"host":"bg4zdvygm46ags0b","time":1612925026,"event":{"mods":["BaseMod","GifTheSpireLib","Koishi","Marisa????????","Minty Spire (QoL Compilation)","Remilia??????","StSLib","SuperFastMode","The Bladedancer","The Disciple","The Mystic","The Servant 0.9.4","Yuri Mod"],"gold_per_floor":[114,114,114,128,138,164,164,164,164],"floor_reached":8,"language":"ENG","playtime":817,"items_purged":[],"score":81,"play_id":"cd1e2a1a-f977-4802-bac0-8c20412be574","local_time":"20210210124346","is_ascension_mode":false,"campfire_choices":[],"circlet_count":0,"master_deck":["blademaster:Strike","blademaster:Strike+1","blademaster:Strike","blademaster:Strike","blademaster:Defend","blademaster:Defend","blademaster:Defend","blademaster:Defend","blademaster:RagingBlow","blademaster:HighVoltage+1","blademaster:CullingStrike","blademaster:ThunderingOpener","blademaster:Bloodbath","blademaster:BloodyBlow"],"relics":["blademaster:DancersAmulet","NeowsBlessing","StoneCalendar"],"acts_visited":["Exordium"],"potions_floor_usage":[],"damage_taken":[{"damage":0,"enemies":"2 Louse","floor":1,"turns":1},{"damage":0,"enemies":"Small Slimes","floor":4,"turns":1},{"damage":0,"enemies":"Cultist","floor":5,"turns":1},{"damage":30,"enemies":"3 Sentries","floor":6,"turns":9},{"damage":39,"enemies":"Lagavulin","floor":8,"turns":5}],"seed_played":"-9221549938752547201","potions_obtained":[{"floor":1,"key":"Regen Potion"},{"floor":4,"key":"PowerPotion"},{"floor":5,"key":"CultistPotion"}],"is_trial":false,"path_per_floor":["M","?","$","M","M","E","?","E"],"character_chosen":"THE_BLADEMASTER","items_purchased":[],"campfire_rested":0,"item_purchase_floors":[],"current_hp_per_floor":[75,60,60,60,60,30,30,0,0],"gold":164,"neow_bonus":"THREE_ENEMY_KILL","is_daily":false,"chose_seed":false,"campfire_upgraded":0,"win_rate":0.0,"timestamp":1612925026,"path_taken":["M","?","$","M","M","E","?","E"],"items_purchased_type":[],"build_version":"2020-12-22","purchased_purges":0,"victory":false,"max_hp_per_floor":[75,75,75,75,75,75,75,75,75],"card_choices":[{"not_picked":["blademaster:Frontflip","blademaster:Sunder"],"picked":"blademaster:CullingStrike","floor":1},{"not_picked":["blademaster:AwakeningDefend","blademaster:AncestralHealing"],"picked":"blademaster:ThunderingOpener","floor":4},{"not_picked":["blademaster:SlyStabs","blademaster:AspectOfLightning"],"picked":"blademaster:Quickstep","floor":5},{"not_picked":["blademaster:Quickstep","blademaster:Slice"],"picked":"blademaster:Bloodbath","floor":6}],"player_experience":99826,"relics_obtained":[{"floor":6,"key":"StoneCalendar"},{"floor":6,"key":"blademaster:FuryEveryTurnPerk"}],"event_choices":[{"damage_healed":0,"gold_gain":0,"player_choice":"Entered Light","damage_taken":15,"max_hp_gain":0,"max_hp_loss":0,"event_name":"Shining Light","floor":2,"gold_loss":0,"cards_upgraded":["blademaster:Strike","blademaster:HighVoltage"]},{"damage_healed":0,"gold_gain":0,"cards_transformed":["blademaster:Quickstep"],"player_choice":"Transformed","damage_taken":0,"max_hp_gain":0,"max_hp_loss":0,"event_name":"Transmorgrifier","floor":7,"gold_loss":0,"cards_obtained":["blademaster:BloodyBlow"]}],"is_beta":false,"boss_relics":[],"items_purged_floors":[],"is_endless":false,"potions_floor_spawned":[1,4,5],"killed_by":"Lagavulin","ascension_level":0}}