{"host":"bpnwh7vpv9k3tssc","time":1612956723,"event":{"mods":["BaseMod","Colored Map","Colored Powertips","Curses Come First","Highlight Path","Minty Spire (QoL Compilation)","Quick Restart","Random Character Button","Relic Sorter","StSLib"],"gold_per_floor":[111,122,136,136,155,155,172,200,200,213,27,53,53,66,66,167,167,182,194,59,77,77,77,107,107,189,223,189,218,133,151,151,151,151],"floor_reached":33,"language":"ENG","playtime":1200,"items_purged":[],"score":445,"play_id":"17f74f3a-7c9e-4839-a3c5-8cc20726342e","local_time":"20210210123203","is_ascension_mode":true,"campfire_choices":[{"data":"Defragment","floor":6,"key":"SMITH"},{"data":"Aggregate","floor":13,"key":"SMITH"},{"data":"Defragment","floor":15,"key":"SMITH"},{"data":"Aggregate","floor":23,"key":"SMITH"},{"floor":25,"key":"REST"},{"floor":32,"key":"REST"}],"circlet_count":0,"master_deck":["Strike_B","Strike_B","Strike_B+1","Strike_B","Defend_B","Defend_B","Defend_B","Defend_B","Zap","Dualcast","Aggregate+1","Leap","Defragment+1","Streamline","Ball Lightning","Aggregate+1","Rainbow","Steam","Defragment+1","Go for the Eyes","Thunder Strike","Blizzard+1","Coolheaded","Static Discharge","Coolheaded","Recycle","Cold Snap+1","Conserve Battery","Heatsinks","Stack+1","Hologram"],"relics":["Cracked Core","Anchor","Bottled Lightning","Ornamental Fan","Toolbox","Sozu","Gremlin Horn","Pear","Mercury Hourglass","Whetstone","PreservedInsect"],"acts_visited":["Exordium","TheCity"],"potions_floor_usage":[8,8,16,24],"damage_taken":[{"damage":0,"enemies":"Jaw Worm","floor":1,"turns":3},{"damage":6,"enemies":"Cultist","floor":2,"turns":4},{"damage":3,"enemies":"Small Slimes","floor":3,"turns":3},{"damage":6,"enemies":"3 Louse","floor":5,"turns":3},{"damage":0,"enemies":"Blue Slaver","floor":7,"turns":3},{"damage":3,"enemies":"3 Sentries","floor":8,"turns":5},{"damage":19,"enemies":"Exordium Thugs","floor":10,"turns":4},{"damage":0,"enemies":"Looter","floor":14,"turns":2},{"damage":21,"enemies":"Slime Boss","floor":16,"turns":8},{"damage":0,"enemies":"Spheric Guardian","floor":18,"turns":3},{"damage":7,"enemies":"2 Thieves","floor":19,"turns":3},{"damage":20,"enemies":"Snake Plant","floor":21,"turns":5},{"damage":29,"enemies":"Slavers","floor":24,"turns":4},{"damage":26,"enemies":"Book of Stabbing","floor":27,"turns":6},{"damage":15,"enemies":"Slavers","floor":29,"turns":4},{"damage":12,"enemies":"Cultist and Chosen","floor":31,"turns":5},{"damage":51,"enemies":"Collector","floor":33,"turns":5}],"seed_played":"-1186256202151766894","potions_obtained":[{"floor":1,"key":"FairyPotion"},{"floor":5,"key":"Fire Potion"},{"floor":7,"key":"PowerPotion"},{"floor":10,"key":"PowerPotion"},{"floor":14,"key":"Regen Potion"}],"is_trial":false,"path_per_floor":["M","M","M","?","M","R","M","E","T","M","$","T","R","M","R","B",null,"M","M","$","M","?","R","E","R","T","E","$","E","?","M","R","B"],"character_chosen":"DEFECT","items_purchased":["Toolbox","Defragment","Static Discharge","Coolheaded","Heatsinks"],"campfire_rested":2,"item_purchase_floors":[11,11,20,20,28],"current_hp_per_floor":[68,62,59,59,53,53,53,50,50,31,31,31,31,31,31,10,59,59,52,52,32,32,32,15,37,47,21,21,6,6,25,50,0,0],"gold":151,"neow_bonus":"RANDOM_COMMON_RELIC","is_daily":false,"chose_seed":false,"campfire_upgraded":4,"win_rate":0.0,"timestamp":1612956723,"path_taken":["M","M","M","?","?","R","M","E","T","M","$","?","R","M","R","BOSS","M","M","$","M","?","R","E","R","T","E","$","E","?","M","R","BOSS"],"items_purchased_type":["Relic","Card","Card","Card","Card"],"build_version":"2020-12-22","purchased_purges":0,"victory":false,"max_hp_per_floor":[75,75,75,75,75,75,75,75,75,75,75,75,75,75,75,75,75,75,75,75,75,75,75,75,75,85,85,85,85,85,85,85,85,85],"card_choices":[{"not_picked":["Stack","Recycle"],"picked":"Aggregate","floor":1},{"not_picked":["Redo","Rebound"],"picked":"Leap","floor":2},{"not_picked":["Ball Lightning","Barrage"],"picked":"Defragment","floor":3},{"not_picked":["Sweeping Beam","Gash"],"picked":"Ball Lightning","floor":5},{"not_picked":["Doom and Gloom","Cold Snap"],"picked":"Aggregate","floor":7},{"not_picked":["Turbo","Hyperbeam"],"picked":"Rainbow","floor":8},{"not_picked":["Streamline","BootSequence"],"picked":"Steam","floor":10},{"not_picked":["Darkness","Consume"],"picked":"Go for the Eyes","floor":14},{"not_picked":["Rainbow","Fission"],"picked":"Thunder Strike","floor":16},{"not_picked":["Heatsinks","Gash"],"picked":"Blizzard+1","floor":18},{"not_picked":["Scrape","Ball Lightning"],"picked":"Coolheaded","floor":19},{"not_picked":["Go for the Eyes","Reprogram+1"],"picked":"Recycle","floor":21},{"not_picked":["Hyperbeam","Barrage"],"picked":"Cold Snap","floor":24},{"not_picked":["Fusion","Darkness+1"],"picked":"Conserve Battery","floor":27},{"not_picked":["Redo","Darkness"],"picked":"Stack+1","floor":29},{"not_picked":["Sweeping Beam","Beam Cell"],"picked":"Hologram","floor":31}],"player_experience":365600,"relics_obtained":[{"floor":8,"key":"Bottled Lightning"},{"floor":9,"key":"Ornamental Fan"},{"floor":24,"key":"Gremlin Horn"},{"floor":26,"key":"Pear"},{"floor":27,"key":"Mercury Hourglass"},{"floor":29,"key":"Whetstone"}],"event_choices":[{"damage_healed":0,"gold_gain":0,"player_choice":"1 cards matched","damage_taken":0,"max_hp_gain":0,"max_hp_loss":0,"event_name":"Match and Keep!","floor":4,"gold_loss":0,"cards_obtained":["Streamline"]},{"damage_healed":0,"gold_gain":0,"player_choice":"Ignored","damage_taken":0,"max_hp_gain":0,"max_hp_loss":0,"event_name":"Ghosts","floor":22,"gold_loss":0},{"damage_healed":0,"gold_gain":0,"player_choice":"Obtained Relic","damage_taken":0,"relics_obtained":["PreservedInsect"],"max_hp_gain":0,"max_hp_loss":0,"event_name":"Addict","floor":30,"gold_loss":85}],"is_beta":false,"boss_relics":[{"not_picked":["FrozenCore","Ectoplasm"],"picked":"Sozu"}],"items_purged_floors":[],"is_endless":false,"potions_floor_spawned":[1,5,7,10,14,18,19,24,31],"killed_by":"Collector","ascension_level":9}}