{"host":"lpzule13k694vaqg","time":1612973421,"event":{"mods":["BaseMod","Block Reminder","Colored Map","Colored Powertips","Minty Spire (QoL Compilation)","Permanent Neow"],"gold_per_floor":[111,111,111,111,111,154,154,84,84,84,97,97,97,172,172,301,301,325,325,325,248,248,248,248],"floor_reached":23,"language":"ENG","playtime":775,"items_purged":[],"score":181,"play_id":"b4216f1e-0b10-40be-9008-f2ac14f91ae3","local_time":"20210210171021","daily_mods":["Vintage","Heirloom","Flight"],"is_ascension_mode":false,"campfire_choices":[{"floor":10,"key":"REST"},{"data":"Noxious Fumes","floor":13,"key":"SMITH"},{"data":"Footwork","floor":15,"key":"SMITH"}],"circlet_count":0,"master_deck":["Strike_G","Strike_G","Strike_G","Strike_G","Defend_G","Defend_G","Defend_G","Defend_G","Defend_G","Survivor","Neutralize","Injury","Acrobatics","Footwork+1","Noxious Fumes+1","Parasite","Corpse Explosion","Infinite Blades"],"relics":["Unceasing Top","Du-Vu Doll","Gambling Chip","Golden Idol","Blue Candle","Boot","Nunchaku","Philosopher\u0027s Stone","Ninja Scroll"],"acts_visited":["Exordium","TheCity"],"potions_floor_usage":[23],"damage_taken":[{"damage":3,"enemies":"Jaw Worm","floor":1,"turns":4},{"damage":40,"enemies":"Gremlin Nob","floor":6,"turns":6},{"damage":8,"enemies":"Small Slimes","floor":11,"turns":4},{"damage":27,"enemies":"The Guardian","floor":16,"turns":14},{"damage":11,"enemies":"Spheric Guardian","floor":18,"turns":5},{"damage":59,"enemies":"Book of Stabbing","floor":23,"turns":7}],"seed_played":"-9158295992812477160","potions_obtained":[{"floor":11,"key":"Energy Potion"}],"is_trial":true,"path_per_floor":["M","?","$","?","?","E","?","$","T","R","M","?","R","?","R","B",null,"M","?","?","$","$","E"],"character_chosen":"THE_SILENT","items_purchased":["Noxious Fumes","Infinite Blades"],"campfire_rested":1,"item_purchase_floors":[8,21],"current_hp_per_floor":[67,67,67,67,67,27,27,27,27,48,40,57,57,46,46,19,70,59,59,59,59,59,0,0],"gold":248,"neow_bonus":"","is_daily":false,"chose_seed":false,"campfire_upgraded":2,"win_rate":0.0,"timestamp":1612973421,"path_taken":["M","?","$","?","?","E","?","?","T","R","?","?","R","?","R","BOSS","M","?","?","?","$","E"],"items_purchased_type":["Card","Card"],"build_version":"2020-12-22","purchased_purges":0,"victory":false,"max_hp_per_floor":[70,70,70,70,70,70,70,70,70,70,70,70,70,70,70,70,70,70,70,70,70,70,70,70],"card_choices":[{"not_picked":["Underhanded Strike","Storm of Steel"],"picked":"Footwork","floor":6},{"not_picked":["After Image","Adrenaline"],"picked":"Corpse Explosion","floor":16}],"player_experience":15482,"relics_obtained":[{"floor":1,"key":"Gambling Chip"},{"floor":6,"key":"Blue Candle"},{"floor":9,"key":"Boot"},{"floor":11,"key":"Nunchaku"},{"floor":18,"key":"Ninja Scroll"}],"event_choices":[{"damage_healed":0,"gold_gain":0,"player_choice":"Take Wound","damage_taken":0,"relics_obtained":["Golden Idol"],"max_hp_gain":0,"max_hp_loss":0,"event_name":"Golden Idol","floor":2,"gold_loss":0,"cards_obtained":["Injury"]},{"damage_healed":0,"gold_gain":0,"cards_transformed":["Strike_G"],"player_choice":"Change","damage_taken":0,"max_hp_gain":0,"max_hp_loss":0,"event_name":"Living Wall","floor":4,"gold_loss":0,"cards_obtained":["Acrobatics"]},{"damage_healed":0,"gold_gain":0,"player_choice":"Leave","damage_taken":0,"max_hp_gain":0,"max_hp_loss":0,"event_name":"The Cleric","floor":5,"gold_loss":0},{"damage_healed":0,"gold_gain":0,"player_choice":"Ignored","damage_taken":0,"max_hp_gain":0,"max_hp_loss":0,"event_name":"Golden Wing","floor":7,"gold_loss":0},{"damage_healed":17,"gold_gain":0,"player_choice":"Healed and dodged fight","damage_taken":0,"max_hp_gain":0,"max_hp_loss":0,"event_name":"Mushrooms","floor":12,"gold_loss":0,"cards_obtained":["Parasite"]},{"damage_healed":0,"gold_gain":75,"player_choice":"Gather Gold","damage_taken":11,"max_hp_gain":0,"max_hp_loss":0,"event_name":"World of Goop","floor":14,"gold_loss":0},{"damage_healed":0,"gold_gain":0,"player_choice":"Ignored","damage_taken":0,"max_hp_gain":0,"max_hp_loss":0,"event_name":"Ghosts","floor":19,"gold_loss":0},{"damage_healed":0,"gold_gain":0,"player_choice":"Ignored","damage_taken":0,"max_hp_gain":0,"max_hp_loss":0,"event_name":"Beggar","floor":20,"gold_loss":0}],"is_beta":false,"boss_relics":[{"not_picked":["Fusion Hammer","Empty Cage"],"picked":"Philosopher\u0027s Stone"}],"items_purged_floors":[],"is_endless":false,"potions_floor_spawned":[11],"killed_by":"Book of Stabbing","ascension_level":0}}