{"host":"6pmz12178zmqsfo7","time":1612916771,"event":{"mods":["AchievementEnabler","Act Like it!","BaseMod","Downfall","Minty Spire (QoL Compilation)","StSLib"],"gold_per_floor":[99,114,130,146,146,161,184,24,24,41,26,26,42,57,74,74,74,74],"floor_reached":16,"language":"ENG","playtime":1334,"items_purged":["Slimebound:Strike_Slimebound"],"score":96,"play_id":"9324af89-0640-474d-a6a6-378f4d847c73","local_time":"20210209162611","is_ascension_mode":false,"campfire_choices":[{"data":"Slimebound:Split","floor":1,"key":"SMITH"},{"floor":12,"key":"REST"}],"circlet_count":0,"master_deck":["Slimebound:Strike_Slimebound","Slimebound:Strike_Slimebound","Slimebound:Tackle","Slimebound:Defend_Slimebound","Slimebound:Defend_Slimebound","Slimebound:Defend_Slimebound","Slimebound:Defend_Slimebound","Slimebound:Split+1","Slimebound:CorrosiveSpit","Slimebound:Chomp+1","Slimebound:PressTheAttack","Slimebound:LeechEnergy","Slimebound:Schlurp","Slimebound:Gluttony","Slimebound:SpikyOuterGoop","Slimebound:SplitMire","Slimebound:LivingWall","Slimebound:ItLooksTasty","Slimebound:TongueLash","Slimebound:SlimeBrawl"],"relics":["Slimebound:AbsorbEndCombat","Dream Catcher"],"acts_visited":["Exordium"],"potions_floor_usage":[],"damage_taken":[{"damage":0,"enemies":"Cultist","floor":2,"turns":3},{"damage":0,"enemies":"Small Slimes","floor":3,"turns":3},{"damage":8,"enemies":"Jaw Worm","floor":4,"turns":3},{"damage":30,"enemies":"Exordium Thugs","floor":6,"turns":3},{"damage":11,"enemies":"downfall:FleeingMerchant","floor":8,"turns":4},{"damage":16,"enemies":"Red Slaver","floor":10,"turns":3},{"damage":10,"enemies":"downfall:FleeingMerchant","floor":11,"turns":4},{"damage":22,"enemies":"Gremlin Gang","floor":13,"turns":4},{"damage":2,"enemies":"Large Slime","floor":14,"turns":4},{"damage":1,"enemies":"3 Louse","floor":15,"turns":3},{"damage":45,"enemies":"IC_STATUS_ARCHETYPE","floor":16,"turns":8}],"seed_played":"-6702973652173935018","potions_obtained":[{"floor":2,"key":"SpeedPotion"},{"floor":3,"key":"Weak Potion"},{"floor":9,"key":"BlessingOfTheForge"},{"floor":9,"key":"PowerPotion"},{"floor":13,"key":"DuplicationPotion"}],"is_trial":false,"path_per_floor":["R","M","M","M","?","M","T","$","?","M","$","R","M","M","M","B"],"character_chosen":"SLIMEBOUND","items_purchased":["Slimebound:SpikyOuterGoop"],"campfire_rested":1,"item_purchase_floors":[8],"current_hp_per_floor":[71,71,71,65,65,41,41,38,38,28,24,45,29,33,36,0,0,0],"gold":74,"neow_bonus":"TEN_PERCENT_HP_BONUS","is_daily":false,"chose_seed":false,"campfire_upgraded":1,"win_rate":0.0,"timestamp":1612916771,"path_taken":["R","M","M","?","?","M","T","$","?","?","?","R","M","?","M","BOSS"],"items_purchased_type":["Card"],"build_version":"2020-12-22","purchased_purges":1,"victory":false,"max_hp_per_floor":[71,71,71,71,71,71,71,71,71,71,71,71,71,71,71,71,71,71],"card_choices":[{"not_picked":["Slimebound:Replication","Slimebound:FlameTackle"],"picked":"Slimebound:Chomp","floor":2},{"not_picked":["Slimebound:SpikyOuterGoop","Slimebound:RollThrough"],"picked":"Slimebound:PressTheAttack","floor":3},{"not_picked":["Slimebound:SlimeSpikes","Slimebound:PressTheAttack"],"picked":"Slimebound:LeechEnergy","floor":4},{"not_picked":["Slimebound:Repurpose","Slimebound:Prepare"],"picked":"Slimebound:Schlurp","floor":6},{"not_picked":["Slimebound:SplitBruiser","Slimebound:ComboTackle"],"picked":"Slimebound:Gluttony","floor":8},{"not_picked":["Slimebound:Grow","Slimebound:PressTheAttack","Slimebound:BestDefense"],"picked":"SKIP","floor":10},{"not_picked":["Slimebound:SpikyOuterGoop","Slimebound:SplitAcid"],"picked":"Slimebound:SplitMire","floor":11},{"not_picked":["Slimebound:Grow","Slimebound:Prepare"],"picked":"Slimebound:LivingWall","floor":12},{"not_picked":["Slimebound:FormOfPuddle","Slimebound:ProtectTheBoss"],"picked":"Slimebound:ItLooksTasty","floor":13},{"not_picked":["Slimebound:Chomp","Slimebound:PressTheAttack"],"picked":"Slimebound:TongueLash","floor":14},{"not_picked":["Slimebound:GoopSpray","Slimebound:RollThrough"],"picked":"Slimebound:SlimeBrawl","floor":15}],"player_experience":177440,"relics_obtained":[{"floor":7,"key":"Dream Catcher"}],"event_choices":[{"damage_healed":0,"gold_gain":0,"player_choice":"Grow","damage_taken":0,"max_hp_gain":0,"max_hp_loss":0,"event_name":"Living Wall","floor":5,"gold_loss":0,"cards_upgraded":["Slimebound:Chomp"]},{"damage_healed":0,"gold_gain":0,"player_choice":"Got Potions","damage_taken":0,"max_hp_gain":0,"max_hp_loss":0,"event_name":"Lab","floor":9,"gold_loss":0}],"is_beta":false,"boss_relics":[],"items_purged_floors":[8],"is_endless":false,"potions_floor_spawned":[2,3,13,14,15],"killed_by":"IC_STATUS_ARCHETYPE","ascension_level":0}}