{"host":"3z4ju2qnfrhpg6py","time":1612968860,"event":{"mods":["Act Like it!","Arknights","BaseMod","Colored Powertips","Minty Spire (QoL Compilation)","Spicy Shops","StSLib","UnlockEverythingMod","Wide Potions","noobMod","¡¾ÒÅÎï¿¨ÅÆ¡¿REMEMod"],"gold_per_floor":[114,289,289,214,234,234,265,215,215,236,277,302,98,141,141,262,262,282,282,307,89,14,49,64,104,104,440,440,48,63,63,63,186,186,200,133,466,479,491,491,511,543,596,596,623,623,657,513,513,513],"floor_reached":51,"language":"ZHS","playtime":1732,"items_purged":["Doubt","Pain","Shame"],"score":1157,"play_id":"ea6cb084-7907-45e5-b484-17a7cc68b88b","local_time":"20210210225420","is_ascension_mode":true,"campfire_choices":[{"data":"ats:Emotion Absorption","floor":6,"key":"SMITH"},{"data":"ats:Neurotoxin","floor":15,"key":"SMITH"},{"data":"Secret Technique","floor":32,"key":"SMITH"},{"data":"ats:Rapid Magazine","floor":40,"key":"SMITH"},{"data":"ats:Ambush","floor":44,"key":"SMITH"},{"data":"ats:Absolute Focus","floor":49,"key":"SMITH"}],"circlet_count":0,"master_deck":["ats:Strike C","ats:Strike G","ats:Strike S","ats:Armor Crushing Shot+1","ats:Defend","ats:Defend","ats:Defend","ats:Emotion Absorption+1","Adrenaline","ats:Leaping Hammer","ats:Sashimi Platter","ats:Sunburst+1","ats:Very Hot Blade","ats:Neurotoxin+1","ats:Song Of Battle","ats:Ambush+1","ats:Powerful Strike","ats:Flexible Camouflage","ats:Neurotoxin","ats:Flexible Camouflage","ats:Poison Spread+1","ats:Demon Strength+1","Secret Technique+1","ats:Consecutive Shot Auto+1","ats:Shadow Assault","CurseOfTheBell","ats:Absolute Focus","ats:Rapid Magazine+1","ats:Absolute Focus+1","ats:Powerful Strike","ats:Poison Spread","ats:Absolute Focus+1","ats:Flexible Camouflage","ats:Consecutive Shot Auto","ats:Consecutive Shot Auto+1","ats:Apocalypse+1","ats:Red Shift"],"relics":["ats:Sanity","REME_ComplimentaryCards","ice","NeowsBlessing","ats:Originium","Singing Bowl","Strawberry","Whetstone","InkBottle","Anchor","Black Star","ats:Rhine Circuitry","ats:Berate","Vajra","Calipers","REME_HourglassOfDeath","Pen Nib","Akabeko","Old Coin","Ancient Tea Set","Calling Bell","Boot","Darkstone Periapt","Mango","Sundial","Omamori","Potion Belt","ats:Industrial Water Cannon","ats:Spiritual Recovery","Toy Ornithopter","Frozen Egg 2","Orrery"],"acts_visited":["Exordium","TheCity","TheBeyond"],"potions_floor_usage":[],"damage_taken":[{"damage":0,"enemies":"ats:Genji","floor":1,"turns":1},{"damage":0,"enemies":"Small Slimes","floor":5,"turns":2},{"damage":0,"enemies":"3 Sentries","floor":7,"turns":1},{"damage":12,"enemies":"Jaw Worm","floor":10,"turns":2},{"damage":40,"enemies":"Lagavulin","floor":11,"turns":5},{"damage":20,"enemies":"3 Sentries","floor":14,"turns":4},{"damage":68,"enemies":"The Guardian","floor":16,"turns":9},{"damage":42,"enemies":"3 Byrds","floor":18,"turns":5},{"damage":2,"enemies":"Chosen","floor":20,"turns":3},{"damage":1,"enemies":"Gremlin Leader","floor":23,"turns":4},{"damage":6,"enemies":"3 Cultists","floor":24,"turns":4},{"damage":77,"enemies":"Slavers","floor":25,"turns":6},{"damage":21,"enemies":"REME_1_Revenger","floor":27,"turns":4},{"damage":0,"enemies":"Snake Plant","floor":30,"turns":2},{"damage":16,"enemies":"Champ","floor":33,"turns":4},{"damage":8,"enemies":"3 Shapes","floor":35,"turns":2},{"damage":0,"enemies":"3 Darklings","floor":38,"turns":2},{"damage":0,"enemies":"Sphere and 2 Shapes","floor":39,"turns":2},{"damage":0,"enemies":"Maw","floor":41,"turns":4},{"damage":0,"enemies":"Reptomancer","floor":42,"turns":2},{"damage":0,"enemies":"Nemesis","floor":45,"turns":3},{"damage":22,"enemies":"Reptomancer","floor":47,"turns":3},{"damage":37,"enemies":"Time Eater","floor":50,"turns":6}],"seed_played":"8962051469769615548","potions_obtained":[{"floor":7,"key":"ats:Flame Arts Potion"},{"floor":10,"key":"Dexterity Potion"},{"floor":16,"key":"ats:Emergency Sanity Potion"},{"floor":20,"key":"ats:Top Emergency Sanity Potion"},{"floor":45,"key":"Weak Potion"}],"is_trial":false,"path_per_floor":["M","?","?","$","M","R","E","?","T","M","E","T","$","E","R","B",null,"M","?","M","$","?","E","M","E","T","E","?","$","M","?","R","B",null,"M","$","?","M","M","R","M","E","T","R","E","?","E","$","R","B",null],"character_chosen":"DOCTOR_CLASS","items_purchased":["InkBottle","ats:Neurotoxin","ats:Rhine Circuitry","Secret Technique","ats:Rapid Magazine","Orrery"],"campfire_rested":0,"item_purchase_floors":[13,21,21,29,36,48],"current_hp_per_floor":[72,72,54,54,54,54,54,54,54,51,33,33,33,25,25,75,88,51,41,51,51,51,59,66,8,8,102,102,102,127,127,127,112,143,135,135,135,135,135,135,147,149,149,149,152,152,130,130,130,117],"gold":513,"neow_bonus":"THREE_ENEMY_KILL","is_daily":false,"chose_seed":false,"campfire_upgraded":6,"win_rate":0.0,"timestamp":1612968860,"path_taken":["M","?","?","$","M","R","E","?","T","?","E","?","?","E","R","BOSS","M","?","?","$","?","E","M","E","T","E","?","$","M","?","R","BOSS","M","$","?","M","M","R","M","E","T","R","E","?","E","$","R","BOSS"],"items_purchased_type":["Relic","Card","Relic","Card","Card","Relic"],"build_version":"2020-12-22","purchased_purges":3,"victory":true,"max_hp_per_floor":[72,72,72,72,72,72,72,72,72,72,79,79,79,79,79,88,88,102,102,104,104,104,108,111,121,121,124,124,124,127,127,127,129,143,146,146,146,146,146,146,147,151,151,151,157,157,161,161,161,167],"card_choices":[{"not_picked":["ats:Curse Doll","ats:Shadow Raid"],"picked":"ats:Leaping Hammer","floor":1},{"not_picked":["ats:Thorns","ats:Rapid Magazine"],"picked":"ats:Sashimi Platter","floor":5},{"not_picked":["ats:Dogmatic Field","ats:Blood Oath"],"picked":"ats:Sunburst","floor":7},{"not_picked":["ats:Revitalization","ats:Explosion Area Strengthen"],"picked":"ats:Very Hot Blade","floor":10},{"not_picked":["ats:Poison Spread","ats:Guard Mode"],"picked":"ats:Neurotoxin","floor":11},{"not_picked":["ats:Curse Doll","ats:Magnetic Hammer"],"picked":"ats:Song Of Battle","floor":14},{"not_picked":["ats:True Silver Slash","ats:Calcification"],"picked":"ats:Ambush","floor":16},{"not_picked":["ats:Hammer On+1","ats:Composite Medical Shells"],"picked":"ats:Powerful Strike","floor":18},{"not_picked":["ats:Shell Defense+1","ats:Revitalization"],"picked":"ats:Flexible Camouflage","floor":20},{"not_picked":["ats:Soul Rend","ats:Very Hot Blade+1"],"picked":"ats:Flexible Camouflage","floor":23},{"not_picked":["ats:Sunburst","ats:Healing Strengthening"],"picked":"ats:Poison Spread+1","floor":24},{"not_picked":["ats:Hammer On+1","ats:Very Hot Blade"],"picked":"ats:Demon Strength+1","floor":25},{"not_picked":["ats:Ignite","ats:Defend Order","ats:Charging Defense+1"],"picked":"Singing Bowl","floor":27},{"not_picked":["ats:Ignite+1","ats:Apocalypse+1"],"picked":"ats:Consecutive Shot Auto+1","floor":30},{"not_picked":["ats:Rat Pack","ats:Soul Rend"],"picked":"ats:Shadow Assault","floor":33},{"not_picked":["ats:Hammer On","ats:Sashimi Platter+1"],"picked":"ats:Absolute Focus","floor":35},{"not_picked":["ats:Ignite+1","ats:Flexible Camouflage"],"picked":"ats:Absolute Focus","floor":38},{"not_picked":["ats:Beaten Up","ats:Soul Absorption+1"],"picked":"ats:Powerful Strike","floor":39},{"not_picked":["ats:Encircling Forest","ats:Absolute Focus"],"picked":"ats:Poison Spread","floor":41},{"not_picked":["ats:Closed Bolt Burst Fire","ats:Assault Order","ats:Leaping Hammer+1"],"picked":"Singing Bowl","floor":42},{"not_picked":["ats:Fractured Body","ats:Burning Ground","ats:Very Hot Blade"],"picked":"Singing Bowl","floor":45},{"not_picked":["ats:Closed Bolt Burst Fire+1","ats:Ignite"],"picked":"ats:Absolute Focus+1","floor":47},{"not_picked":["ats:Curse Doll+1","ats:Rat Pack"],"picked":"ats:Flexible Camouflage","floor":48},{"not_picked":["ats:Absolute Focus","ats:Revitalization"],"picked":"ats:Consecutive Shot Auto","floor":48},{"not_picked":["ats:Demon Strength+1","ats:True Silver Slash"],"picked":"ats:Consecutive Shot Auto+1","floor":48},{"not_picked":["ats:Leaping Hammer","ats:Collapsing Strike"],"picked":"ats:Apocalypse+1","floor":48},{"not_picked":["ats:Apocalypse+1","ats:Cat Scratch"],"picked":"ats:Red Shift","floor":48}],"player_experience":14128,"relics_obtained":[{"floor":7,"key":"ats:Originium"},{"floor":7,"key":"Singing Bowl"},{"floor":11,"key":"ats:Originium"},{"floor":11,"key":"Strawberry"},{"floor":12,"key":"Whetstone"},{"floor":14,"key":"ats:Originium"},{"floor":14,"key":"Anchor"},{"floor":23,"key":"ats:Originium"},{"floor":23,"key":"ats:Berate"},{"floor":23,"key":"Vajra"},{"floor":25,"key":"Calipers"},{"floor":25,"key":"REME_HourglassOfDeath"},{"floor":26,"key":"Pen Nib"},{"floor":27,"key":"Akabeko"},{"floor":27,"key":"Old Coin"},{"floor":34,"key":"Boot"},{"floor":34,"key":"Darkstone Periapt"},{"floor":34,"key":"Mango"},{"floor":42,"key":"Sundial"},{"floor":42,"key":"Omamori"},{"floor":43,"key":"Potion Belt"},{"floor":45,"key":"ats:Industrial Water Cannon"},{"floor":45,"key":"ats:Spiritual Recovery"},{"floor":47,"key":"Toy Ornithopter"},{"floor":47,"key":"Frozen Egg 2"}],"event_choices":[{"damage_healed":0,"gold_gain":175,"player_choice":"AGREE","damage_taken":0,"max_hp_gain":0,"max_hp_loss":0,"event_name":"Liars Game","floor":2,"gold_loss":0,"cards_obtained":["Doubt"]},{"damage_healed":0,"gold_gain":0,"player_choice":"Take Damage","damage_taken":18,"relics_obtained":["Golden Idol"],"max_hp_gain":0,"max_hp_loss":0,"event_name":"Golden Idol","floor":3,"gold_loss":0},{"cards_removed":["ats:Defend"],"damage_healed":0,"gold_gain":0,"player_choice":"Card Removal","damage_taken":0,"max_hp_gain":0,"max_hp_loss":0,"event_name":"The Cleric","floor":8,"gold_loss":50},{"damage_healed":0,"gold_gain":0,"player_choice":"Damaged","damage_taken":10,"max_hp_gain":0,"max_hp_loss":0,"event_name":"Wheel of Change","floor":19,"gold_loss":0},{"cards_removed":["ats:Strike V"],"damage_healed":0,"gold_gain":0,"player_choice":"Gave Gold","damage_taken":0,"max_hp_gain":0,"max_hp_loss":0,"event_name":"Beggar","floor":22,"gold_loss":75},{"damage_healed":0,"gold_gain":0,"player_choice":"Stole Relic","damage_taken":0,"relics_obtained":["Ancient Tea Set"],"max_hp_gain":0,"max_hp_loss":0,"event_name":"Addict","floor":28,"gold_loss":0,"cards_obtained":["Shame"]},{"damage_healed":0,"gold_gain":0,"player_choice":"Ignored","damage_taken":0,"max_hp_gain":0,"max_hp_loss":0,"event_name":"Vampires","floor":31,"gold_loss":0},{"damage_healed":0,"gold_gain":333,"player_choice":"Gave Idol","damage_taken":0,"max_hp_gain":0,"max_hp_loss":0,"event_name":"The Moai Head","floor":37,"relics_lost":["Golden Idol"],"gold_loss":0},{"damage_healed":0,"gold_gain":0,"player_choice":"Ignored","damage_taken":0,"max_hp_gain":0,"max_hp_loss":0,"event_name":"Tomb of Lord Red Mask","floor":46,"gold_loss":0}],"is_beta":false,"boss_relics":[{"not_picked":["Busted Crown","Pandora\u0027s Box"],"picked":"Black Star"},{"not_picked":["REME_ChargedStone","REME_DuelDisc"],"picked":"Calling Bell"}],"items_purged_floors":[4,13,29],"is_endless":false,"potions_floor_spawned":[7,10,16,20,23,27,33,35,42,45],"ascension_level":3}}