{"host":"yrtk68ixj64vhhh3","time":1612929557,"event":{"mods":["2.2 Compatiblity","AchievementEnabler","Aspiration","BaseMod","Better Altar","Better Match","Better Note","Better Silent Start","Better Skull","Better Third Choice","Colored Map","Colored Powertips","Conspire","Dio Mod","Downfall","Energized Spire","Hubris","Infinite Spire","Minty Spire (QoL Compilation)","Prisma Mod","RNG Fix","Random Character Button","Random Character Mod","Reliquary","StSLib","Steal the Spire","Td1madao Mod","The Animator","The Bug Knight","The Mystic","The Poker Player","The Wild Card","TheBandit","TheHero"],"gold_per_floor":[109,139,139,139,18,18,33,33,33,61,78,78,93,126,126,229,229,248,198,198,198,212,237,237,201,201,201,214,226,226,226,226,323,323,333,333,333,353,370,370,118,0,26,2,30,7,329,359,359,359,359,359,19,53,53],"floor_reached":56,"language":"ENG","playtime":4321,"items_purged":[],"score":1347,"play_id":"ecef88e7-46b5-482b-abd6-630e3e7614a5","local_time":"20210210165917","is_ascension_mode":true,"campfire_choices":[{"data":"Prepared","floor":6.0,"key":"SMITH"},{"data":"conspire:PoisonWeapons","floor":8.0,"key":"SMITH"},{"floor":12.0,"key":"REST"},{"floor":15.0,"key":"REST"},{"floor":24.0,"key":"REST"},{"floor":27.0,"key":"RECALL"},{"floor":30.0,"key":"REST"},{"data":"After Image","floor":32.0,"key":"SMITH"},{"data":"Catalyst","floor":40.0,"key":"SMITH"},{"floor":49,"key":"REST"},{"data":"Sadistic Nature","floor":52,"key":"SMITH"}],"circlet_count":0,"master_deck":["Strike_G","Strike_G","Strike_G","Defend_G","Defend_G","Defend_G","Survivor","Neutralize","conspire:PoisonWeapons+1","Slice","Deadly Poison","theWildCard:Metatron+1","Prepared+1","Poisoned Stab","Underhanded Strike","Deflect","Cloak And Dagger","Poisoned Stab","Deadly Poison","Catalyst+1","After Image+1","Catalyst+1","hubris:Sniper","Escape Plan","Deflect","Footwork","Caltrops","Footwork","infinitespire:Neurotoxin","Backstab","infinitespire:Gouge","Dagger Throw+1","Outmaneuver","Sadistic Nature+1","Footwork","Acrobatics","aspiration:Lunge","Bane","infinitespire:Execution","Slice","Footwork+1","Calculated Gamble","Crippling Poison+1"],"relics":["Ring of the Snake","Lizard Tail","infinitespire:WardingShard","Anchor","aspiration:HatOfInfinitePower","HoveringKite","Regal Pillow","reliquary:IridiumChain","Busted Crown","Red Mask","reliquary:WeakTea","Lantern","Turnip","reliquary:RoseTintedGlasses","Torii","infinitespire:Lucky Rock"],"acts_visited":["Exordium","TheCity","TheBeyond","TheEnding"],"potions_floor_usage":[50,50,50],"damage_taken":[{"damage":16.0,"enemies":"infinitespire:Voidling","floor":1.0,"turns":7.0},{"damage":2.0,"enemies":"conspire:MimicChest","floor":2.0,"turns":5.0},{"damage":0.0,"enemies":"2 Louse","floor":7.0,"turns":2.0},{"damage":18.0,"enemies":"3 Sentries","floor":10.0,"turns":8.0},{"damage":0.0,"enemies":"Jaw Worm","floor":11.0,"turns":2.0},{"damage":0.0,"enemies":"Exordium Wildlife","floor":13.0,"turns":4.0},{"damage":11.0,"enemies":"Lagavulin","floor":14.0,"turns":4.0},{"damage":9.0,"enemies":"Slime Boss","floor":16.0,"turns":7.0},{"damage":10.0,"enemies":"Chosen","floor":18.0,"turns":5.0},{"damage":7.0,"enemies":"conspire:FuzzyDice","floor":22.0,"turns":7.0},{"damage":23.0,"enemies":"conspire:SneckoGhost","floor":23.0,"turns":5.0},{"damage":35.0,"enemies":"3 Cultists","floor":28.0,"turns":6.0},{"damage":1.0,"enemies":"conspire:HollyBat","floor":29.0,"turns":7.0},{"damage":19.0,"enemies":"conspire:MysteriousRune","floor":33.0,"turns":10.0},{"damage":17.0,"enemies":"3 Darklings","floor":35.0,"turns":6.0},{"damage":0.0,"enemies":"Orb Walker","floor":38.0,"turns":2.0},{"damage":45.0,"enemies":"Jaw Worm Horde","floor":39.0,"turns":6.0},{"damage":2.0,"enemies":"Giant Head","floor":45.0,"turns":8.0},{"damage":0.0,"enemies":"infinitespire:Three Voidlings","floor":47.0,"turns":3.0},{"damage":15.0,"enemies":"Nightmare_Alpha","floor":47.0,"turns":8.0},{"damage":0,"enemies":"HollowMod:StalkingDevout","floor":48,"turns":3},{"damage":5,"enemies":"infinitespire:MassOfShapes","floor":50,"turns":7},{"damage":1,"enemies":"Shield and Spear","floor":54,"turns":6},{"damage":38,"enemies":"The Heart","floor":55,"turns":9}],"seed_played":"-8861881243930769702","potions_obtained":[{"floor":2.0,"key":"champ:CounterPotion"},{"floor":10.0,"key":"Swift Potion"},{"floor":13.0,"key":"Poison Potion"},{"floor":16.0,"key":"FearPotion"},{"floor":22.0,"key":"Ancient Potion"},{"floor":28.0,"key":"sneckomod:MuddlingPotion"},{"floor":29.0,"key":"CunningPotion"},{"floor":36.0,"key":"DistilledChaos"},{"floor":36.0,"key":"PowerPotion"},{"floor":47,"key":"ColorlessPotion"}],"is_trial":false,"path_per_floor":["M","?","?","?","$","R","M","R","T","E","M","R","M","E","R","B",null,"M","?","?","?","M","E","R","$","T","R","M","M","R","T","R","B",null,"M","?","?","M","M","R","$","?","T","$","E","$","?","E","R","B",null,"R","$","E","B",null],"character_chosen":"THE_SILENT","items_purchased":["Prepared","Poisoned Stab","Underhanded Strike","Footwork","Sadistic Nature","Footwork","Acrobatics","Bane","Torii","Calculated Gamble"],"campfire_rested":5,"item_purchase_floors":[5,5,5,25,41,41,44,46,53,53],"current_hp_per_floor":[54,52,52,52,52,52,52,52,52,34,34,55,55,44,65,56,70,60,60,60,60,53,30,66,66,66,66,31,30,66,66,66,47,70,53,53,36,36,52,52,52,52,52,52,50,50,35,35,70,65,70,70,70,69,31],"gold":53,"neow_bonus":"TRANSFORM_CARD","is_daily":false,"chose_seed":false,"campfire_upgraded":5,"win_rate":0.0,"timestamp":1612929557,"path_taken":["M","?","?","?","$","R","M","R","T","E","M","R","M","E","R","BOSS","M","?","?","?","M","E","R","$","T","R","M","M","R","?","R","BOSS","M","?","?","M","M","R","$","?","T","$","E","?","?","E","R","BOSS","R","$","E","BOSS"],"items_purchased_type":["Card","Card","Card","Card","Card","Card","Card","Card","Relic","Card"],"build_version":"2020-12-22","purchased_purges":0,"victory":true,"max_hp_per_floor":[70,70,70,70,70,70,70,70,70,70,70,70,70,70,70,70,70,70,70,70,70,70,70,70,70,70,70,70,70,70,70,70,70,70,70,70,70,70,70,70,70,70,70,70,70,70,70,70,70,70,70,70,70,70,70],"card_choices":[{"not_picked":["hubris:SlightOfHand","Endless Agony"],"picked":"Slice","floor":1.0},{"not_picked":["Backflip","Flying Knee"],"picked":"Deadly Poison","floor":2.0},{"not_picked":["Catalyst","Finisher"],"picked":"Deflect","floor":7.0},{"not_picked":["PiercingWail","Heel Hook"],"picked":"Cloak And Dagger","floor":10.0},{"not_picked":["Riddle With Holes","PiercingWail"],"picked":"Poisoned Stab","floor":11.0},{"not_picked":["Flying Knee","PiercingWail"],"picked":"Deadly Poison","floor":13.0},{"not_picked":["Bullet Time","Dodge and Roll"],"picked":"Catalyst","floor":14.0},{"not_picked":["aspiration:Lunge","Venomology"],"picked":"After Image","floor":16.0},{"not_picked":["Dagger Throw","Underhanded Strike"],"picked":"Catalyst+1","floor":18.0},{"not_picked":["hubris:Sniper","Flying Knee"],"picked":"Escape Plan","floor":22.0},{"not_picked":["Escape Plan","Poisoned Stab"],"picked":"Deflect","floor":23.0},{"not_picked":["Acrobatics","PiercingWail"],"picked":"Caltrops","floor":28.0},{"not_picked":["hubris:Sniper","Cloak And Dagger"],"picked":"Footwork","floor":29.0},{"not_picked":["Phantasmal Killer","aspiration:Lunge"],"picked":"infinitespire:Neurotoxin","floor":33.0},{"not_picked":[],"picked":"Backstab","floor":35.0},{"not_picked":["infinitespire:FutureSight","infinitespire:FinalStrike"],"picked":"infinitespire:Gouge","floor":37.0},{"not_picked":[],"picked":"Dagger Throw+1","floor":38.0},{"not_picked":[],"picked":"Outmaneuver","floor":39.0},{"not_picked":[],"picked":"aspiration:Lunge","floor":45.0},{"not_picked":["infinitespire:NeuralNetwork","infinitespire:FutureSight"],"picked":"infinitespire:Execution","floor":47},{"not_picked":[],"picked":"Slice","floor":47},{"not_picked":[],"picked":"Footwork+1","floor":48},{"not_picked":[],"picked":"Crippling Poison+1","floor":54}],"player_experience":821813,"relics_obtained":[{"floor":2.0,"key":"Lizard Tail"},{"floor":9.0,"key":"infinitespire:WardingShard"},{"floor":10.0,"key":"Anchor"},{"floor":14.0,"key":"aspiration:HatOfInfinitePower"},{"floor":23.0,"key":"Regal Pillow"},{"floor":31.0,"key":"reliquary:IridiumChain"},{"floor":43.0,"key":"reliquary:WeakTea"},{"floor":45.0,"key":"Lantern"},{"floor":47,"key":"Turnip"},{"floor":48,"key":"reliquary:RoseTintedGlasses"},{"floor":54,"key":"infinitespire:Lucky Rock"}],"event_choices":[{"damage_healed":0.0,"max_hp_gain":0.0,"max_hp_loss":0.0,"gold_gain":0.0,"event_name":"Upgrade Shrine","player_choice":"Upgraded","floor":4.0,"gold_loss":0.0,"damage_taken":0.0,"cards_upgraded":["theWildCard:Metatron"]},{"damage_healed":0.0,"max_hp_gain":0.0,"max_hp_loss":0.0,"gold_gain":0.0,"event_name":"The Joust","player_choice":"Bet on Murderer","floor":19.0,"gold_loss":50.0,"damage_taken":0.0},{"damage_healed":0.0,"max_hp_gain":0.0,"max_hp_loss":0.0,"gold_gain":0.0,"event_name":"betterNote:BetterNote","player_choice":"Ignored","floor":20.0,"gold_loss":0.0,"damage_taken":0.0,"cards_obtained":["PrismaMod:MiyuCheapChannelHeal"]},{"damage_healed":0.0,"max_hp_gain":0.0,"max_hp_loss":0.0,"gold_gain":0.0,"cards_transformed":["Strike_G"],"event_name":"Transmorgrifier","player_choice":"Transformed","floor":21.0,"gold_loss":0.0,"damage_taken":0.0,"cards_obtained":["hubris:Sniper"]},{"damage_healed":0.0,"max_hp_gain":0.0,"max_hp_loss":0.0,"gold_gain":0.0,"event_name":"Lab","player_choice":"Got Potions","floor":36.0,"gold_loss":0.0,"damage_taken":0.0},{"damage_healed":0.0,"max_hp_gain":0.0,"max_hp_loss":0.0,"gold_gain":0.0,"event_name":"Tomb of Lord Red Mask","player_choice":"Paid","floor":42.0,"gold_loss":118.0,"damage_taken":0.0,"relics_obtained":["Red Mask"]},{"damage_healed":0,"gold_gain":222,"player_choice":"Wore Mask","damage_taken":0,"max_hp_gain":0,"max_hp_loss":0,"event_name":"Tomb of Lord Red Mask","floor":47,"gold_loss":0}],"is_beta":false,"boss_relics":[{"not_picked":["energizedSpire:PogoStick","energizedSpire:MagnifyingGlass"],"picked":"HoveringKite"},{"not_picked":["Pandora\u0027s Box","conspire:RoyalGoblet"],"picked":"Busted Crown"}],"items_purged_floors":[],"is_endless":false,"potions_floor_spawned":[2,10,13,16,22,28,29,39,45,47,48],"ascension_level":2}}