{"host":"2qv44oxt58ptq59r","time":1612983609,"event":{"mods":["AchievementEnabler","BaseMod","Colored Powertips","Highlight Path","Minty Spire (QoL Compilation)","Permanent Neow","StSLib"],"gold_per_floor":[115,135,16,29,41,41,67,18,18,53,53,85,85,115,127,241,253,278,302,28,28,0,30,44,44,44,56,56,18,18,18,18,119,169,179,179,0,54,54,54,54,54,81,4,16,30,48,64,64,64,64],"floor_reached":50,"language":"ENG","playtime":9077,"items_purged":["Strike_R","Strike_R"],"score":668,"play_id":"13b563c3-a4e9-4269-8c1f-497615ffdb6f","local_time":"20210210190009","is_ascension_mode":true,"campfire_choices":[{"data":"Whirlwind","floor":6.0,"key":"SMITH"},{"data":"Bash","floor":13.0,"key":"SMITH"},{"data":"Blood for Blood","floor":15.0,"key":"SMITH"},{"floor":25.0,"key":"REST"},{"floor":28.0,"key":"REST"},{"floor":32.0,"key":"REST"},{"floor":40,"key":"REST"},{"floor":42,"key":"RECALL"},{"floor":49,"key":"REST"}],"circlet_count":0,"master_deck":["Defend_R","Defend_R+1","Defend_R","Bash+1","Whirlwind+1","Heavy Blade","Cleave","Spot Weakness","Blood for Blood+1","Headbutt","Demon Form","Feel No Pain+1","Shockwave","Sentinel+1","Heavy Blade+1","RitualDagger","Double Tap","Clothesline","Uppercut","Rage+1","Sadistic Nature","Shrug It Off","Flame Barrier+1","Entrench+1","Body Slam+1"],"relics":["Burning Blood","Juzu Bracelet","Magic Flower","Mango","The Courier","Art of War","Pear","MawBank","Empty Cage","Akabeko","Mummified Hand","Tiny House","Unceasing Top","Centennial Puzzle"],"acts_visited":["Exordium","TheCity","TheBeyond"],"potions_floor_usage":[35,38,38,38,45,46,47],"damage_taken":[{"damage":1.0,"enemies":"Cultist","floor":1.0,"turns":4.0},{"damage":2.0,"enemies":"2 Louse","floor":2.0,"turns":3.0},{"damage":7.0,"enemies":"Small Slimes","floor":4.0,"turns":4.0},{"damage":0.0,"enemies":"3 Louse","floor":5.0,"turns":4.0},{"damage":12.0,"enemies":"Gremlin Nob","floor":7.0,"turns":3.0},{"damage":29.0,"enemies":"3 Sentries","floor":10.0,"turns":5.0},{"damage":24.0,"enemies":"Gremlin Nob","floor":12.0,"turns":4.0},{"damage":28.0,"enemies":"The Guardian","floor":16.0,"turns":6.0},{"damage":25.0,"enemies":"Shell Parasite","floor":18.0,"turns":5.0},{"damage":27.0,"enemies":"3 Byrds","floor":19.0,"turns":4.0},{"damage":37.0,"enemies":"Gremlin Leader","floor":23.0,"turns":5.0},{"damage":12.0,"enemies":"Cultist and Chosen","floor":24.0,"turns":4.0},{"damage":37.0,"enemies":"Centurion and Healer","floor":27.0,"turns":5.0},{"damage":64.0,"enemies":"Collector","floor":33.0,"turns":7.0},{"damage":15,"enemies":"3 Darklings","floor":35,"turns":2},{"damage":59,"enemies":"2 Orb Walkers","floor":38,"turns":3},{"damage":8,"enemies":"3 Shapes","floor":45,"turns":4},{"damage":79,"enemies":"Transient","floor":46,"turns":5},{"damage":11,"enemies":"4 Shapes","floor":47,"turns":4},{"damage":5,"enemies":"Sphere and 2 Shapes","floor":48,"turns":4},{"damage":129,"enemies":"Time Eater","floor":50,"turns":9}],"seed_played":"4567064413121322464","potions_obtained":[{"floor":2.0,"key":"SkillPotion"},{"floor":4.0,"key":"DuplicationPotion"},{"floor":10.0,"key":"Strength Potion"},{"floor":18.0,"key":"Swift Potion"},{"floor":23.0,"key":"DuplicationPotion"},{"floor":24.0,"key":"Explosive Potion"},{"floor":34,"key":"SteroidPotion"},{"floor":35,"key":"SteroidPotion"},{"floor":38,"key":"Ancient Potion"},{"floor":46,"key":"Block Potion"},{"floor":48,"key":"FairyPotion"}],"is_trial":false,"path_per_floor":["M","M","$","M","M","R","E","$","T","E","T","E","R","?","R","B",null,"M","M","$","?","?","E","M","R","T","M","R","$","?","?","R","B",null,"M","?","$","?","?","R","?","R","T","$","M","M","M","M","R","B"],"character_chosen":"IRONCLAD","items_purchased":["Rage","PowerPotion","BloodPotion","Akabeko","Shockwave","Dexterity Potion","PowerPotion","LiquidBronze","PowerPotion","Shrug It Off","BloodPotion"],"campfire_rested":5,"item_purchase_floors":[3,3,8,20,20,20,29,37,37,44,44],"current_hp_per_floor":[77,80,80,79,80,80,74,74,88,86,86,81,81,81,81,62,94,78,60,60,60,60,32,29,60,60,32,63,63,63,57,88,33,91,85,85,85,35,35,67,67,67,67,67,68,30,28,32,64,0,0],"gold":64,"neow_bonus":"RANDOM_COMMON_RELIC","is_daily":false,"chose_seed":false,"campfire_upgraded":3,"win_rate":0.0,"timestamp":1612983609,"path_taken":["M","M","$","M","M","R","E","$","T","E","?","E","R","?","R","BOSS","M","M","$","?","?","E","M","R","T","M","R","$","?","?","R","BOSS","BOSS","M","?","$","?","?","R","?","R","T","$","M","M","M","M","R","BOSS"],"items_purchased_type":["Card","Potion","Potion","Relic","Card","Potion","Potion","Potion","Potion","Card","Potion"],"build_version":"2020-12-22","purchased_purges":2,"victory":false,"max_hp_per_floor":[80,80,80,80,80,80,80,80,94,94,94,104,104,104,104,104,104,104,104,104,104,104,104,104,104,104,104,104,104,104,104,104,104,109,109,109,109,109,109,109,109,109,109,109,109,109,109,109,109,109,109],"card_choices":[{"not_picked":["Wild Strike","Rupture"],"picked":"Whirlwind","floor":1.0},{"not_picked":["Clothesline","Iron Wave"],"picked":"Heavy Blade","floor":2.0},{"not_picked":["Heavy Blade","Burning Pact"],"picked":"Cleave","floor":4.0},{"not_picked":["Armaments","Power Through"],"picked":"Spot Weakness","floor":5.0},{"not_picked":["Twin Strike","Whirlwind"],"picked":"Blood for Blood","floor":7.0},{"not_picked":["True Grit","Ghostly Armor"],"picked":"Headbutt","floor":10.0},{"not_picked":["Wild Strike","Bludgeon","Iron Wave"],"picked":"SKIP","floor":12.0},{"not_picked":["Impervious","Juggernaut"],"picked":"Demon Form","floor":16.0},{"not_picked":["Combust","Rampage"],"picked":"Feel No Pain+1","floor":18.0},{"not_picked":["Wild Strike","Flex","Clash"],"picked":"SKIP","floor":19.0},{"not_picked":["Hemokinesis","Wild Strike+1","Flame Barrier"],"picked":"SKIP","floor":23.0},{"not_picked":["Warcry+1","Iron Wave"],"picked":"Sentinel+1","floor":24.0},{"not_picked":["Second Wind","True Grit"],"picked":"Heavy Blade+1","floor":27.0},{"not_picked":["Bludgeon","Brutality"],"picked":"Double Tap","floor":33},{"not_picked":["Havoc","Bloodletting"],"picked":"Clothesline","floor":34},{"not_picked":["Cleave+1","Ghostly Armor+1"],"picked":"Uppercut","floor":35},{"not_picked":["Hemokinesis+1","Searing Blow+1"],"picked":"Rage+1","floor":38},{"not_picked":["Master of Strategy","Bandage Up"],"picked":"Sadistic Nature","floor":39},{"not_picked":["Headbutt","Warcry"],"picked":"Flame Barrier+1","floor":45},{"not_picked":["Pummel+1","Perfected Strike+1"],"picked":"Entrench+1","floor":46},{"not_picked":["Iron Wave","Burning Pact","Flex+1"],"picked":"SKIP","floor":47},{"not_picked":["Havoc","Reckless Charge+1"],"picked":"Body Slam+1","floor":48}],"player_experience":5659309,"relics_obtained":[{"floor":7.0,"key":"Magic Flower"},{"floor":9.0,"key":"Mango"},{"floor":10.0,"key":"The Courier"},{"floor":11.0,"key":"Art of War"},{"floor":12.0,"key":"Pear"},{"floor":23.0,"key":"Mummified Hand"},{"floor":38,"key":"Unceasing Top"},{"floor":43,"key":"Centennial Puzzle"}],"event_choices":[{"damage_healed":0.0,"max_hp_gain":0.0,"max_hp_loss":0.0,"gold_gain":30.0,"event_name":"Dead Adventurer","player_choice":"Searched \u00273\u0027 times","floor":14.0,"gold_loss":0.0,"damage_taken":0.0,"relics_obtained":["MawBank"]},{"cards_removed":["Strike_R"],"damage_healed":0.0,"max_hp_gain":0.0,"max_hp_loss":0.0,"gold_gain":0.0,"event_name":"Wheel of Change","player_choice":"Card Removal","floor":21.0,"gold_loss":0.0,"damage_taken":0.0},{"damage_healed":0.0,"max_hp_gain":0.0,"max_hp_loss":0.0,"gold_gain":0.0,"event_name":"Masked Bandits","player_choice":"Paid Fearfully","floor":22.0,"gold_loss":28.0,"damage_taken":0.0},{"damage_healed":0.0,"max_hp_gain":0.0,"max_hp_loss":0.0,"gold_gain":0.0,"event_name":"Vampires","player_choice":"Ignored","floor":30.0,"gold_loss":0.0,"damage_taken":0.0},{"damage_healed":0.0,"max_hp_gain":0.0,"max_hp_loss":0.0,"gold_gain":0.0,"event_name":"Nest","player_choice":"Joined the Cult","floor":31.0,"gold_loss":0.0,"damage_taken":6.0,"cards_obtained":["RitualDagger"]},{"cards_removed":["Rage"],"damage_healed":0,"gold_gain":0,"player_choice":"Removed Skill","damage_taken":0,"max_hp_gain":0,"max_hp_loss":0,"event_name":"Falling","floor":36,"gold_loss":0},{"damage_healed":0,"gold_gain":0,"player_choice":"Fight","damage_taken":0,"max_hp_gain":0,"max_hp_loss":0,"event_name":"Mysterious Sphere","floor":38,"gold_loss":0},{"damage_healed":0,"gold_gain":0,"player_choice":"Memory 1","damage_taken":0,"max_hp_gain":0,"max_hp_loss":0,"event_name":"SensoryStone","floor":39,"gold_loss":0},{"cards_removed":["Defend_R"],"damage_healed":0,"gold_gain":0,"player_choice":"Offered Basic","damage_taken":0,"max_hp_gain":0,"max_hp_loss":0,"event_name":"Bonfire Elementals","floor":41,"gold_loss":0}],"is_beta":false,"boss_relics":[{"not_picked":["Runic Cube","Sozu"],"picked":"Empty Cage"},{"not_picked":["Runic Dome","Mark of Pain"],"picked":"Tiny House"}],"items_purged_floors":[20,37],"is_endless":false,"potions_floor_spawned":[2,4,10,18,23,24,35,38,46,48],"killed_by":"Time Eater","ascension_level":7}}