{"host":"fff5e1uasnm04x18","time":1612921223,"event":{"mods":["BaseMod","Highlight Path","Minty Spire (QoL Compilation)","StSLib"],"gold_per_floor":[118,136,150,150,225,225,242,267,341,341,372,56,69,103,103,206,256,196,53,68,93,93,124,124,151,451,463,463,475,509,526,526,623,623,641,641,656,656,667,697,697,728,728,745,759,776,794,827,827,827],"floor_reached":51,"language":"ENG","playtime":10564,"items_purged":["Strike_G"],"score":1004,"play_id":"648156b3-241f-4485-8c17-08f8729e3e68","local_time":"20210209204023","is_ascension_mode":true,"campfire_choices":[{"floor":6.0,"key":"REST"},{"floor":15,"key":"REST"},{"data":"Crippling Poison","floor":24,"key":"SMITH"},{"data":"Corpse Explosion","floor":28,"key":"SMITH"},{"data":"Die Die Die","floor":32,"key":"SMITH"},{"data":"Tools of the Trade","floor":41,"key":"SMITH"},{"data":"Noxious Fumes","floor":49,"key":"SMITH"}],"circlet_count":0,"master_deck":["Strike_G","Defend_G","Defend_G","Defend_G","Defend_G","Defend_G","Survivor","Neutralize","Noxious Fumes","Noxious Fumes","Noxious Fumes+1","Leg Sweep","Die Die Die+1","Bandage Up","Burst+1","Distraction","Bane","Crippling Poison+1","Corpse Explosion+1","Tools of the Trade+1","Doppelganger","Venomology"],"relics":["Ring of the Snake","Mango","Mummified Hand","Regal Pillow","HornCleat","Thread and Needle","Tiny House","Oddly Smooth Stone","Anchor","PreservedInsect","Mercury Hourglass","Old Coin","Matryoshka","Runic Pyramid","Bird Faced Urn","Toy Ornithopter","Vajra","Shuriken","Gremlin Horn"],"acts_visited":["Exordium","TheCity","TheBeyond"],"potions_floor_usage":[8,18,23,29,33,33,44,46,46,47,47,47,48,48,50,50,50,50],"damage_taken":[{"damage":1.0,"enemies":"Cultist","floor":1.0,"turns":5.0},{"damage":0.0,"enemies":"Small Slimes","floor":2.0,"turns":4.0},{"damage":2.0,"enemies":"2 Louse","floor":3.0,"turns":4.0},{"damage":23.0,"enemies":"Gremlin Gang","floor":7.0,"turns":8.0},{"damage":18,"enemies":"Gremlin Nob","floor":8,"turns":5},{"damage":5,"enemies":"3 Sentries","floor":11,"turns":5},{"damage":6,"enemies":"Red Slaver","floor":13,"turns":5},{"damage":19,"enemies":"Gremlin Nob","floor":14,"turns":6},{"damage":0,"enemies":"The Guardian","floor":16,"turns":11},{"damage":0,"enemies":"2 Thieves","floor":18,"turns":4},{"damage":0,"enemies":"Shell Parasite","floor":20,"turns":8},{"damage":0,"enemies":"Book of Stabbing","floor":23,"turns":8},{"damage":21,"enemies":"Gremlin Leader","floor":25,"turns":9},{"damage":0,"enemies":"Snake Plant","floor":27,"turns":4},{"damage":0,"enemies":"3 Cultists","floor":29,"turns":4},{"damage":6,"enemies":"Book of Stabbing","floor":30,"turns":5},{"damage":21,"enemies":"Cultist and Chosen","floor":31,"turns":5},{"damage":34,"enemies":"Automaton","floor":33,"turns":7},{"damage":0,"enemies":"Orb Walker","floor":35,"turns":4},{"damage":8,"enemies":"3 Darklings","floor":37,"turns":3},{"damage":14,"enemies":"Writhing Mass","floor":39,"turns":6},{"damage":6,"enemies":"Reptomancer","floor":40,"turns":7},{"damage":8,"enemies":"Giant Head","floor":42,"turns":8},{"damage":0,"enemies":"Spire Growth","floor":44,"turns":5},{"damage":0,"enemies":"Jaw Worm Horde","floor":45,"turns":3},{"damage":3,"enemies":"Transient","floor":46,"turns":5},{"damage":0,"enemies":"Maw","floor":47,"turns":7},{"damage":2,"enemies":"Nemesis","floor":48,"turns":7},{"damage":56,"enemies":"Donu and Deca","floor":50,"turns":8}],"seed_played":"5019049600650540157","potions_obtained":[{"floor":1.0,"key":"BlessingOfTheForge"},{"floor":7.0,"key":"Fruit Juice"},{"floor":14,"key":"Explosive Potion"},{"floor":16,"key":"LiquidMemories"},{"floor":17,"key":"Energy Potion"},{"floor":23,"key":"DuplicationPotion"},{"floor":27,"key":"SpeedPotion"},{"floor":31,"key":"SmokeBomb"},{"floor":33,"key":"SteroidPotion"},{"floor":37,"key":"SmokeBomb"},{"floor":40,"key":"Ancient Potion"},{"floor":45,"key":"Block Potion"},{"floor":46,"key":"BlessingOfTheForge"},{"floor":47,"key":"Poison Potion"}],"is_trial":false,"path_per_floor":["M","M","M","?","?","R","M","E","T","?","E","$","M","E","R","B",null,"M","$","M","T","?","E","R","E","T","M","R","M","E","M","R","B",null,"M","?","M","?","M","E","R","E","T","M","M","M","M","E","R","B",null],"character_chosen":"THE_SILENT","items_purchased":["HornCleat","Oddly Smooth Stone"],"campfire_rested":2,"item_purchase_floors":[12,19],"current_hp_per_floor":[69,69,67,60,49,70,52,48,48,48,47,47,45,30,71,75,94,94,94,94,94,94,94,94,81,81,85,85,89,87,70,70,40,94,94,94,86,86,80,78,78,86,86,94,94,94,94,94,94,52],"gold":827,"neow_bonus":"TRANSFORM_CARD","is_daily":false,"chose_seed":false,"campfire_upgraded":5,"win_rate":0.0,"timestamp":1612921223,"path_taken":["M","?","?","?","?","R","M","E","T","?","E","$","M","E","R","BOSS","M","$","?","?","?","E","R","E","T","?","R","M","E","M","R","BOSS","M","?","M","?","M","E","R","E","T","?","M","?","M","E","R","BOSS"],"items_purchased_type":["Relic","Relic"],"build_version":"2020-12-22","purchased_purges":1,"victory":true,"max_hp_per_floor":[70,70,70,70,70,70,75,89,89,89,89,89,89,89,89,89,94,94,94,94,94,94,94,94,94,94,94,94,94,94,94,94,94,94,94,94,94,94,94,94,94,94,94,94,94,94,94,94,94,94],"card_choices":[{"not_picked":["Infinite Blades","Poisoned Stab"],"picked":"Noxious Fumes","floor":1.0},{"not_picked":["Deflect","Sucker Punch"],"picked":"Noxious Fumes","floor":2.0},{"not_picked":["Bane","Reflex","Infinite Blades"],"picked":"SKIP","floor":3.0},{"not_picked":["Poisoned Stab","Cloak And Dagger","Outmaneuver"],"picked":"SKIP","floor":7.0},{"not_picked":["Wraith Form v2","Deadly Poison"],"picked":"Leg Sweep","floor":8},{"not_picked":["Endless Agony","Finisher","Calculated Gamble"],"picked":"SKIP","floor":11},{"not_picked":["Dagger Throw","Underhanded Strike","Setup"],"picked":"SKIP","floor":13},{"not_picked":["Flying Knee","Setup","PiercingWail"],"picked":"SKIP","floor":14},{"not_picked":["A Thousand Cuts","Wraith Form v2"],"picked":"Burst","floor":16},{"not_picked":["Deflect","Outmaneuver"],"picked":"Distraction","floor":17},{"not_picked":["Riddle With Holes","Cloak And Dagger","Calculated Gamble+1"],"picked":"SKIP","floor":18},{"not_picked":["Slice","Outmaneuver","Reflex"],"picked":"SKIP","floor":20},{"not_picked":["Noxious Fumes","Expertise+1"],"picked":"Crippling Poison","floor":23},{"not_picked":["Backflip+1","Setup"],"picked":"Corpse Explosion","floor":25},{"not_picked":["Calculated Gamble","Dodge and Roll","Slice"],"picked":"SKIP","floor":27},{"not_picked":["Backflip","Concentrate","Skewer"],"picked":"SKIP","floor":29},{"not_picked":["Storm of Steel","Expertise+1","Flying Knee"],"picked":"SKIP","floor":30},{"not_picked":["Dodge and Roll","Bane","Deadly Poison+1"],"picked":"SKIP","floor":31},{"not_picked":["Burst","Venomology"],"picked":"Tools of the Trade","floor":33},{"not_picked":["Dodge and Roll+1","Backflip+1","Finisher+1"],"picked":"SKIP","floor":35},{"not_picked":["All Out Attack","Reflex+1","Leg Sweep"],"picked":"SKIP","floor":37},{"not_picked":["Flechettes","Underhanded Strike+1","Dagger Spray+1"],"picked":"SKIP","floor":39},{"not_picked":["PiercingWail+1","Skewer","Infinite Blades"],"picked":"SKIP","floor":40},{"not_picked":["Cloak And Dagger","Flying Knee+1","Quick Slash"],"picked":"SKIP","floor":42},{"not_picked":["Dagger Throw","Setup","Sucker Punch"],"picked":"SKIP","floor":44},{"not_picked":["Blur+1","Outmaneuver"],"picked":"Venomology","floor":45},{"not_picked":["Bane","Sucker Punch+1","Deadly Poison+1"],"picked":"SKIP","floor":46},{"not_picked":["Deadly Poison+1","Escape Plan+1","Slice+1"],"picked":"SKIP","floor":47},{"not_picked":["Calculated Gamble+1","PiercingWail","Flying Knee"],"picked":"SKIP","floor":48}],"player_experience":547964,"relics_obtained":[{"floor":8,"key":"Mango"},{"floor":9,"key":"Mummified Hand"},{"floor":11,"key":"Regal Pillow"},{"floor":14,"key":"Thread and Needle"},{"floor":21,"key":"Anchor"},{"floor":23,"key":"PreservedInsect"},{"floor":25,"key":"Mercury Hourglass"},{"floor":26,"key":"Old Coin"},{"floor":30,"key":"Matryoshka"},{"floor":40,"key":"Bird Faced Urn"},{"floor":42,"key":"Toy Ornithopter"},{"floor":43,"key":"Vajra"},{"floor":43,"key":"Shuriken"},{"floor":48,"key":"Gremlin Horn"}],"event_choices":[{"cards_removed":["Strike_G"],"damage_healed":0.0,"max_hp_gain":0.0,"max_hp_loss":0.0,"gold_gain":0.0,"event_name":"Golden Wing","player_choice":"Card Removal","floor":4.0,"gold_loss":0.0,"damage_taken":7.0},{"damage_healed":0.0,"max_hp_gain":0.0,"max_hp_loss":0.0,"gold_gain":75.0,"event_name":"World of Goop","player_choice":"Gather Gold","floor":5.0,"gold_loss":0.0,"damage_taken":11.0},{"damage_healed":0,"gold_gain":0,"player_choice":"2 cards matched","damage_taken":0,"max_hp_gain":0,"max_hp_loss":0,"event_name":"Match and Keep!","floor":10,"gold_loss":0,"cards_obtained":["Die Die Die","Bandage Up"]},{"damage_healed":0,"gold_gain":0,"cards_transformed":["Strike_G"],"player_choice":"Transformed","damage_taken":0,"max_hp_gain":0,"max_hp_loss":0,"event_name":"Transmorgrifier","floor":22,"gold_loss":0,"cards_obtained":["Bane"]},{"damage_healed":0,"gold_gain":0,"player_choice":"Ignored","damage_taken":0,"max_hp_gain":0,"max_hp_loss":0,"event_name":"Tomb of Lord Red Mask","floor":36,"gold_loss":0},{"damage_healed":0,"gold_gain":0,"player_choice":"1 cards matched","damage_taken":0,"max_hp_gain":0,"max_hp_loss":0,"event_name":"Match and Keep!","floor":38,"gold_loss":0,"cards_obtained":["Doppelganger"]}],"is_beta":false,"boss_relics":[{"not_picked":["Sozu","Empty Cage"],"picked":"Tiny House"},{"not_picked":["Fusion Hammer","Velvet Choker"],"picked":"Runic Pyramid"}],"items_purged_floors":[12],"is_endless":false,"potions_floor_spawned":[1,7,14,16,23,27,31,33,37,40,45,46,47],"ascension_level":2}}