{"host":"o3b7ow6d1xe49css","time":1612962437,"event":{"mods":["Act Like it!","Aspiration","BaseMod","Bestiary","Better Altar","Better Match","Better Note","Better Sensory Stone","Better Skull","Better Third Choice","Colored Powertips","Conspire","Energized Spire","Force Act Four","GifTheSpireLib","Halation","Hermit","Hubris","Infinite Spire","Lobotomy","Minty Spire (QoL Compilation)","Quick Restart","Rare Cards Sparkle","Relic Filter Mod","Reliquary","Replay The Spire","Spicy Shops","Spikes Relics","Spire Arcade","StSLib","Stuff the Spire","The Blue Laboratory","Wandering Minibosses"],"gold_per_floor":[111,125,135,152,170,205,240,265,265,540,566,582,207,207,207,403,403,421,439,30,30,47,77,77,102,129,129,155,155,155,182,182,279,279,296,60,60,70,70,99,99,128,128,128,157,157,157,172,172,270,270,270,70,70,70],"floor_reached":56,"language":"ENG","playtime":2096,"items_purged":["Regret","Strike_P","Strike_P","PathToVictory","Replay:AllIn+1"],"score":1830,"play_id":"aa6c8dde-76a3-4f55-9385-31faedd7bd73","local_time":"20210210040717","daily_mods":["Heirloom","Flight"],"is_ascension_mode":true,"campfire_choices":[{"floor":15,"key":"REST"},{"data":"BattleHymn","floor":15,"key":"SMITH"},{"floor":24,"key":"REST"},{"data":"BowlingBash","floor":24,"key":"SMITH"},{"floor":27,"key":"REST"},{"data":"Eruption","floor":27,"key":"SMITH"},{"floor":30,"key":"REST"},{"data":"infinitespire:Fortify","floor":30,"key":"SMITH"},{"floor":32,"key":"REST"},{"data":"Halt","floor":32,"key":"SMITH"},{"floor":41,"key":"REST"},{"data":"Wireheading","floor":41,"key":"SMITH"},{"floor":44,"key":"REST"},{"data":"Crescendo","floor":44,"key":"SMITH"},{"floor":46,"key":"REST"},{"floor":49,"key":"REST"},{"data":"Protect","floor":52,"key":"SMITH"},{"floor":54,"key":"REST"},{"data":"Wallop","floor":54,"key":"SMITH"}],"circlet_count":0,"master_deck":["Eruption+1","BattleHymn+1","Crescendo+1","Vengeance+1","BowlingBash+1","WindmillStrike+1","Protect+1","Omniscience+1","hubris:NaturalOne","ThirdEye+1","Halt+1","infinitespire:Fortify+1","EmptyBody","Replay:AtTheReady+1","EmptyMind","Halt+1","Wireheading+1","TalkToTheHand+1","Halt+1","Consecrate+1","infinitespire:UltimateForm+1","Wallop+1"],"relics":["PureWater","Ring of Chaos","StuffTheSpire:Wildfire","CogitoBucket","StuffTheSpire:NeowsTribute","reliquary:PrincelyHelmet","SpikesRelics:ToyHorsey","infinitespire:Magic Flask","aspiration:ChemicalBlood","halation:PromiseList","hubris:Icosahedron","Bronze Scales","Guide Book","Toy Ornithopter","Damaru","hubris:CrystalStatue","Ice Cream","hubris:DisguiseKit","Pandora\u0027s Box","halation:PinkSoulGem","MiniBlackHole","War Paint","Bottled Lightning","reliquary:Buckler","Bag of Marbles","wanderingMiniBosses:Inkheart","SkinProphecy","conspire:SpecialSausage","Ring of Chaos","CogitoBucket","halation:Komachan"],"acts_visited":["Exordium","TheCity","TheBeyond","Exordium","TheEnding"],"potions_floor_usage":[5,6,7,11,19,23,25,25,28,28,28,28,33,33,42,48,50,55,55,55],"damage_taken":[{"damage":1,"enemies":"Cultist","floor":1,"turns":4},{"damage":2,"enemies":"Small Slimes","floor":2,"turns":4},{"damage":0,"enemies":"Jaw Worm","floor":3,"turns":3},{"damage":1,"enemies":"Looter","floor":4,"turns":4},{"damage":0,"enemies":"Gremlin Gang","floor":5,"turns":3},{"damage":10,"enemies":"3 Sentries","floor":6,"turns":7},{"damage":12,"enemies":"Gremlin Nob","floor":7,"turns":3},{"damage":7,"enemies":"Lagavulin","floor":8,"turns":7},{"damage":1,"enemies":"Gremlin Nob","floor":11,"turns":3},{"damage":8,"enemies":"3 Louse","floor":12,"turns":8},{"damage":0,"enemies":"Fading Forest","floor":16,"turns":11},{"damage":9,"enemies":"2 Thieves","floor":18,"turns":3},{"damage":12,"enemies":"Shell Parasite","floor":19,"turns":3},{"damage":19,"enemies":"Snake Plant","floor":22,"turns":4},{"damage":0,"enemies":"Gremlin Leader","floor":23,"turns":3},{"damage":9,"enemies":"Book of Stabbing","floor":25,"turns":3},{"damage":49,"enemies":"Nightmare","floor":28,"turns":9},{"damage":3,"enemies":"Gremlin Leader","floor":31,"turns":4},{"damage":0,"enemies":"Champ","floor":33,"turns":7},{"damage":34,"enemies":"3 Darklings","floor":35,"turns":3},{"damage":0,"enemies":"3 Shapes","floor":38,"turns":3},{"damage":42,"enemies":"Giant Head","floor":40,"turns":7},{"damage":18,"enemies":"Reptomancer","floor":42,"turns":2},{"damage":7,"enemies":"R_Hoarder","floor":45,"turns":4},{"damage":18,"enemies":"Transient","floor":48,"turns":5},{"damage":8,"enemies":"infinitespire:MassOfShapes","floor":50,"turns":7},{"damage":7,"enemies":"The Heart","floor":55,"turns":7}],"seed_played":"-3112028896914573477","potions_obtained":[{"floor":1,"key":"Explosive Potion"},{"floor":4,"key":"blueLaboratory:FrostheartPotion"},{"floor":6,"key":"SkillPotion"},{"floor":8,"key":"blueLaboratory:ExaltedPotion"},{"floor":19,"key":"Fire Potion"},{"floor":22,"key":"Venom Potion"},{"floor":23,"key":"blueLaboratory:PressurePotion"},{"floor":28,"key":"blueLaboratory:BottledHope"},{"floor":33,"key":"blueLaboratory:AlphaPotion"},{"floor":40,"key":"blueLaboratory:HorrorPotion"},{"floor":42,"key":"BottledMiracle"},{"floor":45,"key":"Elixir"},{"floor":48,"key":"infinitespire:BlackPotion"},{"floor":50,"key":"blueLaboratory:FaithlessPotion"}],"is_trial":true,"path_per_floor":["M","M","M","M","M","E","E","E","T","?","E","M","$","?","R","B",null,"M","M","$","?","M","E","R","E","T","R","NM","AVR","R","E","R","B",null,"M","$","?","M","?","E","R","E","T","R","E","R","AVR","M","R","B",null,"R","$","R","B",null],"character_chosen":"WATCHER","items_purchased":["halation:PromiseList","WindmillStrike+1","Protect","FearPotion","Bronze Scales","Guide Book","Wireheading","Wallop","halation:Komachan"],"campfire_rested":10,"item_purchase_floors":[13,13,13,13,20,20,36,53,53],"current_hp_per_floor":[71,69,69,68,68,58,46,39,39,39,38,30,30,30,51,59,69,60,48,48,48,29,34,55,56,56,72,33,33,54,51,72,72,72,38,38,38,38,45,3,24,11,11,32,25,46,46,33,54,47,72,72,72,74,74],"gold":70,"neow_bonus":"","is_daily":false,"chose_seed":false,"campfire_upgraded":9,"win_rate":0.0,"timestamp":1612962437,"path_taken":["M","M","M","M","?","E","E","E","T","?","E","?","$","?","R","BOSS","M","M","$","?","?","E","R","E","T","R","NM","AVR","R","E","R","BOSS","M","$","?","M","?","E","R","E","T","R","E","R","AVR","?","R","BOSS","R","$","R","BOSS"],"items_purchased_type":["Relic","Card","Card","Potion","Relic","Relic","Card","Card","Relic"],"build_version":"2020-12-22","purchased_purges":5,"victory":true,"max_hp_per_floor":[72,72,72,72,72,72,72,72,72,72,72,72,72,72,72,72,72,72,72,72,72,72,72,72,72,72,72,72,72,72,72,72,72,72,72,72,72,72,72,72,72,72,72,72,72,72,72,72,72,74,74,74,74,74,76],"card_choices":[{"not_picked":["MeatLantern","CrumblingArmor","MHz"],"picked":"Singing Bowl","floor":1},{"not_picked":["PathToVictory","SashWhip","ThirdEye"],"picked":"SKIP","floor":1},{"not_picked":["Prostrate","Replay:AtTheReady"],"picked":"BattleHymn","floor":2},{"not_picked":["ClearTheMind","BowlingBash"],"picked":"Crescendo","floor":3},{"not_picked":["Yin","PunishingBird","BlackSwan"],"picked":"Singing Bowl","floor":3},{"not_picked":["Wellcheers","ShyLook","CrumblingArmor"],"picked":"Singing Bowl","floor":4},{"not_picked":["Prostrate","SashWhip","Crescendo"],"picked":"SKIP","floor":4},{"not_picked":["Murderer","CrumblingArmor"],"picked":"UniverseFragment","floor":5},{"not_picked":["Pray","Weave","InnerPeace"],"picked":"SKIP","floor":5},{"not_picked":["FlurryOfBlows","Replay:Cycle","Conclude"],"picked":"SKIP","floor":6},{"not_picked":["OSAHOGD","Wellcheers","BigBadWolf"],"picked":"Singing Bowl","floor":7},{"not_picked":["Crescendo","ForeignInfluence","WindmillStrike"],"picked":"SKIP","floor":7},{"not_picked":["FlyingSleeves","Replay:Hum"],"picked":"Vengeance","floor":8},{"not_picked":["ThirdEye","FollowUp","EmptyFist"],"picked":"SKIP","floor":11},{"not_picked":["PathToVictory","Tantrum"],"picked":"BowlingBash","floor":12},{"not_picked":["Devotion","LessonLearned"],"picked":"Omniscience","floor":16},{"not_picked":["RedShoes","Woodsman","Laetitia"],"picked":"Singing Bowl","floor":18},{"not_picked":["EmptyBody","SandsOfTime","Replay:Hum"],"picked":"SKIP","floor":18},{"not_picked":["Evaluate","Conclude","Replay:ManipulateFuture"],"picked":"SKIP","floor":19},{"not_picked":["Alpha","JustLucky"],"picked":"ThirdEye","floor":22},{"not_picked":["Perseverance","Replay:Vibes+1"],"picked":"Halt","floor":23},{"not_picked":["Evaluate","Replay:ManipulateFuture","Conclude"],"picked":"SKIP","floor":25},{"not_picked":["Evaluate","Replay:ManipulateFuture","FollowUp"],"picked":"SKIP","floor":28},{"not_picked":["Alpha","LessonLearned","Blasphemy"],"picked":"SKIP","floor":31},{"not_picked":["ThirdEye","FollowUp","Twin Strike"],"picked":"Halt+1","floor":35},{"not_picked":["Replay:Battleflow","Consecrate+1","Clash"],"picked":"TalkToTheHand+1","floor":38},{"not_picked":["Replay:Hum","SpiritShield","StuffTheSpire:Slingshot"],"picked":"Halt+1","floor":40},{"not_picked":["CrushJoints","Replay:Cycle+1","JustLucky","StuffTheSpire:Slingshot"],"picked":"SKIP","floor":42},{"not_picked":["Replay:ManipulateFuture+1","Pray+1","ReplayTheSpireMod:Strike From Hell"],"picked":"Consecrate+1","floor":45},{"not_picked":["BowlingBash+1","ForeignInfluence","SashWhip","Pummel"],"picked":"SKIP","floor":48}],"player_experience":1351641,"relics_obtained":[{"floor":6,"key":"StuffTheSpire:NeowsTribute"},{"floor":7,"key":"reliquary:PrincelyHelmet"},{"floor":8,"key":"SpikesRelics:ToyHorsey"},{"floor":9,"key":"infinitespire:Magic Flask"},{"floor":11,"key":"aspiration:ChemicalBlood"},{"floor":25,"key":"Damaru"},{"floor":28,"key":"hubris:CrystalStatue"},{"floor":31,"key":"hubris:DisguiseKit"},{"floor":40,"key":"MiniBlackHole"},{"floor":42,"key":"War Paint"},{"floor":43,"key":"Bottled Lightning"},{"floor":45,"key":"reliquary:Buckler"},{"floor":48,"key":"wanderingMiniBosses:Inkheart"}],"event_choices":[{"damage_healed":0,"gold_gain":275,"player_choice":"Desecrate","damage_taken":0,"max_hp_gain":0,"max_hp_loss":0,"event_name":"Golden Shrine","floor":10,"gold_loss":0,"cards_obtained":["Regret"]},{"damage_healed":0,"gold_gain":0,"player_choice":"Gave Potion","damage_taken":0,"relics_obtained":["Toy Ornithopter"],"max_hp_gain":0,"max_hp_loss":0,"event_name":"WeMeetAgain","floor":21,"gold_loss":0}],"is_beta":false,"boss_relics":[{"not_picked":["Kintsugi","halation:Risk","aspiration:FutureDiary"]},{"not_picked":["Abe\u0027s Treasure","Fusion Hammer"],"picked":"Pandora\u0027s Box"},{"not_picked":["energizedSpire:RedRose","aspiration:PoetsPen_weak"],"picked":"conspire:SpecialSausage"}],"items_purged_floors":[13,20,29,36,47],"is_endless":true,"potions_floor_spawned":[1,4,6,8,19,22,23,28,33,45,48,50],"ascension_level":5}}