{"host":"zxkjcgzis4pm3za5","time":1612964416,"event":{"mods":["AchievementEnabler","BaseMod","Colored Map","Colored Powertips","Minty Spire (QoL Compilation)","Quick Restart","RNG Fix","Random Character Button","Relic Sorter","Relic Stats","StSLib"],"gold_per_floor":[119,133,152,162,181,181,198,198,198,227,152,184,200,165,165,165,165],"floor_reached":16,"language":"ENG","playtime":572,"items_purged":["Writhe"],"score":228,"play_id":"12bce1d4-8d67-4213-af93-37d424b09234","local_time":"20210210191016","is_ascension_mode":true,"campfire_choices":[{"data":"Dark Embrace","floor":6,"key":"SMITH"},{"data":"Whirlwind","floor":8,"key":"SMITH"},{"data":"Dual Wield","floor":15,"key":"SMITH"}],"circlet_count":0,"master_deck":["AscendersBane","Strike_R","Strike_R","Strike_R","Strike_R","Strike_R","Defend_R","Defend_R","Defend_R","Defend_R","Bash","Feel No Pain","Dark Embrace+1","Cleave","Burning Pact","Sentinel","Whirlwind+1","Intimidate","Reckless Charge","Dual Wield+1"],"relics":["Cursed Key","Mercury Hourglass","Champion Belt","Pen Nib"],"acts_visited":[],"potions_floor_usage":[12,13,16,16],"damage_taken":[{"damage":4,"enemies":"Small Slimes","floor":1,"turns":3},{"damage":0,"enemies":"Cultist","floor":2,"turns":3},{"damage":1,"enemies":"2 Louse","floor":3,"turns":3},{"damage":12,"enemies":"Exordium Thugs","floor":4,"turns":4},{"damage":10,"enemies":"Gremlin Gang","floor":5,"turns":3},{"damage":12,"enemies":"Looter","floor":7,"turns":3},{"damage":8,"enemies":"Gremlin Nob","floor":10,"turns":3},{"damage":15,"enemies":"3 Sentries","floor":12,"turns":5},{"damage":10,"enemies":"Exordium Thugs","floor":13,"turns":2},{"damage":35,"enemies":"The Guardian","floor":16,"turns":9}],"seed_played":"-2228963437099832712","potions_obtained":[{"floor":2,"key":"DistilledChaos"},{"floor":10,"key":"Regen Potion"},{"floor":12,"key":"Explosive Potion"},{"floor":13,"key":"Fruit Juice"}],"is_trial":false,"path_per_floor":["M","M","M","M","M","R","M","R","T","E","$","E","M","?","R","B"],"character_chosen":"IRONCLAD","items_purchased":[],"campfire_rested":0,"item_purchase_floors":[],"current_hp_per_floor":[64,64,63,51,41,41,29,29,29,21,21,20,10,28,28,0,0],"gold":165,"neow_bonus":"BOSS_RELIC","is_daily":false,"chose_seed":false,"campfire_upgraded":3,"win_rate":0.0,"timestamp":1612964416,"path_taken":["M","M","M","?","M","R","M","R","T","E","$","E","M","?","R","BOSS"],"items_purchased_type":[],"build_version":"2020-12-22","purchased_purges":1,"victory":false,"max_hp_per_floor":[75,75,75,75,75,75,75,75,75,75,75,75,75,75,75,80,80],"relic_stats":{"counters":[10,37],"Pen Nib":[2],"Champion Belt":[3],"Cursed Key":1,"obtain_stats":[{"Pen Nib":12,"Champion Belt":10,"Cursed Key":0,"Burning Blood":0,"Mercury Hourglass":9},{"Pen Nib":8,"Champion Belt":7,"Cursed Key":0,"Burning Blood":0,"Mercury Hourglass":6},{"Pen Nib":26,"Champion Belt":22,"Cursed Key":0,"Burning Blood":0,"Mercury Hourglass":19}],"Mercury Hourglass":[76]},"card_choices":[{"not_picked":["Dark Embrace","Thunderclap"],"picked":"Feel No Pain","floor":1},{"not_picked":["Clash","Heavy Blade"],"picked":"Dark Embrace","floor":2},{"not_picked":["Twin Strike","Wild Strike"],"picked":"Cleave","floor":3},{"not_picked":["Evolve","Dropkick"],"picked":"Burning Pact","floor":4},{"not_picked":["Clothesline","Headbutt"],"picked":"Sentinel","floor":5},{"not_picked":["Power Through","Twin Strike"],"picked":"Whirlwind","floor":7},{"not_picked":["Armaments","Carnage"],"picked":"Intimidate","floor":10},{"not_picked":["Intimidate","True Grit"],"picked":"Reckless Charge","floor":12},{"not_picked":["Havoc","Evolve"],"picked":"Dual Wield","floor":13}],"player_experience":346898,"relics_obtained":[{"floor":9,"key":"Mercury Hourglass"},{"floor":10,"key":"Champion Belt"},{"floor":12,"key":"Pen Nib"}],"event_choices":[{"damage_healed":18,"gold_gain":0,"player_choice":"Healed","damage_taken":0,"max_hp_gain":0,"max_hp_loss":0,"event_name":"The Cleric","floor":14,"gold_loss":35}],"is_beta":false,"boss_relics":[],"items_purged_floors":[11],"is_endless":false,"potions_floor_spawned":[2,10,12,13],"killed_by":"The Guardian","ascension_level":20}}