{"host":"eaiphzh066bwqdh7","time":1612997980,"event":{"mods":["BaseMod","Better Note","Halation","Hubris","Minty Spire (QoL Compilation)","Reliquary","Replay The Spire","StSLib"],"gold_per_floor":[110,110,125,125,50,50,69,69,69,1,18,35,35,49,49,150,150,165,65,165,184,40,40,55,55,55,55,86,86,97,97,97,97,97],"floor_reached":33,"language":"ENG","playtime":1092,"items_purged":["Defend_G","Defend_G"],"score":306,"play_id":"2f8d6af7-0fce-4ac9-ac8e-1039ff428702","local_time":"20210210175940","is_ascension_mode":true,"campfire_choices":[{"data":"Deflect","floor":6,"key":"SMITH"},{"floor":15,"key":"REST"},{"floor":23,"key":"REST"},{"floor":25,"key":"REST"},{"floor":27,"key":"REST"},{"floor":32,"key":"REST"}],"circlet_count":0,"master_deck":["Strike_G+1","Strike_G","Strike_G","Strike_G+1","Strike_G","Defend_G","Defend_G+1","Survivor+1","Neutralize","Deflect+1","Cloak And Dagger+1","Infinite Blades","Cloak And Dagger+1","Deflect","Blade Dance+1","A Thousand Cuts","Infinite Blades+1","Deadly Poison"],"relics":["Ring of the Snake","reliquary:Boomerang","halation:PinkSoulGem","Replay:Bottled Eggs","hubris:ScarierMask","Gremlin Food","Lantern","Juzu Bracelet","PreservedInsect"],"acts_visited":["Exordium","TheCity"],"potions_floor_usage":[14,24,33,33,33],"damage_taken":[{"damage":1,"enemies":"2 Louse","floor":1,"turns":4},{"damage":9,"enemies":"Jaw Worm","floor":3,"turns":6},{"damage":0,"enemies":"Small Slimes","floor":7,"turns":3},{"damage":8,"enemies":"Gremlin Gang","floor":11,"turns":5},{"damage":2,"enemies":"2 Fungi Beasts","floor":12,"turns":3},{"damage":8,"enemies":"Exordium Thugs","floor":14,"turns":4},{"damage":33,"enemies":"The Guardian","floor":16,"turns":13},{"damage":11,"enemies":"Spheric Guardian","floor":18,"turns":5},{"damage":8,"enemies":"Chosen","floor":21,"turns":6},{"damage":33,"enemies":"Snake Plant","floor":24,"turns":4},{"damage":39,"enemies":"Book of Stabbing","floor":28,"turns":5},{"damage":0,"enemies":"Sentry and Sphere","floor":30,"turns":2},{"damage":54,"enemies":"hubris:MusketHawk","floor":33,"turns":9}],"seed_played":"-8737907989928146569","potions_obtained":[{"floor":1,"key":"SteroidPotion"},{"floor":3,"key":"GamblersBrew"},{"floor":16,"key":"SkillPotion"},{"floor":24,"key":"SkillPotion"},{"floor":28,"key":"GhostInAJar"},{"floor":29,"key":"CunningPotion"},{"floor":29,"key":"Adrenaline Potion"}],"is_trial":false,"path_per_floor":["M","?","M","?","$","R","M","?","T","$","M","M","$","M","R","B",null,"M","$","?","M","$","R","M","R","T","R","E","?","M","T","R","B"],"character_chosen":"THE_SILENT","items_purchased":["Infinite Blades","Gremlin Food"],"campfire_rested":5,"item_purchase_floors":[10,22],"current_hp_per_floor":[69,69,60,60,60,60,60,53,53,53,45,43,43,35,56,23,70,59,59,59,51,51,70,37,58,58,70,31,31,31,31,52,0,0],"gold":97,"neow_bonus":"RANDOM_COMMON_RELIC","is_daily":false,"chose_seed":false,"campfire_upgraded":1,"win_rate":0.0,"timestamp":1612997980,"path_taken":["M","?","M","?","$","R","M","?","T","?","?","M","$","M","R","BOSS","M","$","?","M","?","R","M","R","T","R","E","?","M","?","R","BOSS"],"items_purchased_type":["Card","Relic"],"build_version":"2020-12-22","purchased_purges":2,"victory":false,"max_hp_per_floor":[70,70,70,70,70,70,70,70,70,70,70,70,70,70,70,70,70,70,70,70,70,70,70,70,70,70,70,70,70,70,70,70,70,70],"card_choices":[{"not_picked":["Footwork","PiercingWail","Acrobatics"],"picked":"SKIP","floor":1},{"not_picked":["Draining Mist","Choke"],"picked":"Deflect","floor":3},{"not_picked":["Riddle With Holes","Dagger Spray"],"picked":"Cloak And Dagger","floor":7},{"not_picked":["Backflip","Finisher"],"picked":"Cloak And Dagger","floor":11},{"not_picked":["Poisoned Stab","Underhanded Strike"],"picked":"Deflect","floor":12},{"not_picked":["Quick Slash","Malaise"],"picked":"Blade Dance","floor":14},{"not_picked":["Storm of Steel","Corpse Explosion"],"picked":"A Thousand Cuts","floor":16},{"not_picked":["Prepared","hubris:TrickCloak"],"picked":"Infinite Blades+1","floor":18},{"not_picked":["Reflex+1","Riddle With Holes+1","Setup"],"picked":"SKIP","floor":21},{"not_picked":["Catalyst","Prepared","Flying Knee"],"picked":"SKIP","floor":24},{"not_picked":["Masterful Stab","hubris:Counter"],"picked":"Deadly Poison","floor":28},{"not_picked":["Skewer+1","Blur","Poisoned Stab"],"picked":"SKIP","floor":30}],"player_experience":290007,"relics_obtained":[{"floor":9,"key":"Replay:Bottled Eggs"},{"floor":26,"key":"Lantern"},{"floor":28,"key":"Juzu Bracelet"},{"floor":31,"key":"PreservedInsect"}],"event_choices":[{"cards_removed":["Defend_G"],"damage_healed":0,"gold_gain":0,"player_choice":"Card Removal","damage_taken":7,"max_hp_gain":0,"max_hp_loss":0,"event_name":"Golden Wing","floor":8,"gold_loss":0},{"damage_healed":0,"gold_gain":100,"player_choice":"Pray","damage_taken":0,"max_hp_gain":0,"max_hp_loss":0,"event_name":"Golden Shrine","floor":20,"gold_loss":0},{"damage_healed":0,"gold_gain":0,"player_choice":"Got Potions","damage_taken":0,"max_hp_gain":0,"max_hp_loss":0,"event_name":"Lab","floor":29,"gold_loss":0}],"is_beta":false,"boss_relics":[{"not_picked":["halation:LoveArrow","Coffee Dripper"],"picked":"hubris:ScarierMask"}],"items_purged_floors":[5,19],"is_endless":false,"potions_floor_spawned":[1,3,16,24,28,30],"killed_by":"hubris:MusketHawk","ascension_level":4}}