{"host":"qxeepl7ydvsgmfdb","time":1612942856,"event":{"mods":["AchievementEnabler","BaseMod","Colored Powertips","Minty Spire (QoL Compilation)","Quick Restart","slay the spire mod where everything is the same but ironclad has a cowboy hat"],"gold_per_floor":[113,113,113,188,203,239,414,437,437,475,475,182,182,216,216,341,341,366,219,235,258,533,533,533],"floor_reached":23,"language":"ENG","playtime":539,"items_purged":["Regret"],"score":290,"play_id":"005ae9a1-51d0-4b47-a7f1-49d9a25969de","local_time":"20210210024056","is_ascension_mode":true,"campfire_choices":[{"floor":11.0,"key":"REST"},{"floor":13.0,"key":"REST"},{"floor":15.0,"key":"REST"}],"circlet_count":0,"master_deck":["Strike_B","Strike_B","Strike_B","Strike_B","Defend_B","Defend_B","Defend_B","Defend_B","Zap","Dualcast","Sweeping Beam","BootSequence","Melter","Doubt","Electrodynamics","Doom and Gloom","Capacitor","Conserve Battery","Rainbow","Chill","Regret"],"relics":["Cracked Core","NeowsBlessing","Golden Idol","Gremlin Horn","Pear","Ornamental Fan","Ginger","Anchor","Bronze Scales","Busted Crown","Bag of Marbles"],"acts_visited":["Exordium","TheCity"],"potions_floor_usage":[16,20,21],"damage_taken":[{"damage":0.0,"enemies":"Cultist","floor":1.0,"turns":1.0},{"damage":0.0,"enemies":"Jaw Worm","floor":5.0,"turns":1.0},{"damage":0.0,"enemies":"Lagavulin","floor":6.0,"turns":1.0},{"damage":1.0,"enemies":"2 Louse","floor":8.0,"turns":2.0},{"damage":48.0,"enemies":"Gremlin Nob","floor":10.0,"turns":5.0},{"damage":35.0,"enemies":"Lagavulin","floor":14.0,"turns":5.0},{"damage":45,"enemies":"Hexaghost","floor":16,"turns":9},{"damage":3,"enemies":"Chosen","floor":18,"turns":4},{"damage":43,"enemies":"Shell Parasite","floor":20,"turns":6},{"damage":13,"enemies":"Snake Plant","floor":21,"turns":3},{"damage":5,"enemies":"Cultist and Chosen","floor":23,"turns":4}],"seed_played":"-5111971634836741727","potions_obtained":[{"floor":8.0,"key":"GamblersBrew"},{"floor":14.0,"key":"Swift Potion"},{"floor":16,"key":"Weak Potion"},{"floor":18,"key":"ColorlessPotion"}],"is_trial":false,"path_per_floor":["M","?","?","?","M","E","?","M","T","E","R","$","R","E","R","B",null,"M","$","M","M","?","M"],"character_chosen":"DEFECT","items_purchased":["Anchor","Capacitor","Bag of Marbles"],"campfire_rested":3,"item_purchase_floors":[12,12,19],"current_hp_per_floor":[75,57,57,46,46,56,56,55,55,7,32,32,57,22,47,2,64,61,61,18,5,5,0,0],"gold":533,"neow_bonus":"THREE_ENEMY_KILL","is_daily":false,"chose_seed":false,"campfire_upgraded":0,"win_rate":0.0,"timestamp":1612942856,"path_taken":["M","?","?","?","M","E","?","?","T","E","R","$","R","E","R","BOSS","M","$","M","M","?","?"],"items_purchased_type":["Relic","Card","Relic"],"build_version":"2020-12-22","purchased_purges":1,"victory":false,"max_hp_per_floor":[75,75,75,75,75,85,85,85,85,85,85,85,85,85,85,85,85,85,85,85,85,85,85,85],"card_choices":[{"not_picked":["Turbo","Hologram"],"picked":"Sweeping Beam","floor":1.0},{"not_picked":["Turbo","Leap"],"picked":"BootSequence","floor":5.0},{"not_picked":["Redo","Lockon"],"picked":"Melter","floor":6.0},{"not_picked":["Sweeping Beam","Conserve Battery"],"picked":"Electrodynamics","floor":8.0},{"not_picked":["Sweeping Beam","Blizzard"],"picked":"Doom and Gloom","floor":10.0},{"not_picked":["Loop","Hologram"],"picked":"Conserve Battery","floor":14.0},{"not_picked":["Reboot","Seek"],"picked":"Rainbow","floor":16},{"not_picked":["Skim"],"picked":"SKIP","floor":18},{"not_picked":["Loop+1"],"picked":"SKIP","floor":20},{"not_picked":[],"picked":"Chill","floor":21}],"player_experience":141273,"relics_obtained":[{"floor":6.0,"key":"Pear"},{"floor":9.0,"key":"Ornamental Fan"},{"floor":10.0,"key":"Ginger"},{"floor":14.0,"key":"Bronze Scales"}],"event_choices":[{"damage_healed":0.0,"max_hp_gain":0.0,"max_hp_loss":0.0,"gold_gain":0.0,"event_name":"Golden Idol","player_choice":"Take Damage","floor":2.0,"gold_loss":0.0,"damage_taken":18.0,"relics_obtained":["Golden Idol"]},{"damage_healed":0.0,"max_hp_gain":0.0,"max_hp_loss":0.0,"gold_gain":0.0,"event_name":"Big Fish","player_choice":"Box","floor":3.0,"gold_loss":0.0,"damage_taken":0.0,"relics_obtained":["Gremlin Horn"],"cards_obtained":["Regret"]},{"damage_healed":0.0,"max_hp_gain":0.0,"max_hp_loss":0.0,"gold_gain":75.0,"event_name":"World of Goop","player_choice":"Gather Gold","floor":4.0,"gold_loss":0.0,"damage_taken":11.0},{"damage_healed":0.0,"max_hp_gain":0.0,"max_hp_loss":0.0,"gold_gain":175.0,"event_name":"Liars Game","player_choice":"AGREE","floor":7.0,"gold_loss":0.0,"damage_taken":0.0,"cards_obtained":["Doubt"]},{"damage_healed":0,"gold_gain":275,"player_choice":"Desecrate","damage_taken":0,"max_hp_gain":0,"max_hp_loss":0,"event_name":"Golden Shrine","floor":22,"gold_loss":0,"cards_obtained":["Regret"]}],"is_beta":false,"boss_relics":[{"not_picked":["Astrolabe","Velvet Choker"],"picked":"Busted Crown"}],"items_purged_floors":[12],"is_endless":false,"potions_floor_spawned":[8,14,16,18],"killed_by":"Cultist and Chosen","ascension_level":5}}