{"host":"b9id4afcchnn1rfb","time":1612916231,"event":{"mods":["Act Like it!","BaseMod","Better Note","Colored Map","Colored Powertips","Hallownest","Hermit","Infinite Spire","Minty Spire (QoL Compilation)","StSLib","SuperFastMode","The Death Knight","The Necromancer"],"gold_per_floor":[109,35,35,35,51,83,83,108,131,159,172,102,102,112,112,112,112],"floor_reached":16,"language":"ENG","playtime":362,"items_purged":[],"score":200,"play_id":"af2798a2-8e1b-4f11-80ff-ab4180fd447a","local_time":"20210210011711","is_ascension_mode":true,"campfire_choices":[{"data":"Barrage","floor":7,"key":"SMITH"},{"floor":13,"key":"REST"},{"data":"Defragment","floor":15,"key":"SMITH"}],"circlet_count":0,"master_deck":["AscendersBane","Strike_B","Strike_B","Strike_B","Strike_B","Defend_B","Defend_B+1","Defend_B","Defend_B","Zap","Dualcast","Streamline","Consume","Barrage+1","Coolheaded","Echo Form","Beam Cell","BootSequence","Defragment+1"],"relics":["Cracked Core","NeowsBlessing","Hallownest:DreamNailRelic","Oddly Smooth Stone","DeathKnight:PutricidesVial","Dream Catcher","PreservedInsect","Hallownest:StagBellRelic1"],"acts_visited":["Exordium"],"potions_floor_usage":[16],"damage_taken":[{"damage":0,"enemies":"Hallownest:2_Baldur","floor":1,"turns":1},{"damage":0,"enemies":"Hallownest:2_Tiktiks_and_1_Crawlid","floor":5,"turns":1},{"damage":0,"enemies":"Hallownest:eliteCrystalGuardian","floor":6,"turns":1},{"damage":5,"enemies":"Hallownest:eliteVengeflyKing","floor":8,"turns":8},{"damage":38,"enemies":"Hallownest:eliteCrystalGuardian","floor":10,"turns":6},{"damage":0,"enemies":"Hallownest:monsterHuskWarrior","floor":11,"turns":5},{"damage":7,"enemies":"Hallownest:monsterMossCharger","floor":14,"turns":4},{"damage":42,"enemies":"Hallownest:BossBrokenVessel","floor":16,"turns":6}],"seed_played":"-546974609472754486","potions_obtained":[{"floor":5,"key":"FearPotion"},{"floor":6,"key":"LiquidBronze"},{"floor":11,"key":"BlessingOfTheForge"},{"floor":14,"key":"SkillPotion"}],"is_trial":false,"path_per_floor":["M","$","?","?","M","E","R","E","T","E","M","?","R","M","R","B"],"character_chosen":"DEFECT","items_purchased":["Consume"],"campfire_rested":1,"item_purchase_floors":[2],"current_hp_per_floor":[68,68,68,68,68,68,68,63,63,25,25,25,47,40,40,0,0],"gold":112,"neow_bonus":"THREE_ENEMY_KILL","is_daily":false,"chose_seed":false,"campfire_upgraded":2,"win_rate":0.0,"timestamp":1612916231,"path_taken":["M","$","?","?","?","E","R","E","T","E","M","?","R","M","R","BOSS"],"items_purchased_type":["Card"],"build_version":"2020-12-22","purchased_purges":0,"victory":false,"max_hp_per_floor":[75,75,75,75,75,75,75,75,75,75,75,75,75,75,75,75,75],"card_choices":[{"not_picked":["Gash","Turbo"],"picked":"Streamline","floor":1},{"not_picked":["Hologram","Compile Driver"],"picked":"Barrage","floor":5},{"not_picked":["Gash","Fusion"],"picked":"Coolheaded","floor":6},{"not_picked":["Amplify","Force Field"],"picked":"Echo Form","floor":8},{"not_picked":["Skim","Double Energy"],"picked":"Beam Cell","floor":10},{"not_picked":["Cold Snap","Consume"],"picked":"BootSequence","floor":11},{"not_picked":["FTL","Stack"],"picked":"Defragment","floor":13},{"not_picked":["Doom and Gloom","Streamline","Rip and Tear"],"picked":"SKIP","floor":14}],"player_experience":489331,"relics_obtained":[{"floor":6,"key":"Oddly Smooth Stone"},{"floor":8,"key":"DeathKnight:PutricidesVial"},{"floor":9,"key":"Dream Catcher"},{"floor":10,"key":"PreservedInsect"}],"event_choices":[],"is_beta":false,"boss_relics":[],"items_purged_floors":[],"is_endless":false,"potions_floor_spawned":[5,6,11,14],"killed_by":"Hallownest:BossBrokenVessel","ascension_level":10}}