{"host":"92ge7uk92o4z80va","time":1612928681,"event":{"mods":["AchievementEnabler","Act Like it!","Aspiration","BaseMod","Beaked The Cultist","Better Third Choice","BetterRewards","Conspire","Curses Come First","Hermit","Hubris","Infinite Spire","Koishi","Lobotomy","LobotomyExtend","Marisa????????","Minty Spire (QoL Compilation)","Quick Restart","Reliquary","Replay The Spire","Robot Space Explorer","Spire Arcade","StSLib","The Blue Laboratory","The Bug Knight","The Runesmith","The Saiyan"],"gold_per_floor":[113,113,113,125,135,166,166,184,209,9,9,9,26,41,41,143,143,167,179,466,478,490,490],"floor_reached":22,"language":"ENG","playtime":1309,"items_purged":[],"score":184,"play_id":"c1b7409c-c471-4198-a3a1-ce2850bdf746","local_time":"20210209224441","is_ascension_mode":false,"campfire_choices":[{"data":"beaked:Ceremony","floor":7,"key":"SMITH"},{"data":"beaked:Ceremony","floor":12,"key":"SMITH"},{"data":"beaked:Insight","floor":15,"key":"SMITH"}],"circlet_count":0,"master_deck":["beaked:Strike_Y","beaked:Strike_Y+1","beaked:Strike_Y+1","beaked:Strike_Y","beaked:Strike_Y","beaked:Strike_Y","beaked:Defend_Y","beaked:Defend_Y","beaked:Defend_Y","beaked:Defend_Y","beaked:Ceremony+1","beaked:Ceremony","beaked:Ceremony+1","Poisoned Strike","beaked:Insight+1","beaked:BraceForImpact","beaked:Evade","beaked:VigorBurst","beaked:Hexing","beaked:HuntressSpirit","beaked:DesperateSwing","beaked:BraceForImpact","ReplayTheSpireMod:Wings of Steel","beaked:Tweet","beaked:DarkPact","CurseOfTheBell","beaked:BounceBack+1","Regret","Limit Break","ReplayTheSpireMod:Haul"],"relics":["beaked:MendingPlumage","Ginger","Thread and Needle","LetterFromLob","hubris:TenFootPole","reliquary:Aerogel","aspiration:HiddenCompartment","Whetstone","Calling Bell","MawBank","hubris:SphereOfDissonance","hubris:Teleporter","beaked:SacredDeck","FossilizedHelix"],"acts_visited":["Exordium","TheCity"],"potions_floor_usage":[22,22],"damage_taken":[{"damage":5,"enemies":"Jaw Worm","floor":1,"turns":6},{"damage":12,"enemies":"Small Slimes","floor":4,"turns":5},{"damage":1,"enemies":"Cultist","floor":5,"turns":5},{"damage":52,"enemies":"Lagavulin","floor":6,"turns":7},{"damage":19,"enemies":"3 Louse","floor":8,"turns":5},{"damage":6,"enemies":"Red Slaver","floor":13,"turns":5},{"damage":19,"enemies":"Exordium Wildlife","floor":14,"turns":9},{"damage":47,"enemies":"Fading Forest","floor":16,"turns":11},{"damage":32,"enemies":"Chosen","floor":18,"turns":9},{"damage":66,"enemies":"3 Byrds","floor":22,"turns":6}],"seed_played":"2860796434218583095","potions_obtained":[{"floor":6,"key":"Block Potion"},{"floor":13,"key":"FearPotion"},{"floor":18,"key":"Reflective Coating"}],"is_trial":false,"path_per_floor":["M","?","?","M","M","E","R","M","T","$","E","R","M","M","R","B",null,"M","$","?","AVR","M"],"character_chosen":"BEAKED_THE_CULTIST","items_purchased":["Poisoned Strike","Thread and Needle","beaked:Insight","beaked:BraceForImpact","Whetstone","beaked:BraceForImpact"],"campfire_rested":0,"item_purchase_floors":[0,0,0,0,10,10],"current_hp_per_floor":[41,41,41,47,55,24,24,25,25,25,25,25,41,52,52,35,55,39,39,39,39,0,0],"gold":490,"neow_bonus":"","is_daily":false,"chose_seed":false,"campfire_upgraded":3,"win_rate":0.0,"timestamp":1612928681,"path_taken":["M","?","?","M","M","E","R","M","T","$","E","R","?","M","R","BOSS","M","$","?","AVR","M"],"items_purchased_type":["Card","Relic","Card","Card","Relic","Card"],"build_version":"2020-12-22","purchased_purges":0,"victory":false,"max_hp_per_floor":[50,50,50,55,55,55,55,55,55,55,55,55,55,55,55,55,55,55,55,55,55,55,55],"card_choices":[{"not_picked":["beaked:Insight","beaked:Brace"],"picked":"beaked:Evade","floor":1},{"not_picked":["beaked:Resilience","beaked:Overexert"],"picked":"beaked:VigorBurst","floor":4},{"not_picked":["beaked:Tradeoff","beaked:Resilience"],"picked":"beaked:Hexing","floor":5},{"not_picked":["beaked:Overexert","beaked:Daydream"],"picked":"beaked:HuntressSpirit","floor":6},{"not_picked":["beaked:Negation","beaked:Mantra"],"picked":"beaked:DesperateSwing","floor":8},{"not_picked":["beaked:CursingBlood","beaked:FakeOut"],"picked":"ReplayTheSpireMod:Wings of Steel","floor":13},{"not_picked":["beaked:Windmill","ReplayTheSpireMod:RavenHex"],"picked":"beaked:Tweet","floor":14},{"not_picked":["beaked:CheekyTricks","beaked:LiftOff"],"picked":"beaked:DarkPact","floor":16},{"not_picked":["beaked:Foresight","beaked:DesperateSwing"],"picked":"beaked:BounceBack+1","floor":18}],"player_experience":56723,"relics_obtained":[{"floor":1,"key":"LetterFromLob"},{"floor":6,"key":"reliquary:Aerogel"},{"floor":9,"key":"aspiration:HiddenCompartment"},{"floor":17,"key":"MawBank"},{"floor":17,"key":"hubris:SphereOfDissonance"},{"floor":17,"key":"hubris:Teleporter"}],"event_choices":[{"damage_healed":0,"gold_gain":0,"player_choice":"Box","damage_taken":0,"relics_obtained":["hubris:TenFootPole"],"max_hp_gain":0,"max_hp_loss":0,"event_name":"Big Fish","floor":2,"gold_loss":0,"cards_obtained":["Regret"]},{"cards_removed":["Regret"],"damage_healed":0,"gold_gain":0,"player_choice":"Removed Curses","damage_taken":0,"max_hp_gain":0,"max_hp_loss":0,"event_name":"Fountain of Cleansing","floor":3,"gold_loss":0},{"damage_healed":0,"gold_gain":275,"player_choice":"Desecrate","damage_taken":0,"max_hp_gain":0,"max_hp_loss":0,"event_name":"Golden Shrine","floor":20,"gold_loss":0,"cards_obtained":["Regret"]}],"is_beta":false,"boss_relics":[{"not_picked":["Honey Jar","Sozu"],"picked":"Calling Bell"}],"items_purged_floors":[],"is_endless":false,"potions_floor_spawned":[6,13,18],"killed_by":"3 Byrds","ascension_level":0}}