{"host":"a9gsz7kv8aebwp1f","time":1612984665,"event":{"mods":["AchievementEnabler","BaseMod","Minty Spire (QoL Compilation)"],"gold_per_floor":[211,223,115,115,133,165,165,16,42,42,56,73,91,166,166,166,166],"floor_reached":16,"language":"KOR","playtime":632,"items_purged":[],"score":158,"play_id":"30c259e2-9ab0-4a29-ae07-40b71897955b","local_time":"20210211041745","is_ascension_mode":true,"campfire_choices":[{"floor":7,"key":"REST"},{"data":"Enlightenment","floor":10,"key":"SMITH"},{"floor":15,"key":"REST"}],"circlet_count":0,"master_deck":["AscendersBane","Strike_R","Strike_R","Strike_R","Strike_R","Strike_R","Defend_R+1","Defend_R","Defend_R","Bash","Heavy Blade","True Grit+1","Enlightenment+1","Thunderclap","Headbutt","Clash","True Grit","Spot Weakness","Armaments","Dual Wield","Pummel"],"relics":["Burning Blood","Dream Catcher","Bag of Preparation","War Paint"],"acts_visited":["Exordium"],"potions_floor_usage":[16,16,16],"damage_taken":[{"damage":0,"enemies":"Small Slimes","floor":1,"turns":3},{"damage":0,"enemies":"Cultist","floor":2,"turns":4},{"damage":11,"enemies":"Jaw Worm","floor":5,"turns":4},{"damage":55,"enemies":"Lagavulin","floor":6,"turns":6},{"damage":25,"enemies":"Gremlin Gang","floor":11,"turns":3},{"damage":15,"enemies":"Large Slime","floor":12,"turns":4},{"damage":7,"enemies":"2 Fungi Beasts","floor":13,"turns":3},{"damage":44,"enemies":"Slime Boss","floor":16,"turns":9}],"seed_played":"-6671757263269989105","potions_obtained":[{"floor":11,"key":"SmokeBomb"},{"floor":12,"key":"Swift Potion"},{"floor":13,"key":"EntropicBrew"}],"is_trial":false,"path_per_floor":["M","M","$","?","M","E","R","$","T","R","M","M","M","?","R","B"],"character_chosen":"IRONCLAD","items_purchased":["Enlightenment","Thunderclap","Bag of Preparation"],"campfire_rested":2,"item_purchase_floors":[3,3,8],"current_hp_per_floor":[78,80,80,80,75,26,50,50,50,50,31,22,21,10,34,0,0],"gold":166,"neow_bonus":"HUNDRED_GOLD","is_daily":false,"chose_seed":false,"campfire_upgraded":1,"win_rate":0.0,"timestamp":1612984665,"path_taken":["M","M","$","?","M","E","R","$","T","R","M","?","M","?","R","BOSS"],"items_purchased_type":["Card","Card","Relic"],"build_version":"2020-12-22","purchased_purges":0,"victory":false,"max_hp_per_floor":[80,80,80,80,80,80,80,80,80,80,80,80,80,80,80,80,80],"card_choices":[{"not_picked":["Thunderclap","Rupture"],"picked":"Heavy Blade","floor":1},{"not_picked":["Iron Wave","Havoc"],"picked":"True Grit","floor":2},{"not_picked":["Entrench","Clothesline"],"picked":"Headbutt","floor":5},{"not_picked":["Second Wind","Carnage"],"picked":"Clash","floor":6},{"not_picked":["Searing Blow","Clothesline"],"picked":"True Grit","floor":7},{"not_picked":["Body Slam","Dual Wield"],"picked":"Spot Weakness","floor":11},{"not_picked":["Power Through","Whirlwind"],"picked":"Armaments","floor":12},{"not_picked":["Searing Blow","Havoc"],"picked":"Dual Wield","floor":13},{"not_picked":["Body Slam","Whirlwind"],"picked":"Pummel","floor":15}],"player_experience":455749,"relics_obtained":[{"floor":6,"key":"Dream Catcher"},{"floor":9,"key":"War Paint"}],"event_choices":[{"cards_removed":["Defend_R"],"damage_healed":0,"gold_gain":0,"player_choice":"Purged","damage_taken":0,"max_hp_gain":0,"max_hp_loss":0,"event_name":"Purifier","floor":4,"gold_loss":0},{"damage_healed":0,"gold_gain":75,"player_choice":"Gather Gold","damage_taken":11,"max_hp_gain":0,"max_hp_loss":0,"event_name":"World of Goop","floor":14,"gold_loss":0}],"is_beta":false,"boss_relics":[],"items_purged_floors":[],"is_endless":false,"potions_floor_spawned":[11,12,13],"killed_by":"Slime Boss","ascension_level":11}}