{"host":"m4hcknw9g39vw3hn","time":1612932438,"event":{"mods":["Act Like it!","BaseMod","Downfall","Hermit","KomeijiMod","Lobotomy","LobotomyExtend","Marisa（F雨　魔理沙）","Minty Spire (QoL Compilation)","Quick Restart","Remilia（蕾米莉亚）","RumiaBox-露米娅的神秘盒子","Shop Mod","Spicy Shops","StSLib","[IsaacMod]以撒尖塔"],"gold_per_floor":[217,217,295,295,308,308,343,343,343,353,139,156,168,221,221,325,325,372,372,430,556,556,556,556,598,676,676,737,749,761,836,848,963,975,987,987],"floor_reached":35,"language":"ZHS","playtime":1479,"items_purged":[],"score":468,"play_id":"761a7373-a8b4-4332-b4dc-92c4501c28a6","local_time":"20210210124718","is_ascension_mode":true,"campfire_choices":[{"floor":27.0,"key":"REST"}],"circlet_count":0,"master_deck":["SpecialBullet","SpecialBullet","SpecialBullet","SpecialBullet","SpecialBullet","SpecialBullet","SpecialBullet","SpecialBullet","ControlCode","InformationCode","SecurityCode","Spore","TT2Protocol","CENSORED_ego","SummonCall","Clumsy","RedShoes","SingingMachine","Mimicry","SomewhereSpear","Scorched","ParadiseLost","Lamp"],"relics":["CogitoBucket","HushsDoor","GuppysTail","LetterFromLob","PreservedInsect","NineVolt","BloodDonationMachine","Strawberry","ChangeAnything","Calling Bell","DeadEye","PlanX","TheBean","Regal Pillow","AdjustmentMirror","GodSword1","MawBank","Toy Ornithopter","Black Star","Damocles"],"acts_visited":["Exordium","TheCity","TheBeyond"],"potions_floor_usage":[],"damage_taken":[{"damage":6.0,"enemies":"2 Louse","floor":1.0,"turns":2.0},{"damage":18.0,"enemies":"Jaw Worm","floor":5.0,"turns":3.0},{"damage":0.0,"enemies":"3 Sentries","floor":7.0,"turns":2.0},{"damage":0.0,"enemies":"Small Slimes","floor":10.0,"turns":2.0},{"damage":4.0,"enemies":"2 Fungi Beasts","floor":12.0,"turns":2.0},{"damage":12.0,"enemies":"Large Slime","floor":13.0,"turns":4.0},{"damage":19.0,"enemies":"Gremlin Gang","floor":14.0,"turns":3.0},{"damage":35.0,"enemies":"The Guardian","floor":16.0,"turns":5.0},{"damage":27.0,"enemies":"Spheric Guardian","floor":18.0,"turns":4.0},{"damage":6.0,"enemies":"3 Byrds","floor":20.0,"turns":5.0},{"damage":61.0,"enemies":"Cultist and Chosen","floor":21.0,"turns":12.0},{"damage":0.0,"enemies":"Centurion and Healer","floor":24.0,"turns":1.0},{"damage":12.0,"enemies":"3 Cultists","floor":25.0,"turns":3.0},{"damage":21.0,"enemies":"Book of Stabbing","floor":28.0,"turns":3.0},{"damage":27.0,"enemies":"Gremlin Leader","floor":31.0,"turns":4.0},{"damage":37.0,"enemies":"Automaton","floor":33.0,"turns":6.0},{"damage":41,"enemies":"3 Darklings","floor":35,"turns":2}],"seed_played":"-9028410266360364409","potions_obtained":[{"floor":5.0,"key":"SkillPotion"},{"floor":12.0,"key":"PowerPotion"},{"floor":14.0,"key":"SmokeBomb"},{"floor":16.0,"key":"DuplicationPotion"},{"floor":28.0,"key":"DistilledChaos"},{"floor":31.0,"key":"BlessingOfTheForge"},{"floor":33.0,"key":"SteroidPotion"}],"is_trial":false,"path_per_floor":["M","?","T","?","M","R","E","R","T","M","$","M","M","M","R","B",null,"M","?","M","M","?","R","M","M","T","R","E","R","$","E","R","B",null,"M"],"character_chosen":"Angela","items_purchased":["BloodDonationMachine","Strawberry","Damocles","Lamp"],"campfire_rested":1,"item_purchase_floors":[11,11,34,34],"current_hp_per_floor":[70,70,70,70,60,60,68,68,68,70,77,77,76,63,63,39,77,61,61,66,5,5,5,13,12,12,50,41,41,41,33,33,38,69,0,0],"gold":987,"neow_bonus":"HUNDRED_GOLD","is_daily":false,"chose_seed":false,"campfire_upgraded":0,"win_rate":0.0,"timestamp":1612932438,"path_taken":["M","?","?","?","M","R","E","R","T","M","$","M","M","M","R","BOSS","M","?","M","M","?","R","M","M","T","R","E","R","?","E","R","BOSS","M"],"items_purchased_type":["Relic","Relic","Relic","Card"],"build_version":"2020-12-22","purchased_purges":0,"victory":false,"max_hp_per_floor":[70,70,70,70,70,70,70,70,70,70,77,77,77,77,77,77,77,77,77,77,77,77,77,77,77,77,77,77,77,77,81,81,81,69,69,69],"card_choices":[{"not_picked":[],"picked":"Bomb","floor":0.0},{"not_picked":["FrostShard","Discord"],"picked":"SKIP","floor":1.0},{"not_picked":["SomewhereSpear"],"picked":"Spore","floor":5.0},{"not_picked":["Moonlight"],"picked":"CENSORED_ego","floor":7.0},{"not_picked":["BearPaw","FourthMatchFlame"],"picked":"SKIP","floor":10.0},{"not_picked":["LifeForTheDareDevil","Tough"],"picked":"SKIP","floor":12.0},{"not_picked":["FieryBird","BlueStar"],"picked":"RedShoes","floor":13.0},{"not_picked":["Galaxy","SwordSharpenedByTears"],"picked":"SKIP","floor":13.0},{"not_picked":["MHz","WhitesApple"],"picked":"SingingMachine","floor":14.0},{"not_picked":["RapturousDream","WristCuter"],"picked":"SKIP","floor":14.0},{"not_picked":["RapturousDream","WristCuter"],"picked":"SKIP","floor":14.0},{"not_picked":["DaCapo"],"picked":"Mimicry","floor":16.0},{"not_picked":["CherryBlossom","WristCuter"],"picked":"SKIP","floor":18.0},{"not_picked":["Tough","FeatherOfHonor+1"],"picked":"SKIP","floor":20.0},{"not_picked":["BlueScar","Noise"],"picked":"SKIP","floor":21.0},{"not_picked":["CUTE"],"picked":"SomewhereSpear","floor":25.0},{"not_picked":["Noise","RapturousDream"],"picked":"SKIP","floor":28.0},{"not_picked":["LongBird","PlagueDoctor"],"picked":"Scorched","floor":31.0},{"not_picked":["WristCuter","Horn+1"],"picked":"SKIP","floor":31.0},{"not_picked":["DaCapo"],"picked":"ParadiseLost","floor":33.0}],"player_experience":267459,"relics_obtained":[{"floor":1.0,"key":"LetterFromLob"},{"floor":7.0,"key":"PreservedInsect"},{"floor":9.0,"key":"NineVolt"},{"floor":17.0,"key":"DeadEye"},{"floor":17.0,"key":"PlanX"},{"floor":17.0,"key":"TheBean"},{"floor":26.0,"key":"GodSword1"},{"floor":28.0,"key":"MawBank"},{"floor":31.0,"key":"Toy Ornithopter"}],"event_choices":[{"damage_healed":0.0,"max_hp_gain":0.0,"max_hp_loss":0.0,"gold_gain":0.0,"event_name":"Shining Light","player_choice":"Ignored","floor":2.0,"gold_loss":0.0,"damage_taken":0.0},{"damage_healed":0.0,"max_hp_gain":0.0,"max_hp_loss":0.0,"gold_gain":0.0,"event_name":"Golden Wing","player_choice":"Ignored","floor":4.0,"gold_loss":0.0,"damage_taken":0.0},{"damage_healed":0.0,"max_hp_gain":0.0,"max_hp_loss":0.0,"gold_gain":0.0,"event_name":"Addict","player_choice":"Stole Relic","floor":19.0,"gold_loss":0.0,"damage_taken":0.0,"relics_obtained":["Regal Pillow"],"cards_obtained":["Shame"]}],"is_beta":false,"boss_relics":[{"not_picked":["Runic Dome","Velvet Choker"],"picked":"Calling Bell"},{"not_picked":[]},{"not_picked":["bronze:MakeshiftBattery","Snecko Eye"],"picked":"Black Star"},{"not_picked":[]}],"items_purged_floors":[],"is_endless":false,"potions_floor_spawned":[5,12,14,16,28,31,33],"killed_by":"3 Darklings","ascension_level":1}}