{"host":"jak4ncvfzor9mys0","time":1612946028,"event":{"mods":["2.2 Compatiblity","AchievementEnabler","BaseMod","Better Altar","Better Match","Better Note","Better Sensory Stone","Better Skull","Better Third Choice","BetterRewards","Block Reminder","Colored Map","Colored Powertips","Dark Map","Energized Spire","Gold Saver","Hubris","Infinite Spire","Key Reminder","Minty Spire (QoL Compilation)","Rare Cards Sparkle","Red Circlet Mod","Relic Sorter","Relic Stats","Replay The Spire","Retaliation","Spicy Shops","StSLib","SuperFastMode","The Blue Laboratory"],"gold_per_floor":[380,398,93,108,124,124,137,137,209,209,54,69,95,105,105,200,200,215,229,229,249,261,261,113,143,143,143,153,167,167,201,201,306,306,340,240,270,298,61,130,176,176,203,203,289,142,193,239,239,394,394,441,491,336,372,426,485,485,460,460,460,506,554,612,612,612,764,764,831,756,819,857,930,1034,1034,1034,1087,1087,1179,1179,1291,1392,1392,1609,1609,1733,1795,1795,1940,2097,2097,2270,2334,2384,2384,2552,2552,2552,2736,2736,3029,3029,3245,3245,3470,3715,3339,3339,3592,3592,3592,3840,3840,3840,4111,4417,4417,4811,4811,5139,4477,4788,5116,5116,5116,5461,5853,5853,6254,6682,6682,7137,7137,7137,7716,7716,8242,8242,8242,8116,8655,9258,9258,9898,9898,10581,10630,10505,10505,10177,10177,10932,10932,10932,10863,11605,12455],"floor_reached":158,"language":"ENG","playtime":12438,"items_purged":["hubris:ReadiedAction","Shrug It Off","Juggernaut","Shrug It Off+1","Shrug It Off+1","Twin Strike+1"],"score":5613,"play_id":"7a9400e4-4ad7-473b-b265-8e26b4766806","local_time":"20210210003348","is_ascension_mode":true,"campfire_choices":[{"data":"Shrug It Off","floor":6.0,"key":"SMITH"},{"data":"Body Slam","floor":8.0,"key":"SMITH"},{"data":"Bash","floor":10.0,"key":"SMITH"},{"data":"Twin Strike","floor":15.0,"key":"SMITH"},{"data":"Inflame","floor":23.0,"key":"SMITH"},{"floor":32.0,"key":"REST"},{"data":"Barricade","floor":42.0,"key":"SMITH"},{"data":"ReplayReversal","floor":49.0,"key":"SMITH"},{"data":"Shrug It Off","floor":58.0,"key":"SMITH"},{"data":"Strike_R","floor":58.0,"key":"SMITH"},{"data":"Defend_R","floor":75.0,"key":"SMITH"},{"data":"Defend_R","floor":75.0,"key":"SMITH"},{"data":"Perfected Strike","floor":80.0,"key":"SMITH"},{"data":"infinitespire:Fortify","floor":80.0,"key":"SMITH"},{"data":"Defend_R+1","floor":83.0,"key":"SMITH"},{"data":"Strike_R+1","floor":83.0,"key":"SMITH"},{"data":"Strike_R+1","floor":98.0,"key":"SMITH"},{"data":"Defend_R+2","floor":98.0,"key":"SMITH"},{"data":"Defend_R+1","floor":108.0,"key":"SMITH"},{"data":"Replay:BasicMightCard","floor":108.0,"key":"SMITH"},{"data":"Defend_R+2","floor":125.0,"key":"SMITH"},{"data":"Defend_R+2","floor":125.0,"key":"SMITH"},{"data":"Defend_R+2","floor":131.0,"key":"SMITH"},{"data":"Strike_R+2","floor":131.0,"key":"SMITH"},{"data":"Strike_R+2","floor":134.0,"key":"SMITH"},{"data":"Strike_R+2","floor":134.0,"key":"SMITH"},{"data":"Strike_R+1","floor":143,"key":"SMITH"},{"data":"Strike_R+1","floor":143,"key":"SMITH"},{"data":"Defend_R+1","floor":149,"key":"SMITH"},{"data":"Defend_R+1","floor":149,"key":"SMITH"},{"data":"Defend_R+1","floor":151,"key":"SMITH"},{"data":"Defend_R+1","floor":151,"key":"SMITH"},{"data":"Strike_R+1","floor":154,"key":"SMITH"},{"data":"Strike_R+1","floor":154,"key":"SMITH"}],"circlet_count":0,"master_deck":["Strike_R+2","Strike_R+2","Strike_R+2","Strike_R+2","Defend_R+2","Defend_R+2","Defend_R+2","Defend_R+2","Body Slam+1","Perfected Strike+1","Barricade+1","CurseOfTheBell","ReplayReversal+1","infinitespire:FinalStrike","infinitespire:Fortify+1","Entrench+1","Body Slam+1"],"relics":["Burning Blood","hubris:Icosahedron","hubris:Reverence","DDmod:StuhbiRelic","infinitespire:FocusingShard","Replay:Bandana","Ice Cream","Replay:Bottled Flurry","King of Hearts","hubris:OldNail","Busted Crown","hubris:GlazedTorus","Simple Rune","ReplayTheSpireMod:Shallot","SlaversCollar","infinitespire:CheckeredPen","ReplayTheSpireMod:Lightbulb","infinitespire:EvilPickle","Calling Bell","Vajra","Mirror","Pondfish Scales","Counterbalance","Replay:Rubber Ducky","Bronze Scales","hubris:Towel","Anchor","ReplayFunnel","hubris:Backtick","Replay:Arrowhead","TheAbacus","hubris:PeanutButter","hubris:IronBody","Red Mask","Lizard Tail","Blood Vial","Singing Bowl","Gremlin Horn","Replay:Multitool","hubris:ChampionShield","StrikeDummy","Sozu","hubris:SlimyHat","CeramicFish","Bottled Tornado","CaptainsWheel","Membership Card","Question Card","Juzu Bracelet","hubris:SphereOfDissonance","Bag of Marbles","hubris:Potato","Frozen Egg 2","infinitespire:ShieldingShard","Charon\u0027s Ashes","infinitespire:WardingShard","HornCleat","HandDrill","Kunai","DollysMirror","Oddly Smooth Stone"],"acts_visited":["Exordium","TheCity","TheBeyond","Exordium","TheCity","TheBeyond","Exordium","TheCity","TheBeyond","TheEnding"],"potions_floor_usage":[],"damage_taken":[{"damage":5.0,"enemies":"Small Slimes","floor":1.0,"turns":5.0},{"damage":2.0,"enemies":"2 Louse","floor":2.0,"turns":3.0},{"damage":0.0,"enemies":"Cultist","floor":4.0,"turns":5.0},{"damage":7.0,"enemies":"3 Louse","floor":5.0,"turns":5.0},{"damage":8.0,"enemies":"Gremlin Gang","floor":7.0,"turns":7.0},{"damage":5.0,"enemies":"Exordium Wildlife","floor":12.0,"turns":4.0},{"damage":30.0,"enemies":"3 Sentries","floor":13.0,"turns":11.0},{"damage":7.0,"enemies":"Exordium Thugs","floor":14.0,"turns":4.0},{"damage":60.0,"enemies":"Hexaghost","floor":16.0,"turns":11.0},{"damage":20.0,"enemies":"2 Thieves","floor":18.0,"turns":4.0},{"damage":9.0,"enemies":"3 Byrds","floor":19.0,"turns":6.0},{"damage":22.0,"enemies":"Centurion and Healer","floor":21.0,"turns":6.0},{"damage":2.0,"enemies":"Snecko","floor":22.0,"turns":4.0},{"damage":34.0,"enemies":"Slavers","floor":25.0,"turns":5.0},{"damage":3.0,"enemies":"Cultist and Chosen","floor":28.0,"turns":4.0},{"damage":15.0,"enemies":"Snake Plant","floor":29.0,"turns":4.0},{"damage":30.0,"enemies":"Nightmare","floor":31.0,"turns":6.0},{"damage":25.0,"enemies":"Pondfish","floor":33.0,"turns":13.0},{"damage":16.0,"enemies":"3 Shapes","floor":35.0,"turns":5.0},{"damage":11.0,"enemies":"3 Darklings","floor":37.0,"turns":3.0},{"damage":10.0,"enemies":"4 Shapes","floor":38.0,"turns":4.0},{"damage":19.0,"enemies":"Reptomancer","floor":40.0,"turns":4.0},{"damage":0.0,"enemies":"Jaw Worm Horde","floor":41.0,"turns":4.0},{"damage":7.0,"enemies":"Nemesis","floor":45.0,"turns":5.0},{"damage":0.0,"enemies":"Transient","floor":47.0,"turns":5.0},{"damage":5.0,"enemies":"4 Shapes","floor":48.0,"turns":4.0},{"damage":47.0,"enemies":"Awakened One","floor":50.0,"turns":10.0},{"damage":0.0,"enemies":"Jaw Worm","floor":52.0,"turns":2.0},{"damage":0.0,"enemies":"2 Louse","floor":53.0,"turns":1.0},{"damage":0.0,"enemies":"Small Slimes","floor":55.0,"turns":2.0},{"damage":0.0,"enemies":"3 Louse","floor":56.0,"turns":2.0},{"damage":0.0,"enemies":"Gremlin Nob","floor":57.0,"turns":2.0},{"damage":0.0,"enemies":"Red Slaver","floor":62.0,"turns":2.0},{"damage":0.0,"enemies":"Blue Slaver","floor":63.0,"turns":1.0},{"damage":0.0,"enemies":"Exordium Thugs","floor":64.0,"turns":3.0},{"damage":0.0,"enemies":"Slime Boss","floor":67.0,"turns":3.0},{"damage":0.0,"enemies":"Spheric Guardian","floor":69.0,"turns":2.0},{"damage":0.0,"enemies":"3 Byrds","floor":71.0,"turns":3.0},{"damage":0.0,"enemies":"Masked Bandits","floor":72.0,"turns":2.0},{"damage":0.0,"enemies":"Centurion and Healer","floor":73.0,"turns":3.0},{"damage":22.0,"enemies":"Slavers","floor":74.0,"turns":3.0},{"damage":0.0,"enemies":"Snecko","floor":79.0,"turns":3.0},{"damage":0.0,"enemies":"Gremlin Leader","floor":81.0,"turns":3.0},{"damage":12.0,"enemies":"Shelled Parasite and Fungi","floor":82.0,"turns":3.0},{"damage":0.0,"enemies":"Automaton","floor":84.0,"turns":6.0},{"damage":40.0,"enemies":"3 Darklings","floor":86.0,"turns":3.0},{"damage":0.0,"enemies":"2 Orb Walkers","floor":87.0,"turns":3.0},{"damage":0.0,"enemies":"Orb Walker","floor":89.0,"turns":2.0},{"damage":0.0,"enemies":"Sphere and 2 Shapes","floor":90.0,"turns":3.0},{"damage":26.0,"enemies":"Nemesis","floor":92.0,"turns":4.0},{"damage":0.0,"enemies":"Mind Bloom Boss Battle","floor":93.0,"turns":3.0},{"damage":0.0,"enemies":"Jaw Worm Horde","floor":96.0,"turns":3.0},{"damage":0.0,"enemies":"3 Darklings","floor":99.0,"turns":3.0},{"damage":0.0,"enemies":"hubris:GrandSnecko","floor":101.0,"turns":7.0},{"damage":0.0,"enemies":"Jaw Worm","floor":103.0,"turns":1.0},{"damage":0.0,"enemies":"Cultist","floor":105.0,"turns":2.0},{"damage":0.0,"enemies":"2 Louse","floor":106.0,"turns":1.0},{"damage":0.0,"enemies":"Lagavulin","floor":109.0,"turns":2.0},{"damage":0.0,"enemies":"Blue Slaver","floor":112.0,"turns":1.0},{"damage":0.0,"enemies":"Gremlin Gang","floor":115.0,"turns":1.0},{"damage":0.0,"enemies":"3 Sentries","floor":116.0,"turns":2.0},{"damage":6.0,"enemies":"Hexaghost","floor":118.0,"turns":3.0},{"damage":0.0,"enemies":"Spheric Guardian","floor":120.0,"turns":2.0},{"damage":0.0,"enemies":"Chosen","floor":122.0,"turns":1.0},{"damage":0.0,"enemies":"Sentry and Sphere","floor":123.0,"turns":2.0},{"damage":0.0,"enemies":"Snecko","floor":126.0,"turns":2.0},{"damage":0.0,"enemies":"Centurion and Healer","floor":127.0,"turns":2.0},{"damage":0.0,"enemies":"Shelled Parasite and Fungi","floor":129.0,"turns":3.0},{"damage":0.0,"enemies":"Snecko","floor":130.0,"turns":3.0},{"damage":0.0,"enemies":"Centurion and Healer","floor":132.0,"turns":2.0},{"damage":0.0,"enemies":"Champ","floor":135.0,"turns":5.0},{"damage":0.0,"enemies":"3 Shapes","floor":137.0,"turns":3.0},{"damage":0,"enemies":"Orb Walker","floor":141,"turns":2},{"damage":0,"enemies":"Reptomancer","floor":142,"turns":4},{"damage":0,"enemies":"Nightmare","floor":144,"turns":3},{"damage":0,"enemies":"Giant Head","floor":146,"turns":3},{"damage":0,"enemies":"Mind Bloom Boss Battle","floor":147,"turns":1},{"damage":0,"enemies":"Awakened One","floor":152,"turns":4},{"damage":0,"enemies":"Shield and Spear","floor":156,"turns":3},{"damage":0,"enemies":"The Heart","floor":157,"turns":7}],"seed_played":"3835929660907116359","potions_obtained":[{"floor":4.0,"key":"ElixirPotion"},{"floor":5.0,"key":"blueLaboratory:SmithPotion"},{"floor":7.0,"key":"blueLaboratory:FruitPunch"},{"floor":13.0,"key":"blueLaboratory:StoneskinPotion"},{"floor":25.0,"key":"Languid Potion"},{"floor":28.0,"key":"Regen Potion"},{"floor":31.0,"key":"LiquidMemories"},{"floor":33.0,"key":"blueLaboratory:CorrosionFlask"},{"floor":53.0,"key":"Regen Potion"}],"is_trial":false,"path_per_floor":["M","M","$","M","M","R","M","R","T","R","$","M","E","M","R","B",null,"M","M","?","M","M","R","$","E","T","AVR","M","M","?","NM","R","B",null,"M","NS","M","M","$","E","M","R","T","?","E","$","M","M","R","B",null,"M","M","$","M","M","E","R","?","T","T","M","M","M","?","R_BF","B",null,"M","$","M","?","M","E","R","?","T","AVR","M","R","E","M","R","B",null,"M","?","$","M","M","R","E","?","T","T","M","?","R","M","R_BF","B",null,"M","?","M","M","$","R","E","T","T","M","AVR","?","M","E","R","B",null,"M","$","M","M","?","R","M","M","T","M","M","R","M","AVR","R","B",null,"M","?","?","$","M","E","R","NM","T","E","?","$","R","$","R","B",null,"R","$","E","B",null],"character_chosen":"IRONCLAD","items_purchased":["Ice Cream","King of Hearts","hubris:GlazedTorus","Perfected Strike","Counterbalance","Replay:Bandana","ReplayFunnel","TheAbacus","hubris:SlimyHat","CaptainsWheel","Membership Card","Question Card","hubris:SphereOfDissonance","infinitespire:WardingShard","HornCleat","HandDrill","Kunai","DollysMirror"],"campfire_rested":1,"item_purchase_floors":[3,11,24,24,39,39,46,54,107,121,121,121,140,148,150,150,150,155],"current_hp_per_floor":[88,88,88,88,87,87,85,85,85,85,85,86,64,63,63,9,90,76,73,73,57,61,61,61,33,33,33,36,27,24,15,42,23,90,80,80,75,71,71,58,64,64,64,64,63,63,69,70,70,29,90,90,90,90,90,90,90,90,90,90,90,90,90,90,90,90,90,90,90,90,90,90,90,74,74,74,74,74,82,82,92,88,88,94,94,62,70,70,80,90,90,74,84,84,84,94,94,94,104,104,110,110,112,112,114,116,116,116,118,118,118,120,120,120,122,124,124,126,126,128,128,130,132,129,129,134,136,136,138,140,140,142,142,142,144,144,146,150,150,150,152,154,154,156,156,158,160,160,160,160,160,162,162,162,162,162,164],"gold":12455,"neow_bonus":"TEN_PERCENT_HP_BONUS","is_daily":false,"chose_seed":false,"campfire_upgraded":33,"win_rate":0.0,"timestamp":1612946028,"path_taken":["M","M","$","M","M","R","M","R","T","R","$","M","E","M","R","BOSS","M","M","?","M","M","R","$","E","T","AVR","M","?","?","NM","R","BOSS","M","NS","?","M","$","E","M","R","T","?","E","?","M","M","R","BOSS","M","M","$","M","M","E","R","?","T","?","M","M","?","?","R_BF","BOSS","M","$","M","?","M","E","R","?","T","AVR","M","R","E","M","R","BOSS","M","?","$","M","M","R","E","?","T","?","?","?","R","M","R_BF","BOSS","M","?","?","M","$","R","E","?","T","M","AVR","?","M","E","R","BOSS","M","$","M","M","?","R","?","M","T","M","M","R","M","AVR","R","BOSS","M","?","?","?","M","E","R","NM","T","E","?","$","R","?","R","BOSS","R","$","E","BOSS"],"items_purchased_type":["Relic","Relic","Relic","Card","Relic","Relic","Relic","Relic","Relic","Relic","Relic","Relic","Relic","Relic","Relic","Relic","Relic","Relic"],"build_version":"2020-12-22","purchased_purges":6,"victory":true,"max_hp_per_floor":[88,88,88,88,88,88,88,88,88,88,88,88,90,90,90,90,90,90,90,90,90,90,90,90,90,90,90,90,90,90,90,90,90,90,90,90,90,90,90,90,90,90,90,90,90,90,90,90,90,90,90,90,90,90,90,90,90,90,90,90,90,90,90,90,90,90,90,90,90,90,90,90,90,90,90,90,90,90,90,90,92,94,94,94,94,96,96,96,98,100,100,102,104,104,104,106,106,106,108,108,110,110,112,112,114,116,116,116,118,118,118,120,120,120,122,124,124,126,126,128,128,130,132,132,132,134,136,136,138,140,140,142,142,142,144,144,146,150,150,150,152,154,154,156,156,158,160,160,160,160,160,162,162,162,162,162,164],"relic_stats":{"Singing Bowl":74,"Gremlin Horn":[25,25],"counters":[80,293],"CeramicFish":9,"Charon\u0027s Ashes":[6],"Juzu Bracelet":0,"Question Card":83,"Burning Blood":236,"Blood Vial":24,"Sozu":0,"Lizard Tail":0,"Busted Crown":602,"TheAbacus":[84],"Bronze Scales":[420],"HandDrill":[2],"Kunai":[2],"obtain_stats":[{"Ice Cream":3,"Gremlin Horn":92,"CeramicFish":109,"Vajra":34,"Bottled Tornado":116,"Blood Vial":77,"Sozu":102,"Lizard Tail":74,"infinitespire:ShieldingShard":146,"HornCleat":150,"DollysMirror":155,"Replay:Bottled Flurry":9,"HandDrill":150,"Kunai":150,"Counterbalance":39,"hubris:SphereOfDissonance":140,"Oddly Smooth Stone":156,"Charon\u0027s Ashes":147,"Question Card":121,"infinitespire:EvilPickle":33,"SlaversCollar":27,"DDmod:StuhbiRelic":87,"ReplayTheSpireMod:Shallot":26,"Bronze Scales":43,"Simple Rune":25,"hubris:PeanutButter":57,"Mirror":34,"StrikeDummy":95,"hubris:Reverence":111,"ReplayFunnel":46,"Singing Bowl":81,"King of Hearts":11,"Replay:Multitool":93,"hubris:SlimyHat":107,"Juzu Bracelet":128,"Burning Blood":0,"Replay:Rubber Ducky":40,"Replay:Bandana":39,"hubris:Backtick":51,"TheAbacus":54,"hubris:Icosahedron":65,"hubris:IronBody":60,"Red Mask":72,"hubris:ChampionShield":94,"hubris:GlazedTorus":24,"infinitespire:FocusingShard":61,"infinitespire:CheckeredPen":27,"hubris:Towel":44,"Frozen Egg 2":145,"Replay:Arrowhead":51,"Calling Bell":34,"Pondfish Scales":34,"Anchor":45,"CaptainsWheel":121,"Busted Crown":17,"infinitespire:WardingShard":148,"Bag of Marbles":142,"Membership Card":121,"ReplayTheSpireMod:Lightbulb":31,"hubris:OldNail":13,"hubris:Potato":144},{"Ice Cream":2,"Gremlin Horn":50,"CeramicFish":58,"Vajra":18,"Bottled Tornado":61,"Blood Vial":41,"Sozu":54,"Lizard Tail":41,"infinitespire:ShieldingShard":76,"HornCleat":77,"DollysMirror":78,"Replay:Bottled Flurry":5,"HandDrill":77,"Kunai":77,"Counterbalance":21,"hubris:SphereOfDissonance":72,"Oddly Smooth Stone":79,"Charon\u0027s Ashes":77,"Question Card":63,"infinitespire:EvilPickle":18,"SlaversCollar":14,"DDmod:StuhbiRelic":47,"ReplayTheSpireMod:Shallot":14,"Bronze Scales":23,"Simple Rune":14,"hubris:PeanutButter":32,"Mirror":18,"StrikeDummy":51,"hubris:Reverence":58,"ReplayFunnel":24,"Singing Bowl":43,"King of Hearts":5,"Replay:Multitool":51,"hubris:SlimyHat":57,"Juzu Bracelet":67,"Burning Blood":0,"Replay:Rubber Ducky":22,"Replay:Bandana":21,"hubris:Backtick":27,"TheAbacus":29,"hubris:Icosahedron":35,"hubris:IronBody":32,"Red Mask":39,"hubris:ChampionShield":51,"hubris:GlazedTorus":13,"infinitespire:FocusingShard":32,"infinitespire:CheckeredPen":14,"hubris:Towel":23,"Frozen Egg 2":75,"Replay:Arrowhead":27,"Calling Bell":18,"Pondfish Scales":18,"Anchor":24,"CaptainsWheel":63,"Busted Crown":9,"infinitespire:WardingShard":77,"Bag of Marbles":74,"Membership Card":63,"ReplayTheSpireMod:Lightbulb":17,"hubris:OldNail":7,"hubris:Potato":75},{"Ice Cream":8,"Gremlin Horn":212,"CeramicFish":234,"Vajra":107,"Bottled Tornado":238,"Blood Vial":182,"Sozu":228,"Lizard Tail":182,"infinitespire:ShieldingShard":278,"HornCleat":279,"DollysMirror":283,"Replay:Bottled Flurry":25,"HandDrill":279,"Kunai":279,"Counterbalance":119,"hubris:SphereOfDissonance":266,"Oddly Smooth Stone":286,"Charon\u0027s Ashes":279,"Question Card":243,"infinitespire:EvilPickle":107,"SlaversCollar":80,"DDmod:StuhbiRelic":203,"ReplayTheSpireMod:Shallot":80,"Bronze Scales":127,"Simple Rune":80,"hubris:PeanutButter":160,"Mirror":107,"StrikeDummy":215,"hubris:Reverence":234,"ReplayFunnel":132,"Singing Bowl":188,"King of Hearts":25,"Replay:Multitool":215,"hubris:SlimyHat":232,"Juzu Bracelet":250,"Burning Blood":0,"Replay:Rubber Ducky":123,"Replay:Bandana":119,"hubris:Backtick":151,"TheAbacus":154,"hubris:Icosahedron":166,"hubris:IronBody":160,"Red Mask":176,"hubris:ChampionShield":215,"hubris:GlazedTorus":75,"infinitespire:FocusingShard":160,"infinitespire:CheckeredPen":80,"hubris:Towel":127,"Frozen Egg 2":275,"Replay:Arrowhead":151,"Calling Bell":107,"Pondfish Scales":107,"Anchor":132,"CaptainsWheel":243,"Busted Crown":55,"infinitespire:WardingShard":279,"Bag of Marbles":272,"Membership Card":243,"ReplayTheSpireMod:Lightbulb":94,"hubris:OldNail":40,"hubris:Potato":275}]},"card_choices":[{"not_picked":["Flex","Pummel"],"picked":"Shrug It Off","floor":1.0},{"not_picked":["Metallicize","Heavy Blade","Replay:Undeath\u0027s Touch"],"picked":"SKIP","floor":2.0},{"not_picked":["ReplayTheSpireMod:Limb From Limb","Heavy Blade","Clash"],"picked":"SKIP","floor":4.0},{"not_picked":["Warcry","Life Link","DDmod:RapidStrikeAttack"],"picked":"SKIP","floor":5.0},{"not_picked":["Headbutt","Disarm"],"picked":"Body Slam","floor":7.0},{"not_picked":["Replay:Undeath\u0027s Touch","Warcry","Disarm"],"picked":"SKIP","floor":12.0},{"not_picked":["Intimidate","hubris:StunningStrike"],"picked":"Twin Strike","floor":13.0},{"not_picked":["Intimidate","Combust"],"picked":"Inflame","floor":14.0},{"not_picked":["Second Wind"],"picked":"SKIP","floor":18.0},{"not_picked":["Entrench"],"picked":"SKIP","floor":19.0},{"not_picked":["Headbutt+1"],"picked":"SKIP","floor":21.0},{"not_picked":["Shockwave"],"picked":"SKIP","floor":22.0},{"not_picked":["Heavy Blade"],"picked":"SKIP","floor":25.0},{"not_picked":["Heavy Blade"],"picked":"SKIP","floor":28.0},{"not_picked":["Run Through"],"picked":"SKIP","floor":29.0},{"not_picked":["Infernal Blade"],"picked":"SKIP","floor":31.0},{"not_picked":[],"picked":"Barricade","floor":33.0},{"not_picked":["Flex"],"picked":"SKIP","floor":35.0},{"not_picked":["DDmod:EasePowerCard"],"picked":"SKIP","floor":37.0},{"not_picked":["True Grit+1"],"picked":"SKIP","floor":38.0},{"not_picked":[],"picked":"Shrug It Off","floor":40.0},{"not_picked":["Headbutt+1"],"picked":"SKIP","floor":41.0},{"not_picked":["Clothesline+1"],"picked":"SKIP","floor":45.0},{"not_picked":["Anger+1"],"picked":"SKIP","floor":47.0},{"not_picked":["ReplayReversal"],"picked":"SKIP","floor":48.0},{"not_picked":[],"picked":"ReplayReversal","floor":48.0},{"not_picked":["Havoc"],"picked":"SKIP","floor":52.0},{"not_picked":[],"picked":"Shrug It Off","floor":53.0},{"not_picked":["Clash"],"picked":"SKIP","floor":55.0},{"not_picked":["DDmod:SpikeMailSkill"],"picked":"SKIP","floor":56.0},{"not_picked":["Rampage"],"picked":"SKIP","floor":57.0},{"not_picked":["Uppercut"],"picked":"SKIP","floor":62.0},{"not_picked":[],"picked":"hubris:ReadiedAction","floor":63.0},{"not_picked":["DDmod:PokeAttack"],"picked":"SKIP","floor":64.0},{"not_picked":[],"picked":"Replay:BasicMightCard","floor":66.0},{"not_picked":["infinitespire:NeuralNetwork","hubris:Fate"],"picked":"infinitespire:FinalStrike","floor":68.0},{"not_picked":["Run Through"],"picked":"SKIP","floor":69.0},{"not_picked":["Evolve"],"picked":"SKIP","floor":71.0},{"not_picked":["Flex+1"],"picked":"SKIP","floor":73.0},{"not_picked":["Sword Boomerang"],"picked":"SKIP","floor":74.0},{"not_picked":["Abandon+1"],"picked":"SKIP","floor":79.0},{"not_picked":["Cleave"],"picked":"Singing Bowl","floor":81.0},{"not_picked":["DDmod:PokeAttack"],"picked":"Singing Bowl","floor":82.0},{"not_picked":[],"picked":"Juggernaut","floor":84.0},{"not_picked":["DDmod:PokeAttack+1"],"picked":"Singing Bowl","floor":86.0},{"not_picked":[],"picked":"Entrench+1","floor":87.0},{"not_picked":["ReplayTheSpireMod:Strike From Hell"],"picked":"Singing Bowl","floor":89.0},{"not_picked":["infinitespire:OneForAll+1"],"picked":"Singing Bowl","floor":90.0},{"not_picked":["Thunderclap"],"picked":"Singing Bowl","floor":92.0},{"not_picked":["DDmod:SpikeMailSkill+1"],"picked":"Singing Bowl","floor":93.0},{"not_picked":["ReplayTheSpireMod:Strike From Hell"],"picked":"Singing Bowl","floor":96.0},{"not_picked":["Run Through"],"picked":"Singing Bowl","floor":99.0},{"not_picked":["Immolate"],"picked":"Singing Bowl","floor":101.0},{"not_picked":["DDmod:CallousedSkill"],"picked":"Singing Bowl","floor":103.0},{"not_picked":["Clothesline"],"picked":"Singing Bowl","floor":105.0},{"not_picked":["Limit Break"],"picked":"Singing Bowl","floor":106.0},{"not_picked":["Defy Death"],"picked":"Singing Bowl","floor":109.0},{"not_picked":["ReplayTheSpireMod:Stacked"],"picked":"Singing Bowl","floor":112.0},{"not_picked":["Uppercut"],"picked":"Singing Bowl","floor":115.0},{"not_picked":["Abandon"],"picked":"Singing Bowl","floor":116.0},{"not_picked":["Demon Form"],"picked":"Singing Bowl","floor":118.0},{"not_picked":["DDmod:PokeAttack"],"picked":"Singing Bowl","floor":120.0},{"not_picked":["Wild Strike","DDmod:EasePowerCard+1"],"picked":"Singing Bowl","floor":122.0},{"not_picked":["Replay:Undeath\u0027s Touch","Immolate"],"picked":"Singing Bowl","floor":123.0},{"not_picked":["Infernal Blade","ReplayTheSpireMod:Muscle Training"],"picked":"Singing Bowl","floor":126.0},{"not_picked":["Shockwave","True Grit"],"picked":"Singing Bowl","floor":127.0},{"not_picked":["Impervious","Replay:Undeath\u0027s Touch"],"picked":"Singing Bowl","floor":129.0},{"not_picked":["Spot Weakness","Clothesline+1"],"picked":"Singing Bowl","floor":130.0},{"not_picked":["Sentinel","ReplayTheSpireMod:Stacked"],"picked":"Singing Bowl","floor":132.0},{"not_picked":["DDmod:AllInSkill","DDmod:PlatedThornsSkill"],"picked":"Singing Bowl","floor":135.0},{"not_picked":["DDmod:CallousedSkill","Reckless Charge"],"picked":"Singing Bowl","floor":137.0},{"not_picked":["Trip","Swift Strike"],"picked":"Singing Bowl","floor":138},{"not_picked":["Deep Breath","ReplayTheSpireMod:Trickstab"],"picked":"Singing Bowl","floor":138},{"not_picked":["DDmod:SpikeMailSkill","Warcry+1"],"picked":"Singing Bowl","floor":141},{"not_picked":["Rupture+1","Clash"],"picked":"Singing Bowl","floor":142},{"not_picked":["Life Link+1","Headbutt+1"],"picked":"Singing Bowl","floor":144},{"not_picked":["Combust+1","Dark Embrace+1"],"picked":"Singing Bowl","floor":146},{"not_picked":["ReplayTheSpireMod:Muscle Training","Cleave"],"picked":"Singing Bowl","floor":147},{"not_picked":["hubris:StunningStrike","Replay:Many Hands"],"picked":"Singing Bowl","floor":152},{"not_picked":["DDmod:EasePowerCard+1","DDmod:RapidStrikeAttack+1"],"picked":"SKIP","floor":156},{"not_picked":["Exhume","Double Tap"],"picked":"Singing Bowl","floor":157}],"player_experience":2814175,"relics_obtained":[{"floor":9.0,"key":"Replay:Bottled Flurry"},{"floor":13.0,"key":"hubris:OldNail"},{"floor":25.0,"key":"Simple Rune"},{"floor":26.0,"key":"ReplayTheSpireMod:Shallot"},{"floor":31.0,"key":"ReplayTheSpireMod:Lightbulb"},{"floor":34.0,"key":"Vajra"},{"floor":34.0,"key":"Mirror"},{"floor":34.0,"key":"Pondfish Scales"},{"floor":40.0,"key":"Replay:Rubber Ducky"},{"floor":43.0,"key":"Bronze Scales"},{"floor":45.0,"key":"Anchor"},{"floor":57.0,"key":"hubris:PeanutButter"},{"floor":60.0,"key":"hubris:IronBody"},{"floor":61.0,"key":"infinitespire:FocusingShard"},{"floor":72.0,"key":"Red Mask"},{"floor":74.0,"key":"Lizard Tail"},{"floor":77.0,"key":"Blood Vial"},{"floor":81.0,"key":"Singing Bowl"},{"floor":87.0,"key":"DDmod:StuhbiRelic"},{"floor":92.0,"key":"Gremlin Horn"},{"floor":93.0,"key":"Replay:Multitool"},{"floor":94.0,"key":"hubris:ChampionShield"},{"floor":95.0,"key":"StrikeDummy"},{"floor":109.0,"key":"CeramicFish"},{"floor":111.0,"key":"hubris:Reverence"},{"floor":116.0,"key":"Bottled Tornado"},{"floor":128.0,"key":"Juzu Bracelet"},{"floor":142,"key":"Bag of Marbles"},{"floor":144,"key":"hubris:Potato"},{"floor":145,"key":"Frozen Egg 2"},{"floor":146,"key":"infinitespire:ShieldingShard"},{"floor":147,"key":"Charon\u0027s Ashes"},{"floor":156,"key":"Oddly Smooth Stone"}],"event_choices":[{"damage_healed":0.0,"max_hp_gain":0.0,"max_hp_loss":0.0,"gold_gain":0.0,"event_name":"Transmorgrifier","player_choice":"Ignored","floor":20.0,"gold_loss":0.0,"damage_taken":0.0},{"damage_healed":0.0,"max_hp_gain":0.0,"max_hp_loss":0.0,"gold_gain":0.0,"event_name":"Designer","player_choice":"Punched","floor":30.0,"gold_loss":0.0,"damage_taken":3.0},{"damage_healed":0.0,"max_hp_gain":0.0,"max_hp_loss":0.0,"gold_gain":0.0,"event_name":"betterThird:BetterGoop","player_choice":"Left","floor":59.0,"gold_loss":25.0,"damage_taken":0.0},{"damage_healed":0.0,"max_hp_gain":0.0,"max_hp_loss":0.0,"gold_gain":4.0,"event_name":"betterStone:BetterStone","player_choice":"1","floor":66.0,"gold_loss":0.0,"damage_taken":0.0},{"damage_healed":0.0,"max_hp_gain":0.0,"max_hp_loss":0.0,"gold_gain":0.0,"event_name":"Masked Bandits","player_choice":"Fought Bandits","floor":72.0,"gold_loss":0.0,"damage_taken":0.0},{"damage_healed":0.0,"max_hp_gain":0.0,"max_hp_loss":8.0,"gold_gain":0.0,"event_name":"betterThird:BetterWriting","player_choice":"Simplicity","floor":76.0,"gold_loss":0.0,"damage_taken":0.0},{"damage_healed":0.0,"max_hp_gain":0.0,"max_hp_loss":0.0,"gold_gain":0.0,"event_name":"Mysterious Sphere","player_choice":"Fight","floor":87.0,"gold_loss":0.0,"damage_taken":0.0},{"damage_healed":0.0,"max_hp_gain":0.0,"max_hp_loss":0.0,"gold_gain":0.0,"event_name":"MindBloom","player_choice":"Fight","floor":93.0,"gold_loss":0.0,"damage_taken":0.0},{"cards_removed":["Bash"],"damage_healed":0.0,"max_hp_gain":0.0,"max_hp_loss":0.0,"gold_gain":0.0,"event_name":"Falling","player_choice":"Removed Attack","floor":97.0,"gold_loss":0.0,"damage_taken":0.0},{"damage_healed":0.0,"max_hp_gain":0.0,"max_hp_loss":0.0,"gold_gain":0.0,"event_name":"Lab","player_choice":"Got Potions","floor":104.0,"gold_loss":0.0,"damage_taken":0.0},{"damage_healed":0.0,"max_hp_gain":0.0,"max_hp_loss":0.0,"gold_gain":0.0,"event_name":"betterThird:BetterSerpent","player_choice":"Ignored","floor":114.0,"gold_loss":0.0,"damage_taken":3840.0},{"damage_healed":0.0,"max_hp_gain":0.0,"max_hp_loss":0.0,"gold_gain":0.0,"event_name":"Designer","player_choice":"Punched","floor":124.0,"gold_loss":0.0,"damage_taken":3.0},{"damage_healed":0,"gold_gain":9,"player_choice":"1","damage_taken":0,"max_hp_gain":0,"max_hp_loss":0,"event_name":"betterStone:BetterStone","floor":138,"gold_loss":0},{"cards_removed":["Replay:BasicMightCard"],"damage_healed":0,"gold_gain":0,"player_choice":"Removed Power","damage_taken":0,"max_hp_gain":0,"max_hp_loss":0,"event_name":"Falling","floor":139,"gold_loss":0},{"damage_healed":0,"gold_gain":0,"player_choice":"Fight","damage_taken":0,"max_hp_gain":0,"max_hp_loss":0,"event_name":"MindBloom","floor":147,"gold_loss":0}],"is_beta":false,"boss_relics":[{"not_picked":["Replay:Bronze Core","energizedSpire:OgreHead"],"picked":"Busted Crown"},{"not_picked":["infinitespire:Burning Sword","energizedSpire:NeverEndingSparkler"],"picked":"Calling Bell"},{"not_picked":["Painkiller Herb","hubris:CrackedHourglass"],"picked":"hubris:Backtick"},{"not_picked":["hubris:CrackedHourglass","Empty Cage","energizedSpire:MagnifyingGlass"]},{"not_picked":["energizedSpire:SpiderWeb","hubris:VirtuousBlindfold","energizedSpire:DeadBattery"]},{"not_picked":["Kintsugi","Snecko Heart"],"picked":"Sozu"},{"not_picked":["ReplayTheSpireMod:SealedPack","Runic Dome","Replay:Grab Bag"]},{"not_picked":["Replay:Wanted Poster","hubris:GrandSneckoEye","Mark of Pain"]},{"not_picked":["energizedSpire:TabascoSauce","Runic Pyramid","energizedSpire:NeverEndingSparkler"]}],"items_purged_floors":[70,78,107,107,121,133],"is_endless":true,"potions_floor_spawned":[4,5,7,13,16,22,25,28,31,33,35,45,47,48,53,55,62,71,73,74,81,86,92,93,109,115,116,118,122,127,130,135,142,144,147],"ascension_level":1}}