{"host":"xivxriq6evn7ck0f","time":1612961474,"event":{"mods":["AchievementEnabler","BaseMod","Infinite Spire","Minty Spire (QoL Compilation)","StSLib"],"gold_per_floor":[359,359,370,383,256,256,285,297,381,412,459,471,52,83,83,179,179,199,199,219,219,94,94,94],"floor_reached":23,"language":"ENG","playtime":1662,"items_purged":["Strike_B","Strike_B","Gash"],"score":228,"play_id":"5771900b-6417-4d32-856a-fc87a5813843","local_time":"20210210135114","is_ascension_mode":true,"campfire_choices":[{"data":"Zap","floor":6,"key":"SMITH"},{"data":"Coolheaded","floor":8,"key":"SMITH"},{"floor":12,"key":"REST"},{"floor":15,"key":"REST"}],"circlet_count":0,"master_deck":["Zap+1","Skim","Ball Lightning","Coolheaded+1","Storm","Hello World","Mayhem","Footwork","Amplify","Self Repair","Undo","Creative AI","Thunder Strike","Rebound"],"relics":["Chemical X","PrismaticShard","infinitespire:BlackEgg","Brimstone","infinitespire:Chaos","Oddly Smooth Stone","Pandora\u0027s Box"],"acts_visited":["Exordium","TheCity"],"potions_floor_usage":[11,14,16,18,23],"damage_taken":[{"damage":2,"enemies":"Jaw Worm","floor":1,"turns":3},{"damage":0,"enemies":"Cultist","floor":3,"turns":3},{"damage":8,"enemies":"2 Louse","floor":4,"turns":2},{"damage":24,"enemies":"3 Sentries","floor":7,"turns":7},{"damage":15,"enemies":"Looter","floor":10,"turns":3},{"damage":12,"enemies":"Gremlin Nob","floor":11,"turns":3},{"damage":22,"enemies":"3 Sentries","floor":14,"turns":6},{"damage":4,"enemies":"Hexaghost","floor":16,"turns":7},{"damage":46,"enemies":"2 Thieves","floor":18,"turns":4},{"damage":27,"enemies":"Chosen","floor":20,"turns":4},{"damage":31,"enemies":"Gremlin Leader","floor":23,"turns":2}],"seed_played":"8111809470221289576","potions_obtained":[{"floor":1,"key":"FocusPotion"},{"floor":11,"key":"PowerPotion"},{"floor":14,"key":"Weak Potion"},{"floor":16,"key":"Fruit Juice"},{"floor":20,"key":"BlessingOfTheForge"}],"is_trial":false,"path_per_floor":["M","?","M","M","$","R","E","R","T","M","E","R","$","E","R","B",null,"M","?","M","?","$","E"],"character_chosen":"DEFECT","items_purchased":["Coolheaded","Mayhem","infinitespire:Chaos"],"campfire_rested":2,"item_purchase_floors":[5,13,13],"current_hp_per_floor":[66,66,66,58,58,58,34,34,34,19,7,27,27,5,25,21,68,34,34,21,21,21,0,0],"gold":94,"neow_bonus":"TWO_FIFTY_GOLD","is_daily":false,"chose_seed":false,"campfire_upgraded":2,"win_rate":0.0,"timestamp":1612961474,"path_taken":["M","?","?","M","$","R","E","R","T","M","E","R","$","E","R","BOSS","M","?","M","?","$","E"],"items_purchased_type":["Card","Card","Relic"],"build_version":"2020-12-22","purchased_purges":3,"victory":false,"max_hp_per_floor":[68,68,68,68,68,68,68,68,68,68,68,68,68,68,68,68,68,73,73,73,73,73,73,73],"card_choices":[{"not_picked":["Melter","Double Energy"],"picked":"Gash","floor":1},{"not_picked":["Conserve Battery","Heatsinks"],"picked":"Ball Lightning","floor":3},{"not_picked":["Compile Driver","Hologram","Steam Power"],"picked":"SKIP","floor":4},{"not_picked":["Scrape","Undo"],"picked":"Storm","floor":7},{"not_picked":["Fusion","Compile Driver"],"picked":"Hello World","floor":10},{"not_picked":["Skim","Sweeping Beam","Doom and Gloom"],"picked":"SKIP","floor":11},{"not_picked":["Heavy Blade","Wild Strike"],"picked":"Footwork","floor":14},{"not_picked":["Vengeance","Thunderclap","Battle Trance"],"picked":"SKIP","floor":18},{"not_picked":["Deflect","Havoc","Feel No Pain+1"],"picked":"SKIP","floor":20}],"player_experience":181235,"relics_obtained":[{"floor":7,"key":"MawBank"},{"floor":9,"key":"Shuriken"},{"floor":11,"key":"Ancient Tea Set"},{"floor":14,"key":"Oddly Smooth Stone"}],"event_choices":[{"damage_healed":0,"gold_gain":0,"player_choice":"1 cards matched","damage_taken":0,"max_hp_gain":0,"max_hp_loss":0,"event_name":"Match and Keep!","floor":2,"gold_loss":0,"cards_obtained":["Skim"]},{"damage_healed":0,"gold_gain":0,"player_choice":"Ignored","damage_taken":0,"max_hp_gain":0,"max_hp_loss":0,"event_name":"Ghosts","floor":19,"gold_loss":0},{"cards_removed":["Dualcast"],"damage_healed":0,"gold_gain":0,"player_choice":"Elegance","damage_taken":0,"max_hp_gain":0,"max_hp_loss":0,"event_name":"Back to Basics","floor":21,"gold_loss":0}],"is_beta":false,"boss_relics":[{"not_picked":["infinitespire:Cupcake","Philosopher\u0027s Stone"],"picked":"Pandora\u0027s Box"}],"items_purged_floors":[5,13,22],"is_endless":false,"potions_floor_spawned":[1,11,14,16,20],"killed_by":"Gremlin Leader","ascension_level":2}}