{"host":"tml1x4ylw9tadh99","time":1612981028,"event":{"mods":["100% Spire Juice","AchievementEnabler","Act Like it!","Arknights","Astrologer","Bard","BaseMod","Beaked The Cultist","Bestiary","Colored Map","Colored Powertips","DeckTracker","Friendly Minions","GifTheSpireLib","Minty Spire (QoL Compilation)","Quick Restart","Random Character Button","Random Character Mod","Relic Stats","StSLib","Synergy Search"],"gold_per_floor":[99,99,66,66,66,66,66,66,66,66,66,66,66,66,66,66,66,66,66,66,66,66,66,66,66,66,66,66,66,66,66,66,66,66,66,66,66,66,66,66,66,66,66,66,0,0,0,0,0,0],"floor_reached":51,"language":"ENG","playtime":4773,"items_purged":[],"score":813,"play_id":"0089f152-cfd3-4ee6-bbda-3d2a73ad1824","local_time":"20210210191708","is_ascension_mode":false,"campfire_choices":[{"data":"Backstab","floor":6.0,"key":"SMITH"},{"data":"Backstab","floor":8.0,"key":"SMITH"},{"data":"Backstab","floor":15.0,"key":"SMITH"},{"floor":29.0,"key":"REST"},{"floor":32.0,"key":"REST"},{"floor":40.0,"key":"REST"},{"floor":49.0,"key":"REST"}],"circlet_count":0,"master_deck":["Strike_G","Strike_G","Strike_G","Strike_G","Strike_G","Defend_G","Defend_G","Defend_G","Defend_G","Defend_G","Survivor","Neutralize+1","Heel Hook","Quick Slash","Backstab+1","Backstab+1","Terror","Backstab+1","Footwork","Night Terror","Caltrops","RitualDagger","Prepared","Tactician+1","Night Terror","Venomology","Prepared","Distraction+1","Footwork+1","Tools of the Trade","Adrenaline","After Image","Parasite","Backstab+1"],"relics":["Ectoplasm","Centennial Puzzle","HornCleat","Pear","White Beast Statue","Runic Pyramid","Pen Nib","Bottled Lightning","Strawberry","Fusion Hammer","Old Coin","Bronze Scales","Red Mask"],"acts_visited":["Exordium","TheCity","TheBeyond"],"potions_floor_usage":[50,50,50,50],"damage_taken":[{"damage":0.0,"enemies":"2 Louse","floor":1.0,"turns":4.0},{"damage":0.0,"enemies":"Small Slimes","floor":2.0,"turns":4.0},{"damage":0.0,"enemies":"Cultist","floor":5.0,"turns":4.0},{"damage":2.0,"enemies":"3 Sentries","floor":7.0,"turns":11.0},{"damage":0.0,"enemies":"3 Louse","floor":10.0,"turns":1.0},{"damage":0.0,"enemies":"Gremlin Nob","floor":11.0,"turns":3.0},{"damage":0.0,"enemies":"Red Slaver","floor":12.0,"turns":1.0},{"damage":0.0,"enemies":"Lagavulin","floor":14.0,"turns":5.0},{"damage":35.0,"enemies":"Slime Boss","floor":16.0,"turns":19.0},{"damage":14.0,"enemies":"Spheric Guardian","floor":18.0,"turns":4.0},{"damage":7.0,"enemies":"Shell Parasite","floor":22.0,"turns":3.0},{"damage":0.0,"enemies":"3 Cultists","floor":23.0,"turns":5.0},{"damage":7.0,"enemies":"Chosen and Byrds","floor":24.0,"turns":2.0},{"damage":20.0,"enemies":"Slavers","floor":27.0,"turns":4.0},{"damage":2.0,"enemies":"Shelled Parasite and Fungi","floor":28.0,"turns":2.0},{"damage":2.0,"enemies":"Book of Stabbing","floor":30.0,"turns":3.0},{"damage":0.0,"enemies":"Snecko","floor":31.0,"turns":2.0},{"damage":12.0,"enemies":"Collector","floor":33.0,"turns":6.0},{"damage":8.0,"enemies":"3 Darklings","floor":35.0,"turns":5.0},{"damage":14.0,"enemies":"3 Shapes","floor":36.0,"turns":8.0},{"damage":11.0,"enemies":"Spire Growth","floor":37.0,"turns":3.0},{"damage":0.0,"enemies":"Transient","floor":38.0,"turns":5.0},{"damage":0.0,"enemies":"Mind Bloom Boss Battle","floor":39.0,"turns":4.0},{"damage":18.0,"enemies":"3 Darklings","floor":41.0,"turns":5.0},{"damage":0.0,"enemies":"Maw","floor":42.0,"turns":5.0},{"damage":11.0,"enemies":"Writhing Mass","floor":46.0,"turns":4.0},{"damage":12.0,"enemies":"Spire Growth","floor":48.0,"turns":3.0},{"damage":59,"enemies":"Awakened One","floor":50,"turns":11}],"seed_played":"-2835047653243199802","potions_obtained":[{"floor":2.0,"key":"ColorlessPotion"},{"floor":7.0,"key":"EssenceOfSteel"},{"floor":11.0,"key":"Energy Potion"},{"floor":12.0,"key":"DuplicationPotion"},{"floor":16.0,"key":"FearPotion"},{"floor":18.0,"key":"EssenceOfSteel"},{"floor":22.0,"key":"CunningPotion"},{"floor":23.0,"key":"DuplicationPotion"},{"floor":24.0,"key":"Energy Potion"},{"floor":27.0,"key":"Weak Potion"},{"floor":28.0,"key":"PowerPotion"},{"floor":30.0,"key":"Regen Potion"},{"floor":31.0,"key":"Ancient Potion"},{"floor":33.0,"key":"Swift Potion"},{"floor":35.0,"key":"SkillPotion"},{"floor":36.0,"key":"Strength Potion"},{"floor":37.0,"key":"ColorlessPotion"},{"floor":38.0,"key":"Block Potion"},{"floor":39.0,"key":"SkillPotion"},{"floor":41.0,"key":"Weak Potion"},{"floor":42.0,"key":"Regen Potion"},{"floor":46.0,"key":"Strength Potion"}],"is_trial":false,"path_per_floor":["M","M","?","?","M","R","E","R","T","M","E","M","?","E","R","B",null,"M","T","?","?","M","M","M","$","T","E","M","R","E","M","R","B",null,"M","M","M","M","?","R","M","M","T","?","?","M","?","M","R","B",null],"character_chosen":"THE_SILENT","items_purchased":[],"campfire_rested":4,"item_purchase_floors":[],"current_hp_per_floor":[70,70,70,70,70,70,68,68,68,68,78,78,78,78,78,43,80,66,66,66,60,53,53,46,46,46,26,24,48,53,58,84,72,87,79,65,54,54,54,80,62,62,62,62,62,63,63,51,77,18],"gold":0,"neow_bonus":"BOSS_RELIC","is_daily":false,"chose_seed":false,"campfire_upgraded":3,"win_rate":0.0,"timestamp":1612981028,"path_taken":["M","M","?","?","?","R","E","R","T","M","E","M","?","E","R","BOSS","M","?","?","?","M","?","?","$","T","E","M","R","E","M","R","BOSS","M","?","M","M","?","R","M","M","T","?","?","M","?","?","R","BOSS"],"items_purchased_type":[],"build_version":"2020-12-22","purchased_purges":0,"victory":true,"max_hp_per_floor":[70,70,70,70,70,70,70,70,70,70,80,80,80,80,80,80,80,80,80,80,80,80,80,80,80,80,80,80,80,87,87,87,87,87,87,87,87,87,87,87,87,87,87,87,87,87,87,87,87,87],"relic_stats":{"Centennial Puzzle":[45],"counters":[28,136],"Bronze Scales":[64],"Ectoplasm":1104,"Pen Nib":[20],"obtain_stats":[{"Pear":11,"Pen Nib":19,"White Beast Statue":14,"Old Coin":39,"Centennial Puzzle":7,"HornCleat":9,"Strawberry":30,"Bronze Scales":43,"Ectoplasm":0,"Fusion Hammer":34,"Red Mask":45,"Bottled Lightning":27,"Ring of the Snake":0,"Runic Pyramid":17},{"Pear":6,"Pen Nib":10,"White Beast Statue":8,"Old Coin":23,"Centennial Puzzle":4,"HornCleat":4,"Strawberry":16,"Bronze Scales":25,"Ectoplasm":0,"Fusion Hammer":18,"Red Mask":25,"Bottled Lightning":14,"Ring of the Snake":0,"Runic Pyramid":9},{"Pear":27,"Pen Nib":56,"White Beast Statue":33,"Old Coin":108,"Centennial Puzzle":23,"HornCleat":23,"Strawberry":75,"Bronze Scales":118,"Ectoplasm":0,"Fusion Hammer":83,"Red Mask":118,"Bottled Lightning":70,"Ring of the Snake":0,"Runic Pyramid":52}]},"card_choices":[{"not_picked":["Dagger Spray","Deadly Poison"],"picked":"Heel Hook","floor":1.0},{"not_picked":["Bane","Catalyst"],"picked":"Quick Slash","floor":2.0},{"not_picked":["Prepared","Flying Knee"],"picked":"Backstab","floor":5.0},{"not_picked":["Dodge and Roll","Unload"],"picked":"Backstab","floor":7.0},{"not_picked":["Finisher","Deflect"],"picked":"Terror","floor":10.0},{"not_picked":["Noxious Fumes","PiercingWail"],"picked":"Backstab","floor":11.0},{"not_picked":["Cloak And Dagger","Poisoned Stab"],"picked":"Footwork","floor":12.0},{"not_picked":["Terror","Dagger Throw","Dodge and Roll"],"picked":"SKIP","floor":14.0},{"not_picked":["Malaise","Storm of Steel"],"picked":"Night Terror","floor":16.0},{"not_picked":["Dagger Throw+1","Backflip","Blade Dance"],"picked":"SKIP","floor":18.0},{"not_picked":["Cloak And Dagger","Acrobatics"],"picked":"Prepared","floor":22.0},{"not_picked":["Masterful Stab","Eviscerate"],"picked":"Tactician+1","floor":23.0},{"not_picked":["Night Terror","Bane+1","Dodge and Roll+1"],"picked":"SKIP","floor":24.0},{"not_picked":["Bane+1","Dodge and Roll+1"],"picked":"Night Terror","floor":24.0},{"not_picked":["Poisoned Stab","Choke"],"picked":"Venomology","floor":27.0},{"not_picked":["Crippling Poison","Underhanded Strike"],"picked":"Prepared","floor":28.0},{"not_picked":["Cloak And Dagger","Tactician"],"picked":"Distraction+1","floor":30.0},{"not_picked":["Blade Dance","Dagger Throw+1"],"picked":"Footwork","floor":31.0},{"not_picked":["A Thousand Cuts","Unload"],"picked":"Tools of the Trade","floor":33.0},{"not_picked":["Cloak And Dagger","Bane+1","Dagger Throw+1"],"picked":"SKIP","floor":35.0},{"not_picked":["PiercingWail+1","Sucker Punch+1","Quick Slash"],"picked":"SKIP","floor":36.0},{"not_picked":["Deadly Poison","Crippling Poison","Caltrops"],"picked":"SKIP","floor":37.0},{"not_picked":["Bouncing Flask+1","Dagger Throw+1"],"picked":"Adrenaline","floor":38.0},{"not_picked":["Outmaneuver","Underhanded Strike","Crippling Poison"],"picked":"SKIP","floor":41.0},{"not_picked":["Outmaneuver","Underhanded Strike","Crippling Poison"],"picked":"SKIP","floor":41.0},{"not_picked":["Flying Knee","Poisoned Stab+1"],"picked":"After Image","floor":42.0},{"not_picked":["Dash+1","Blade Dance+1","Poisoned Stab"],"picked":"SKIP","floor":46.0},{"not_picked":["Cloak And Dagger","Distraction"],"picked":"Backstab+1","floor":48.0}],"player_experience":63566,"relics_obtained":[{"floor":7.0,"key":"Centennial Puzzle"},{"floor":9.0,"key":"HornCleat"},{"floor":11.0,"key":"Pear"},{"floor":14.0,"key":"White Beast Statue"},{"floor":19.0,"key":"Pen Nib"},{"floor":27.0,"key":"Bottled Lightning"},{"floor":30.0,"key":"Strawberry"},{"floor":39.0,"key":"Old Coin"},{"floor":43.0,"key":"Bronze Scales"}],"event_choices":[{"damage_healed":0.0,"max_hp_gain":0.0,"max_hp_loss":0.0,"gold_gain":0.0,"event_name":"World of Goop","player_choice":"Left Gold","floor":3.0,"gold_loss":33.0,"damage_taken":0.0},{"damage_healed":0.0,"max_hp_gain":0.0,"max_hp_loss":0.0,"gold_gain":0.0,"event_name":"Upgrade Shrine","player_choice":"Upgraded","floor":4.0,"gold_loss":0.0,"damage_taken":0.0,"cards_upgraded":["Neutralize"]},{"damage_healed":0.0,"max_hp_gain":0.0,"max_hp_loss":0.0,"gold_gain":0.0,"event_name":"The Woman in Blue","player_choice":"Bought 0 Potions","floor":13.0,"gold_loss":0.0,"damage_taken":0.0},{"damage_healed":0.0,"max_hp_gain":0.0,"max_hp_loss":0.0,"gold_gain":0.0,"event_name":"The Library","player_choice":"Read","floor":20.0,"gold_loss":0.0,"damage_taken":0.0,"cards_obtained":["Caltrops"]},{"damage_healed":0.0,"max_hp_gain":0.0,"max_hp_loss":0.0,"gold_gain":0.0,"event_name":"Nest","player_choice":"Joined the Cult","floor":21.0,"gold_loss":0.0,"damage_taken":6.0,"cards_obtained":["RitualDagger"]},{"damage_healed":0.0,"max_hp_gain":0.0,"max_hp_loss":0.0,"gold_gain":0.0,"event_name":"MindBloom","player_choice":"Fight","floor":39.0,"gold_loss":0.0,"damage_taken":0.0},{"damage_healed":0.0,"max_hp_gain":0.0,"max_hp_loss":0.0,"gold_gain":0.0,"event_name":"Mysterious Sphere","player_choice":"Ignored","floor":44.0,"gold_loss":0.0,"damage_taken":0.0},{"damage_healed":0.0,"max_hp_gain":0.0,"max_hp_loss":0.0,"gold_gain":0.0,"event_name":"Tomb of Lord Red Mask","player_choice":"Paid","floor":45.0,"gold_loss":66.0,"damage_taken":0.0,"relics_obtained":["Red Mask"]},{"damage_healed":0.0,"max_hp_gain":0.0,"max_hp_loss":0.0,"gold_gain":0.0,"event_name":"Accursed Blacksmith","player_choice":"Forge","floor":47.0,"gold_loss":0.0,"damage_taken":0.0,"cards_upgraded":["Footwork"]}],"is_beta":false,"boss_relics":[{"not_picked":["Empty Cage","Runic Dome"],"picked":"Runic Pyramid"},{"not_picked":["Astrolabe","Sozu"],"picked":"Fusion Hammer"}],"items_purged_floors":[],"is_endless":false,"potions_floor_spawned":[2,7,11,12,14,16,18,22,23,24,27,28,30,31,33,35,36,37,38,39,41,42,46,48],"ascension_level":0}}