{"host":"sum4dy402bbv9y4o","time":1612989039,"event":{"mods":["Aspiration","BaseMod","Conspire","Highlight Path","Minty Spire (QoL Compilation)","StSLib"],"gold_per_floor":[114,129,129,14,31,56,56,73,124,147,159,33,33,43,43,119,119,134,146,9,28,28,28,28],"floor_reached":23,"language":"ENG","playtime":643,"items_purged":["conspire:GhostlyStrike","conspire:GhostlyStrike"],"score":511,"play_id":"58f10735-da9b-4c29-b016-fa48376b6dfa","local_time":"20210210233039","is_ascension_mode":true,"campfire_choices":[{"data":"MentalFortress","floor":7,"key":"SMITH"},{"floor":11,"key":"REST"},{"data":"Eruption","floor":13,"key":"SMITH"},{"floor":15,"key":"REST"}],"circlet_count":0,"master_deck":["AscendersBane","conspire:GhostlyStrike","conspire:GhostlyStrike","conspire:GhostlyDefend","conspire:GhostlyDefend","conspire:GhostlyDefend","conspire:GhostlyDefend","Eruption+1","Vigilance","Halt","EmptyFist","Tantrum","CarveReality","MentalFortress+1","EmptyFist","MentalFortress+1","EmptyFist","FollowUp","Halt","MentalFortress+1","LikeWater","LikeWater"],"relics":["PureWater","NeowsBlessing","aspiration:SeaSaltIceCream","PureWater","MawBank"],"acts_visited":["Exordium","TheCity"],"potions_floor_usage":[6,10,16,21,23],"damage_taken":[{"damage":0,"enemies":"Jaw Worm","floor":1,"turns":1},{"damage":0,"enemies":"Cultist","floor":2,"turns":1},{"damage":0,"enemies":"Small Slimes","floor":5,"turns":1},{"damage":33,"enemies":"3 Sentries","floor":6,"turns":6},{"damage":0,"enemies":"Exordium Thugs","floor":8,"turns":3},{"damage":5,"enemies":"3 Louse","floor":10,"turns":2},{"damage":5,"enemies":"Blue Slaver","floor":14,"turns":3},{"damage":0,"enemies":"Slime Boss","floor":16,"turns":4},{"damage":21,"enemies":"Shell Parasite","floor":18,"turns":4},{"damage":8,"enemies":"Chosen","floor":19,"turns":3},{"damage":30,"enemies":"Shelled Parasite and Fungi","floor":21,"turns":6},{"damage":12,"enemies":"Slavers","floor":23,"turns":1}],"seed_played":"-2170373724890316179","potions_obtained":[{"floor":5,"key":"Fire Potion"},{"floor":8,"key":"Strength Potion"},{"floor":14,"key":"SteroidPotion"},{"floor":19,"key":"DistilledChaos"},{"floor":21,"key":"Strength Potion"}],"is_trial":false,"path_per_floor":["M","M","?","$","M","E","R","M","T","M","R","$","R","M","R","B",null,"M","M","$","M","?","E"],"character_chosen":"WATCHER","items_purchased":["Tantrum","MentalFortress","EmptyFist","LikeWater"],"campfire_rested":2,"item_purchase_floors":[4,12,12,20],"current_hp_per_floor":[61,61,61,61,61,28,28,28,28,23,43,43,43,38,58,58,66,45,37,37,7,7,0,0],"gold":28,"neow_bonus":"THREE_ENEMY_KILL","is_daily":false,"chose_seed":false,"campfire_upgraded":2,"win_rate":0.0,"timestamp":1612989039,"path_taken":["M","M","?","?","?","E","R","M","T","M","R","$","R","M","R","BOSS","M","M","$","M","?","E"],"items_purchased_type":["Card","Card","Card","Card"],"build_version":"2020-12-22","purchased_purges":2,"victory":false,"max_hp_per_floor":[68,68,68,68,68,68,68,68,68,68,68,68,68,68,68,68,68,68,68,68,68,68,68,68],"card_choices":[{"not_picked":["EmptyMind","Consecrate"],"picked":"Halt","floor":1},{"not_picked":["Adaptation","Meditate"],"picked":"EmptyFist","floor":2},{"not_picked":["Indignation","Crescendo"],"picked":"CarveReality","floor":5},{"not_picked":["Sanctity","FollowUp"],"picked":"MentalFortress","floor":6},{"not_picked":["ForeignInfluence","Crescendo"],"picked":"EmptyFist","floor":8},{"not_picked":["Indignation","CutThroughFate","WreathOfFlame"],"picked":"SKIP","floor":10},{"not_picked":["ClearTheMind","Swivel"],"picked":"FollowUp","floor":14},{"not_picked":["EmptyBody","EmptyFist+1"],"picked":"Halt","floor":18},{"not_picked":["Consecrate","ForeignInfluence"],"picked":"MentalFortress+1","floor":19},{"not_picked":["Prostrate","Meditate"],"picked":"LikeWater","floor":21}],"player_experience":3087942,"relics_obtained":[{"floor":6,"key":"aspiration:SeaSaltIceCream"},{"floor":9,"key":"MawBank"}],"event_choices":[{"damage_healed":0,"gold_gain":0,"player_choice":"Agree","damage_taken":0,"max_hp_gain":0,"max_hp_loss":0,"event_name":"conspire:LoneGhost","floor":3,"gold_loss":0},{"damage_healed":0,"gold_gain":0,"player_choice":"Forge","damage_taken":0,"max_hp_gain":0,"max_hp_loss":0,"event_name":"Accursed Blacksmith","floor":22,"gold_loss":0,"cards_upgraded":["MentalFortress"]}],"is_beta":false,"boss_relics":[{"not_picked":["Fusion Hammer","Ectoplasm","Velvet Choker"]}],"items_purged_floors":[4,20],"is_endless":false,"potions_floor_spawned":[5,8,14,19,21],"killed_by":"Slavers","ascension_level":20}}