{"host":"41vgbr386mrj4p17","time":1612964250,"event":{"mods":["AchievementEnabler","AlwaysNeverKeys","BaseMod","Bestiary","Better Altar","Better Match","Better Note","Better Sensory Stone","Better Skull","Better Third Choice","Colored Map","Curses Come First","Downfall","Googly Eyes","Hermit","Highlight Path","Minty Spire (QoL Compilation)","Shade Mod","StSLib","The Cursed"],"gold_per_floor":[112,112,112,127,152,152,77,88,138,163,163,198,148,164,164,260,260,274,274,549,160,170,196,196,128,128,24,24,35,60,70,70,169,169,188,88,133,133,12,38,56,88,141,169,185,185,200,85,85,85,85,85,4,37,37],"floor_reached":56,"language":"ENG","playtime":3291,"items_purged":["Shade:Strike_Shade","Writhe","Shade:Strike_Shade"],"score":1865,"play_id":"2e2b8ac6-6536-4783-91ad-5c998d01bb90","local_time":"20210210083730","is_ascension_mode":true,"campfire_choices":[{"data":"Shade:AuraOfUnlife","floor":6,"key":"SMITH"},{"floor":11,"key":"REST"},{"data":"Shade:AnimateDead","floor":15,"key":"SMITH"},{"data":"Shade:CarefulCut","floor":24,"key":"SMITH"},{"data":"Shade:FleshLikeOak","floor":28,"key":"SMITH"},{"data":"Shade:FleshLikeOak","floor":32,"key":"SMITH"},{"floor":46,"key":"REST"},{"data":"Shade:FuneraryArmor","floor":49,"key":"SMITH"},{"data":"Shade:CallOfTheGrave","floor":52,"key":"SMITH"}],"circlet_count":0,"master_deck":["Shade:Defend_Shade+1","Shade:Defend_Shade+1","Shade:AnimateDead+1","Shade:CarefulCut+1","Shade:CallOfTheGrave+1","Shade:AuraOfUnlife+1","Shade:FuneraryArmor+1","Shade:FleshLikeOak+1","Shade:LichForm+1","Shade:StitchTogether+1","Shade:FleshToFlesh+1","Shade:FleshLikeOak+1","Shade:AuraOfUnlife+1","Shade:OpenGraves+1","Shade:FuneraryJewels+1","Shade:FreshBones+1","Shade:Carnophage+1","Shade:Excise+1","Shade:SensePrey+1"],"relics":["Shade:YorickSkull","Oddly Smooth Stone","Pen Nib","Singing Bowl","Frozen Egg 2","Philosopher\u0027s Stone","Omamori","Sundial","Matryoshka","MawBank","The Courier","DollysMirror","Lizard Tail","Cursed Key","Incense Burner","Strange Spoon","Whetstone","Guardian:PocketSentry","Toxic Egg 2","Happy Flower","Du-Vu Doll","Bronze Scales","Shuriken"],"acts_visited":["Exordium","TheCity","TheBeyond","TheEnding"],"potions_floor_usage":[12,12,30,33,44,47,55,55,55,55,55,55],"damage_taken":[{"damage":0,"enemies":"Jaw Worm","floor":1,"turns":3},{"damage":6,"enemies":"Small Slimes","floor":4,"turns":3},{"damage":0,"enemies":"Cultist","floor":8,"turns":3},{"damage":21,"enemies":"Gremlin Nob","floor":10,"turns":5},{"damage":5,"enemies":"3 Sentries","floor":12,"turns":5},{"damage":0,"enemies":"Exordium Wildlife","floor":14,"turns":4},{"damage":0,"enemies":"Hexaghost","floor":16,"turns":9},{"damage":9,"enemies":"3 Byrds","floor":18,"turns":5},{"damage":11,"enemies":"2 Thieves","floor":22,"turns":4},{"damage":4,"enemies":"Book of Stabbing","floor":23,"turns":5},{"damage":0,"enemies":"Cultist and Chosen","floor":29,"turns":6},{"damage":30,"enemies":"Gremlin Leader","floor":30,"turns":7},{"damage":0,"enemies":"Centurion and Healer","floor":31,"turns":6},{"damage":25,"enemies":"Collector","floor":33,"turns":8},{"damage":4,"enemies":"3 Shapes","floor":35,"turns":5},{"damage":66,"enemies":"2 Orb Walkers","floor":37,"turns":6},{"damage":80,"enemies":"Reptomancer","floor":40,"turns":6},{"damage":0,"enemies":"Orb Walker","floor":41,"turns":4},{"damage":0,"enemies":"Giant Head","floor":42,"turns":8},{"damage":11,"enemies":"Nemesis","floor":44,"turns":5},{"damage":35,"enemies":"Sphere and 2 Shapes","floor":45,"turns":5},{"damage":0,"enemies":"Transient","floor":47,"turns":5},{"damage":0,"enemies":"Time Eater","floor":50,"turns":8},{"damage":25,"enemies":"Shield and Spear","floor":54,"turns":7},{"damage":15,"enemies":"The Heart","floor":55,"turns":7}],"seed_played":"-8499244644206554810","potions_obtained":[{"floor":8,"key":"SneckoOil"},{"floor":10,"key":"bronze:BurnAndBuffPotion"},{"floor":12,"key":"Ancient Potion"},{"floor":29,"key":"Explosive Potion"},{"floor":30,"key":"bronze:BurnAndBuffPotion"},{"floor":40,"key":"Swift Potion"},{"floor":42,"key":"champ:CounterPotion"},{"floor":45,"key":"SneckoOil"},{"floor":54,"key":"Strength Potion"}],"is_trial":false,"path_per_floor":["M","?","?","M","T","R","$","M","T","E","R","E","?","M","R","B",null,"M","?","?","$","M","E","R","$","T","$","R","M","E","M","R","B",null,"M","$","?","?","$","E","M","E","T","E","M","R","M","$","R","B",null,"R","$","E","B",null],"character_chosen":"SHADE","items_purchased":["Shade:StitchTogether+1","Sundial","Shade:FleshLikeOak","DollysMirror","Strange Spoon","Bronze Scales","EntropicBrew"],"campfire_rested":2,"item_purchase_floors":[21,21,25,27,39,48,53],"current_hp_per_floor":[59,47,40,34,34,34,34,34,34,15,33,28,28,30,30,30,55,48,48,48,48,39,45,45,45,45,45,45,57,39,51,51,38,66,73,73,17,67,67,31,43,53,53,52,29,50,60,60,60,70,71,71,71,56,51],"gold":37,"neow_bonus":"REMOVE_TWO","is_daily":false,"chose_seed":false,"campfire_upgraded":7,"win_rate":0.0,"timestamp":1612964250,"path_taken":["M","?","?","M","?","R","$","M","T","E","R","E","?","M","R","BOSS","M","?","?","$","M","E","R","$","T","$","R","M","E","?","R","BOSS","M","$","?","?","?","E","?","E","T","E","M","R","M","$","R","BOSS","R","$","E","BOSS"],"items_purchased_type":["Card","Relic","Card","Relic","Relic","Relic","Potion"],"build_version":"2020-12-22","purchased_purges":3,"victory":true,"max_hp_per_floor":[59,59,59,59,59,59,59,59,59,61,61,61,61,63,63,63,63,65,65,65,65,67,67,67,67,67,67,67,69,71,73,73,75,75,77,77,77,67,67,67,69,69,69,69,71,71,71,71,71,71,71,71,71,71,71],"card_choices":[{"not_picked":["Shade:Frenzy","Shade:Doomsay"],"picked":"Shade:CallOfTheGrave","floor":1},{"not_picked":["Shade:GraveStillness","Shade:RitualOffering"],"picked":"Shade:AuraOfUnlife","floor":4},{"not_picked":["Shade:Doomsay","Shade:Trample"],"picked":"Shade:FuneraryArmor","floor":8},{"not_picked":["Shade:Carnophage","Shade:SkeletonArmy","Shade:Premonition"],"picked":"Singing Bowl","floor":10},{"not_picked":["Shade:FreshBones","Shade:SkeletonArmy"],"picked":"Shade:FleshLikeOak","floor":12},{"not_picked":["Shade:Bonestorm","Shade:PotionOfRestlessness+1","Shade:ClawBack"],"picked":"Singing Bowl","floor":14},{"not_picked":["Shade:SelfBurial","Shade:Consume"],"picked":"Shade:LichForm+1","floor":16},{"not_picked":["Shade:BoneShards+1","Shade:GraveStillness","Shade:ScuttlingHand"],"picked":"Singing Bowl","floor":18},{"not_picked":["Shade:BoneShards+1","Shade:CoffinDance","Shade:ExtraLimbs"],"picked":"Singing Bowl","floor":22},{"not_picked":["Shade:Patience","Shade:Bonestorm"],"picked":"Shade:FleshToFlesh+1","floor":23},{"not_picked":["Shade:DangerousRitual","Shade:StitchTogether+1","Shade:Trample"],"picked":"Singing Bowl","floor":29},{"not_picked":["Shade:Awaken+1","Shade:FleshOffering","Shade:ExtraLimbs"],"picked":"Singing Bowl","floor":30},{"not_picked":["Shade:ClawBack","Shade:Trample","Shade:AblativeArmor"],"picked":"Singing Bowl","floor":31},{"not_picked":["Shade:SelfBurial","Shade:OminousRitual","Shade:LastGasp"],"picked":"Singing Bowl","floor":33},{"not_picked":["Shade:GreyBargain+1","Shade:RitualOffering+1","Shade:ExtraLimbs+1"],"picked":"Singing Bowl","floor":35},{"not_picked":["Shade:GraveStillness+1","Shade:FreshBones"],"picked":"Shade:OpenGraves+1","floor":37},{"not_picked":["Shade:AuraOfUnlife+1","Shade:WallOfFlesh"],"picked":"Shade:FuneraryJewels+1","floor":40},{"not_picked":["Shade:FleshToFlesh","Shade:Frenzy+1","Shade:Bonestorm"],"picked":"Singing Bowl","floor":41},{"not_picked":["Shade:Bonestorm","Shade:ExtraLimbs"],"picked":"Shade:FreshBones+1","floor":42},{"not_picked":["Shade:AncientSpear+1","Shade:CoffinDance+1"],"picked":"Shade:Carnophage+1","floor":44},{"not_picked":["Shade:Brains+1","Shade:Consume","Shade:WallOfFlesh+1"],"picked":"Singing Bowl","floor":45},{"not_picked":["Shade:RavenousHorde+1","Shade:ExtraLimbs"],"picked":"Shade:Excise+1","floor":47},{"not_picked":["Shade:Patience+1","Shade:ScuttlingHand"],"picked":"Shade:SensePrey+1","floor":54}],"player_experience":1068800,"relics_obtained":[{"floor":5,"key":"Oddly Smooth Stone"},{"floor":9,"key":"Pen Nib"},{"floor":10,"key":"Singing Bowl"},{"floor":12,"key":"Frozen Egg 2"},{"floor":23,"key":"Matryoshka"},{"floor":26,"key":"MawBank"},{"floor":26,"key":"The Courier"},{"floor":30,"key":"Lizard Tail"},{"floor":37,"key":"Incense Burner"},{"floor":40,"key":"Whetstone"},{"floor":42,"key":"Guardian:PocketSentry"},{"floor":43,"key":"Toxic Egg 2"},{"floor":43,"key":"Happy Flower"},{"floor":44,"key":"Du-Vu Doll"},{"floor":54,"key":"Shuriken"}],"event_choices":[{"damage_healed":59,"gold_gain":0,"player_choice":"Upgrade","damage_taken":12,"max_hp_gain":0,"max_hp_loss":59,"event_name":"betterThird:BetterShining","floor":2,"gold_loss":0,"cards_upgraded":["Shade:Defend_Shade","Shade:Defend_Shade"]},{"cards_removed":["Shade:Defend_Shade"],"damage_healed":0,"gold_gain":0,"player_choice":"Card Removal","damage_taken":7,"max_hp_gain":0,"max_hp_loss":0,"event_name":"Golden Wing","floor":3,"gold_loss":0},{"cards_removed":["Shade:Strike_Shade"],"damage_healed":0,"gold_gain":0,"player_choice":"Card Removal","damage_taken":0,"max_hp_gain":0,"max_hp_loss":0,"event_name":"The Cleric","floor":13,"gold_loss":50},{"damage_healed":0,"gold_gain":0,"player_choice":"Opened","damage_taken":0,"relics_obtained":["Omamori"],"max_hp_gain":0,"max_hp_loss":0,"event_name":"The Mausoleum","floor":19,"gold_loss":0,"cards_obtained":["Writhe"]},{"damage_healed":0,"gold_gain":275,"player_choice":"Desecrate","damage_taken":0,"max_hp_gain":0,"max_hp_loss":0,"event_name":"Golden Shrine","floor":20,"gold_loss":0,"cards_obtained":["Regret"]},{"damage_healed":0,"gold_gain":0,"player_choice":"Fight","damage_taken":0,"max_hp_gain":0,"max_hp_loss":0,"event_name":"Mysterious Sphere","floor":37,"gold_loss":0},{"damage_healed":67,"gold_gain":0,"player_choice":"Heal","damage_taken":0,"max_hp_gain":0,"max_hp_loss":10,"event_name":"The Moai Head","floor":38,"gold_loss":0}],"is_beta":false,"boss_relics":[{"not_picked":["Astrolabe","Tiny House"],"picked":"Philosopher\u0027s Stone"},{"not_picked":["Velvet Choker","Fusion Hammer"],"picked":"Cursed Key"}],"items_purged_floors":[7,21,36],"is_endless":false,"potions_floor_spawned":[8,10,12,29,30,40,42,45,54],"ascension_level":9}}