{"host":"d61fcf2p3sjwe6yo","time":1612955984,"event":{"mods":["BaseMod","Colored Map","Koishi","Marisa????????","Minty Spire (QoL Compilation)","StSLib","SuperFastMode","The Servant 0.9.4"],"gold_per_floor":[114,114,127,127,52,87,87,118,118,147,208,238,6,18,18,91,91,108,33,33,33,33,60,72,72,72,105,105,105,134,146,146,220,220,235,235,253,121,141,173,188,235,289,320,88,103,103,128,128,128,128,128,128,48,77,77],"floor_reached":57,"language":"ENG","playtime":2980,"items_purged":["Strike_MRS","Writhe","FairyDestructionRay"],"score":3319,"play_id":"0a9c3410-c0a9-42fb-8f47-29c1bf86bc5f","local_time":"20210210141944","is_ascension_mode":true,"campfire_choices":[{"data":"MasterSpark","floor":7.0,"key":"SMITH"},{"data":"Defend_MRS","floor":15.0,"key":"SMITH"},{"data":"Defend_MRS","floor":25.0,"key":"SMITH"},{"data":"Defend_MRS","floor":28.0,"key":"SMITH"},{"data":"OortCloud","floor":32.0,"key":"SMITH"},{"floor":47.0,"key":"RECALL"},{"data":"CollectingQuirk","floor":49.0,"key":"SMITH"},{"data":"AlicesGift","floor":53.0,"key":"SMITH"}],"circlet_count":0,"master_deck":["AscendersBane","Defend_MRS+1","Defend_MRS+1","Defend_MRS+1","MasterSpark+1","UpSweep+1","OortCloud+1","ChargingUp+1","MilkyWay+1","EarthLightRay+1","GalacticHalo+1","ChargingUp+1","Acceleration+1","ManaRampage+1","GalacticHalo+1","MagicChant+1","Acceleration+1","AlicesGift+1","OortCloud+1","UltimateShortwave+1","MagicChant+1","OrrerysSun","CollectingQuirk+1","Acceleration+1","OortCloud"],"relics":["MiniHakkero","NeowsBlessing","Toxic Egg 2","Du-Vu Doll","StrikeDummy","AmplifyWand","Bronze Scales","Membership Card","Coffee Dripper","Nilry\u0027s Codex","Happy Flower","Bottled Tornado","InkBottle","Centennial Puzzle","Question Card","Philosopher\u0027s Stone","Omamori","Matryoshka","CatCart","Strawberry","Blood Vial","Potion Belt","HornCleat","CaptainsWheel","Anchor"],"acts_visited":["Exordium","TheCity","TheBeyond","TheEnding"],"potions_floor_usage":[56,56,56],"damage_taken":[{"damage":0.0,"enemies":"2 Louse","floor":1.0,"turns":1.0},{"damage":0.0,"enemies":"Cultist","floor":3.0,"turns":1.0},{"damage":0.0,"enemies":"Lagavulin","floor":6.0,"turns":1.0},{"damage":12.0,"enemies":"3 Sentries","floor":8.0,"turns":12.0},{"damage":0.0,"enemies":"Lagavulin","floor":10.0,"turns":4.0},{"damage":2.0,"enemies":"3 Sentries","floor":11.0,"turns":9.0},{"damage":10.0,"enemies":"Gremlin Nob","floor":12.0,"turns":4.0},{"damage":0.0,"enemies":"Small Slimes","floor":14.0,"turns":3.0},{"damage":0.0,"enemies":"Slime Boss","floor":16.0,"turns":3.0},{"damage":0.0,"enemies":"Chosen","floor":18.0,"turns":3.0},{"damage":0.0,"enemies":"Book of Stabbing","floor":23.0,"turns":3.0},{"damage":0.0,"enemies":"3 Byrds","floor":24.0,"turns":2.0},{"damage":9.0,"enemies":"Slavers","floor":27.0,"turns":4.0},{"damage":0.0,"enemies":"Book of Stabbing","floor":30.0,"turns":3.0},{"damage":0.0,"enemies":"3 Cultists","floor":31.0,"turns":4.0},{"damage":0.0,"enemies":"Automaton","floor":33.0,"turns":3.0},{"damage":0.0,"enemies":"3 Darklings","floor":35.0,"turns":3.0},{"damage":0.0,"enemies":"Orb Walker","floor":37.0,"turns":2.0},{"damage":0.0,"enemies":"Sphere and 2 Shapes","floor":39.0,"turns":3.0},{"damage":11.0,"enemies":"Reptomancer","floor":40.0,"turns":3.0},{"damage":3.0,"enemies":"4 Shapes","floor":41.0,"turns":7.0},{"damage":12.0,"enemies":"Orin","floor":42.0,"turns":4.0},{"damage":0.0,"enemies":"Giant Head","floor":44.0,"turns":4.0},{"damage":0.0,"enemies":"Writhing Mass","floor":46.0,"turns":4.0},{"damage":1.0,"enemies":"Nemesis","floor":48.0,"turns":3.0},{"damage":1.0,"enemies":"Awakened One","floor":50.0,"turns":4.0},{"damage":10.0,"enemies":"Time Eater","floor":51.0,"turns":2.0},{"damage":2,"enemies":"Shield and Spear","floor":55,"turns":2},{"damage":25,"enemies":"The Heart","floor":56,"turns":7}],"seed_played":"5492083202388665761","potions_obtained":[{"floor":1.0,"key":"Regen Potion"},{"floor":11.0,"key":"FearPotion"},{"floor":14.0,"key":"Fire Potion"},{"floor":41.0,"key":"Block Potion"},{"floor":42.0,"key":"ShroomBrew"},{"floor":44.0,"key":"Explosive Potion"},{"floor":46.0,"key":"Ancient Potion"},{"floor":48.0,"key":"SkillPotion"}],"is_trial":false,"path_per_floor":["M","?","M","?","?","E","R","E","T","E","?","E","$","M","R","B",null,"M","?","?","$","?","E","M","R","T","E","R","?","E","M","R","B",null,"M","?","M","$","M","E","M","?","T","E","$","M","R","E","R","B","B",null,"R","$","E","B",null],"character_chosen":"MARISA","items_purchased":["Membership Card","Acceleration+1","Omamori","HornCleat","Acceleration+1","LiquidBronze","OortCloud"],"campfire_rested":0,"item_purchase_floors":[13,13,38,45,45,54,54],"current_hp_per_floor":[63,63,63,42,42,42,42,45,45,45,49,45,45,51,51,57,67,70,70,49,49,49,49,49,49,49,46,46,46,52,58,58,64,69,70,70,70,70,70,65,68,58,65,73,73,77,77,76,76,77,67,75,75,75,75,52],"gold":77,"neow_bonus":"THREE_ENEMY_KILL","is_daily":false,"chose_seed":false,"campfire_upgraded":7,"win_rate":0.0,"timestamp":1612955984,"path_taken":["M","?","?","?","?","E","R","E","T","E","?","E","$","M","R","BOSS","M","?","?","?","?","E","M","R","T","E","R","?","E","M","R","BOSS","M","?","M","$","M","E","M","?","T","E","$","M","R","E","R","BOSS","BOSS","R","$","E","BOSS"],"items_purchased_type":["Relic","Card","Relic","Relic","Card","Potion","Card"],"build_version":"2020-12-22","purchased_purges":3,"victory":true,"max_hp_per_floor":[70,70,70,70,70,70,70,70,70,70,70,70,70,70,70,70,70,70,70,70,70,70,70,70,70,70,70,70,70,70,70,70,70,70,70,70,70,70,70,70,70,70,77,77,77,77,77,77,77,77,77,77,77,77,77,77],"card_choices":[{"not_picked":["DarkMatter","SporeBomb","MysteriousBeam"],"picked":"SKIP","floor":1.0},{"not_picked":["IllusionStar","GrandCross"],"picked":"OortCloud","floor":3.0},{"not_picked":["PulseMagic+1","MysteriousBeam"],"picked":"ChargingUp+1","floor":6.0},{"not_picked":["6A","MachineGunSpark"],"picked":"MilkyWay+1","floor":8.0},{"not_picked":["MilkyWay+1","SuperNova"],"picked":"EarthLightRay+1","floor":10.0},{"not_picked":["GrandCross","NonDirectionalLaser"],"picked":"GalacticHalo+1","floor":11.0},{"not_picked":["FinalSpark","AsteroidBelt+1"],"picked":"ChargingUp+1","floor":12.0},{"not_picked":["RefractionSpark","6A","Occultation+1"],"picked":"SKIP","floor":14.0},{"not_picked":["SatelliteIllusion","BigCrunch+1"],"picked":"ManaRampage+1","floor":16.0},{"not_picked":["ShootingEcho","IllusionStar+1"],"picked":"GalacticHalo+1","floor":18.0},{"not_picked":["WitchLeyline+1","Orbital+1"],"picked":"MagicChant+1","floor":23.0},{"not_picked":["GrandCross","GalacticHalo+1","GravityBeat"],"picked":"SKIP","floor":24.0},{"not_picked":["SprinkleStarSeal+1","PulseMagic+1"],"picked":"Acceleration+1","floor":27.0},{"not_picked":["MilkyWay+1","SuperPerseids+1"],"picked":"AlicesGift","floor":30.0},{"not_picked":["NonDirectionalLaser","MagicChant+1","GrandCross+1"],"picked":"OortCloud","floor":31.0},{"not_picked":["CollectingQuirk","CasketOfStar","MillisecondPulsars"],"picked":"UltimateShortwave+1","floor":33.0},{"not_picked":["WitchOfGreed+1","Acceleration+1","Occultation+1"],"picked":"MagicChant+1","floor":35.0},{"not_picked":["AsteroidBelt+1","OneTimeOff+1","DC","GrandCross"],"picked":"SKIP","floor":37.0},{"not_picked":["DC","SporeBomb+1","UnstableBomb"],"picked":"OrrerysSun","floor":39.0},{"not_picked":["GrandCross","DC","MachineGunSpark"],"picked":"FairyDestructionRay","floor":40.0},{"not_picked":["PowerUp+1","WitchLeyline","GravityBeat","DC"],"picked":"SKIP","floor":41.0},{"not_picked":["IllusionStar+1","CasketOfStar","DC"],"picked":"CollectingQuirk","floor":44.0},{"not_picked":["SporeBomb+1","UnstableBomb","SuperPerseids+1","Orbital+1"],"picked":"SKIP","floor":46.0},{"not_picked":["DC","6A","ShootingEcho","DoubleSpark"],"picked":"SKIP","floor":48.0},{"not_picked":["WitchLeyline","6A","ChargeUpSpray","NonDirectionalLaser"],"picked":"SKIP","floor":55}],"player_experience":327710,"relics_obtained":[{"floor":6.0,"key":"Toxic Egg 2"},{"floor":8.0,"key":"Du-Vu Doll"},{"floor":10.0,"key":"StrikeDummy"},{"floor":11.0,"key":"AmplifyWand"},{"floor":12.0,"key":"Bronze Scales"},{"floor":20.0,"key":"Nilry\u0027s Codex"},{"floor":23.0,"key":"Happy Flower"},{"floor":26.0,"key":"Bottled Tornado"},{"floor":27.0,"key":"InkBottle"},{"floor":30.0,"key":"Question Card"},{"floor":40.0,"key":"Matryoshka"},{"floor":42.0,"key":"CatCart"},{"floor":43.0,"key":"Strawberry"},{"floor":43.0,"key":"Blood Vial"},{"floor":44.0,"key":"Potion Belt"},{"floor":48.0,"key":"CaptainsWheel"},{"floor":55,"key":"Anchor"}],"event_choices":[{"cards_removed":["Strike_MRS"],"damage_healed":0.0,"max_hp_gain":0.0,"max_hp_loss":0.0,"gold_gain":0.0,"event_name":"Bonfire Elementals","player_choice":"Offered Basic","floor":2.0,"gold_loss":0.0,"damage_taken":0.0},{"damage_healed":0.0,"max_hp_gain":0.0,"max_hp_loss":0.0,"gold_gain":0.0,"event_name":"Shining Light","player_choice":"Entered Light","floor":4.0,"gold_loss":0.0,"damage_taken":21.0,"cards_upgraded":["OortCloud","UpSweep"]},{"cards_removed":["Strike_MRS"],"damage_healed":0.0,"max_hp_gain":0.0,"max_hp_loss":0.0,"gold_gain":0.0,"event_name":"The Cleric","player_choice":"Card Removal","floor":5.0,"gold_loss":75.0,"damage_taken":0.0},{"damage_healed":0.0,"max_hp_gain":0.0,"max_hp_loss":0.0,"gold_gain":0.0,"event_name":"Dead Adventurer","player_choice":"Searched \u00271\u0027 times","floor":11.0,"gold_loss":0.0,"damage_taken":0.0},{"cards_removed":["Strike_MRS"],"damage_healed":0.0,"max_hp_gain":0.0,"max_hp_loss":0.0,"gold_gain":0.0,"event_name":"Beggar","player_choice":"Gave Gold","floor":19.0,"gold_loss":75.0,"damage_taken":0.0},{"damage_healed":0.0,"max_hp_gain":0.0,"max_hp_loss":0.0,"gold_gain":0.0,"event_name":"Cursed Tome","player_choice":"Obtained Book","floor":20.0,"gold_loss":0.0,"damage_taken":21.0},{"cards_removed":["Defend_MRS"],"damage_healed":0.0,"max_hp_gain":0.0,"max_hp_loss":0.0,"gold_gain":0.0,"event_name":"Back to Basics","player_choice":"Elegance","floor":22.0,"gold_loss":0.0,"damage_taken":0.0},{"damage_healed":0.0,"max_hp_gain":0.0,"max_hp_loss":0.0,"gold_gain":0.0,"event_name":"The Mausoleum","player_choice":"Opened","floor":29.0,"gold_loss":0.0,"damage_taken":0.0,"relics_obtained":["Centennial Puzzle"],"cards_obtained":["Writhe"]},{"damage_healed":0.0,"max_hp_gain":0.0,"max_hp_loss":0.0,"gold_gain":0.0,"event_name":"Tomb of Lord Red Mask","player_choice":"Ignored","floor":36.0,"gold_loss":0.0,"damage_taken":0.0},{"damage_healed":0.0,"max_hp_gain":0.0,"max_hp_loss":0.0,"gold_gain":0.0,"event_name":"OrinTheCat","player_choice":"Fight","floor":42.0,"gold_loss":0.0,"damage_taken":0.0}],"is_beta":false,"boss_relics":[{"not_picked":["Runic Pyramid","Runic Dome"],"picked":"Coffee Dripper"},{"not_picked":["Astrolabe","Empty Cage"],"picked":"Philosopher\u0027s Stone"}],"items_purged_floors":[13,38,45],"is_endless":false,"potions_floor_spawned":[1,11,14,18,41,42,44,46,48],"ascension_level":20}}