{"host":"f5gffvlv6a66yqkd","time":1612930811,"event":{"mods":["2.2 Compatiblity","BaseMod","Colored Map","Custom Start","DeckTracker","Keyboard Shortcuts","Minty Spire (QoL Compilation)","Permanent Neow","Quick Restart","Relic Stats","StSLib","SuperFastMode"],"gold_per_floor":[116,133,48,48,63,63,82,115,115,40,53,53,53,53,53,130,130,149,160,160,74,84,84,84],"floor_reached":23,"language":"KOR","playtime":552,"items_purged":["Strike_B"],"score":382,"play_id":"cfb10d23-94a6-4088-bd8c-ff041a7e40ff","local_time":"20210210132011","is_ascension_mode":true,"campfire_choices":[{"data":"Zap","floor":6.0,"key":"SMITH"},{"data":"Defragment","floor":12.0,"key":"SMITH"},{"data":"Seek","floor":15.0,"key":"SMITH"}],"circlet_count":0,"master_deck":["AscendersBane","Strike_B","Strike_B","Defend_B","Defend_B","Defend_B","Defend_B","Zap+1","Dualcast","Beam Cell","Stack","Compile Driver","Glacier","Streamline","Seek+1","Defragment+1","White Noise","Electrodynamics"],"relics":["Cracked Core","Gremlin Horn","Darkstone Periapt","StrikeDummy","Singing Bowl","Nuclear Battery","Nunchaku"],"acts_visited":["Exordium","TheCity"],"potions_floor_usage":[23,23],"damage_taken":[{"damage":4.0,"enemies":"Jaw Worm","floor":1.0,"turns":4.0},{"damage":0.0,"enemies":"Cultist","floor":2.0,"turns":3.0},{"damage":3.0,"enemies":"2 Louse","floor":5.0,"turns":2.0},{"damage":3.0,"enemies":"Blue Slaver","floor":7.0,"turns":3.0},{"damage":23.0,"enemies":"3 Sentries","floor":8.0,"turns":7.0},{"damage":0.0,"enemies":"3 Louse","floor":11.0,"turns":3.0},{"damage":14.0,"enemies":"The Guardian","floor":16.0,"turns":8.0},{"damage":15,"enemies":"3 Byrds","floor":18,"turns":3},{"damage":0,"enemies":"Chosen","floor":19,"turns":3},{"damage":0,"enemies":"Snake Plant","floor":22,"turns":2},{"damage":40,"enemies":"Book of Stabbing","floor":23,"turns":5}],"seed_played":"-1289520012249289505","potions_obtained":[{"floor":1.0,"key":"Energy Potion"},{"floor":2.0,"key":"GamblersBrew"},{"floor":7.0,"key":"SkillPotion"},{"floor":11.0,"key":"Swift Potion"}],"is_trial":false,"path_per_floor":["M","M","$","?","M","R","M","E","T","$","M","R","T","?","R","B",null,"M","M","?","?","M","E"],"character_chosen":"DEFECT","items_purchased":["Glacier"],"campfire_rested":0,"item_purchase_floors":[3],"current_hp_per_floor":[60,60,60,60,57,57,54,31,31,31,31,31,31,31,31,17,58,45,47,47,47,49,9,9],"gold":84,"neow_bonus":"THREE_CARDS","is_daily":false,"chose_seed":false,"campfire_upgraded":3,"win_rate":0.0,"timestamp":1612930811,"path_taken":["M","M","$","?","?","R","M","E","T","$","M","R","?","?","R","BOSS","M","M","?","?","?","E"],"items_purchased_type":["Card"],"build_version":"2020-12-22","purchased_purges":1,"victory":false,"max_hp_per_floor":[71,71,71,71,71,71,71,71,71,71,71,71,71,71,71,71,71,73,75,75,75,77,77,77],"relic_stats":{"Darkstone Periapt":0,"Nunchaku":[0],"Gremlin Horn":[7,7],"Singing Bowl":6,"counters":[11,43],"obtain_stats":[{"Darkstone Periapt":8,"Nunchaku":21,"Gremlin Horn":4,"Singing Bowl":13,"Cracked Core":0,"StrikeDummy":9,"Nuclear Battery":17},{"Darkstone Periapt":5,"Nunchaku":9,"Gremlin Horn":2,"Singing Bowl":6,"Cracked Core":0,"StrikeDummy":5,"Nuclear Battery":7},{"Darkstone Periapt":19,"Nunchaku":36,"Gremlin Horn":7,"Singing Bowl":22,"Cracked Core":0,"StrikeDummy":19,"Nuclear Battery":30}]},"card_choices":[{"not_picked":["Go for the Eyes","Coolheaded"],"picked":"Beam Cell","floor":0.0},{"not_picked":["Heatsinks","Steam"],"picked":"Stack","floor":1.0},{"not_picked":["Coolheaded","Leap"],"picked":"Compile Driver","floor":2.0},{"not_picked":["Rebound","Storm","Compile Driver"],"picked":"SKIP","floor":5.0},{"not_picked":["Heatsinks","Cold Snap"],"picked":"Streamline","floor":7.0},{"not_picked":["Thunder Strike","Undo"],"picked":"Seek","floor":8.0},{"not_picked":["Stack","Steam Power"],"picked":"Defragment","floor":11.0},{"not_picked":["Multi-Cast","Meteor Strike"],"picked":"Electrodynamics","floor":16.0},{"not_picked":["Sweeping Beam","Stack+1","Storm"],"picked":"Singing Bowl","floor":18},{"not_picked":["Leap+1","Compile Driver","Redo"],"picked":"Singing Bowl","floor":19},{"not_picked":["Rebound","Cold Snap","Darkness"],"picked":"Singing Bowl","floor":22}],"player_experience":1718566,"relics_obtained":[{"floor":4.0,"key":"Gremlin Horn"},{"floor":8.0,"key":"Darkstone Periapt"},{"floor":9.0,"key":"StrikeDummy"},{"floor":13.0,"key":"Singing Bowl"}],"event_choices":[{"damage_healed":0.0,"max_hp_gain":0.0,"max_hp_loss":0.0,"gold_gain":0.0,"event_name":"Wheel of Change","player_choice":"Relic","floor":4.0,"gold_loss":0.0,"damage_taken":0.0},{"damage_healed":0.0,"max_hp_gain":0.0,"max_hp_loss":0.0,"gold_gain":0.0,"cards_transformed":["Strike_B"],"event_name":"Living Wall","player_choice":"Change","floor":14.0,"gold_loss":0.0,"damage_taken":0.0,"cards_obtained":["White Noise"]},{"damage_healed":0,"gold_gain":0,"player_choice":"Ignored","damage_taken":0,"max_hp_gain":0,"max_hp_loss":0,"event_name":"Ghosts","floor":20,"gold_loss":0},{"damage_healed":0,"gold_gain":0,"player_choice":"Paid Gold","damage_taken":0,"relics_obtained":["Nunchaku"],"max_hp_gain":0,"max_hp_loss":0,"event_name":"WeMeetAgain","floor":21,"gold_loss":86}],"is_beta":false,"boss_relics":[{"not_picked":["Velvet Choker","Astrolabe"],"picked":"Nuclear Battery"}],"items_purged_floors":[10],"is_endless":false,"potions_floor_spawned":[1,2,7,11],"killed_by":"Book of Stabbing","ascension_level":20}}