{"host":"9bcvatsnbq1a3xq4","time":1612987528,"event":{"mods":["BaseMod","Bestiary","Block Reminder","Highlight Path","Minty Spire (QoL Compilation)","Relic Stats"],"gold_per_floor":[212,222,16,16,33,62,62,90,154,13,23,23,23,39,39,39,39],"floor_reached":16,"language":"ENG","playtime":910,"items_purged":["Strike_R"],"score":220,"play_id":"67641a3d-2cc0-43e2-bb2d-efb114ecbbaf","local_time":"20210210210528","is_ascension_mode":true,"campfire_choices":[{"data":"Immolate","floor":7,"key":"SMITH"},{"data":"Armaments","floor":12,"key":"SMITH"},{"data":"True Grit","floor":15,"key":"SMITH"}],"circlet_count":0,"master_deck":["AscendersBane","Strike_R","Strike_R","Strike_R","Strike_R","Defend_R","Defend_R","Defend_R","Defend_R","Bash","Cleave","Thunderclap","Battle Trance","Evolve+1","Immolate+1","Power Through","Shrug It Off","Armaments+1","True Grit+1"],"relics":["Burning Blood","Bag of Marbles","Ornamental Fan","MawBank","Vajra"],"acts_visited":["Exordium"],"potions_floor_usage":[8,8,16,16],"damage_taken":[{"damage":15,"enemies":"Small Slimes","floor":1,"turns":6},{"damage":1,"enemies":"2 Louse","floor":2,"turns":3},{"damage":1,"enemies":"Cultist","floor":5,"turns":3},{"damage":37,"enemies":"Gremlin Nob","floor":6,"turns":4},{"damage":32,"enemies":"Lagavulin","floor":8,"turns":7},{"damage":0,"enemies":"Lots of Slimes","floor":11,"turns":1},{"damage":15,"enemies":"Exordium Wildlife","floor":14,"turns":3},{"damage":14,"enemies":"Hexaghost","floor":16,"turns":9}],"seed_played":"-5465471273817412492","potions_obtained":[{"floor":2,"key":"Dexterity Potion"},{"floor":6,"key":"EssenceOfSteel"},{"floor":14,"key":"DuplicationPotion"}],"is_trial":false,"path_per_floor":["M","M","$","?","M","E","R","E","T","$","M","R","?","M","R","B"],"character_chosen":"IRONCLAD","items_purchased":["Battle Trance","Bag of Marbles","Shrug It Off","SkillPotion"],"campfire_rested":0,"item_purchase_floors":[3,3,10,10],"current_hp_per_floor":[59,64,64,69,74,43,43,17,17,17,23,23,23,14,14,0,0],"gold":39,"neow_bonus":"HUNDRED_GOLD","is_daily":false,"chose_seed":false,"campfire_upgraded":3,"win_rate":0.0,"timestamp":1612987528,"path_taken":["M","M","$","?","M","E","R","E","T","$","M","R","?","M","R","BOSS"],"items_purchased_type":["Card","Relic","Card","Potion"],"build_version":"2020-12-22","purchased_purges":1,"victory":false,"max_hp_per_floor":[75,75,75,80,80,80,80,80,80,80,80,80,80,80,80,80,80],"relic_stats":{"counters":[8,36],"Ornamental Fan":[4],"MawBank":24,"obtain_stats":[{"Ornamental Fan":6,"Vajra":9,"Bag of Marbles":3,"MawBank":8,"Burning Blood":0},{"Ornamental Fan":4,"Vajra":5,"Bag of Marbles":2,"MawBank":5,"Burning Blood":0},{"Ornamental Fan":16,"Vajra":23,"Bag of Marbles":9,"MawBank":23,"Burning Blood":0}],"Burning Blood":42},"card_choices":[{"not_picked":["Havoc","Headbutt"],"picked":"Cleave","floor":1},{"not_picked":["Flex","Burning Pact"],"picked":"Thunderclap","floor":2},{"not_picked":["Twin Strike","Iron Wave"],"picked":"Evolve","floor":5},{"not_picked":["Inflame","Searing Blow"],"picked":"Immolate","floor":6},{"not_picked":["Headbutt","Body Slam"],"picked":"Power Through","floor":8},{"not_picked":["Perfected Strike","Power Through"],"picked":"Armaments","floor":11},{"not_picked":["Anger","Cleave"],"picked":"True Grit","floor":14}],"player_experience":834839,"relics_obtained":[{"floor":6,"key":"Ornamental Fan"},{"floor":8,"key":"MawBank"},{"floor":9,"key":"Vajra"}],"event_choices":[{"damage_healed":0,"gold_gain":0,"player_choice":"Donut","damage_taken":0,"max_hp_gain":5,"max_hp_loss":0,"event_name":"Big Fish","floor":4,"gold_loss":0},{"damage_healed":0,"gold_gain":0,"player_choice":"Upgraded","damage_taken":0,"max_hp_gain":0,"max_hp_loss":0,"event_name":"Upgrade Shrine","floor":13,"gold_loss":0,"cards_upgraded":["Evolve"]}],"is_beta":false,"boss_relics":[],"items_purged_floors":[10],"is_endless":false,"potions_floor_spawned":[2,6,14],"killed_by":"Hexaghost","ascension_level":20}}