{"host":"2j0mbbhh79gnud0i","time":1612994461,"event":{"mods":["BaseMod","Minty Spire (QoL Compilation)","Shop Mod","StSLib"],"gold_per_floor":[116,135,135,135,145,177,177,203,230,255,284,284,284,3,3,98,98,115,115,129,129,141,166,198,198,198],"floor_reached":25,"language":"KOR","playtime":3315,"items_purged":[],"score":292,"play_id":"fb990dd4-6cd6-4542-97f2-470284a0929d","local_time":"20210211070101","daily_mods":["Draft","Diverse","Flight","DeadlyEvents","Elite Swarm","Terminal"],"is_ascension_mode":false,"campfire_choices":[{"data":"Armaments","floor":7,"key":"SMITH"},{"floor":12,"key":"REST"},{"data":"Doppelganger","floor":15,"key":"SMITH"}],"circlet_count":0,"master_deck":["Rebound","FTL","Uppercut","Headbutt","Fusion","Well Laid Plans","Expertise","Flying Knee","Stack+1","Poisoned Stab","Bane","Ball Lightning","Armaments+1","Finisher+1","Sucker Punch","Burst","Night Terror","Doppelganger+1","Coolheaded","Self Repair","Amplify","Biased Cognition","Feed"],"relics":["Cracked Core","Singing Bowl","Bag of Preparation","Regal Pillow","Vajra","Dream Catcher","MerchantsRug","Lantern","Philosopher\u0027s Stone","Kunai","Boot"],"acts_visited":["Exordium","TheCity"],"potions_floor_usage":[8,16,23,23,25],"damage_taken":[{"damage":2,"enemies":"Small Slimes","floor":1,"turns":3},{"damage":3,"enemies":"Jaw Worm","floor":2,"turns":2},{"damage":0,"enemies":"Cultist","floor":5,"turns":2},{"damage":8,"enemies":"Lagavulin","floor":6,"turns":5},{"damage":13,"enemies":"3 Sentries","floor":8,"turns":4},{"damage":8,"enemies":"Lagavulin","floor":10,"turns":4},{"damage":0,"enemies":"Gremlin Nob","floor":11,"turns":3},{"damage":15,"enemies":"Hexaghost","floor":16,"turns":8},{"damage":3,"enemies":"Chosen","floor":18,"turns":3},{"damage":23,"enemies":"Shell Parasite","floor":20,"turns":5},{"damage":0,"enemies":"Snake Plant","floor":22,"turns":2},{"damage":12,"enemies":"Slavers","floor":23,"turns":5},{"damage":7,"enemies":"Book of Stabbing","floor":24,"turns":4},{"damage":35,"enemies":"Slavers","floor":25,"turns":2}],"seed_played":"-3679571090255447171","potions_obtained":[{"floor":2,"key":"AttackPotion"},{"floor":5,"key":"FocusPotion"},{"floor":8,"key":"SkillPotion"},{"floor":13,"key":"FocusPotion"},{"floor":20,"key":"EssenceOfSteel"},{"floor":24,"key":"GamblersBrew"}],"is_trial":true,"path_per_floor":["M","M","?","?","M","E","R","E","T","E","E","R","?","$","R","B",null,"M","?","M","?","M","E","E","E"],"character_chosen":"DEFECT","items_purchased":["MerchantsRug","Lantern","Self Repair"],"campfire_rested":1,"item_purchase_floors":[14,14,14],"current_hp_per_floor":[74,71,56,56,58,52,52,39,39,31,31,66,66,66,65,60,63,64,63,62,51,53,41,34,0,0],"gold":198,"neow_bonus":"","is_daily":false,"chose_seed":false,"campfire_upgraded":2,"win_rate":0.0,"timestamp":1612994461,"path_taken":["M","M","?","?","?","E","R","E","T","?","E","R","?","$","R","BOSS","M","?","?","?","?","E","E","E"],"items_purchased_type":["Relic","Relic","Card"],"build_version":"2020-12-22","purchased_purges":0,"victory":false,"max_hp_per_floor":[75,74,73,72,73,74,73,72,71,70,69,68,67,66,65,64,63,64,63,64,68,69,68,67,67,67],"card_choices":[{"not_picked":["Turbo","Thunderclap"],"picked":"Rebound","floor":0},{"not_picked":["Dual Wield","Deflect"],"picked":"FTL","floor":0},{"not_picked":["Clothesline","Bloodletting"],"picked":"Infinite Blades","floor":0},{"not_picked":["Beam Cell","Dash"],"picked":"Uppercut","floor":0},{"not_picked":["All Out Attack","Redo"],"picked":"Headbutt","floor":0},{"not_picked":["Choke","Warcry"],"picked":"Fusion","floor":0},{"not_picked":["Crippling Poison","Go for the Eyes"],"picked":"Well Laid Plans","floor":0},{"not_picked":["Turbo","Beam Cell"],"picked":"Expertise","floor":0},{"not_picked":["Rage","Heel Hook"],"picked":"Flying Knee","floor":0},{"not_picked":["Tempest","Iron Wave"],"picked":"Stack","floor":0},{"not_picked":["Clothesline","Redo"],"picked":"Poisoned Stab","floor":0},{"not_picked":["Hello World","Barrage"],"picked":"Bane","floor":0},{"not_picked":["Flex","Hello World"],"picked":"Ball Lightning","floor":0},{"not_picked":["Wild Strike","Dodge and Roll"],"picked":"Blood for Blood","floor":0},{"not_picked":["Slice","Wild Strike"],"picked":"Armaments","floor":0},{"not_picked":["Steam","Shockwave","Masterful Stab"],"picked":"Singing Bowl","floor":1},{"not_picked":["Combust","Blade Dance"],"picked":"Finisher","floor":2},{"not_picked":["Flying Knee","Leap","Compile Driver"],"picked":"Singing Bowl","floor":5},{"not_picked":["Reaper","Multi-Cast","Limit Break"],"picked":"Singing Bowl","floor":6},{"not_picked":["Hyperbeam","Exhume"],"picked":"Burst","floor":8},{"not_picked":["Berserk","Rainbow"],"picked":"Night Terror","floor":10},{"not_picked":["After Image","Feed"],"picked":"Doppelganger","floor":11},{"not_picked":["Hologram","Catalyst"],"picked":"Coolheaded","floor":12},{"not_picked":["Demon Form","Creative AI"],"picked":"Amplify","floor":16},{"not_picked":["Skewer","Thunderclap","Sucker Punch"],"picked":"Singing Bowl","floor":18},{"not_picked":["Seeing Red","Well Laid Plans","Metallicize"],"picked":"Singing Bowl","floor":20},{"not_picked":["Clash","Undo","Chaos+1"],"picked":"Singing Bowl","floor":22},{"not_picked":["Burst","Tools of the Trade"],"picked":"Biased Cognition","floor":23},{"not_picked":["Fission","Barricade"],"picked":"Feed","floor":24}],"player_experience":96477,"relics_obtained":[{"floor":6,"key":"Bag of Preparation"},{"floor":8,"key":"Singing Bowl"},{"floor":9,"key":"Regal Pillow"},{"floor":10,"key":"Vajra"},{"floor":11,"key":"Dream Catcher"},{"floor":23,"key":"Kunai"},{"floor":24,"key":"Boot"}],"event_choices":[{"damage_healed":0,"gold_gain":0,"player_choice":"Entered Light","damage_taken":15,"max_hp_gain":0,"max_hp_loss":0,"event_name":"Shining Light","floor":3,"gold_loss":0,"cards_upgraded":["Finisher","Stack"]},{"damage_healed":0,"gold_gain":0,"cards_transformed":["Blood for Blood"],"player_choice":"Transformed","damage_taken":0,"max_hp_gain":0,"max_hp_loss":0,"event_name":"Transmorgrifier","floor":4,"gold_loss":0,"cards_obtained":["Sucker Punch"]},{"damage_healed":0,"gold_gain":0,"player_choice":"Got Potions","damage_taken":0,"max_hp_gain":0,"max_hp_loss":0,"event_name":"Lab","floor":13,"gold_loss":0},{"cards_removed":["Infinite Blades"],"damage_healed":0,"gold_gain":0,"player_choice":"Elegance","damage_taken":0,"max_hp_gain":0,"max_hp_loss":0,"event_name":"Back to Basics","floor":19,"gold_loss":0},{"damage_healed":0,"gold_gain":0,"player_choice":"Shed Blood","damage_taken":16,"max_hp_gain":5,"max_hp_loss":0,"event_name":"Forgotten Altar","floor":21,"gold_loss":0}],"is_beta":false,"boss_relics":[{"not_picked":["Runic Dome","Snecko Eye"],"picked":"Philosopher\u0027s Stone"}],"items_purged_floors":[],"is_endless":true,"potions_floor_spawned":[2,5,8,20,24],"killed_by":"Slavers","ascension_level":0}}