{"host":"x8s7139x96bc3le0","time":1612997486,"event":{"mods":["AchievementEnabler","BaseMod","Bestiary","Minty Spire (QoL Compilation)","Relic Stats","ojb\u0027s Better Paths Mod","ojb\u0027s Info Mod"],"gold_per_floor":[116,126,142,142,142,172,188,215,215,215,248,248,263,138,138,240,240,251,263,277,277,290,290,325,120,120,155,155,155,155,171,171,272,272,292,307,24,41,41,67,96,96,120,120,135,85,85,99,99,99,99,99,29,63,63,63],"floor_reached":55,"language":"ENG","playtime":4199,"items_purged":["Strike_G","Strike_G","Strike_G","Predator"],"score":1089,"play_id":"5c24701e-c30c-49fd-ba51-4d07e2262ab8","local_time":"20210210235126","is_ascension_mode":true,"campfire_choices":[{"floor":10.0,"key":"REST"},{"data":"Tactician","floor":12.0,"key":"SMITH"},{"floor":15.0,"key":"REST"},{"data":"Footwork","floor":23.0,"key":"SMITH"},{"floor":30.0,"key":"REST"},{"data":"Eviscerate","floor":32.0,"key":"SMITH"},{"floor":47,"key":"RECALL"},{"data":"Caltrops","floor":49,"key":"SMITH"},{"data":"Leg Sweep","floor":52,"key":"SMITH"}],"circlet_count":0,"master_deck":["Strike_G+1","Defend_G","Defend_G","Defend_G","Defend_G","Defend_G","Survivor+1","Neutralize","Prepared","Footwork+1","Tactician+1","Leg Sweep+1","Blade Dance+1","Blur+1","Blade Dance+1","Malaise+1","Prepared+1","Quick Slash+1","Blade Dance+1","Footwork+1","Outmaneuver+1","Infinite Blades","Deadly Poison+1","Decay","Eviscerate+1","Corpse Explosion+1","Terror+1","Adrenaline+1","Acrobatics+1","Infinite Blades","Prepared+1","Backstab+1","Master of Strategy+1","Accuracy+1","Caltrops+1","Caltrops"],"relics":["Ring of the Serpent","Bag of Preparation","Toxic Egg 2","Shuriken","WingedGreaves","Smiling Mask","Eternal Feather","The Specimen","Omamori","WristBlade","Torii","MealTicket","Toy Ornithopter","Centennial Puzzle"],"acts_visited":["Exordium","TheCity","TheBeyond","TheEnding"],"potions_floor_usage":[41,50,50,55],"damage_taken":[{"damage":4.0,"enemies":"Small Slimes","floor":1.0,"turns":5.0},{"damage":5.0,"enemies":"2 Louse","floor":2.0,"turns":3.0},{"damage":1.0,"enemies":"Jaw Worm","floor":3.0,"turns":2.0},{"damage":13.0,"enemies":"Gremlin Nob","floor":6.0,"turns":4.0},{"damage":9.0,"enemies":"Exordium Wildlife","floor":7.0,"turns":5.0},{"damage":17.0,"enemies":"3 Sentries","floor":8.0,"turns":14.0},{"damage":13.0,"enemies":"Gremlin Nob","floor":11.0,"turns":4.0},{"damage":0.0,"enemies":"2 Fungi Beasts","floor":13.0,"turns":3.0},{"damage":2.0,"enemies":"Hexaghost","floor":16.0,"turns":9.0},{"damage":0.0,"enemies":"3 Byrds","floor":18.0,"turns":4.0},{"damage":4.0,"enemies":"Spheric Guardian","floor":19.0,"turns":3.0},{"damage":5.0,"enemies":"Snake Plant","floor":20.0,"turns":6.0},{"damage":0.0,"enemies":"Snecko","floor":22.0,"turns":3.0},{"damage":28.0,"enemies":"Gremlin Leader","floor":24.0,"turns":6.0},{"damage":21.0,"enemies":"Slavers","floor":27.0,"turns":6.0},{"damage":8.0,"enemies":"Cultist and Chosen","floor":31.0,"turns":6.0},{"damage":3.0,"enemies":"Automaton","floor":33.0,"turns":6.0},{"damage":0.0,"enemies":"Orb Walker","floor":35.0,"turns":2.0},{"damage":0.0,"enemies":"3 Darklings","floor":36.0,"turns":5.0},{"damage":10.0,"enemies":"Jaw Worm Horde","floor":38.0,"turns":3.0},{"damage":10.0,"enemies":"Nemesis","floor":40.0,"turns":5.0},{"damage":14,"enemies":"Reptomancer","floor":41,"turns":6},{"damage":1,"enemies":"Sphere and 2 Shapes","floor":45,"turns":3},{"damage":9,"enemies":"4 Shapes","floor":48,"turns":5},{"damage":55,"enemies":"Awakened One","floor":50,"turns":9},{"damage":63,"enemies":"Shield and Spear","floor":54,"turns":4},{"damage":8,"enemies":"The Heart","floor":55,"turns":2}],"seed_played":"8432442163558863958","potions_obtained":[{"floor":2.0,"key":"SteroidPotion"},{"floor":6.0,"key":"CunningPotion"},{"floor":8.0,"key":"Block Potion"},{"floor":16.0,"key":"SmokeBomb"},{"floor":18.0,"key":"BlessingOfTheForge"},{"floor":19.0,"key":"BlessingOfTheForge"},{"floor":33.0,"key":"FearPotion"},{"floor":36.0,"key":"SpeedPotion"},{"floor":40.0,"key":"SpeedPotion"},{"floor":48,"key":"SpeedPotion"}],"is_trial":false,"path_per_floor":["M","M","M","?","?","E","M","E","T","R","E","R","M","$","R","B",null,"M","M","M","?","M","R","E","$","T","E","?","T","R","M","R","B",null,"M","M","$","M","?","E","E","?","T","?","M","$","R","M","R","B",null,"R","$","E","B"],"character_chosen":"THE_SILENT","items_purchased":["Blade Dance+1","DistilledChaos","Outmaneuver+1","Infinite Blades","Adrenaline+1","Acrobatics+1","Infinite Blades","Caltrops"],"campfire_rested":3,"item_purchase_floors":[14,25,25,25,37,37,37,53],"current_hp_per_floor":[59,54,53,58,43,30,21,4,4,26,13,13,13,13,35,33,65,65,61,56,56,56,56,28,28,28,7,7,7,44,36,51,48,68,68,68,68,58,58,48,34,34,34,66,65,66,66,57,66,21,55,66,66,3,0,0],"gold":63,"neow_bonus":"TRANSFORM_CARD","is_daily":false,"chose_seed":false,"campfire_upgraded":5,"win_rate":0.0,"timestamp":1612997486,"path_taken":["M","M","M","?","?","E","M","E","T","R","E","R","M","$","R","BOSS","M","M","M","?","M","R","E","$","T","E","?","?","R","M","R","BOSS","M","M","$","M","?","E","E","?","T","?","M","?","R","M","R","BOSS","R","$","E","BOSS"],"items_purchased_type":["Card","Potion","Card","Card","Card","Card","Card","Card"],"build_version":"2020-12-22","purchased_purges":4,"victory":false,"max_hp_per_floor":[70,70,70,75,75,75,75,75,75,75,75,75,75,75,75,75,75,75,75,75,75,75,75,75,75,75,75,75,75,75,75,75,75,75,75,75,75,75,75,75,75,75,75,66,66,66,66,66,66,66,66,66,66,66,66,66],"relic_stats":{"Centennial Puzzle":[3],"Torii":17,"counters":[27,133],"Shuriken":[93],"Eternal Feather":50,"MealTicket":1,"Bag of Preparation":[46],"Smiling Mask":225,"obtain_stats":[{"The Specimen":27,"Torii":40,"Eternal Feather":24,"Bag of Preparation":6,"Omamori":29,"Smiling Mask":21,"Centennial Puzzle":54,"WristBlade":34,"Shuriken":9,"MealTicket":41,"WingedGreaves":11,"Toxic Egg 2":8,"Ring of the Serpent":17,"Toy Ornithopter":43,"Ring of the Snake":0},{"The Specimen":15,"Torii":21,"Eternal Feather":14,"Bag of Preparation":4,"Omamori":15,"Smiling Mask":12,"Centennial Puzzle":26,"WristBlade":17,"Shuriken":6,"MealTicket":22,"WingedGreaves":7,"Toxic Egg 2":6,"Ring of the Serpent":9,"Toy Ornithopter":22,"Ring of the Snake":0},{"The Specimen":77,"Torii":104,"Eternal Feather":71,"Bag of Preparation":14,"Omamori":77,"Smiling Mask":62,"Centennial Puzzle":131,"WristBlade":89,"Shuriken":33,"MealTicket":110,"WingedGreaves":37,"Toxic Egg 2":33,"Ring of the Serpent":49,"Toy Ornithopter":110,"Ring of the Snake":0}],"Toy Ornithopter":15},"card_choices":[{"not_picked":["Terror","Prepared"],"picked":"Underhanded Strike","floor":1.0},{"not_picked":["Bane","Deflect"],"picked":"Predator","floor":2.0},{"not_picked":["Poisoned Stab","Backflip"],"picked":"Footwork","floor":3.0},{"not_picked":["Flechettes","Prepared"],"picked":"Tactician","floor":6.0},{"not_picked":["Flying Knee","Outmaneuver"],"picked":"Leg Sweep","floor":7.0},{"not_picked":["Distraction+1","Expertise+1"],"picked":"Blade Dance+1","floor":8.0},{"not_picked":["Infinite Blades","Acrobatics+1"],"picked":"Blur+1","floor":11.0},{"not_picked":["Setup+1","All Out Attack","Deadly Poison+1"],"picked":"SKIP","floor":13.0},{"not_picked":["Grand Finale","Die Die Die"],"picked":"Malaise+1","floor":16.0},{"not_picked":["Heel Hook","PiercingWail+1","Bane"],"picked":"SKIP","floor":18.0},{"not_picked":["Blur+1","Bane"],"picked":"Prepared+1","floor":19.0},{"not_picked":["Slice","Cloak And Dagger+1"],"picked":"Quick Slash+1","floor":20.0},{"not_picked":["Dagger Throw","Backflip+1"],"picked":"Blade Dance+1","floor":22.0},{"not_picked":["Concentrate+1","Slice+1"],"picked":"Footwork+1","floor":24.0},{"not_picked":["Sucker Punch","Dagger Spray"],"picked":"Deadly Poison+1","floor":27.0},{"not_picked":["Bane","Dodge and Roll+1"],"picked":"Eviscerate","floor":31.0},{"not_picked":["Tools of the Trade","Malaise+1"],"picked":"Corpse Explosion+1","floor":33.0},{"not_picked":["Bouncing Flask+1","Quick Slash","Heel Hook+1"],"picked":"SKIP","floor":35.0},{"not_picked":["Heel Hook+1","Poisoned Stab+1"],"picked":"Terror+1","floor":36.0},{"not_picked":["Setup+1","Terror+1"],"picked":"Prepared+1","floor":38.0},{"not_picked":["Crippling Poison+1","Heel Hook+1"],"picked":"Backstab+1","floor":40.0},{"not_picked":["Sucker Punch","Underhanded Strike+1","Bouncing Flask+1"],"picked":"SKIP","floor":41},{"not_picked":["Jack Of All Trades+1","Mind Blast"],"picked":"Master of Strategy+1","floor":42},{"not_picked":["Reflex+1","Prepared+1"],"picked":"Accuracy+1","floor":45},{"not_picked":["Crippling Poison+1","Tactician+1"],"picked":"Caltrops","floor":48},{"not_picked":["Expertise+1","Deadly Poison+1","Underhanded Strike+1"],"picked":"SKIP","floor":54}],"player_experience":845487,"relics_obtained":[{"floor":6.0,"key":"Bag of Preparation"},{"floor":8.0,"key":"Toxic Egg 2"},{"floor":9.0,"key":"Shuriken"},{"floor":11.0,"key":"WingedGreaves"},{"floor":24.0,"key":"Eternal Feather"},{"floor":27.0,"key":"The Specimen"},{"floor":29.0,"key":"Omamori"},{"floor":40.0,"key":"Torii"},{"floor":41,"key":"MealTicket"},{"floor":43,"key":"Toy Ornithopter"},{"floor":54,"key":"Centennial Puzzle"}],"event_choices":[{"damage_healed":0.0,"max_hp_gain":5.0,"max_hp_loss":0.0,"gold_gain":0.0,"event_name":"Big Fish","player_choice":"Donut","floor":4.0,"gold_loss":0.0,"damage_taken":0.0},{"damage_healed":0.0,"max_hp_gain":0.0,"max_hp_loss":0.0,"gold_gain":0.0,"event_name":"Shining Light","player_choice":"Entered Light","floor":5.0,"gold_loss":0.0,"damage_taken":15.0,"cards_upgraded":["Survivor","Strike_G"]},{"damage_healed":0.0,"max_hp_gain":0.0,"max_hp_loss":0.0,"gold_gain":0.0,"event_name":"The Mausoleum","player_choice":"Opened","floor":21.0,"gold_loss":0.0,"damage_taken":0.0,"relics_obtained":["Smiling Mask"]},{"damage_healed":0.0,"max_hp_gain":0.0,"max_hp_loss":0.0,"gold_gain":0.0,"event_name":"Forgotten Altar","player_choice":"Smashed Altar","floor":28.0,"gold_loss":0.0,"damage_taken":0.0,"cards_obtained":["Decay"]},{"cards_removed":["Underhanded Strike"],"damage_healed":0.0,"max_hp_gain":0.0,"max_hp_loss":0.0,"gold_gain":0.0,"event_name":"Falling","player_choice":"Removed Attack","floor":39.0,"gold_loss":0.0,"damage_taken":0.0},{"damage_healed":0,"gold_gain":0,"player_choice":"Memory 1","damage_taken":0,"max_hp_gain":0,"max_hp_loss":0,"event_name":"SensoryStone","floor":42,"gold_loss":0},{"damage_healed":66,"gold_gain":0,"player_choice":"Heal","damage_taken":0,"max_hp_gain":0,"max_hp_loss":9,"event_name":"The Moai Head","floor":44,"gold_loss":0}],"is_beta":false,"boss_relics":[{"not_picked":["Coffee Dripper","HoveringKite"],"picked":"Ring of the Serpent"},{"not_picked":["Empty Cage","Runic Pyramid"],"picked":"WristBlade"}],"items_purged_floors":[14,25,37,46],"is_endless":false,"potions_floor_spawned":[2,6,8,16,18,19,33,36,40,48],"killed_by":"The Heart","ascension_level":8}}