{"host":"v0xbo920qxoewo3e","time":1612973004,"event":{"mods":["Act Like it!","Aspiration","Astrologer","BaseMod","Conspire","Downfall","Friendly Minions","GifTheSpireLib","Halation","Hermit","Hubris","Infinite Spire","Jedi Mod","Jorbs\u0027s Wanderer Trilogy","Koishi","Marisa????????","Minty Spire (QoL Compilation)","Potionbrewer","Rare Cards Sparkle","Reimu??????","Remilia??????","Replay The Spire","StSLib","Stuff the Spire","The Animator","The Blackbeard","The Bladedancer","The Bug Knight","The Construct","The Cursed","The Disciple","The Gatherer","The Jungle","The Problem Sleuth","The Runesmith","The Servant 0.9.4","TheBandit","Unceasing Turn Reminder"],"gold_per_floor":[18,38,49,49,68,68,94,94,118,146,146,146,43,71,71,143,143,113,38,38,38,38,38,38,38,38,38,38,38,38,38,38,38,38,38,38,38,38,38,38,38,38,38,38,38,38,38],"floor_reached":46,"language":"ENG","playtime":3805,"items_purged":["Strike_R"],"score":997,"play_id":"00490ccf-2f9f-4acd-8c1b-b037fe977e62","local_time":"20210210180324","is_ascension_mode":true,"campfire_choices":[{"data":"Bludgeon","floor":6,"key":"SMITH"},{"data":"Shockwave","floor":12,"key":"SMITH"},{"data":"Armaments","floor":15,"key":"SMITH"},{"data":"True Grit","floor":23,"key":"SMITH"},{"data":"Spot Weakness","floor":25,"key":"SMITH"},{"data":"Shrug It Off","floor":32,"key":"SMITH"},{"floor":40,"key":"REST"},{"data":"Burning Pact","floor":42,"key":"SMITH"},{"data":"Shrug It Off","floor":44,"key":"SMITH"}],"circlet_count":0,"master_deck":["AscendersBane","Strike_R","Strike_R","Defend_R","Defend_R","Bash","ReplayTheSpireMod:Strike From Hell","Shrug It Off+1","Bludgeon+1","Headbutt","Cleave","Berserk+1","Shockwave+1","True Grit+1","Armaments+1","Reaper","Spot Weakness+1","Shrug It Off+1","jedi:harder+1","Burning Pact+1","Replay:Many Hands","ReplayTheSpireMod:Stacked+1"],"relics":["Burning Blood","Ancient Tea Set","aspiration:ChemicalBlood","Lantern","halation:EternalFortune","PreservedInsect","Ectoplasm","Ice Cream","Eternal Feather","jedi:shrinkray","Replay:Accelerometer","StuffTheSpire:EmeraldSignet","jedi:HeartOfTheCards","InkBottle"],"acts_visited":["Exordium","TheCity","TheBeyond"],"potions_floor_usage":[7,16,20,22,24,27,33,33,35,35,38,41,46,46,46,46,46],"damage_taken":[{"damage":4,"enemies":"2 Louse","floor":1,"turns":4},{"damage":15,"enemies":"Small Slimes","floor":2,"turns":5},{"damage":0,"enemies":"conspire:RoseBush","floor":3,"turns":4},{"damage":6,"enemies":"Blue Slaver","floor":5,"turns":4},{"damage":14,"enemies":"HollowMod:MossKnight","floor":7,"turns":3},{"damage":14,"enemies":"Replay:BlueRogue","floor":10,"turns":6},{"damage":3,"enemies":"Gremlin Nob","floor":14,"turns":3},{"damage":9,"enemies":"Hexaghost","floor":16,"turns":7},{"damage":3,"enemies":"2 Thieves","floor":18,"turns":4},{"damage":16,"enemies":"Spheric Guardian","floor":20,"turns":4},{"damage":2,"enemies":"Snecko","floor":21,"turns":3},{"damage":30,"enemies":"Shelled Parasite and Fungi","floor":22,"turns":4},{"damage":9,"enemies":"conspire:Head Lice","floor":24,"turns":3},{"damage":23,"enemies":"conspire:SneckoGhost","floor":27,"turns":5},{"damage":17,"enemies":"Cultist and Chosen","floor":28,"turns":4},{"damage":1,"enemies":"Replay:Snechameleon","floor":31,"turns":4},{"damage":71,"enemies":"Collector","floor":33,"turns":8},{"damage":24,"enemies":"3 Darklings","floor":35,"turns":4},{"damage":11,"enemies":"Orb Walker","floor":37,"turns":2},{"damage":38,"enemies":"Spire Growth","floor":38,"turns":4},{"damage":5,"enemies":"Reptomancer","floor":41,"turns":4},{"damage":8,"enemies":"Giant Head","floor":45,"turns":5},{"damage":70,"enemies":"Orin","floor":46,"turns":11}],"seed_played":"2699314184602900099","potions_obtained":[{"floor":1,"key":"sneckomod:MuddlingPotion"},{"floor":7,"key":"AttackPotion"},{"floor":10,"key":"Fire Potion"},{"floor":20,"key":"ColorlessPotion"},{"floor":22,"key":"Cursed Concoction"},{"floor":22,"key":"potionbrewer:EndurancePotion"},{"floor":24,"key":"BlessingOfTheForge"},{"floor":27,"key":"ColorlessPotion"},{"floor":33,"key":"EssenceOfSteel"},{"floor":35,"key":"bronze:BurnAndBuffPotion"},{"floor":35,"key":"potionbrewer:AcidPotion"},{"floor":38,"key":"Guardian:BlockOnCardUsePotion"},{"floor":38,"key":"SpeedPotion"},{"floor":38,"key":"SkillPotion"},{"floor":46,"key":"Adrenaline Potion"}],"is_trial":false,"path_per_floor":["M","M","M","?","M","R","E","?","T","E","?","R","$","E","R","B",null,"M","?","M","M","M","R","E","R","T","E","M","?","?","E","R","B",null,"M","?","M","M","?","R","E","R","T","R","E","?"],"character_chosen":"IRONCLAD","items_purchased":["True Grit"],"campfire_rested":1,"item_purchase_floors":[13],"current_hp_per_floor":[70,61,67,67,67,67,59,59,59,51,54,54,54,57,57,54,72,75,75,69,78,54,54,77,77,77,68,57,57,57,62,71,16,65,69,69,71,48,18,54,81,81,81,81,84,35,35],"gold":38,"neow_bonus":"REMOVE_TWO","is_daily":false,"chose_seed":false,"campfire_upgraded":8,"win_rate":0.0,"timestamp":1612973004,"path_taken":["M","M","M","?","M","R","E","?","T","E","?","R","$","E","R","BOSS","M","?","M","M","M","R","E","R","T","E","M","?","?","E","R","BOSS","M","?","?","M","?","R","E","R","T","R","E","?"],"items_purchased_type":["Card"],"build_version":"2020-12-22","purchased_purges":1,"victory":false,"max_hp_per_floor":[75,75,75,75,75,75,75,75,75,75,78,78,78,78,78,78,78,78,78,78,78,78,78,81,81,81,81,81,81,81,81,81,81,81,81,81,81,81,81,81,81,81,81,81,84,84,84],"card_choices":[{"not_picked":["Life Link","Thunderclap"],"picked":"ReplayTheSpireMod:Strike From Hell","floor":1},{"not_picked":["Run Through","Havoc"],"picked":"Shrug It Off","floor":2},{"not_picked":["StuffTheSpire:Incineration","Perfected Strike"],"picked":"Bludgeon","floor":3},{"not_picked":["Havoc","hubris:SharpeningStone"],"picked":"Headbutt","floor":5},{"not_picked":["Shrug It Off","Headbutt"],"picked":"Cleave","floor":7},{"not_picked":["jedi:collectorstrike","Sword Boomerang"],"picked":"Shockwave","floor":10},{"not_picked":["jedi:fear","Searing Blow"],"picked":"Armaments","floor":14},{"not_picked":["jedi:strikingstrike","Bludgeon"],"picked":"Reaper","floor":16},{"not_picked":["Evolve","jedi:fear","Wild Strike"],"picked":"SKIP","floor":18},{"not_picked":["Wild Strike","Seeing Red","Perfected Strike"],"picked":"SKIP","floor":20},{"not_picked":["Demonic Infusion","Reckless Charge","infinitespire:OneForAll"],"picked":"SKIP","floor":21},{"not_picked":["Rampage+1","True Grit+1"],"picked":"Spot Weakness","floor":22},{"not_picked":["Fire Breathing","Twin Strike","Iron Wave"],"picked":"SKIP","floor":24},{"not_picked":["Exhume","jedi:suffering"],"picked":"Shrug It Off","floor":27},{"not_picked":["jedi:controlledanger","Flex+1","Body Slam"],"picked":"SKIP","floor":28},{"not_picked":["Dark Embrace","Heavy Blade","Clothesline"],"picked":"SKIP","floor":31},{"not_picked":["jedi:strikingstrike","Demonic Infusion"],"picked":"jedi:harder","floor":33},{"not_picked":["StuffTheSpire:Slingshot","jedi:controlledanger"],"picked":"Burning Pact","floor":35},{"not_picked":["Perfected Strike","Uppercut","jedi:hate"],"picked":"SKIP","floor":37},{"not_picked":["ReplayTheSpireMod:Strike From Hell","StuffTheSpire:Incineration","StuffTheSpire:Slingshot"],"picked":"SKIP","floor":38},{"not_picked":["Run Through","Twin Strike"],"picked":"Replay:Many Hands","floor":41},{"not_picked":["ReplayTheSpireMod:LeadingStrike","Twin Strike"],"picked":"ReplayTheSpireMod:Stacked+1","floor":45}],"player_experience":1470252,"relics_obtained":[{"floor":7,"key":"Ancient Tea Set"},{"floor":9,"key":"aspiration:ChemicalBlood"},{"floor":10,"key":"Lantern"},{"floor":14,"key":"PreservedInsect"},{"floor":24,"key":"halation:EternalFortune"},{"floor":24,"key":"Ice Cream"},{"floor":26,"key":"Eternal Feather"},{"floor":27,"key":"jedi:shrinkray"},{"floor":31,"key":"Replay:Accelerometer"},{"floor":41,"key":"StuffTheSpire:EmeraldSignet"},{"floor":43,"key":"jedi:HeartOfTheCards"},{"floor":45,"key":"halation:EternalFortune"},{"floor":45,"key":"InkBottle"}],"event_choices":[{"damage_healed":0,"gold_gain":0,"player_choice":"Leave","damage_taken":0,"max_hp_gain":0,"max_hp_loss":0,"event_name":"The Cleric","floor":4,"gold_loss":0},{"cards_removed":["Strike_R"],"damage_healed":0,"gold_gain":0,"player_choice":"Gave Gold","damage_taken":0,"max_hp_gain":0,"max_hp_loss":0,"event_name":"Beggar","floor":19,"gold_loss":75},{"damage_healed":0,"gold_gain":50,"player_choice":"Stole From Cult","damage_taken":0,"max_hp_gain":0,"max_hp_loss":0,"event_name":"Nest","floor":29,"gold_loss":0},{"damage_healed":0,"gold_gain":0,"player_choice":"Ignored","damage_taken":0,"max_hp_gain":0,"max_hp_loss":0,"event_name":"Ghosts","floor":30,"gold_loss":0},{"damage_healed":0,"gold_gain":0,"player_choice":"Upgraded","damage_taken":0,"max_hp_gain":0,"max_hp_loss":0,"event_name":"Upgrade Shrine","floor":36,"gold_loss":0,"cards_upgraded":["jedi:harder"]},{"damage_healed":0,"gold_gain":0,"player_choice":"Fight","damage_taken":0,"max_hp_gain":0,"max_hp_loss":0,"event_name":"OrinTheCat","floor":46,"gold_loss":0}],"is_beta":false,"boss_relics":[{"not_picked":["halation:SmartPhone","jedi:battlestandard"],"picked":"Ectoplasm"},{"not_picked":["halation:Prosthetics","halation:Risk","hubris:BlackHole"]}],"items_purged_floors":[13],"is_endless":false,"potions_floor_spawned":[1,7,10,18,22,27,31,35,38],"killed_by":"Orin","ascension_level":16}}