{"host":"pfy6u49v5s5r680p","time":1612964112,"event":{"mods":["BaseMod","Colored Map","DeckTracker","Highlight Path","Keyboard Shortcuts","Minty Spire (QoL Compilation)","Permanent Neow","Quick Restart","StSLib","SuperFastMode","everything is the same but u backflip on backflip"],"gold_per_floor":[169,180,194,30,105,105,131,131,156,169,196,196,196,206,206,305,305,321,0,0,20,32,32,58,58,109,109,208,308,341,341,341,439,439,454,209,229,241,44,78,89,124,124,124,177,177,177,190,190,190],"floor_reached":51,"language":"KOR","playtime":2148,"items_purged":["Strike_B","Strike_B","Strike_B"],"score":966,"play_id":"4819cfc2-1e33-40ab-af28-115211a78149","local_time":"20210210223512","is_ascension_mode":false,"campfire_choices":[{"data":"Thunder Strike","floor":6.0,"key":"SMITH"},{"data":"Zap","floor":8.0,"key":"SMITH"},{"data":"Genetic Algorithm","floor":12.0,"key":"SMITH"},{"floor":15.0,"key":"REST"},{"data":"Electrodynamics","floor":23.0,"key":"SMITH"},{"data":"Static Discharge","floor":25.0,"key":"SMITH"},{"data":"Self Repair","floor":27.0,"key":"SMITH"},{"data":"Force Field","floor":32.0,"key":"SMITH"},{"data":"Thunder Strike","floor":44,"key":"SMITH"},{"data":"Tempest","floor":49,"key":"SMITH"}],"circlet_count":0,"master_deck":["Strike_B+1","Defend_B","Defend_B","Defend_B","Defend_B","Zap+1","Dualcast","Genetic Algorithm+1","Barrage","Self Repair+1","Ball Lightning","Thunder Strike+1","Electrodynamics+1","Static Discharge+1","Beam Cell","Loop","Echo Form","Defragment","Force Field+1","Ghostly","Ghostly","Ghostly","Ghostly","Ghostly","Echo Form+1","Force Field+1","Tempest+1","Biased Cognition+1","Thunder Strike+1","Madness","Madness"],"relics":["Tiny House","Dream Catcher","Odd Mushroom","Snecko Eye","Bottled Tornado","Nloth\u0027s Gift","Calipers","Akabeko","TungstenRod","Frozen Egg 2","Juzu Bracelet","Coffee Dripper","Orrery","Strawberry","Singing Bowl","Meat on the Bone","Dead Branch"],"acts_visited":["Exordium","TheCity","TheBeyond"],"potions_floor_usage":[50,50,50],"damage_taken":[{"damage":1.0,"enemies":"Jaw Worm","floor":1.0,"turns":5.0},{"damage":5.0,"enemies":"Small Slimes","floor":2.0,"turns":4.0},{"damage":6.0,"enemies":"Cultist","floor":3.0,"turns":4.0},{"damage":28.0,"enemies":"Gremlin Nob","floor":7.0,"turns":4.0},{"damage":14.0,"enemies":"Blue Slaver","floor":10.0,"turns":3.0},{"damage":8.0,"enemies":"The Mushroom Lair","floor":11.0,"turns":2.0},{"damage":26.0,"enemies":"Exordium Thugs","floor":14.0,"turns":4.0},{"damage":33.0,"enemies":"Hexaghost","floor":16.0,"turns":6.0},{"damage":10.0,"enemies":"3 Byrds","floor":18.0,"turns":2.0},{"damage":12.0,"enemies":"Shell Parasite","floor":21.0,"turns":4.0},{"damage":22.0,"enemies":"Sentry and Sphere","floor":22.0,"turns":4.0},{"damage":0.0,"enemies":"Gremlin Leader","floor":24.0,"turns":3.0},{"damage":27.0,"enemies":"Colosseum Slavers","floor":29.0,"turns":3.0},{"damage":3.0,"enemies":"Colosseum Nobs","floor":29.0,"turns":3.0},{"damage":30.0,"enemies":"Slavers","floor":30.0,"turns":2.0},{"damage":0.0,"enemies":"Collector","floor":33.0,"turns":6.0},{"damage":0.0,"enemies":"3 Darklings","floor":35.0,"turns":4.0},{"damage":0.0,"enemies":"3 Shapes","floor":37.0,"turns":3.0},{"damage":0.0,"enemies":"Spire Growth","floor":38.0,"turns":5.0},{"damage":0.0,"enemies":"Giant Head","floor":40.0,"turns":6.0},{"damage":0.0,"enemies":"Maw","floor":41.0,"turns":5.0},{"damage":0,"enemies":"Reptomancer","floor":42,"turns":6},{"damage":0,"enemies":"2 Orb Walkers","floor":45,"turns":3},{"damage":0,"enemies":"Sphere and 2 Shapes","floor":48,"turns":2},{"damage":0,"enemies":"Donu and Deca","floor":50,"turns":6}],"seed_played":"-2307121145270880857","potions_obtained":[{"floor":0.0,"key":"LiquidMemories"},{"floor":3.0,"key":"Swift Potion"},{"floor":7.0,"key":"EssenceOfSteel"},{"floor":10.0,"key":"GamblersBrew"},{"floor":16.0,"key":"SpeedPotion"},{"floor":18.0,"key":"AttackPotion"},{"floor":30.0,"key":"FocusPotion"},{"floor":33.0,"key":"AttackPotion"},{"floor":41,"key":"CultistPotion"},{"floor":42,"key":"FearPotion"}],"is_trial":false,"path_per_floor":["M","M","M","$","?","R","E","R","T","M","?","R","?","M","R","B",null,"M","$","?","M","M","R","E","R","T","R","?","?","E","?","R","B",null,"M","$","M","M","$","E","M","E","T","R","?","?","?","M","R","B",null],"character_chosen":"DEFECT","items_purchased":["Thunder Strike","Bottled Tornado","Orrery","DistilledChaos"],"campfire_rested":1,"item_purchase_floors":[4,19,36,39],"current_hp_per_floor":[79,74,75,75,64,64,43,43,43,36,28,28,33,14,39,13,85,82,82,82,84,69,69,76,76,76,76,76,66,36,36,36,42,42,42,42,42,42,42,49,49,51,51,51,53,47,49,51,51,57],"gold":190,"neow_bonus":"BOSS_RELIC","is_daily":false,"chose_seed":false,"campfire_upgraded":9,"win_rate":0.0,"timestamp":1612964112,"path_taken":["M","M","M","$","?","R","E","R","T","M","?","R","?","M","R","BOSS","M","$","?","M","?","R","E","R","T","R","?","?","E","?","R","BOSS","M","$","M","M","$","E","M","E","T","R","?","?","?","M","R","BOSS"],"items_purchased_type":["Card","Relic","Relic","Potion"],"build_version":"2020-12-22","purchased_purges":3,"victory":true,"max_hp_per_floor":[80,80,80,80,80,80,80,80,80,80,80,80,85,85,85,85,85,85,85,85,85,85,85,85,85,85,85,85,85,85,42,42,42,42,42,42,42,42,42,49,49,51,51,51,53,53,55,57,57,57],"card_choices":[{"not_picked":["Sweeping Beam","Hello World"],"picked":"Genetic Algorithm","floor":0.0},{"not_picked":["Beam Cell","Compile Driver"],"picked":"Barrage","floor":1.0},{"not_picked":["Sweeping Beam","Steam Power"],"picked":"Self Repair","floor":2.0},{"not_picked":["Streamline","Rebound"],"picked":"Ball Lightning","floor":3.0},{"not_picked":["Coolheaded","Streamline"],"picked":"Electrodynamics","floor":7.0},{"not_picked":["Steam Power","Scrape"],"picked":"Static Discharge","floor":10.0},{"not_picked":["Stack","Lockon"],"picked":"Beam Cell","floor":14.0},{"not_picked":["Leap","Chaos"],"picked":"Loop","floor":15.0},{"not_picked":["Machine Learning","Seek"],"picked":"Echo Form","floor":16.0},{"not_picked":["Darkness","Capacitor","Steam"],"picked":"SKIP","floor":18.0},{"not_picked":["Sweeping Beam+1","Reinforced Body"],"picked":"Defragment","floor":21.0},{"not_picked":["Chaos","Compile Driver","Go for the Eyes+1"],"picked":"SKIP","floor":22.0},{"not_picked":["Steam+1","Amplify"],"picked":"Force Field","floor":24.0},{"not_picked":["Conserve Battery","Meteor Strike","Compile Driver+1"],"picked":"SKIP","floor":30.0},{"not_picked":["Reboot","Meteor Strike"],"picked":"Echo Form+1","floor":33.0},{"not_picked":["Capacitor+1","Leap","Rebound+1"],"picked":"SKIP","floor":35.0},{"not_picked":["Coolheaded+1","Capacitor+1"],"picked":"Force Field+1","floor":36.0},{"not_picked":["Gash","Barrage"],"picked":"Tempest","floor":36.0},{"not_picked":["Genetic Algorithm+1","Stack+1"],"picked":"Biased Cognition+1","floor":37.0},{"not_picked":["Sweeping Beam","Cold Snap+1","Hello World+1"],"picked":"SKIP","floor":38.0},{"not_picked":["Cold Snap","Coolheaded+1"],"picked":"Thunder Strike","floor":40.0},{"not_picked":["Barrage+1","Chaos","Coolheaded+1"],"picked":"SKIP","floor":41},{"not_picked":["Barrage+1","Turbo","Melter+1"],"picked":"Singing Bowl","floor":42},{"not_picked":["Meteor Strike","Cold Snap","Loop+1"],"picked":"Singing Bowl","floor":45},{"not_picked":["Flash of Steel","Magnetism+1","Mayhem+1"],"picked":"Singing Bowl","floor":47},{"not_picked":["Turbo+1","Self Repair+1","Stack+1"],"picked":"Singing Bowl","floor":48}],"player_experience":173346,"relics_obtained":[{"floor":7.0,"key":"Dream Catcher"},{"floor":9.0,"key":"Lantern"},{"floor":11.0,"key":"Odd Mushroom"},{"floor":24.0,"key":"Calipers"},{"floor":26.0,"key":"Akabeko"},{"floor":29.0,"key":"TungstenRod"},{"floor":29.0,"key":"Frozen Egg 2"},{"floor":30.0,"key":"Juzu Bracelet"},{"floor":40.0,"key":"Strawberry"},{"floor":42,"key":"Singing Bowl"},{"floor":43,"key":"Meat on the Bone"},{"floor":45,"key":"Dead Branch"}],"event_choices":[{"damage_healed":0.0,"max_hp_gain":0.0,"max_hp_loss":0.0,"gold_gain":75.0,"event_name":"World of Goop","player_choice":"Gather Gold","floor":5.0,"gold_loss":0.0,"damage_taken":11.0},{"damage_healed":0.0,"max_hp_gain":0.0,"max_hp_loss":0.0,"gold_gain":0.0,"event_name":"Mushrooms","player_choice":"Fought Mushrooms","floor":11.0,"gold_loss":0.0,"damage_taken":0.0},{"damage_healed":0.0,"max_hp_gain":5.0,"max_hp_loss":0.0,"gold_gain":0.0,"event_name":"Big Fish","player_choice":"Donut","floor":13.0,"gold_loss":0.0,"damage_taken":0.0},{"damage_healed":0.0,"max_hp_gain":0.0,"max_hp_loss":0.0,"gold_gain":0.0,"event_name":"N\u0027loth","player_choice":"Traded Relic","floor":20.0,"relics_lost":["Lantern"],"gold_loss":0.0,"damage_taken":0.0,"relics_obtained":["Nloth\u0027s Gift"]},{"damage_healed":0.0,"max_hp_gain":0.0,"max_hp_loss":0.0,"gold_gain":99.0,"event_name":"Nest","player_choice":"Stole From Cult","floor":28.0,"gold_loss":0.0,"damage_taken":0.0},{"damage_healed":0.0,"max_hp_gain":0.0,"max_hp_loss":0.0,"gold_gain":0.0,"event_name":"Colosseum","player_choice":"Fight","floor":29.0,"gold_loss":0.0,"damage_taken":0.0},{"damage_healed":0.0,"max_hp_gain":0.0,"max_hp_loss":0.0,"gold_gain":0.0,"event_name":"Colosseum","player_choice":"Fought Nobs","floor":29.0,"gold_loss":0.0,"damage_taken":0.0},{"damage_healed":0.0,"max_hp_gain":0.0,"max_hp_loss":43.0,"gold_gain":0.0,"event_name":"Ghosts","player_choice":"Became a Ghost","floor":31.0,"gold_loss":0.0,"damage_taken":0.0,"cards_obtained":["Ghostly","Ghostly","Ghostly","Ghostly","Ghostly"]},{"damage_healed":0,"gold_gain":0,"player_choice":"Fight","damage_taken":0,"max_hp_gain":0,"max_hp_loss":0,"event_name":"Mysterious Sphere","floor":45,"gold_loss":0},{"damage_healed":0,"gold_gain":0,"player_choice":"Embrace Madness","damage_taken":7,"max_hp_gain":0,"max_hp_loss":0,"event_name":"Winding Halls","floor":46,"gold_loss":0,"cards_obtained":["Madness","Madness"]},{"damage_healed":0,"gold_gain":0,"player_choice":"Memory 1","damage_taken":0,"max_hp_gain":0,"max_hp_loss":0,"event_name":"SensoryStone","floor":47,"gold_loss":0}],"is_beta":false,"boss_relics":[{"not_picked":["Nuclear Battery","SacredBark"],"picked":"Snecko Eye"},{"not_picked":["Calling Bell","Inserter"],"picked":"Coffee Dripper"}],"items_purged_floors":[19,36,39],"is_endless":false,"potions_floor_spawned":[3,7,10,16,18,21,30,33,41,42,45,48],"ascension_level":0}}