{"host":"jegehu1t82aiec5j","time":1612974023,"event":{"mods":["BaseMod","Colored Map","Minty Spire (QoL Compilation)","Relic Stats","StSLib"],"gold_per_floor":[119,194,194,194,210,210,238,238,292,324,324,383,396,177,177,281,281,299,299,332,332,174,199,199,216,216,10,10,44,44,58,58,157,157,173,193,193,57,76,76,1,1,1,1,1,12,12,62,62,62],"floor_reached":51,"language":"ENG","playtime":2540,"items_purged":["Strike_R","Strike_R","Strike_R","Strike_R+1"],"score":735,"play_id":"d4af7b43-ab06-41dc-adef-8309e838ea14","local_time":"20210210112023","is_ascension_mode":false,"campfire_choices":[{"data":"Strike_R","floor":6,"key":"SMITH"},{"data":"Battle Trance","floor":8,"key":"SMITH"},{"data":"Searing Blow","floor":11,"key":"SMITH"},{"data":"Searing Blow+1","floor":15,"key":"SMITH"},{"data":"Searing Blow+3","floor":24,"key":"SMITH"},{"data":"Searing Blow+4","floor":28,"key":"SMITH"},{"data":"Searing Blow+5","floor":32,"key":"SMITH"},{"data":"Searing Blow+6","floor":40,"key":"SMITH"},{"data":"Searing Blow+7","floor":42,"key":"SMITH"},{"data":"Searing Blow+8","floor":47,"key":"SMITH"},{"data":"Searing Blow+9","floor":49,"key":"SMITH"}],"circlet_count":0,"master_deck":["Defend_R","Defend_R","Defend_R","Defend_R","Bash+1","Battle Trance+1","Searing Blow+10","True Grit","Dark Shackles","Shockwave","Armaments","Reaper","Burning Pact+1","Master of Strategy","Madness","Madness"],"relics":["Burning Blood","WarpedTongs","The Courier","Meat on the Bone","Vajra","Regal Pillow","Girya","Bag of Preparation","Mark of Pain","Red Mask","Unceasing Top","Kunai","Membership Card","Anchor","Cursed Key","Bird Faced Urn"],"acts_visited":["Exordium","TheCity","TheBeyond"],"potions_floor_usage":[33],"damage_taken":[{"damage":3,"enemies":"Small Slimes","floor":1,"turns":3},{"damage":8,"enemies":"2 Louse","floor":5,"turns":2},{"damage":22,"enemies":"3 Sentries","floor":7,"turns":11},{"damage":20,"enemies":"Gremlin Nob","floor":10,"turns":4},{"damage":19,"enemies":"3 Sentries","floor":12,"turns":7},{"damage":6,"enemies":"Jaw Worm","floor":13,"turns":3},{"damage":35,"enemies":"Slime Boss","floor":16,"turns":15},{"damage":8,"enemies":"3 Byrds","floor":18,"turns":6},{"damage":13,"enemies":"Masked Bandits","floor":20,"turns":4},{"damage":25,"enemies":"Book of Stabbing","floor":23,"turns":4},{"damage":0,"enemies":"Chosen","floor":25,"turns":3},{"damage":9,"enemies":"Gremlin Leader","floor":29,"turns":6},{"damage":3,"enemies":"Snecko","floor":31,"turns":3},{"damage":4,"enemies":"Champ","floor":33,"turns":10},{"damage":0,"enemies":"3 Shapes","floor":35,"turns":5},{"damage":0,"enemies":"Orb Walker","floor":36,"turns":2},{"damage":27,"enemies":"Sphere and 2 Shapes","floor":39,"turns":4},{"damage":14,"enemies":"Spire Growth","floor":46,"turns":3},{"damage":0,"enemies":"Mind Bloom Boss Battle","floor":48,"turns":3},{"damage":14,"enemies":"Awakened One","floor":50,"turns":7}],"seed_played":"-5166552944963074742","potions_obtained":[{"floor":10,"key":"SteroidPotion"},{"floor":12,"key":"GamblersBrew"},{"floor":16,"key":"AttackPotion"},{"floor":25,"key":"Regen Potion"},{"floor":31,"key":"CultistPotion"},{"floor":33,"key":"GamblersBrew"}],"is_trial":false,"path_per_floor":["M","?","?","T","M","R","E","R","T","E","R","?","M","$","R","B",null,"M","?","?","?","$","E","R","M","T","$","R","E","?","M","R","B",null,"M","M","?","$","M","R","$","R","T","?","?","M","R","?","R","B",null],"character_chosen":"IRONCLAD","items_purchased":["Bag of Preparation","True Grit","Dark Shackles","Membership Card","Anchor","Shockwave","Master of Strategy"],"campfire_rested":0,"item_purchase_floors":[14,14,22,27,27,27,38],"current_hp_per_floor":[80,69,74,74,72,72,56,56,56,54,54,53,53,53,53,36,85,83,83,76,76,76,57,57,63,63,63,63,60,54,57,57,74,85,85,85,85,85,67,67,67,67,67,67,56,55,55,61,61,63],"gold":62,"neow_bonus":"UPGRADE_CARD","is_daily":false,"chose_seed":false,"campfire_upgraded":11,"win_rate":0.0,"timestamp":1612974023,"path_taken":["M","?","?","?","?","R","E","R","T","E","R","?","M","$","R","BOSS","M","?","?","?","$","E","R","?","T","$","R","E","?","M","R","BOSS","M","?","?","?","M","R","$","R","T","?","?","?","R","?","R","BOSS"],"items_purchased_type":["Relic","Card","Card","Relic","Relic","Card","Card"],"build_version":"2020-12-22","purchased_purges":4,"victory":true,"max_hp_per_floor":[80,80,85,85,85,85,85,85,85,85,85,85,85,85,85,85,85,85,85,85,85,85,85,85,85,85,85,85,85,85,85,85,85,85,85,85,85,85,85,85,85,85,85,85,85,85,85,85,85,85],"relic_stats":{"Regal Pillow":0,"counters":[20,105],"Bird Faced Urn":[0],"Bag of Preparation":[28],"Kunai":[3],"Cursed Key":0,"obtain_stats":[{"Girya":12,"Regal Pillow":10,"Vajra":9,"The Courier":4,"Bag of Preparation":14,"Cursed Key":34,"Burning Blood":0,"WarpedTongs":0,"Anchor":27,"Bird Faced Urn":48,"Mark of Pain":17,"Red Mask":20,"Kunai":26,"Membership Card":27,"Unceasing Top":23,"Meat on the Bone":7},{"Girya":5,"Regal Pillow":4,"Vajra":3,"The Courier":1,"Bag of Preparation":6,"Cursed Key":14,"Burning Blood":0,"WarpedTongs":0,"Anchor":11,"Bird Faced Urn":19,"Mark of Pain":7,"Red Mask":9,"Kunai":11,"Membership Card":11,"Unceasing Top":10,"Meat on the Bone":3},{"Girya":27,"Regal Pillow":20,"Vajra":16,"The Courier":3,"Bag of Preparation":30,"Cursed Key":81,"Burning Blood":0,"WarpedTongs":0,"Anchor":62,"Bird Faced Urn":98,"Mark of Pain":45,"Red Mask":55,"Kunai":62,"Membership Card":62,"Unceasing Top":59,"Meat on the Bone":16}],"Burning Blood":105,"Unceasing Top":[2],"WarpedTongs":[94],"Meat on the Bone":36},"card_choices":[{"not_picked":["Headbutt","Wild Strike"],"picked":"Battle Trance","floor":1},{"not_picked":["Thunderclap","Heavy Blade","Iron Wave"],"picked":"SKIP","floor":5},{"not_picked":["Wild Strike","Sever Soul","Power Through"],"picked":"SKIP","floor":7},{"not_picked":["Second Wind","Searing Blow","Seeing Red"],"picked":"SKIP","floor":10},{"not_picked":["Searing Blow","Infernal Blade","Twin Strike"],"picked":"SKIP","floor":13},{"not_picked":["Body Slam","Dark Embrace","Anger+1"],"picked":"SKIP","floor":18},{"not_picked":["Thunderclap","Searing Blow","Shrug It Off"],"picked":"SKIP","floor":23},{"not_picked":["Twin Strike","Sword Boomerang+1","Shrug It Off+1"],"picked":"SKIP","floor":25},{"not_picked":["Feed","Cleave"],"picked":"Armaments","floor":29},{"not_picked":["Warcry","Cleave+1","Dual Wield+1"],"picked":"SKIP","floor":31},{"not_picked":["Double Tap","Brutality"],"picked":"Reaper","floor":33},{"not_picked":["Inflame","Bloodletting"],"picked":"Burning Pact+1","floor":35},{"not_picked":["Sword Boomerang","Thunderclap+1","Flex+1"],"picked":"SKIP","floor":36},{"not_picked":["Heavy Blade+1","Rupture+1","Warcry"],"picked":"SKIP","floor":39},{"not_picked":["Wild Strike+1","Shrug It Off","Sword Boomerang"],"picked":"SKIP","floor":46}],"player_experience":2601202,"relics_obtained":[{"floor":4,"key":"The Courier"},{"floor":7,"key":"Meat on the Bone"},{"floor":9,"key":"Vajra"},{"floor":10,"key":"Regal Pillow"},{"floor":12,"key":"Girya"},{"floor":20,"key":"Red Mask"},{"floor":23,"key":"Unceasing Top"},{"floor":26,"key":"Kunai"},{"floor":48,"key":"Bird Faced Urn"}],"event_choices":[{"damage_healed":0,"gold_gain":75,"player_choice":"Gather Gold","damage_taken":11,"max_hp_gain":0,"max_hp_loss":0,"event_name":"World of Goop","floor":2,"gold_loss":0},{"damage_healed":0,"gold_gain":0,"player_choice":"Donut","damage_taken":0,"max_hp_gain":5,"max_hp_loss":0,"event_name":"Big Fish","floor":3,"gold_loss":0},{"damage_healed":0,"gold_gain":0,"player_choice":"Searched \u00272\u0027 times","damage_taken":0,"max_hp_gain":0,"max_hp_loss":0,"event_name":"Dead Adventurer","floor":12,"gold_loss":0},{"damage_healed":0,"gold_gain":0,"player_choice":"Ignored","damage_taken":0,"max_hp_gain":0,"max_hp_loss":0,"event_name":"The Mausoleum","floor":19,"gold_loss":0},{"damage_healed":0,"gold_gain":0,"player_choice":"Fought Bandits","damage_taken":0,"max_hp_gain":0,"max_hp_loss":0,"event_name":"Masked Bandits","floor":20,"gold_loss":0},{"damage_healed":0,"gold_gain":0,"player_choice":"Forge","damage_taken":0,"max_hp_gain":0,"max_hp_loss":0,"event_name":"Accursed Blacksmith","floor":21,"gold_loss":0,"cards_upgraded":["Searing Blow"]},{"damage_healed":0,"gold_gain":0,"player_choice":"","damage_taken":6,"max_hp_gain":0,"max_hp_loss":0,"event_name":"Knowing Skull","floor":30,"potions_obtained":[],"gold_loss":0,"cards_obtained":[]},{"cards_removed":["Strike_R"],"damage_healed":0,"gold_gain":0,"player_choice":"Offered Basic","damage_taken":0,"max_hp_gain":0,"max_hp_loss":0,"event_name":"Bonfire Elementals","floor":37,"gold_loss":0},{"damage_healed":0,"gold_gain":0,"player_choice":"Ignored","damage_taken":0,"max_hp_gain":0,"max_hp_loss":0,"event_name":"Mysterious Sphere","floor":44,"gold_loss":0},{"damage_healed":0,"gold_gain":0,"player_choice":"Embrace Madness","damage_taken":11,"max_hp_gain":0,"max_hp_loss":0,"event_name":"Winding Halls","floor":45,"gold_loss":0,"cards_obtained":["Madness","Madness"]},{"damage_healed":0,"gold_gain":0,"player_choice":"Fight","damage_taken":0,"max_hp_gain":0,"max_hp_loss":0,"event_name":"MindBloom","floor":48,"gold_loss":0}],"is_beta":false,"boss_relics":[{"not_picked":["Calling Bell","Runic Cube"],"picked":"Mark of Pain"},{"not_picked":["Velvet Choker","Black Star"],"picked":"Cursed Key"}],"items_purged_floors":[14,22,38,41],"is_endless":false,"potions_floor_spawned":[10,12,16,20,25,31,33,46],"ascension_level":0}}