{"host":"08yfhu6uhosdn245","time":1612993792,"event":{"mods":["2.2 Compatiblity","BaseMod","Bestiary","Colored Map","Colored Powertips","Curses Come First","Highlight Path","Minty Spire (QoL Compilation)","Quick Restart","Relic Stats","StSLib"],"gold_per_floor":[119,134,146,161,175,210,267,298,298,310,310,328,23,98,98,202,202,215,229,240,240,2,2,33,33,33,50,50,50],"floor_reached":28,"language":"ENG","playtime":2076,"items_purged":[],"score":352,"play_id":"8bfaa88d-a1b2-401e-8497-eb3e631e63e6","local_time":"20210210164952","is_ascension_mode":true,"campfire_choices":[{"floor":11,"key":"REST"},{"floor":15,"key":"REST"},{"data":"Setup","floor":23,"key":"SMITH"}],"circlet_count":0,"master_deck":["Strike_G+1","Strike_G+1","Strike_G+1","Strike_G+1","Strike_G+1","Defend_G+1","Defend_G+1","Defend_G+1","Defend_G+1","Defend_G+1","Survivor","Neutralize","Decay","Mayhem","Dagger Throw","Acrobatics","Poisoned Stab","Leg Sweep","Slice","Backflip","Dagger Throw","Dagger Spray","Predator","Riddle With Holes","Prepared","Choke","Unload","Setup+1","Outmaneuver+1","Cloak And Dagger+1","Underhanded Strike+1","Blur+1","Dodge and Roll","Accuracy+1","Unload","Terror","Expertise+1"],"relics":["Ring of the Snake","Akabeko","Toy Ornithopter","Frozen Egg 2","Prayer Wheel","Membership Card","Gambling Chip","WristBlade","Gremlin Horn","Strawberry","StoneCalendar","Pear"],"acts_visited":["Exordium","TheCity"],"potions_floor_usage":[16,18,20,28,28],"damage_taken":[{"damage":0.0,"enemies":"Small Slimes","floor":1.0,"turns":5.0},{"damage":0.0,"enemies":"2 Louse","floor":2.0,"turns":4.0},{"damage":0.0,"enemies":"Cultist","floor":3.0,"turns":5.0},{"damage":5.0,"enemies":"Red Slaver","floor":4.0,"turns":4.0},{"damage":11.0,"enemies":"Exordium Thugs","floor":5.0,"turns":6.0},{"damage":24.0,"enemies":"3 Sentries","floor":6.0,"turns":6.0},{"damage":3.0,"enemies":"3 Sentries","floor":7.0,"turns":11.0},{"damage":9,"enemies":"Gremlin Nob","floor":8,"turns":4},{"damage":4,"enemies":"Large Slime","floor":10,"turns":5},{"damage":0,"enemies":"Gremlin Gang","floor":12,"turns":1},{"damage":22,"enemies":"The Guardian","floor":16,"turns":13},{"damage":37,"enemies":"2 Thieves","floor":18,"turns":4},{"damage":4,"enemies":"3 Byrds","floor":19,"turns":5},{"damage":23,"enemies":"Sentry and Sphere","floor":20,"turns":5},{"damage":14,"enemies":"Slavers","floor":24,"turns":5},{"damage":16,"enemies":"Snake Plant","floor":27,"turns":2},{"damage":18,"enemies":"3 Cultists","floor":28,"turns":4}],"seed_played":"-3913040456869040085","potions_obtained":[{"floor":1.0,"key":"Dexterity Potion"},{"floor":2.0,"key":"Strength Potion"},{"floor":4.0,"key":"Explosive Potion"},{"floor":8,"key":"Energy Potion"},{"floor":12,"key":"GamblersBrew"},{"floor":19,"key":"Swift Potion"},{"floor":20,"key":"SpeedPotion"},{"floor":27,"key":"ColorlessPotion"}],"is_trial":false,"path_per_floor":["M","M","M","M","M","E","?","E","T","M","R","M","$","?","R","B",null,"M","M","M","?","$","R","E","?","T","M","M"],"character_chosen":"THE_SILENT","items_purchased":["Membership Card","Gambling Chip","Gremlin Horn","Accuracy+1","Strawberry"],"campfire_rested":2,"item_purchase_floors":[13,13,22,22,22],"current_hp_per_floor":[70,70,70,65,54,30,27,18,18,14,35,35,35,24,45,28,70,38,34,16,16,23,23,9,9,19,3,0,0],"gold":50,"neow_bonus":"RANDOM_COLORLESS_2","is_daily":false,"chose_seed":false,"campfire_upgraded":1,"win_rate":0.0,"timestamp":1612993792,"path_taken":["M","M","M","M","M","E","?","E","T","M","R","M","$","?","R","BOSS","M","M","M","?","$","R","E","?","T","M","?"],"items_purchased_type":["Relic","Relic","Relic","Card","Relic"],"build_version":"2020-12-22","purchased_purges":0,"victory":false,"max_hp_per_floor":[70,70,70,70,70,70,70,70,70,70,70,70,70,70,70,70,70,70,70,70,70,77,77,77,77,87,87,87,87],"relic_stats":{"Gremlin Horn":[3,3],"counters":[17,89],"Gambling Chip":[35],"Prayer Wheel":6,"StoneCalendar":[0],"obtain_stats":[{"Pear":26,"WristBlade":17,"Gremlin Horn":22,"Gambling Chip":13,"Strawberry":22,"Prayer Wheel":9,"StoneCalendar":24,"Membership Card":13,"Frozen Egg 2":8,"Akabeko":6,"Toy Ornithopter":7,"Ring of the Snake":0},{"Pear":15,"WristBlade":11,"Gremlin Horn":14,"Gambling Chip":10,"Strawberry":14,"Prayer Wheel":8,"StoneCalendar":15,"Membership Card":10,"Frozen Egg 2":8,"Akabeko":6,"Toy Ornithopter":7,"Ring of the Snake":0},{"Pear":83,"WristBlade":64,"Gremlin Horn":78,"Gambling Chip":51,"Strawberry":78,"Prayer Wheel":45,"StoneCalendar":83,"Membership Card":51,"Frozen Egg 2":45,"Akabeko":30,"Toy Ornithopter":41,"Ring of the Snake":0}],"Toy Ornithopter":25,"Ring of the Snake":[34]},"card_choices":[{"not_picked":["Chrysalis","Transmutation"],"picked":"Mayhem","floor":0.0},{"not_picked":["Eviscerate","Concentrate"],"picked":"Dagger Throw","floor":1.0},{"not_picked":["Caltrops","Backflip"],"picked":"Acrobatics","floor":2.0},{"not_picked":["Bane","PiercingWail"],"picked":"Poisoned Stab","floor":3.0},{"not_picked":["Backflip","Dagger Throw"],"picked":"Leg Sweep","floor":4.0},{"not_picked":["Leg Sweep","Accuracy"],"picked":"Slice","floor":5.0},{"not_picked":["Burst","Flying Knee"],"picked":"Backflip","floor":6.0},{"not_picked":["Leg Sweep","Bane"],"picked":"Dagger Throw","floor":7},{"not_picked":["All Out Attack","Bouncing Flask"],"picked":"Dagger Spray","floor":8},{"not_picked":["Endless Agony","Noxious Fumes+1"],"picked":"Predator","floor":10},{"not_picked":["All Out Attack","Blade Dance"],"picked":"Riddle With Holes","floor":10},{"not_picked":["Concentrate","Slice"],"picked":"Prepared","floor":12},{"not_picked":["Terror","Dodge and Roll"],"picked":"Choke","floor":12},{"not_picked":["Burst","Wraith Form v2+1"],"picked":"Unload","floor":16},{"not_picked":["Dagger Spray+1","PiercingWail+1"],"picked":"Setup","floor":18},{"not_picked":["Dodge and Roll","Bouncing Flask"],"picked":"Outmaneuver+1","floor":18},{"not_picked":["Calculated Gamble","Tactician"],"picked":"Cloak And Dagger+1","floor":19},{"not_picked":["Outmaneuver","Dagger Throw"],"picked":"Underhanded Strike+1","floor":19},{"not_picked":["Deadly Poison+1","PiercingWail+1"],"picked":"Blur+1","floor":20},{"not_picked":["Dagger Spray","Backflip+1"],"picked":"Dodge and Roll","floor":20},{"not_picked":["Catalyst","Bane"],"picked":"Unload","floor":24},{"not_picked":["Backflip","Dash"],"picked":"Terror","floor":27},{"not_picked":["Deadly Poison","Prepared"],"picked":"Expertise+1","floor":27}],"player_experience":381462,"relics_obtained":[{"floor":6.0,"key":"Akabeko"},{"floor":7,"key":"Toy Ornithopter"},{"floor":8,"key":"Frozen Egg 2"},{"floor":9,"key":"Prayer Wheel"},{"floor":24,"key":"StoneCalendar"},{"floor":26,"key":"Pear"}],"event_choices":[{"damage_healed":0.0,"max_hp_gain":0.0,"max_hp_loss":0.0,"gold_gain":30.0,"event_name":"Dead Adventurer","player_choice":"Searched \u00273\u0027 times","floor":7.0,"gold_loss":0.0,"damage_taken":0.0},{"damage_healed":0,"gold_gain":75,"player_choice":"Gather Gold","damage_taken":11,"max_hp_gain":0,"max_hp_loss":0,"event_name":"World of Goop","floor":14,"gold_loss":0},{"damage_healed":0,"gold_gain":0,"player_choice":"Simplicity","damage_taken":0,"max_hp_gain":0,"max_hp_loss":0,"event_name":"Back to Basics","floor":21,"gold_loss":0,"cards_upgraded":["Strike_G","Strike_G","Strike_G","Strike_G","Strike_G","Defend_G","Defend_G","Defend_G","Defend_G","Defend_G"]},{"damage_healed":0,"gold_gain":0,"player_choice":"0 cards matched","damage_taken":0,"max_hp_gain":0,"max_hp_loss":0,"event_name":"Match and Keep!","floor":25,"gold_loss":0,"cards_obtained":[]}],"is_beta":false,"boss_relics":[{"not_picked":["Philosopher\u0027s Stone","Ectoplasm"],"picked":"WristBlade"}],"items_purged_floors":[],"is_endless":false,"potions_floor_spawned":[1,2,4,8,12,19,20,27],"killed_by":"3 Cultists","ascension_level":4}}