{"host":"m4pe905ae9bldoe7","time":1612992736,"event":{"mods":["BaseMod","Bestiary","Block Reminder","Downfall","Minty Spire (QoL Compilation)","StSLib"],"gold_per_floor":[110,127,127,52,68,68,82,82,100,100,100,127,139,139,23,37,49,49,148,148,158,158,6,21,21,51,51,51,51,28,28,53,53,67,67,167,167,181,200,211,211,30,30,64,81,81,81,2,15,32,32,32,49,49,49,49,49,49,0,26,26,26],"floor_reached":61,"language":"ENG","playtime":3711,"items_purged":["Defend_P","Strike_P"],"score":821,"play_id":"469d74d1-c19d-469f-948e-ad29be2e0e50","local_time":"20210210223216","is_ascension_mode":false,"campfire_choices":[{"data":"Brilliance","floor":6.0,"key":"SMITH"},{"data":"Crescendo","floor":8.0,"key":"SMITH"},{"data":"Prostrate","floor":14.0,"key":"SMITH"},{"data":"Worship","floor":18.0,"key":"SMITH"},{"floor":31.0,"key":"REST"},{"floor":33.0,"key":"RECALL"},{"floor":35.0,"key":"REST"},{"floor":43.0,"key":"REST"},{"floor":46.0,"key":"REST"},{"floor":54.0,"key":"REST"},{"floor":55.0,"key":"REST"},{"floor":58.0,"key":"REST"}],"circlet_count":0,"master_deck":["Defend_P","Defend_P","Defend_P","Eruption","Vigilance","Brilliance+1","CrushJoints","Crescendo+1","EmptyFist","Prostrate+1","FlurryOfBlows+1","Perseverance","ClearTheMind+1","Worship+1","Prostrate","LessonLearned","Prostrate","Worship+1","Ragnarok","Worship","Prostrate","FlurryOfBlows+1","Indignation+1","Scrawl","Blasphemy","Wallop","EmptyMind+1","DevaForm+1","Consecrate","Fasting2+1","ThirdEye+1"],"relics":["PureWater","Oddly Smooth Stone","Fusion Hammer","Damaru","Frozen Egg 2","Eternal Feather","Question Card","TeardropLocket","SlaversCollar","Regal Pillow","MealTicket","Toxic Egg 2","TungstenRod"],"acts_visited":["Exordium","TheCity","TheBeyond","TheEnding"],"potions_floor_usage":[60,60],"damage_taken":[{"damage":3.0,"enemies":"Jaw Worm","floor":1.0,"turns":3.0},{"damage":0.0,"enemies":"Cultist","floor":2.0,"turns":2.0},{"damage":0.0,"enemies":"Small Slimes","floor":5.0,"turns":3.0},{"damage":0.0,"enemies":"Red Slaver","floor":7.0,"turns":2.0},{"damage":0.0,"enemies":"Exordium Thugs","floor":9.0,"turns":2.0},{"damage":0.0,"enemies":"Gremlin Nob","floor":12.0,"turns":2.0},{"damage":0.0,"enemies":"Blue Slaver","floor":13.0,"turns":2.0},{"damage":0.0,"enemies":"Looter","floor":16.0,"turns":1.0},{"damage":13.0,"enemies":"Large Slime","floor":17.0,"turns":6.0},{"damage":10.0,"enemies":"Hexaghost","floor":19.0,"turns":8.0},{"damage":14.0,"enemies":"2 Thieves","floor":21.0,"turns":5.0},{"damage":1.0,"enemies":"Spheric Guardian","floor":24.0,"turns":3.0},{"damage":23.0,"enemies":"Gremlin Leader","floor":26.0,"turns":7.0},{"damage":36.0,"enemies":"Slavers","floor":32.0,"turns":6.0},{"damage":0.0,"enemies":"Cultist and Chosen","floor":34.0,"turns":4.0},{"damage":21.0,"enemies":"Collector","floor":36.0,"turns":6.0},{"damage":13.0,"enemies":"3 Shapes","floor":38.0,"turns":3.0},{"damage":2.0,"enemies":"3 Darklings","floor":39.0,"turns":3.0},{"damage":16.0,"enemies":"Maw","floor":40.0,"turns":4.0},{"damage":58.0,"enemies":"Nemesis","floor":44.0,"turns":5.0},{"damage":10.0,"enemies":"4 Shapes","floor":45.0,"turns":7.0},{"damage":24.0,"enemies":"3 Darklings","floor":49.0,"turns":4.0},{"damage":0.0,"enemies":"Transient","floor":50.0,"turns":5.0},{"damage":40.0,"enemies":"Writhing Mass","floor":53.0,"turns":5.0},{"damage":57.0,"enemies":"Awakened One","floor":56.0,"turns":9.0},{"damage":68,"enemies":"Shield and Spear","floor":60,"turns":6},{"damage":117,"enemies":"The Heart","floor":61,"turns":2}],"seed_played":"2876064630760457309","potions_obtained":[{"floor":1.0,"key":"Ancient Potion"},{"floor":9.0,"key":"DistilledChaos"},{"floor":13.0,"key":"Block Potion"},{"floor":17.0,"key":"PowerPotion"},{"floor":19.0,"key":"BlessingOfTheForge"},{"floor":26.0,"key":"BlessingOfTheForge"},{"floor":36.0,"key":"champ:CounterPotion"},{"floor":44.0,"key":"FearPotion"},{"floor":50.0,"key":"BlessingOfTheForge"},{"floor":53.0,"key":"Fire Potion"}],"is_trial":false,"path_per_floor":["M","M","?","$","M","R","M","R","M","?","T","E","M","R","$","M","M","R","B",null,"M","?","$","M","?","E","T","?","T","$","R","E","R","M","R","B",null,"M","M","M","?","$","R","E","M","R","T","$","M","M","?","$","M","R","R","B",null,"R","$","E","B"],"character_chosen":"WATCHER","items_purchased":["Worship","Prostrate","Damaru","Prostrate","Blasphemy","EmptyMind+1","Dexterity Potion"],"campfire_rested":7,"item_purchase_floors":[15,15,23,30,42,48,59],"current_hp_per_floor":[69,69,69,69,69,69,69,69,69,69,69,69,69,69,69,69,56,56,46,72,58,58,58,57,57,34,34,34,34,34,67,31,43,43,72,51,72,59,57,41,41,41,72,14,4,55,55,70,46,46,46,61,21,72,72,15,72,72,72,4,0,0],"gold":26,"neow_bonus":"ONE_RANDOM_RARE_CARD","is_daily":false,"chose_seed":false,"campfire_upgraded":4,"win_rate":0.0,"timestamp":1612992736,"path_taken":["M","M","?","?","M","R","M","R","M","?","T","E","M","R","$","?","M","R","BOSS","M","?","$","?","?","E","?","?","T","?","R","E","R","M","R","BOSS","M","M","M","?","$","R","E","?","R","T","?","?","M","?","$","M","R","R","BOSS","R","$","E","BOSS"],"items_purchased_type":["Card","Card","Relic","Card","Card","Card","Potion"],"build_version":"2020-12-22","purchased_purges":2,"victory":false,"max_hp_per_floor":[72,72,72,72,72,72,72,72,72,72,72,72,72,72,72,72,72,72,72,72,72,72,72,72,72,72,72,72,72,72,72,72,72,72,72,72,72,72,72,72,72,72,72,72,72,72,72,72,72,72,72,72,72,72,72,72,72,72,72,72,72,72],"card_choices":[{"not_picked":["InnerPeace","Swivel"],"picked":"CrushJoints","floor":1.0},{"not_picked":["BowlingBash","WaveOfTheHand","CutThroughFate"],"picked":"SKIP","floor":2.0},{"not_picked":["Weave","Swivel"],"picked":"Crescendo","floor":5.0},{"not_picked":["Nirvana","FollowUp"],"picked":"EmptyFist","floor":7.0},{"not_picked":["Wireheading","SashWhip"],"picked":"Prostrate","floor":9.0},{"not_picked":["Adaptation","Meditate"],"picked":"Perseverance","floor":12.0},{"not_picked":["SashWhip","FlurryOfBlows"],"picked":"ClearTheMind","floor":13.0},{"not_picked":["FlyingSleeves","ClearTheMind"],"picked":"DeusExMachina","floor":16.0},{"not_picked":["Protect","FollowUp","Fasting2"],"picked":"SKIP","floor":17.0},{"not_picked":["MasterReality","Omniscience"],"picked":"LessonLearned","floor":19.0},{"not_picked":["Crescendo","Consecrate"],"picked":"Prostrate","floor":21.0},{"not_picked":["ClearTheMind","PathToVictory","EmptyBody"],"picked":"SKIP","floor":24.0},{"not_picked":["Halt","FearNoEvil"],"picked":"Ragnarok","floor":26.0},{"not_picked":["CutThroughFate","JustLucky","FollowUp"],"picked":"FlurryOfBlows","floor":32.0},{"not_picked":["FollowUp+1","CutThroughFate+1","Consecrate"],"picked":"Indignation+1","floor":34.0},{"not_picked":["LessonLearned","SpiritShield","Vault"],"picked":"Scrawl","floor":36.0},{"not_picked":["Perseverance","Evaluate+1","ForeignInfluence","SignatureMove"],"picked":"SKIP","floor":38.0},{"not_picked":["Crescendo","EmptyBody+1","FollowUp+1","Halt+1"],"picked":"SKIP","floor":39.0},{"not_picked":["Tantrum+1","SashWhip","Crescendo+1","Fasting2+1"],"picked":"SKIP","floor":40.0},{"not_picked":["Protect+1","ClearTheMind+1","Indignation+1","Evaluate+1"],"picked":"SKIP","floor":44.0},{"not_picked":["JustLucky+1","CarveReality+1","Crescendo"],"picked":"Wallop","floor":45.0},{"not_picked":["JustLucky+1","SashWhip","FlyingSleeves+1"],"picked":"DevaForm+1","floor":49.0},{"not_picked":["Protect+1","EmptyBody+1","PathToVictory+1"],"picked":"Consecrate","floor":50.0},{"not_picked":["SandsOfTime+1","WaveOfTheHand+1","ReachHeaven"],"picked":"Fasting2+1","floor":53.0},{"not_picked":["CrushJoints","CutThroughFate+1","ClearTheMind+1"],"picked":"ThirdEye+1","floor":60}],"player_experience":554959,"relics_obtained":[{"floor":12.0,"key":"Oddly Smooth Stone"},{"floor":26.0,"key":"Frozen Egg 2"},{"floor":27.0,"key":"Eternal Feather"},{"floor":29.0,"key":"Question Card"},{"floor":32.0,"key":"TeardropLocket"},{"floor":44.0,"key":"MealTicket"},{"floor":47.0,"key":"Toxic Egg 2"},{"floor":60,"key":"TungstenRod"}],"event_choices":[{"cards_removed":["Strike_P"],"damage_healed":0.0,"max_hp_gain":0.0,"max_hp_loss":0.0,"gold_gain":0.0,"event_name":"Bonfire Elementals","player_choice":"Offered Basic","floor":3.0,"gold_loss":0.0,"damage_taken":0.0},{"damage_healed":0.0,"max_hp_gain":0.0,"max_hp_loss":0.0,"gold_gain":0.0,"cards_transformed":["Strike_P"],"event_name":"Transmorgrifier","player_choice":"Transformed","floor":10.0,"gold_loss":0.0,"damage_taken":0.0,"cards_obtained":["FlurryOfBlows"]},{"cards_removed":["DeusExMachina"],"damage_healed":0.0,"max_hp_gain":0.0,"max_hp_loss":0.0,"gold_gain":0.0,"event_name":"NoteForYourself","player_choice":"Took Card","floor":22.0,"gold_loss":0.0,"damage_taken":0.0,"cards_obtained":["Worship"]},{"damage_healed":0.0,"max_hp_gain":0.0,"max_hp_loss":0.0,"gold_gain":0.0,"event_name":"Vampires","player_choice":"Ignored","floor":25.0,"gold_loss":0.0,"damage_taken":0.0},{"damage_healed":0.0,"max_hp_gain":0.0,"max_hp_loss":0.0,"gold_gain":0.0,"event_name":"The Library","player_choice":"Read","floor":28.0,"gold_loss":0.0,"damage_taken":0.0,"cards_obtained":["Worship"]},{"damage_healed":0.0,"max_hp_gain":0.0,"max_hp_loss":0.0,"gold_gain":0.0,"event_name":"WeMeetAgain","player_choice":"Gave Potion","floor":41.0,"gold_loss":0.0,"damage_taken":0.0,"relics_obtained":["Regal Pillow"]},{"cards_removed":["Strike_P"],"damage_healed":0.0,"max_hp_gain":0.0,"max_hp_loss":0.0,"gold_gain":0.0,"event_name":"Purifier","player_choice":"Purged","floor":51.0,"gold_loss":0.0,"damage_taken":0.0}],"is_beta":false,"boss_relics":[{"not_picked":["Black Star","Cursed Key"],"picked":"Fusion Hammer"},{"not_picked":["Snecko Eye","Velvet Choker"],"picked":"SlaversCollar"}],"items_purged_floors":[4,42],"is_endless":false,"potions_floor_spawned":[1,9,13,17,19,26,36,39,40,44,50,53],"killed_by":"The Heart","ascension_level":0}}