{"host":"j4g6ia6asvpyu2b0","time":1612916081,"event":{"mods":["BaseMod","Colored Map","Infinite Spire","Minty Spire (QoL Compilation)","Permanent Neow","Quick Restart","Relic Stats","StSLib","Unceasing Turn Reminder"],"gold_per_floor":[119,119,136,155,155,190,210,5,58,102,102,142,142,178,178,285,285,309,327,336,336,83,83,117,117,126,168,168,204,233,233,233,337,337,357,232,259,259,288,288,323,323,381,422,422,457,485,505,505,505,505,505,4,45,45],"floor_reached":56,"language":"ENG","playtime":2114,"items_purged":["Strike_G","Strike_G","infinitespire:Pacifist","Strike_G","Defend_G"],"score":1573,"play_id":"69f8e66e-eaec-4e66-895d-0960a4596060","local_time":"20210209171441","is_ascension_mode":true,"campfire_choices":[{"floor":13.0,"key":"REST"},{"data":"Apotheosis","floor":15.0,"key":"SMITH"},{"floor":23.0,"key":"RECALL"},{"data":"Footwork","floor":25,"key":"SMITH"},{"floor":32,"key":"REST"},{"data":"Tools of the Trade","floor":40,"key":"SMITH"},{"floor":42,"key":"REST"},{"floor":45,"key":"REST"},{"data":"Discovery","floor":49,"key":"SMITH"},{"data":"Catalyst","floor":52,"key":"SMITH"}],"circlet_count":0,"master_deck":["Defend_G","Defend_G","Defend_G","Defend_G","Survivor","Neutralize","Apotheosis+1","Caltrops","Poisoned Stab","Backflip","infinitespire:Gouge","Dagger Spray","Endless Agony","Footwork","Poisoned Stab","Predator","Quick Slash","Deadly Poison","Tools of the Trade+1","Deadly Poison+1","Heel Hook","Catalyst+1","PiercingWail","Footwork+1","Discovery+1","Backflip","Caltrops+1","Night Terror","Acrobatics+1","Malaise","Footwork","Enlightenment","Sadistic Nature","Flash of Steel","Tactician+1","Concentrate","Doubt","Leg Sweep+1","Leg Sweep+1","Outmaneuver+1","Crippling Poison+1","Dodge and Roll","Noxious Fumes"],"relics":["Ring of the Snake","infinitespire:BottledMercury","CeramicFish","infinitespire:Satchel","Bronze Scales","Bag of Marbles","Cursed Key","Happy Flower","Question Card","Potion Belt","Mercury Hourglass","Runic Pyramid","Darkstone Periapt","Orichalcum","HornCleat","Sundial","Torii","Lizard Tail"],"acts_visited":["Exordium","TheCity","TheBeyond","TheEnding"],"potions_floor_usage":[27,41,55,55],"damage_taken":[{"damage":0.0,"enemies":"Jaw Worm","floor":1.0,"turns":4.0},{"damage":7.0,"enemies":"Small Slimes","floor":3.0,"turns":4.0},{"damage":0.0,"enemies":"2 Louse","floor":4.0,"turns":2.0},{"damage":14.0,"enemies":"Gremlin Nob","floor":6.0,"turns":4.0},{"damage":4.0,"enemies":"Blue Slaver","floor":7.0,"turns":4.0},{"damage":0.0,"enemies":"Lagavulin","floor":10.0,"turns":5.0},{"damage":3.0,"enemies":"3 Sentries","floor":12.0,"turns":4.0},{"damage":18.0,"enemies":"Gremlin Nob","floor":14.0,"turns":4.0},{"damage":0.0,"enemies":"The Guardian","floor":16.0,"turns":7.0},{"damage":0.0,"enemies":"Chosen","floor":18.0,"turns":3.0},{"damage":18.0,"enemies":"Slavers","floor":24.0,"turns":5.0},{"damage":5,"enemies":"Nightmare","floor":27,"turns":5},{"damage":0,"enemies":"Gremlin Leader","floor":29,"turns":5},{"damage":10,"enemies":"2 Thieves","floor":30,"turns":4},{"damage":6,"enemies":"Automaton","floor":33,"turns":7},{"damage":8,"enemies":"Orb Walker","floor":35,"turns":3},{"damage":2,"enemies":"3 Shapes","floor":39,"turns":4},{"damage":27,"enemies":"Reptomancer","floor":41,"turns":6},{"damage":0,"enemies":"Nemesis","floor":44,"turns":5},{"damage":11,"enemies":"Nightmare","floor":46,"turns":6},{"damage":0,"enemies":"Jaw Worm Horde","floor":47,"turns":3},{"damage":0,"enemies":"4 Shapes","floor":48,"turns":5},{"damage":6,"enemies":"Time Eater","floor":50,"turns":8},{"damage":0,"enemies":"Shield and Spear","floor":54,"turns":5},{"damage":33,"enemies":"The Heart","floor":55,"turns":9}],"seed_played":"6484613754161858903","potions_obtained":[{"floor":1.0,"key":"Energy Potion"},{"floor":7.0,"key":"Fire Potion"},{"floor":10.0,"key":"Weak Potion"},{"floor":16.0,"key":"DuplicationPotion"},{"floor":18.0,"key":"Weak Potion"},{"floor":27,"key":"Fruit Juice"},{"floor":39,"key":"CunningPotion"},{"floor":44,"key":"SneckoOil"},{"floor":46,"key":"Block Potion"}],"is_trial":false,"path_per_floor":["M","?","M","M","?","E","M","$","T","E","?","E","R","E","R","B",null,"M","?","?","?","$","R","E","R","T","NM","AVR","E","M","?","R","B",null,"M","$","?","?","M","R","E","R","T","E","R","NM","M","M","R","B",null,"R","$","E","B",null],"character_chosen":"THE_SILENT","items_purchased":["Footwork","Poisoned Stab","Footwork","Discovery","Torii","Dodge and Roll"],"campfire_rested":4,"item_purchase_floors":[8,8,22,22,53,53],"current_hp_per_floor":[49,49,42,42,25,11,7,7,7,7,7,4,25,7,7,7,70,70,70,70,70,70,70,52,52,52,52,52,52,42,42,64,58,75,67,67,57,57,55,55,28,50,56,56,80,69,69,69,69,63,81,81,81,81,48],"gold":45,"neow_bonus":"RANDOM_COLORLESS_2","is_daily":false,"chose_seed":false,"campfire_upgraded":5,"win_rate":0.0,"timestamp":1612916081,"path_taken":["M","?","M","M","?","E","M","$","T","E","?","E","R","E","R","BOSS","M","?","?","?","$","R","E","R","T","NM","AVR","E","M","?","R","BOSS","M","$","?","?","M","R","E","R","T","E","R","NM","M","M","R","BOSS","R","$","E","BOSS"],"items_purchased_type":["Card","Card","Card","Card","Relic","Card"],"build_version":"2020-12-22","purchased_purges":5,"victory":true,"max_hp_per_floor":[70,70,70,70,70,70,70,70,70,70,70,70,70,70,70,70,70,70,70,70,70,70,70,70,70,70,75,75,75,75,75,75,75,75,75,75,75,75,75,75,75,75,81,81,81,81,81,81,81,81,81,81,81,81,81],"relic_stats":{"Darkstone Periapt":6,"Happy Flower":[25],"Torii":5,"counters":[25,121],"CeramicFish":261,"Orichalcum":[42],"Cursed Key":2,"Question Card":21,"Mercury Hourglass":[224],"Lizard Tail":0,"Sundial":[0],"Bronze Scales":[366],"obtain_stats":[{"Potion Belt":29,"Darkstone Periapt":41,"infinitespire:BottledMercury":6,"Happy Flower":24,"Torii":53,"CeramicFish":9,"Orichalcum":43,"Cursed Key":17,"Question Card":27,"Mercury Hourglass":31,"Lizard Tail":54,"HornCleat":44,"Sundial":46,"Bronze Scales":12,"infinitespire:Satchel":10,"Bag of Marbles":14,"Ring of the Snake":0,"Runic Pyramid":34},{"Potion Belt":13,"Darkstone Periapt":18,"infinitespire:BottledMercury":4,"Happy Flower":11,"Torii":23,"CeramicFish":5,"Orichalcum":18,"Cursed Key":9,"Question Card":12,"Mercury Hourglass":14,"Lizard Tail":24,"HornCleat":19,"Sundial":20,"Bronze Scales":7,"infinitespire:Satchel":6,"Bag of Marbles":8,"Ring of the Snake":0,"Runic Pyramid":15},{"Potion Belt":56,"Darkstone Periapt":80,"infinitespire:BottledMercury":14,"Happy Flower":46,"Torii":107,"CeramicFish":18,"Orichalcum":80,"Cursed Key":38,"Question Card":51,"Mercury Hourglass":60,"Lizard Tail":112,"HornCleat":85,"Sundial":91,"Bronze Scales":27,"infinitespire:Satchel":23,"Bag of Marbles":31,"Ring of the Snake":0,"Runic Pyramid":67}],"Ring of the Snake":[50]},"card_choices":[{"not_picked":["HandOfGreed","Metamorphosis"],"picked":"Apotheosis","floor":0.0},{"not_picked":["Concentrate","Acrobatics"],"picked":"Caltrops","floor":1.0},{"not_picked":["Flechettes","Dodge and Roll"],"picked":"Poisoned Stab","floor":3.0},{"not_picked":["Distraction","PiercingWail"],"picked":"Backflip","floor":4.0},{"not_picked":["infinitespire:Oblivion","infinitespire:UltimateForm"],"picked":"infinitespire:Gouge","floor":5.0},{"not_picked":["Underhanded Strike","Infinite Blades"],"picked":"Dagger Spray","floor":6.0},{"not_picked":["Infinite Blades","Concentrate"],"picked":"Endless Agony","floor":7.0},{"not_picked":["Flying Knee","Dagger Throw"],"picked":"Predator","floor":10.0},{"not_picked":["Dagger Throw","Storm of Steel"],"picked":"Quick Slash","floor":12.0},{"not_picked":["Reflex","Prepared"],"picked":"Deadly Poison","floor":14.0},{"not_picked":["A Thousand Cuts","Grand Finale"],"picked":"Tools of the Trade","floor":16.0},{"not_picked":["Eviscerate","Sucker Punch"],"picked":"Deadly Poison+1","floor":18.0},{"not_picked":["Sucker Punch+1","Expertise"],"picked":"Backflip","floor":24},{"not_picked":["Flying Knee","Calculated Gamble"],"picked":"Caltrops+1","floor":27},{"not_picked":["Bullet Time","Endless Agony","Bane"],"picked":"Night Terror","floor":29},{"not_picked":["Masterful Stab","Deflect","Dagger Throw"],"picked":"Acrobatics+1","floor":30},{"not_picked":["Bullet Time","Unload","Night Terror"],"picked":"Malaise","floor":33},{"not_picked":["Underhanded Strike+1","Bane","Finisher"],"picked":"Footwork","floor":35},{"not_picked":["Violence","HandOfGreed","Dark Shackles"],"picked":"Enlightenment","floor":37},{"not_picked":["Impatience","Discovery","Good Instincts"],"picked":"Sadistic Nature","floor":37},{"not_picked":["Apotheosis","Swift Strike","Trip"],"picked":"Flash of Steel","floor":37},{"not_picked":["PiercingWail","Flying Knee+1","Caltrops+1"],"picked":"Tactician+1","floor":39},{"not_picked":["Bane+1","Endless Agony+1","Underhanded Strike"],"picked":"Concentrate","floor":41},{"not_picked":["Backflip","PiercingWail+1","Bane+1"],"picked":"Leg Sweep+1","floor":44},{"not_picked":["Phantasmal Killer","Masterful Stab","Slice"],"picked":"Leg Sweep+1","floor":46},{"not_picked":["Concentrate+1","Dagger Throw+1","Acrobatics"],"picked":"Outmaneuver+1","floor":47},{"not_picked":["Outmaneuver+1","Bullet Time","Endless Agony"],"picked":"Crippling Poison+1","floor":48},{"not_picked":["Endless Agony+1","Flechettes+1","Blur"],"picked":"Noxious Fumes","floor":54}],"player_experience":1213947,"relics_obtained":[{"floor":6.0,"key":"infinitespire:BottledMercury"},{"floor":9.0,"key":"CeramicFish"},{"floor":10.0,"key":"infinitespire:Satchel"},{"floor":12.0,"key":"Bronze Scales"},{"floor":14.0,"key":"Bag of Marbles"},{"floor":24,"key":"Happy Flower"},{"floor":27,"key":"Question Card"},{"floor":29,"key":"Potion Belt"},{"floor":41,"key":"Darkstone Periapt"},{"floor":43,"key":"Orichalcum"},{"floor":44,"key":"HornCleat"},{"floor":46,"key":"Sundial"},{"floor":54,"key":"Lizard Tail"}],"event_choices":[{"damage_healed":0.0,"max_hp_gain":0.0,"max_hp_loss":0.0,"gold_gain":0.0,"event_name":"Scrap Ooze","player_choice":"Fled","floor":2.0,"gold_loss":0.0,"damage_taken":0.0},{"damage_healed":0.0,"max_hp_gain":0.0,"max_hp_loss":0.0,"gold_gain":0.0,"event_name":"Shining Light","player_choice":"Ignored","floor":11.0,"gold_loss":0.0,"damage_taken":0.0},{"damage_healed":0.0,"max_hp_gain":0.0,"max_hp_loss":0.0,"gold_gain":0.0,"cards_transformed":["Strike_G","Strike_G"],"event_name":"Drug Dealer","player_choice":"Became Test Subject","floor":19.0,"gold_loss":0.0,"damage_taken":0.0,"cards_obtained":["Heel Hook","Catalyst"]},{"damage_healed":0.0,"max_hp_gain":0.0,"max_hp_loss":0.0,"gold_gain":0.0,"event_name":"The Library","player_choice":"Read","floor":20.0,"gold_loss":0.0,"damage_taken":0.0,"cards_obtained":["PiercingWail"]},{"damage_healed":0.0,"max_hp_gain":0.0,"max_hp_loss":0.0,"gold_gain":0.0,"event_name":"Vampires","player_choice":"Ignored","floor":21.0,"gold_loss":0.0,"damage_taken":0.0},{"damage_healed":0,"gold_gain":0,"player_choice":"Opened","damage_taken":0,"relics_obtained":["Mercury Hourglass"],"max_hp_gain":0,"max_hp_loss":0,"event_name":"The Mausoleum","floor":31,"gold_loss":0},{"damage_healed":0,"gold_gain":0,"player_choice":"Memory 3","damage_taken":10,"max_hp_gain":0,"max_hp_loss":0,"event_name":"SensoryStone","floor":37,"gold_loss":0},{"damage_healed":0,"gold_gain":0,"player_choice":"Ignored","damage_taken":0,"max_hp_gain":0,"max_hp_loss":0,"event_name":"Tomb of Lord Red Mask","floor":38,"gold_loss":0}],"is_beta":false,"boss_relics":[{"not_picked":["Ring of the Serpent","Ectoplasm"],"picked":"Cursed Key"},{"not_picked":["Fusion Hammer","Philosopher\u0027s Stone"],"picked":"Runic Pyramid"}],"items_purged_floors":[8,22,28,36,53],"is_endless":false,"potions_floor_spawned":[1,7,10,16,18,27,39,44,46],"ascension_level":1}}