{"host":"vfg9szunmpjwj08o","time":1612990046,"event":{"mods":["Act Like it!","BaseMod","BetterRewards","Bossed Relics","Challenge The Spire","Colored Map","Colored Powertips","Dark Map","Highlight Path","Minty Spire (QoL Compilation)","Quick Restart","Relic Stats","StSLib","Waifu the Spire","everything is the same but u backflip on backflip"],"gold_per_floor":[362,362,380,62,78,78,78,119,119,44,44,44,44],"floor_reached":12,"language":"ENG","playtime":329,"items_purged":["True Grit"],"score":152,"play_id":"e51b76fd-3b07-47de-8895-c612af6ffad7","local_time":"20210210214726","is_ascension_mode":true,"campfire_choices":[{"data":"Bash","floor":6,"key":"SMITH"},{"floor":11,"key":"REST"}],"circlet_count":0,"master_deck":["AscendersBane","Strike_R","Strike_R","Strike_R","Strike_R","Defend_R","Defend_R","Defend_R","Defend_R","Bash+1","Inflame","Inflame"],"relics":["Burning Blood","Golden Idol","Ice Cream","StrikeDummy"],"acts_visited":["Exordium"],"potions_floor_usage":[8,12],"damage_taken":[{"damage":5,"enemies":"Small Slimes","floor":1,"turns":5},{"damage":8,"enemies":"2 Louse","floor":3,"turns":2},{"damage":13,"enemies":"Cultist","floor":5,"turns":6},{"damage":8,"enemies":"Lagavulin","floor":8,"turns":5},{"damage":45,"enemies":"3 Sentries","floor":12,"turns":5}],"seed_played":"7097294754245858862","potions_obtained":[{"floor":1,"key":"PowerPotion"},{"floor":3,"key":"ColorlessPotion"}],"is_trial":false,"path_per_floor":["M","?","M","$","M","R","?","E","T","$","R","E"],"character_chosen":"IRONCLAD","items_purchased":["Ice Cream"],"campfire_rested":1,"item_purchase_floors":[4],"current_hp_per_floor":[51,25,23,23,16,16,16,14,14,14,36,0,0],"gold":44,"neow_bonus":"TWO_FIFTY_GOLD","is_daily":false,"chose_seed":false,"campfire_upgraded":1,"win_rate":0.0,"timestamp":1612990046,"path_taken":["M","?","M","$","M","R","?","E","T","$","R","E"],"items_purchased_type":["Relic"],"build_version":"2020-12-22","purchased_purges":1,"victory":false,"max_hp_per_floor":[75,75,75,75,75,75,75,75,75,75,75,75,75],"relic_stats":{"counters":[5,23],"Golden Idol":15,"obtain_stats":[{"Ice Cream":4,"Golden Idol":2,"StrikeDummy":8,"Burning Blood":0},{"Ice Cream":2,"Golden Idol":1,"StrikeDummy":4,"Burning Blood":0},{"Ice Cream":7,"Golden Idol":5,"StrikeDummy":18,"Burning Blood":0}],"Burning Blood":24},"card_choices":[{"not_picked":["Intimidate","True Grit"],"picked":"Inflame","floor":1},{"not_picked":["Shrug It Off","Spot Weakness"],"picked":"Inflame","floor":3},{"not_picked":["Infernal Blade","Body Slam","Shockwave"],"picked":"SKIP","floor":5},{"not_picked":["Thunderclap","Power Through","Havoc"],"picked":"SKIP","floor":8}],"player_experience":1106229,"relics_obtained":[{"floor":8,"key":"StrikeDummy"}],"event_choices":[{"damage_healed":0,"gold_gain":0,"player_choice":"Take Damage","damage_taken":26,"relics_obtained":["Golden Idol"],"max_hp_gain":0,"max_hp_loss":0,"event_name":"Golden Idol","floor":2,"gold_loss":0},{"damage_healed":0,"gold_gain":0,"cards_transformed":["Strike_R"],"player_choice":"Transformed","damage_taken":0,"max_hp_gain":0,"max_hp_loss":0,"event_name":"Transmorgrifier","floor":7,"gold_loss":0,"cards_obtained":["True Grit"]}],"is_beta":false,"boss_relics":[],"items_purged_floors":[10],"is_endless":false,"potions_floor_spawned":[1,3],"killed_by":"3 Sentries","ascension_level":20}}