{"host":"r4aerl4ckfvw1dw3","time":1612993674,"event":{"mods":["BaseMod","BetterRewards","Minty Spire (QoL Compilation)","Quick Restart","StSLib"],"gold_per_floor":[116,116,129,149,197,232,248,248,273,299,313,313,343,244,244,344,344,364,166,179,197,217,217,227,227,227,227,260,260,337,350,350,454,454,466,485,535,547,547,577,587,618,700,700,650,650,673,692,692,692,692,692,12,37,37],"floor_reached":56,"language":"ENG","playtime":4253,"items_purged":["Strike_R","Strike_R","Strike_R","Strike_R"],"score":1623,"play_id":"de0fdd58-6ec3-4113-8ecf-e5e495cee2e3","local_time":"20210210134754","is_ascension_mode":true,"campfire_choices":[{"data":"True Grit","floor":8.0,"key":"SMITH"},{"floor":12.0,"key":"REST"},{"data":"Dark Embrace","floor":15.0,"key":"SMITH"},{"floor":23,"key":"REST"},{"data":"Limit Break","floor":25,"key":"SMITH"},{"data":"Shockwave","floor":27,"key":"SMITH"},{"data":"Wild Strike","floor":29,"key":"SMITH"},{"data":"Inflame","floor":32,"key":"SMITH"},{"floor":46,"key":"RECALL"},{"floor":49,"key":"REST"},{"floor":52,"key":"REST"}],"circlet_count":0,"master_deck":["Defend_R","Defend_R+1","Defend_R+1","Defend_R","Bash","Twin Strike","Shockwave+1","True Grit+1","Inflame+1","Twin Strike","Sentinel","Wild Strike+1","Offering","Cleave","Cleave+1","Limit Break+1","Clothesline","Flame Barrier+1","Demon Form","Evolve+1","True Grit+1","Pummel+1","Headbutt","Pommel Strike+1","Demon Form","Heavy Blade+1","Heavy Blade","Feel No Pain+1"],"relics":["Burning Blood","War Paint","Red Skull","Potion Belt","Oddly Smooth Stone","Regal Pillow","Smiling Mask","Snecko Eye","Anchor","Pen Nib","Kunai","Fusion Hammer","Ice Cream","Mummified Hand","Lantern","Self Forming Clay","Gremlin Horn","Bronze Scales","Bag of Marbles","OrangePellets","Nunchaku","Mercury Hourglass"],"acts_visited":["Exordium","TheCity","TheBeyond","TheEnding"],"potions_floor_usage":[20,33,33,36,42,42,50,55,55,55,55,55],"damage_taken":[{"damage":4.0,"enemies":"Jaw Worm","floor":1.0,"turns":4.0},{"damage":6.0,"enemies":"Cultist","floor":3.0,"turns":3.0},{"damage":2.0,"enemies":"Small Slimes","floor":4.0,"turns":4.0},{"damage":51.0,"enemies":"3 Sentries","floor":6.0,"turns":10.0},{"damage":0.0,"enemies":"Exordium Thugs","floor":7.0,"turns":3.0},{"damage":25.0,"enemies":"Lagavulin","floor":10.0,"turns":5.0},{"damage":5.0,"enemies":"Looter","floor":11.0,"turns":3.0},{"damage":32.0,"enemies":"3 Sentries","floor":13.0,"turns":8.0},{"damage":24.0,"enemies":"Hexaghost","floor":16.0,"turns":9.0},{"damage":11.0,"enemies":"Shell Parasite","floor":18.0,"turns":4.0},{"damage":29,"enemies":"3 Byrds","floor":20,"turns":6},{"damage":14,"enemies":"Centurion and Healer","floor":21,"turns":5},{"damage":12,"enemies":"Sentry and Sphere","floor":22,"turns":4},{"damage":23,"enemies":"Snecko","floor":24,"turns":5},{"damage":2,"enemies":"Gremlin Leader","floor":28,"turns":4},{"damage":0,"enemies":"Centurion and Healer","floor":31,"turns":6},{"damage":39,"enemies":"Automaton","floor":33,"turns":9},{"damage":4,"enemies":"Orb Walker","floor":35,"turns":3},{"damage":16,"enemies":"3 Darklings","floor":36,"turns":3},{"damage":6,"enemies":"Mind Bloom Boss Battle","floor":37,"turns":5},{"damage":0,"enemies":"Jaw Worm Horde","floor":38,"turns":3},{"damage":21,"enemies":"Giant Head","floor":40,"turns":6},{"damage":0,"enemies":"Transient","floor":41,"turns":5},{"damage":8,"enemies":"Nemesis","floor":42,"turns":5},{"damage":27,"enemies":"Sphere and 2 Shapes","floor":48,"turns":5},{"damage":38,"enemies":"Awakened One","floor":50,"turns":6},{"damage":3,"enemies":"Shield and Spear","floor":54,"turns":3},{"damage":64,"enemies":"The Heart","floor":55,"turns":8}],"seed_played":"6530932933600166449","potions_obtained":[{"floor":4.0,"key":"Ancient Potion"},{"floor":10.0,"key":"Weak Potion"},{"floor":13.0,"key":"LiquidBronze"},{"floor":16.0,"key":"ElixirPotion"},{"floor":18.0,"key":"LiquidMemories"},{"floor":24,"key":"PowerPotion"},{"floor":31,"key":"Swift Potion"},{"floor":33,"key":"AttackPotion"},{"floor":41,"key":"Weak Potion"},{"floor":42,"key":"EssenceOfSteel"},{"floor":48,"key":"ColorlessPotion"}],"is_trial":false,"path_per_floor":["M","?","M","M","T","E","M","R","T","E","M","R","E","$","R","B",null,"M","$","M","M","M","R","M","R","T","R","E","R","T","M","R","B",null,"M","M","?","M","T","E","M","E","T","?","$","R","T","M","R","B",null,"R","$","E","B",null],"character_chosen":"IRONCLAD","items_purchased":["SkillPotion","Anchor","Bag of Marbles","OrangePellets","AttackPotion","Block Potion","Ancient Potion","Nunchaku"],"campfire_rested":4,"item_purchase_floors":[14,19,53,53,53,53,53,53],"current_hp_per_floor":[74,67,67,71,71,26,32,32,32,13,14,53,27,27,27,9,62,57,57,34,26,20,59,42,42,42,42,46,46,46,52,52,19,65,67,57,57,63,63,48,54,52,52,52,52,52,52,31,70,38,70,80,80,80,22],"gold":37,"neow_bonus":"RANDOM_COMMON_RELIC","is_daily":false,"chose_seed":false,"campfire_upgraded":6,"win_rate":0.0,"timestamp":1612993674,"path_taken":["M","?","M","M","?","E","M","R","T","E","M","R","E","$","R","BOSS","M","$","M","?","M","R","M","R","T","R","E","R","?","M","R","BOSS","M","M","?","M","?","E","M","E","T","?","?","R","?","M","R","BOSS","R","$","E","BOSS"],"items_purchased_type":["Potion","Relic","Relic","Relic","Potion","Potion","Potion","Relic"],"build_version":"2020-12-22","purchased_purges":4,"victory":true,"max_hp_per_floor":[80,80,80,80,80,80,80,80,80,80,80,80,80,80,80,80,80,80,80,80,80,80,80,80,80,80,80,80,80,80,80,80,80,80,80,80,80,80,80,80,80,80,80,80,80,80,80,80,80,80,80,80,80,80,80],"card_choices":[{"not_picked":["Heavy Blade","Seeing Red"],"picked":"Twin Strike","floor":1.0},{"not_picked":["Shrug It Off","Heavy Blade"],"picked":"Shockwave","floor":3.0},{"not_picked":["Bloodletting","Disarm"],"picked":"True Grit","floor":4.0},{"not_picked":["Ghostly Armor","Flex"],"picked":"Inflame","floor":6.0},{"not_picked":["Body Slam","Iron Wave"],"picked":"Dark Embrace","floor":7.0},{"not_picked":["Seeing Red","Clash"],"picked":"Twin Strike","floor":10.0},{"not_picked":["Rupture","Iron Wave"],"picked":"Sentinel","floor":11.0},{"not_picked":["Iron Wave","Body Slam"],"picked":"Wild Strike","floor":13.0},{"not_picked":["Fiend Fire","Berserk"],"picked":"Offering","floor":16.0},{"not_picked":["Headbutt+1","Clash"],"picked":"Cleave","floor":18.0},{"not_picked":["Inflame","Clothesline"],"picked":"Cleave+1","floor":20},{"not_picked":["Evolve","Anger"],"picked":"Limit Break","floor":21},{"not_picked":["Thunderclap","Body Slam"],"picked":"Clothesline","floor":22},{"not_picked":["Clothesline","Pommel Strike"],"picked":"Flame Barrier+1","floor":24},{"not_picked":["Dark Embrace","Thunderclap+1","Infernal Blade"],"picked":"SKIP","floor":28},{"not_picked":["Thunderclap","Perfected Strike","Intimidate"],"picked":"SKIP","floor":31},{"not_picked":["Limit Break","Corruption"],"picked":"Demon Form","floor":33},{"not_picked":["Iron Wave+1","Perfected Strike"],"picked":"Evolve+1","floor":35},{"not_picked":["Dark Embrace","Havoc+1"],"picked":"True Grit+1","floor":36},{"not_picked":["Rupture","Havoc+1"],"picked":"Pummel+1","floor":37},{"not_picked":["Perfected Strike","Clash"],"picked":"Headbutt","floor":38},{"not_picked":["Flex","Dropkick"],"picked":"Pommel Strike+1","floor":40},{"not_picked":["Perfected Strike+1","Twin Strike"],"picked":"Demon Form","floor":41},{"not_picked":["Body Slam","Juggernaut"],"picked":"Heavy Blade+1","floor":42},{"not_picked":["Dropkick+1","Cleave+1"],"picked":"Heavy Blade","floor":48},{"not_picked":["Second Wind","Reckless Charge"],"picked":"Feel No Pain+1","floor":54}],"player_experience":568323,"relics_obtained":[{"floor":5.0,"key":"Red Skull"},{"floor":6.0,"key":"Potion Belt"},{"floor":9.0,"key":"Oddly Smooth Stone"},{"floor":10.0,"key":"Regal Pillow"},{"floor":13.0,"key":"Smiling Mask"},{"floor":28,"key":"Pen Nib"},{"floor":30,"key":"Kunai"},{"floor":37,"key":"Ice Cream"},{"floor":39,"key":"Mummified Hand"},{"floor":40,"key":"Lantern"},{"floor":42,"key":"Self Forming Clay"},{"floor":43,"key":"Gremlin Horn"},{"floor":47,"key":"Bronze Scales"},{"floor":54,"key":"Mercury Hourglass"}],"event_choices":[{"cards_removed":["Strike_R"],"damage_healed":0.0,"max_hp_gain":0.0,"max_hp_loss":0.0,"gold_gain":0.0,"event_name":"Golden Wing","player_choice":"Card Removal","floor":2.0,"gold_loss":0.0,"damage_taken":7.0},{"damage_healed":0,"gold_gain":0,"player_choice":"Fight","damage_taken":0,"max_hp_gain":0,"max_hp_loss":0,"event_name":"MindBloom","floor":37,"gold_loss":0},{"cards_removed":["Dark Embrace"],"damage_healed":0,"gold_gain":0,"player_choice":"Removed Power","damage_taken":0,"max_hp_gain":0,"max_hp_loss":0,"event_name":"Falling","floor":44,"gold_loss":0}],"is_beta":false,"boss_relics":[{"not_picked":["Empty Cage","Black Blood"],"picked":"Snecko Eye"},{"not_picked":["Pandora\u0027s Box","Astrolabe"],"picked":"Fusion Hammer"}],"items_purged_floors":[14,19,45,53],"is_endless":false,"potions_floor_spawned":[4,10,13,16,18,24,31,33,41,42,48],"ascension_level":9}}