{"host":"oeh4wb93hhtrshvk","time":1612954437,"event":{"mods":["2.2 Compatiblity","AchievementEnabler","Act Like it!","Aspiration","BaseMod","Better Skull","Better Third Choice","Block Reminder","Bossed Relics","Card Filter","Colored Powertips","Conspire","Curses Come First","Defuse TimeMaze Blight","Displayed Cursed Tome","Downfall","Energized Spire","GifTheSpireLib","Hermit","Hubris","Infinite Spire","Marisa????????","Minty Spire (QoL Compilation)","Pale of the Ancients","Quick Restart","Rare Cards Sparkle","Relic Filter","Reliquary","Replay The Spire","Shop Mod","Spicy Shops","StS++","StSLib","The Blue Laboratory","The Cursed","Transform Curses","Wandering Minibosses","Weighted Paths","Wide Potions"],"gold_per_floor":[115,115,127,127,173,173,213,241,241,241],"floor_reached":8,"language":"FRA","playtime":328,"items_purged":[],"score":64,"play_id":"c8efdaac-8f7b-46a2-841a-83624602770b","local_time":"20210210115357","daily_mods":["Heirloom","DeadlyEvents"],"is_ascension_mode":false,"campfire_choices":[{"data":"Slimebound:CorrosiveSpit","floor":6,"key":"SMITH"}],"circlet_count":0,"master_deck":["Slimebound:Strike_Slimebound","Slimebound:Strike_Slimebound","Slimebound:Strike_Slimebound","Slimebound:Tackle","Slimebound:Defend_Slimebound","Slimebound:Defend_Slimebound","Slimebound:Defend_Slimebound","Slimebound:Defend_Slimebound","Slimebound:Split","Slimebound:CorrosiveSpit+1","Slimebound:HauntingLick","Injury","Slimebound:GoopTackle+1","Burn","Slimebound:Equalize+1"],"relics":["Slimebound:AbsorbEndCombat","FossilizedHelix","Molten Egg 2","reliquary:RoseTintedGlasses","CeramicFish","reliquary:Sideboard"],"acts_visited":["Exordium"],"potions_floor_usage":[7],"damage_taken":[{"damage":7,"enemies":"Jaw Worm","floor":1,"turns":5},{"damage":0,"enemies":"Small Slimes","floor":3,"turns":2},{"damage":3,"enemies":"Gremlin Nob","floor":7,"turns":3},{"damage":31,"enemies":"3 Sentries","floor":8,"turns":7}],"seed_played":"1084181486666068718","potions_obtained":[{"floor":1,"key":"Fire Potion"}],"is_trial":true,"path_per_floor":["M","?","M","?","T","R","E","E"],"character_chosen":"SLIMEBOUND","items_purchased":[],"campfire_rested":0,"item_purchase_floors":[],"current_hp_per_floor":[60,60,64,64,64,64,64,38,38,38],"gold":241,"neow_bonus":"","is_daily":false,"chose_seed":false,"campfire_upgraded":1,"win_rate":0.0,"timestamp":1612954437,"path_taken":["M","?","M","?","?","R","E","?"],"items_purchased_type":[],"build_version":"2020-12-22","purchased_purges":0,"victory":false,"max_hp_per_floor":[65,65,65,65,65,65,65,65,65,65],"card_choices":[{"not_picked":["Slimebound:SplitBruiser","Slimebound:SplitLeeching"],"picked":"Slimebound:HauntingLick","floor":1},{"not_picked":["Slimebound:DivideAndConquer+1","Slimebound:BestDefense"],"picked":"Slimebound:GoopTackle+1","floor":3},{"not_picked":["Slimebound:SplitAcid","Slimebound:ServeAndProtect"],"picked":"Slimebound:Equalize+1","floor":7},{"not_picked":["Slimebound:DivideAndConquer+1","Slimebound:SplitBruiser"],"picked":"Slimebound:OneTwoCombo+1","floor":8}],"player_experience":678164,"relics_obtained":[{"floor":5,"key":"reliquary:RoseTintedGlasses"},{"floor":7,"key":"CeramicFish"},{"floor":8,"key":"reliquary:Sideboard"}],"event_choices":[{"damage_healed":64,"gold_gain":0,"player_choice":"Embrace Burn","damage_taken":0,"max_hp_gain":0,"max_hp_loss":65,"event_name":"betterThird:BetterShining","floor":4,"gold_loss":0}],"is_beta":false,"boss_relics":[],"items_purged_floors":[],"is_endless":false,"potions_floor_spawned":[1],"killed_by":"3 Sentries","ascension_level":0}}