{"host":"xp27heuvanyklt0b","time":1612937300,"event":{"mods":["100% Spire Juice","BaseMod","Lobotomy","Minty Spire (QoL Compilation)","StSLib"],"gold_per_floor":[114,114,114,16,31,44,62,113,125,155,167,207,219,231,243,353,415,411,373,400,412,34,34,34,34,34,50,50,50,50],"floor_reached":29,"language":"KOR","playtime":1468,"items_purged":["Pain"],"score":221,"play_id":"aa78d931-9503-47fd-a5db-060a12dca39a","local_time":"20210210150820","is_ascension_mode":false,"campfire_choices":[{"data":"Shockwave","floor":11,"key":"SMITH"},{"data":"Bash","floor":15,"key":"SMITH"},{"data":"Barricade","floor":23,"key":"SMITH"},{"floor":28,"key":"REST"}],"circlet_count":0,"master_deck":["Strike_R+1","Strike_R","Strike_R","Strike_R","Defend_R","Defend_R","Defend_R","Defend_R","Bash+1","Sword Boomerang+1","Shockwave+1","Headbutt+1","Sentinel","Metallicize","Shrug It Off","Dropkick","Dropkick","Barricade+1","True Grit","Hemokinesis","Cleave","Rage","Second Wind"],"relics":["Burning Blood","RabbitCall","WarpedTongs","MawBank","Kunai","Juzu Bracelet","Tiny House","Ginger"],"acts_visited":["Exordium","TheCity"],"potions_floor_usage":[29],"damage_taken":[{"damage":1,"enemies":"Cultist","floor":1,"turns":3},{"damage":5,"enemies":"Small Slimes","floor":5,"turns":3},{"damage":3,"enemies":"Jaw Worm","floor":6,"turns":4},{"damage":3,"enemies":"Looter","floor":7,"turns":4},{"damage":6,"enemies":"Large Slime","floor":10,"turns":5},{"damage":9,"enemies":"3 Sentries","floor":12,"turns":9},{"damage":3,"enemies":"The Guardian","floor":16,"turns":14},{"damage":21,"enemies":"2 Thieves","floor":18,"turns":4},{"damage":14,"enemies":"3 Byrds","floor":20,"turns":7},{"damage":8,"enemies":"3 Cultists","floor":27,"turns":6},{"damage":77,"enemies":"Gremlin Leader","floor":29,"turns":5}],"seed_played":"6034346832933462190","potions_obtained":[{"floor":6,"key":"LiquidBronze"},{"floor":7,"key":"HeartOfIron"},{"floor":10,"key":"BlessingOfTheForge"}],"is_trial":false,"path_per_floor":["M","?","?","$","M","M","M","T","T","M","R","E","?","?","R","B",null,"M","?","M","?","$","R","?","$","T","M","R","E"],"character_chosen":"IRONCLAD","items_purchased":["Headbutt","Ginger","Rage"],"campfire_rested":1,"item_purchase_floors":[4,22,22],"current_hp_per_floor":[80,80,80,80,80,80,80,80,80,80,80,77,61,61,61,64,85,70,70,62,62,62,62,46,46,46,44,71,0,0],"gold":50,"neow_bonus":"","is_daily":false,"chose_seed":false,"campfire_upgraded":3,"win_rate":0.0,"timestamp":1612937300,"path_taken":["M","?","?","$","M","M","?","?","T","M","R","E","?","?","R","BOSS","M","?","M","?","$","R","?","$","T","M","R","E"],"items_purchased_type":["Card","Relic","Card"],"build_version":"2020-12-22","purchased_purges":1,"victory":false,"max_hp_per_floor":[80,80,80,80,80,80,80,80,80,80,80,80,80,80,80,80,85,85,85,85,85,85,85,90,90,90,90,90,90,90],"card_choices":[{"not_picked":["Wild Strike","Clothesline"],"picked":"Sword Boomerang","floor":1},{"not_picked":["Thunderclap","True Grit"],"picked":"Sentinel","floor":5},{"not_picked":["Sentinel","Armaments"],"picked":"Metallicize","floor":6},{"not_picked":["Fire Breathing","Headbutt"],"picked":"Shrug It Off","floor":7},{"not_picked":["Shockwave","Warcry"],"picked":"Dropkick","floor":10},{"not_picked":["Sever Soul","Searing Blow"],"picked":"Dropkick","floor":12},{"not_picked":["Feed","Berserk"],"picked":"Barricade","floor":16},{"not_picked":["Shrug It Off","Bloodletting"],"picked":"True Grit","floor":17},{"not_picked":["Headbutt","Perfected Strike"],"picked":"Hemokinesis","floor":18},{"not_picked":["Warcry+1","True Grit"],"picked":"Cleave","floor":20},{"not_picked":["Limit Break","Searing Blow"],"picked":"Second Wind","floor":27}],"player_experience":201831,"relics_obtained":[{"floor":8,"key":"MawBank"},{"floor":9,"key":"Kunai"},{"floor":12,"key":"Juzu Bracelet"}],"event_choices":[{"damage_healed":0,"gold_gain":0,"cards_transformed":["Strike_R"],"player_choice":"Change","damage_taken":0,"max_hp_gain":0,"max_hp_loss":0,"event_name":"Living Wall","floor":2,"gold_loss":0,"cards_obtained":["Shockwave"]},{"damage_healed":0,"gold_gain":0,"player_choice":"Rummage","damage_taken":0,"relics_obtained":["WarpedTongs"],"max_hp_gain":0,"max_hp_loss":0,"event_name":"Accursed Blacksmith","floor":3,"gold_loss":0,"cards_obtained":["Pain"]},{"damage_healed":0,"gold_gain":0,"player_choice":"Entered Light","damage_taken":16,"max_hp_gain":0,"max_hp_loss":0,"event_name":"Shining Light","floor":13,"gold_loss":0,"cards_upgraded":["Strike_R","Sword Boomerang"]},{"damage_healed":0,"gold_gain":0,"player_choice":"Ignored","damage_taken":0,"max_hp_gain":0,"max_hp_loss":0,"event_name":"Liars Game","floor":14,"gold_loss":0},{"damage_healed":0,"gold_gain":0,"player_choice":"Bet on Owner","damage_taken":0,"max_hp_gain":0,"max_hp_loss":0,"event_name":"The Joust","floor":19,"gold_loss":50},{"damage_healed":0,"gold_gain":0,"player_choice":"Ignored","damage_taken":0,"max_hp_gain":0,"max_hp_loss":0,"event_name":"Cursed Tome","floor":21,"gold_loss":0},{"damage_healed":0,"gold_gain":0,"player_choice":"Shed Blood","damage_taken":21,"max_hp_gain":5,"max_hp_loss":0,"event_name":"Forgotten Altar","floor":24,"gold_loss":0}],"is_beta":false,"boss_relics":[{"not_picked":["Busted Crown","Pandora\u0027s Box"],"picked":"Tiny House"}],"items_purged_floors":[4],"is_endless":false,"potions_floor_spawned":[6,7,10],"killed_by":"Gremlin Leader","ascension_level":0}}