{"host":"kt2jzujlwvzydtbu","time":1612969562,"event":{"mods":["BaseMod","Bestiary","Minty Spire (QoL Compilation)","SacredBarkPlus","StSLib"],"gold_per_floor":[114,132,132,149,224,252,252,269,269,298,318,329,28,41,41,136,136,148,148,160,160,85,115,129,155,155,155,190,190,190,13,13,112,112,123,123,139,139,139,166,266,266,266,298,298,298],"floor_reached":45,"language":"ENG","playtime":2815,"items_purged":["Strike_G"],"score":807,"play_id":"c812446d-cff9-40de-9830-e8318cd4cc2c","local_time":"20210210230602","is_ascension_mode":true,"campfire_choices":[{"data":"Dash","floor":7.0,"key":"SMITH"},{"floor":15.0,"key":"REST"},{"floor":27.0,"key":"REST"},{"floor":30.0,"key":"REST"},{"data":"After Image","floor":32.0,"key":"SMITH"},{"floor":42.0,"key":"REST"}],"circlet_count":0,"master_deck":["Strike_G","Strike_G","Strike_G","Defend_G","Defend_G","Defend_G","Defend_G","Defend_G","Survivor","Neutralize","Backflip","Flechettes+1","Deflect","Dash+1","Setup","Escape Plan","Noxious Fumes","Deflect","Deadly Poison","Flying Knee","Crippling Poison","Noxious Fumes","Crippling Poison","Scrawl","Rebound","Flex+1","After Image+1","Consecrate+1","Shockwave","CrushJoints+1","Crippling Poison","After Image","Concentrate","Blind","Flechettes","Clumsy","Doubt","Hologram"],"relics":["Ring of the Serpent","Bag of Preparation","Sundial","Incense Burner","Prayer Wheel","PrismaticShard","Matryoshka","Pear","Bottled Lightning","Pen Nib","MealTicket","Art of War","Cursed Key","Happy Flower","Bottled Flame","Nunchaku","Akabeko"],"acts_visited":["Exordium","TheCity","TheBeyond"],"potions_floor_usage":[],"damage_taken":[{"damage":0.0,"enemies":"2 Louse","floor":1.0,"turns":4.0},{"damage":6.0,"enemies":"Small Slimes","floor":2.0,"turns":5.0},{"damage":0.0,"enemies":"Jaw Worm","floor":4.0,"turns":3.0},{"damage":5.0,"enemies":"3 Sentries","floor":6.0,"turns":12.0},{"damage":0.0,"enemies":"2 Fungi Beasts","floor":8.0,"turns":3.0},{"damage":12.0,"enemies":"Lagavulin","floor":10.0,"turns":8.0},{"damage":3.0,"enemies":"Looter","floor":11.0,"turns":3.0},{"damage":2.0,"enemies":"Large Slime","floor":12.0,"turns":6.0},{"damage":5.0,"enemies":"3 Louse","floor":14.0,"turns":3.0},{"damage":6.0,"enemies":"Hexaghost","floor":16.0,"turns":10.0},{"damage":6.0,"enemies":"3 Byrds","floor":18.0,"turns":4.0},{"damage":3.0,"enemies":"Shell Parasite","floor":20.0,"turns":6.0},{"damage":24.0,"enemies":"Slavers","floor":23.0,"turns":6.0},{"damage":11.0,"enemies":"Snecko","floor":24.0,"turns":5.0},{"damage":27.0,"enemies":"Book of Stabbing","floor":25.0,"turns":8.0},{"damage":27.0,"enemies":"Gremlin Leader","floor":28.0,"turns":8.0},{"damage":4.0,"enemies":"Colosseum Slavers","floor":29.0,"turns":4.0},{"damage":29.0,"enemies":"Automaton","floor":33.0,"turns":9.0},{"damage":0.0,"enemies":"3 Shapes","floor":35.0,"turns":6.0},{"damage":10.0,"enemies":"Orb Walker","floor":37.0,"turns":5.0},{"damage":27.0,"enemies":"Reptomancer","floor":40.0,"turns":6.0},{"damage":61.0,"enemies":"Giant Head","floor":44.0,"turns":10.0},{"damage":24,"enemies":"Spire Growth","floor":45,"turns":4}],"seed_played":"-7336727348502534063","potions_obtained":[{"floor":1.0,"key":"CunningPotion"},{"floor":8.0,"key":"SkillPotion"},{"floor":10.0,"key":"AttackPotion"},{"floor":14.0,"key":"GhostInAJar"},{"floor":16.0,"key":"SpeedPotion"},{"floor":18.0,"key":"Regen Potion"},{"floor":20.0,"key":"PowerPotion"},{"floor":28.0,"key":"DuplicationPotion"},{"floor":33.0,"key":"Block Potion"},{"floor":37.0,"key":"SteroidPotion"}],"is_trial":false,"path_per_floor":["M","M","?","M","?","E","R","M","T","E","M","M","$","M","R","B",null,"M","?","M","?","?","E","M","E","T","R","E","?","R","$","R","B",null,"M","?","M","?","T","E","?","R","T","E","M"],"character_chosen":"THE_SILENT","items_purchased":["PrismaticShard","Crippling Poison","Noxious Fumes","FairyPotion"],"campfire_rested":4,"item_purchase_floors":[13,13,13,31],"current_hp_per_floor":[63,57,57,57,46,41,41,41,41,29,26,24,24,19,40,34,61,55,55,52,52,52,53,42,15,15,39,12,8,32,47,47,18,65,65,65,55,55,55,28,28,52,52,24,0,0],"gold":298,"neow_bonus":"RANDOM_COMMON_RELIC","is_daily":false,"chose_seed":false,"campfire_upgraded":2,"win_rate":0.0,"timestamp":1612969562,"path_taken":["M","M","?","M","?","E","R","M","T","E","M","M","$","M","R","BOSS","M","?","M","?","?","E","M","E","T","R","E","?","R","?","R","BOSS","M","?","?","?","?","E","?","R","T","E","M"],"items_purchased_type":["Relic","Card","Card","Potion"],"build_version":"2020-12-22","purchased_purges":1,"victory":false,"max_hp_per_floor":[70,70,70,70,70,70,70,70,70,70,70,70,70,70,70,70,70,70,70,70,70,70,80,80,80,80,80,80,80,80,80,80,80,80,80,80,80,80,80,80,80,80,80,80,80,80],"card_choices":[{"not_picked":["Infinite Blades","Acrobatics"],"picked":"Backflip","floor":1.0},{"not_picked":["Slice","Escape Plan"],"picked":"Flechettes","floor":2.0},{"not_picked":["Flying Knee","Acrobatics"],"picked":"Deflect","floor":4.0},{"not_picked":["Skewer","Malaise"],"picked":"Dash","floor":6.0},{"not_picked":["Flying Knee","Infinite Blades"],"picked":"Setup","floor":8.0},{"not_picked":["PiercingWail","Dagger Spray"],"picked":"Escape Plan","floor":10.0},{"not_picked":["Bouncing Flask","Setup"],"picked":"Noxious Fumes","floor":11.0},{"not_picked":["Quick Slash","Heel Hook"],"picked":"Deflect","floor":11.0},{"not_picked":["Bane","Blade Dance"],"picked":"Deadly Poison","floor":12.0},{"not_picked":["Reflex","Underhanded Strike"],"picked":"Flying Knee","floor":12.0},{"not_picked":["ThirdEye","Iron Wave"],"picked":"Crippling Poison","floor":14.0},{"not_picked":["ClearTheMind","Purity","LikeWater"],"picked":"SKIP","floor":14.0},{"not_picked":["Mayhem","Storm of Steel"],"picked":"Scrawl","floor":16.0},{"not_picked":["Quick Slash","Twin Strike"],"picked":"Rebound","floor":18.0},{"not_picked":["Inflame+1","Distraction"],"picked":"Flex+1","floor":18.0},{"not_picked":["Crescendo","Blade Dance"],"picked":"Consecrate+1","floor":20.0},{"not_picked":["Prepared","Backflip","Dropkick"],"picked":"SKIP","floor":20.0},{"not_picked":["Cold Snap","Establishment"],"picked":"Shockwave","floor":23.0},{"not_picked":["Blade Dance+1","Inflame"],"picked":"CrushJoints+1","floor":24.0},{"not_picked":["Halt","Leap"],"picked":"Crippling Poison","floor":24.0},{"not_picked":["Meteor Strike","FlurryOfBlows","CarveReality"],"picked":"SKIP","floor":25.0},{"not_picked":["Dropkick","All Out Attack","Heavy Blade"],"picked":"SKIP","floor":28.0},{"not_picked":["Double Tap","Multi-Cast"],"picked":"After Image","floor":33.0},{"not_picked":["Cloak And Dagger","Shrug It Off","Ball Lightning"],"picked":"SKIP","floor":35.0},{"not_picked":["Prostrate+1","Cleave","Sweeping Beam"],"picked":"SKIP","floor":35.0},{"not_picked":["CarveReality","Predator+1"],"picked":"Flechettes","floor":37.0},{"not_picked":["Cleave","Cloak And Dagger","Halt"],"picked":"SKIP","floor":37.0},{"not_picked":["Armaments","Force Field+1","Deadly Poison+1"],"picked":"SKIP","floor":40.0},{"not_picked":["Flame Barrier+1","Rebound+1"],"picked":"Hologram","floor":44.0}],"player_experience":510603,"relics_obtained":[{"floor":6.0,"key":"Sundial"},{"floor":9.0,"key":"Incense Burner"},{"floor":10.0,"key":"Prayer Wheel"},{"floor":23.0,"key":"Pear"},{"floor":25.0,"key":"Bottled Lightning"},{"floor":26.0,"key":"Pen Nib"},{"floor":26.0,"key":"MealTicket"},{"floor":28.0,"key":"Art of War"},{"floor":39.0,"key":"Happy Flower"},{"floor":39.0,"key":"Bottled Flame"},{"floor":40.0,"key":"Nunchaku"},{"floor":44.0,"key":"Akabeko"}],"event_choices":[{"damage_healed":0.0,"max_hp_gain":0.0,"max_hp_loss":0.0,"gold_gain":0.0,"event_name":"Living Wall","player_choice":"Grow","floor":3.0,"gold_loss":0.0,"damage_taken":0.0,"cards_upgraded":["Flechettes"]},{"damage_healed":0.0,"max_hp_gain":0.0,"max_hp_loss":0.0,"gold_gain":75.0,"event_name":"World of Goop","player_choice":"Gather Gold","floor":5.0,"gold_loss":0.0,"damage_taken":11.0},{"damage_healed":0.0,"max_hp_gain":0.0,"max_hp_loss":0.0,"gold_gain":0.0,"event_name":"The Library","player_choice":"Read","floor":19.0,"gold_loss":0.0,"damage_taken":0.0,"cards_obtained":["After Image"]},{"damage_healed":0.0,"max_hp_gain":0.0,"max_hp_loss":0.0,"gold_gain":0.0,"event_name":"The Mausoleum","player_choice":"Opened","floor":21.0,"gold_loss":0.0,"damage_taken":0.0,"relics_obtained":["Matryoshka"]},{"cards_removed":["Strike_G"],"damage_healed":0.0,"max_hp_gain":0.0,"max_hp_loss":0.0,"gold_gain":0.0,"event_name":"Beggar","player_choice":"Gave Gold","floor":22.0,"gold_loss":75.0,"damage_taken":0.0},{"damage_healed":0.0,"max_hp_gain":0.0,"max_hp_loss":0.0,"gold_gain":0.0,"event_name":"Colosseum","player_choice":"Fight","floor":29.0,"gold_loss":0.0,"damage_taken":0.0},{"damage_healed":0.0,"max_hp_gain":0.0,"max_hp_loss":0.0,"gold_gain":0.0,"event_name":"Colosseum","player_choice":"Fled From Nobs","floor":29.0,"gold_loss":0.0,"damage_taken":0.0},{"damage_healed":0.0,"max_hp_gain":0.0,"max_hp_loss":0.0,"gold_gain":0.0,"event_name":"Match and Keep!","player_choice":"2 cards matched","floor":36.0,"gold_loss":0.0,"damage_taken":0.0,"cards_obtained":["Concentrate","Blind"]},{"damage_healed":0.0,"max_hp_gain":0.0,"max_hp_loss":0.0,"gold_gain":0.0,"event_name":"Tomb of Lord Red Mask","player_choice":"Ignored","floor":38.0,"gold_loss":0.0,"damage_taken":0.0},{"damage_healed":0.0,"max_hp_gain":0.0,"max_hp_loss":0.0,"gold_gain":100.0,"event_name":"Golden Shrine","player_choice":"Pray","floor":41.0,"gold_loss":0.0,"damage_taken":0.0}],"is_beta":false,"boss_relics":[{"not_picked":["Ectoplasm","Philosopher\u0027s Stone"],"picked":"Ring of the Serpent"},{"not_picked":["Tiny House","Calling Bell"],"picked":"Cursed Key"}],"items_purged_floors":[31],"is_endless":false,"potions_floor_spawned":[1,8,10,14,16,18,20,28,29,33,37],"killed_by":"Spire Growth","ascension_level":9}}