{"host":"hka8b3f4pkvnp4ei","time":1612937975,"event":{"mods":["BaseMod","Minty Spire (QoL Compilation)","Quick Restart","Replay The Spire","StSLib"],"gold_per_floor":[112,62,62,62,62,97,97,133,183,216,239,239,280,298,298,421,421,440,460,158,183,208,248,260,272,284,296,308,173,173,212,212,331,331,345,409,359,359,359,397,397,440,494,592,631,655,693,714,714,714,714,714,378,413,527],"floor_reached":56,"language":"ZHS","playtime":3679,"items_purged":["Outmaneuver","Phantasmal Killer+1"],"score":2380,"play_id":"85dcc86e-947f-4788-b6f0-e0faf4e2cda1","local_time":"20210210141935","is_ascension_mode":true,"campfire_choices":[{"data":"Tactician","floor":7.0,"key":"SMITH"},{"data":"Burst","floor":15.0,"key":"SMITH"},{"data":"Acrobatics","floor":25.0,"key":"SMITH"},{"data":"Phantasmal Killer","floor":28.0,"key":"SMITH"},{"data":"Reflex","floor":32.0,"key":"SMITH"},{"floor":41.0,"key":"RECALL"},{"data":"ReplayTheSpireMod:Speed Training","floor":52.0,"key":"SMITH"}],"circlet_count":0,"master_deck":["Survivor+1","Tactician+1","Acrobatics+1","Adrenaline","Backflip","Blade Dance+1","Burst+1","Accuracy","Escape Plan","Reflex+1","Madness","Madness","ReplayTheSpireMod:Speed Training+1"],"relics":["Pandora\u0027s Box","Ring of Fury","Golden Idol","ReplayTheSpireMod:TigerMarble","ReplayFunnel","Gremlin Food","ReplayTheSpireMod:Lightbulb","Prayer Wheel","Empty Cage","Membership Card","War Paint","MawBank","Matryoshka","Replay:Baseball","Medical Kit","Oddly Smooth Stone","Replay:Grab Bag","Coffee Dripper","Busted Crown","Black Star","Replay:Towering Pillar of Hats","Lantern","Replay:Bottled Steam","Paper Crane","Mercury Hourglass","Pet Ghost","Letter Opener","Whetstone","Mango","Blue Doll","White Beast Statue","Ninja Scroll","Torii","Replay:Mystery Machine","Frozen Eye","Chameleon Ring","Replay:Bandana"],"acts_visited":["TheCity","TheBeyond","TheEnding"],"potions_floor_usage":[55,55,55],"damage_taken":[{"damage":0.0,"enemies":"Small Slimes","floor":1.0,"turns":3.0},{"damage":0.0,"enemies":"Replay:BlueRogue","floor":6.0,"turns":4.0},{"damage":0.0,"enemies":"Lagavulin","floor":8.0,"turns":3.0},{"damage":0.0,"enemies":"Gremlin Nob","floor":10.0,"turns":2.0},{"damage":0.0,"enemies":"Jaw Worm","floor":11.0,"turns":2.0},{"damage":0.0,"enemies":"Lagavulin","floor":13.0,"turns":3.0},{"damage":0.0,"enemies":"2 Louse","floor":14.0,"turns":1.0},{"damage":0.0,"enemies":"Fading Forest","floor":16.0,"turns":8.0},{"damage":0.0,"enemies":"Spheric Guardian","floor":18.0,"turns":1.0},{"damage":0.0,"enemies":"Shell Parasite","floor":19.0,"turns":1.0},{"damage":0.0,"enemies":"Snecko","floor":21.0,"turns":1.0},{"damage":0.0,"enemies":"Centurion and Healer","floor":22.0,"turns":2.0},{"damage":0.0,"enemies":"Book of Stabbing","floor":23.0,"turns":1.0},{"damage":0.0,"enemies":"Replay:Snechameleon","floor":31.0,"turns":1.0},{"damage":0.0,"enemies":"Automaton","floor":33.0,"turns":1.0},{"damage":0.0,"enemies":"Orb Walker","floor":35.0,"turns":1.0},{"damage":0.0,"enemies":"2 Orb Walkers","floor":36.0,"turns":1.0},{"damage":0.0,"enemies":"Nemesis","floor":40.0,"turns":1.0},{"damage":16.0,"enemies":"R_Hoarder","floor":42.0,"turns":5.0},{"damage":0.0,"enemies":"Giant Head","floor":45.0,"turns":1.0},{"damage":0.0,"enemies":"3 Darklings","floor":46.0,"turns":1.0},{"damage":31.0,"enemies":"R_Hoarder","floor":47.0,"turns":6.0},{"damage":0.0,"enemies":"Transient","floor":48.0,"turns":5.0},{"damage":0.0,"enemies":"Donu and Deca","floor":50.0,"turns":1.0},{"damage":1.0,"enemies":"Shield and Spear","floor":54.0,"turns":2.0},{"damage":0,"enemies":"The Heart","floor":55,"turns":3}],"seed_played":"-6931036642788960418","potions_obtained":[{"floor":8.0,"key":"DistilledChaos"},{"floor":10.0,"key":"Ancient Potion"},{"floor":36.0,"key":"PowerPotion"},{"floor":44.0,"key":"DistilledChaos"},{"floor":49.0,"key":"FairyPotion"},{"floor":54.0,"key":"DuplicationPotion"}],"is_trial":false,"path_per_floor":["M","?","?","?","?","E","R","E","T","E","M","?","E","M","R","B",null,"M","M","$","M","M","E","?","R","T","?","R","$","?","E","R","B",null,"M","?","$","?","?","E","R","E","T","?","E","M","E","M","R","B",null,"R","$","E","B",null],"character_chosen":"THE_SILENT","items_purchased":["Membership Card","War Paint","Accuracy","Replay:Baseball","Medical Kit","Torii","Replay:Mystery Machine","Frozen Eye","LifebloodPotion"],"campfire_rested":0,"item_purchase_floors":[20,20,20,29,29,53,53,53,53],"current_hp_per_floor":[63,63,63,46,51,51,51,51,51,51,51,44,44,44,44,44,67,67,67,67,67,67,67,67,67,67,67,67,67,67,67,67,67,73,75,75,75,66,66,66,66,50,50,32,46,46,15,19,19,19,72,72,72,71,71],"gold":527,"neow_bonus":"BOSS_RELIC","is_daily":false,"chose_seed":false,"campfire_upgraded":6,"win_rate":0.0,"timestamp":1612937975,"path_taken":["M","?","?","?","?","E","R","E","T","E","M","?","E","M","R","BOSS","M","M","$","M","M","E","?","R","T","?","R","$","?","E","R","BOSS","M","?","$","?","?","E","R","E","T","?","E","?","E","M","R","BOSS","R","$","E","BOSS"],"items_purchased_type":["Relic","Relic","Card","Relic","Relic","Relic","Relic","Relic","Potion"],"build_version":"2020-12-22","purchased_purges":2,"victory":true,"max_hp_per_floor":[70,70,70,70,75,75,75,75,75,75,75,75,75,75,75,75,75,75,75,75,75,75,75,75,75,75,75,75,75,75,75,75,75,75,75,75,75,75,75,75,75,75,75,75,89,89,89,89,89,89,89,89,89,89,89],"card_choices":[{"not_picked":["Cloak And Dagger","Choke","Endless Agony"],"picked":"SKIP","floor":1.0},{"not_picked":["Malaise","Skewer"],"picked":"Blade Dance","floor":6.0},{"not_picked":["PiercingWail","Tactician"],"picked":"Burst","floor":8.0},{"not_picked":["Prepared","Cloak And Dagger","Backflip"],"picked":"SKIP","floor":10.0},{"not_picked":["ReplayTheSpireMod:Shiv Toss","Bane","Backstab"],"picked":"SKIP","floor":11.0},{"not_picked":["Replay:Poison Smokescreen","Setup","ReplayTheSpireMod:From All Sides"],"picked":"SKIP","floor":13.0},{"not_picked":["Cloak And Dagger","Skewer","Dodge and Roll"],"picked":"SKIP","floor":14.0},{"not_picked":["ReplayTheSpireMod:Exploit Weakness","Sucker Punch","Blur"],"picked":"SKIP","floor":14.0},{"not_picked":["Sucker Punch","Replay:Poison Smokescreen+1","Backstab"],"picked":"SKIP","floor":18.0},{"not_picked":["Deflect+1","Outmaneuver","Dodge and Roll+1"],"picked":"SKIP","floor":18.0},{"not_picked":["Masterful Stab","Blade Dance","Flechettes+1"],"picked":"SKIP","floor":19.0},{"not_picked":["Flying Knee","Quick Slash+1","Outmaneuver"],"picked":"SKIP","floor":19.0},{"not_picked":["Endless Agony","Infinite Blades","Deflect"],"picked":"SKIP","floor":21.0},{"not_picked":["Eviscerate","Acrobatics","Skewer"],"picked":"SKIP","floor":21.0},{"not_picked":["Quick Slash+1","Replay:Poison Smokescreen+1"],"picked":"Escape Plan","floor":22.0},{"not_picked":["Setup","Escape Plan","PiercingWail+1"],"picked":"SKIP","floor":22.0},{"not_picked":["Bane+1","Prepared","ReplayTheSpireMod:Exploit Weakness"],"picked":"SKIP","floor":23.0},{"not_picked":["Quick Slash","Deadly Poison","Replay:Poison Smokescreen"],"picked":"SKIP","floor":31.0},{"not_picked":["Fluid Movement"],"picked":"SKIP","floor":35.0},{"not_picked":["Dagger Spray"],"picked":"SKIP","floor":35.0},{"not_picked":["Unload"],"picked":"SKIP","floor":40.0},{"not_picked":["Quick Slash+1"],"picked":"SKIP","floor":42.0},{"not_picked":["Hidden Blade+1"],"picked":"SKIP","floor":45.0},{"not_picked":[],"picked":"ReplayTheSpireMod:Speed Training","floor":46.0},{"not_picked":["Masterful Stab"],"picked":"SKIP","floor":46.0},{"not_picked":["Endless Agony+1"],"picked":"SKIP","floor":47.0},{"not_picked":["Concentrate+1"],"picked":"SKIP","floor":48.0},{"not_picked":["Blade Dance"],"picked":"SKIP","floor":48.0},{"not_picked":["Dagger Spray+1"],"picked":"SKIP","floor":54.0}],"player_experience":468607,"relics_obtained":[{"floor":3.0,"key":"Ring of Fury"},{"floor":6.0,"key":"ReplayTheSpireMod:TigerMarble"},{"floor":8.0,"key":"ReplayFunnel"},{"floor":9.0,"key":"Gremlin Food"},{"floor":10.0,"key":"ReplayTheSpireMod:Lightbulb"},{"floor":13.0,"key":"Prayer Wheel"},{"floor":23.0,"key":"MawBank"},{"floor":26.0,"key":"Matryoshka"},{"floor":31.0,"key":"Oddly Smooth Stone"},{"floor":36.0,"key":"Replay:Towering Pillar of Hats"},{"floor":40.0,"key":"Lantern"},{"floor":40.0,"key":"Replay:Bottled Steam"},{"floor":42.0,"key":"Paper Crane"},{"floor":42.0,"key":"Mercury Hourglass"},{"floor":43.0,"key":"Pet Ghost"},{"floor":44.0,"key":"Letter Opener"},{"floor":44.0,"key":"Whetstone"},{"floor":45.0,"key":"Mango"},{"floor":45.0,"key":"Blue Doll"},{"floor":47.0,"key":"White Beast Statue"},{"floor":47.0,"key":"Ninja Scroll"},{"floor":54.0,"key":"Chameleon Ring"},{"floor":54.0,"key":"Replay:Bandana"}],"event_choices":[{"cards_removed":["Phantasmal Killer"],"damage_healed":0.0,"max_hp_gain":0.0,"max_hp_loss":0.0,"gold_gain":0.0,"event_name":"The Cleric","player_choice":"Card Removal","floor":2.0,"gold_loss":50.0,"damage_taken":0.0},{"damage_healed":0.0,"max_hp_gain":0.0,"max_hp_loss":0.0,"gold_gain":0.0,"event_name":"Golden Idol","player_choice":"Take Damage","floor":4.0,"gold_loss":0.0,"damage_taken":17.0,"relics_obtained":["Golden Idol"]},{"damage_healed":0.0,"max_hp_gain":5.0,"max_hp_loss":0.0,"gold_gain":0.0,"event_name":"Big Fish","player_choice":"Donut","floor":5.0,"gold_loss":0.0,"damage_taken":0.0},{"cards_removed":["Sucker Punch"],"damage_healed":0.0,"max_hp_gain":0.0,"max_hp_loss":0.0,"gold_gain":0.0,"event_name":"Golden Wing","player_choice":"Card Removal","floor":12.0,"gold_loss":0.0,"damage_taken":7.0},{"damage_healed":0.0,"max_hp_gain":0.0,"max_hp_loss":0.0,"gold_gain":0.0,"event_name":"Back to Basics","player_choice":"Simplicity","floor":24.0,"gold_loss":0.0,"damage_taken":0.0,"cards_upgraded":[]},{"damage_healed":0.0,"max_hp_gain":0.0,"max_hp_loss":0.0,"gold_gain":0.0,"event_name":"Ghosts","player_choice":"Ignored","floor":27.0,"gold_loss":0.0,"damage_taken":0.0},{"damage_healed":0.0,"max_hp_gain":0.0,"max_hp_loss":0.0,"gold_gain":0.0,"event_name":"The Library","player_choice":"Read","floor":30.0,"gold_loss":0.0,"damage_taken":0.0,"cards_obtained":["Reflex"]},{"damage_healed":0.0,"max_hp_gain":0.0,"max_hp_loss":0.0,"gold_gain":0.0,"event_name":"Mysterious Sphere","player_choice":"Fight","floor":36.0,"gold_loss":0.0,"damage_taken":0.0},{"damage_healed":0.0,"max_hp_gain":0.0,"max_hp_loss":0.0,"gold_gain":0.0,"event_name":"Winding Halls","player_choice":"Embrace Madness","floor":38.0,"gold_loss":0.0,"damage_taken":9.0,"cards_obtained":["Madness","Madness"]},{"cards_removed":["Neutralize"],"damage_healed":0.0,"max_hp_gain":0.0,"max_hp_loss":0.0,"gold_gain":0.0,"event_name":"Falling","player_choice":"Removed Attack","floor":39.0,"gold_loss":0.0,"damage_taken":0.0}],"is_beta":false,"boss_relics":[{"not_picked":["Snecko Eye","Painkiller Herb"],"picked":"Empty Cage"},{"not_picked":["Honey Jar","Kintsugi"],"picked":"Replay:Grab Bag"},{"not_picked":["Runic Dome","Sozu"],"picked":"Coffee Dripper"},{"not_picked":["ChewingGum","Cursed Key"],"picked":"Busted Crown"},{"not_picked":["Runic Pyramid","Tiny House"],"picked":"Black Star"}],"items_purged_floors":[20,37],"is_endless":false,"potions_floor_spawned":[8,10,11,13,21,23,33,36,40,46,48,54],"ascension_level":8}}