{"host":"r4aerl4ckfvw1dw3","time":1612918055,"event":{"mods":["BaseMod","BetterRewards","Minty Spire (QoL Compilation)","Quick Restart","StSLib"],"gold_per_floor":[116,132,132,152,163,163,197,197,220,234,234,260,75,75,75,175,175,194,213,225,15,30,30,61,72,72,107,107,121,121,131,131,233,233,244,55,65,78,78,78,22,39,39,39,72,91,91,110,110,110],"floor_reached":51,"language":"ENG","playtime":3079,"items_purged":["Strike_R","Strike_R","Doubt"],"score":1073,"play_id":"f31e45c9-074a-41e2-9ed5-8e693e696b02","local_time":"20210209164735","is_ascension_mode":true,"campfire_choices":[{"data":"Cleave","floor":6,"key":"SMITH"},{"data":"Armaments","floor":8,"key":"SMITH"},{"data":"Uppercut","floor":15,"key":"SMITH"},{"data":"Carnage","floor":23,"key":"SMITH"},{"floor":30,"key":"RECALL"},{"data":"Hemokinesis","floor":32,"key":"SMITH"},{"floor":40,"key":"REST"},{"floor":49,"key":"REST"}],"circlet_count":0,"master_deck":["Strike_R+1","Strike_R","Strike_R+1","Defend_R","Defend_R","Defend_R","Defend_R","Bash","Sword Boomerang","Cleave+1","Clash","Armaments+1","Clothesline","Uppercut+1","Feed","Inflame","Body Slam+1","Carnage+1","True Grit+1","Metallicize+1","Shockwave","Power Through+1","Hemokinesis+1","Reckless Charge+1","Flex+1","Barricade","Flame Barrier","Metallicize","Headbutt+1","Impervious","Disarm+1","Whirlwind+1"],"relics":["Burning Blood","Bronze Scales","Pen Nib","Red Skull","Regal Pillow","Membership Card","Cursed Key","Happy Flower","Akabeko","Calipers","Nunchaku","Fusion Hammer","Ornamental Fan","Anchor"],"acts_visited":["Exordium","TheCity","TheBeyond"],"potions_floor_usage":[7,12,12,16,20,21,33,42,46,50,50,50,50,50,50],"damage_taken":[{"damage":5,"enemies":"Small Slimes","floor":1,"turns":5},{"damage":1,"enemies":"Cultist","floor":2,"turns":4},{"damage":4,"enemies":"2 Louse","floor":4,"turns":3},{"damage":6,"enemies":"Looter","floor":5,"turns":2},{"damage":20,"enemies":"Gremlin Nob","floor":7,"turns":4},{"damage":3,"enemies":"Blue Slaver","floor":10,"turns":3},{"damage":10,"enemies":"3 Sentries","floor":12,"turns":3},{"damage":7,"enemies":"Slime Boss","floor":16,"turns":7},{"damage":11,"enemies":"Spheric Guardian","floor":18,"turns":3},{"damage":9,"enemies":"Shell Parasite","floor":19,"turns":3},{"damage":7,"enemies":"Chosen and Byrds","floor":20,"turns":3},{"damage":10,"enemies":"Centurion and Healer","floor":22,"turns":4},{"damage":18,"enemies":"Slavers","floor":24,"turns":5},{"damage":11,"enemies":"Snake Plant","floor":25,"turns":4},{"damage":7,"enemies":"Book of Stabbing","floor":27,"turns":3},{"damage":0,"enemies":"Cultist and Chosen","floor":29,"turns":5},{"damage":0,"enemies":"Snecko","floor":31,"turns":3},{"damage":49,"enemies":"Champ","floor":33,"turns":9},{"damage":0,"enemies":"Orb Walker","floor":35,"turns":2},{"damage":6,"enemies":"3 Shapes","floor":37,"turns":4},{"damage":21,"enemies":"Maw","floor":38,"turns":6},{"damage":30,"enemies":"Jaw Worm Horde","floor":42,"turns":5},{"damage":46,"enemies":"Reptomancer","floor":45,"turns":5},{"damage":8,"enemies":"4 Shapes","floor":46,"turns":4},{"damage":14,"enemies":"3 Darklings","floor":48,"turns":5},{"damage":0,"enemies":"Donu and Deca","floor":50,"turns":9}],"seed_played":"9095264163851548280","potions_obtained":[{"floor":0,"key":"SneckoOil"},{"floor":0,"key":"Explosive Potion"},{"floor":0,"key":"EntropicBrew"},{"floor":1,"key":"ColorlessPotion"},{"floor":19,"key":"GamblersBrew"},{"floor":24,"key":"SkillPotion"},{"floor":37,"key":"Explosive Potion"},{"floor":42,"key":"FearPotion"},{"floor":48,"key":"FearPotion"}],"is_trial":false,"path_per_floor":["M","M","?","M","M","R","E","R","T","M","?","E","$","?","R","B",null,"M","M","M","$","M","R","E","M","T","E","?","M","R","M","R","B",null,"M","$","M","M","T","R","$","M","T","$","E","M","?","M","R","B",null],"character_chosen":"IRONCLAD","items_purchased":["Membership Card","Carnage","Happy Flower","Fruit Juice","Ornamental Fan","Flame Barrier","Metallicize"],"campfire_rested":2,"item_purchase_floors":[13,21,21,21,36,41,41],"current_hp_per_floor":[73,78,80,80,80,80,66,66,66,69,62,58,58,42,42,41,70,65,62,61,66,62,62,54,52,52,51,51,57,57,63,63,20,74,80,80,83,68,68,95,95,71,71,71,31,48,48,40,83,92],"gold":110,"neow_bonus":"THREE_SMALL_POTIONS","is_daily":false,"chose_seed":false,"campfire_upgraded":5,"win_rate":0.0,"timestamp":1612918055,"path_taken":["M","M","?","M","M","R","E","R","T","?","?","E","$","?","R","BOSS","M","M","M","$","M","R","E","M","T","E","?","?","R","M","R","BOSS","M","$","M","M","?","R","$","M","T","$","E","?","?","M","R","BOSS"],"items_purchased_type":["Relic","Card","Relic","Potion","Relic","Card","Card"],"build_version":"2020-12-22","purchased_purges":3,"victory":true,"max_hp_per_floor":[80,80,80,80,80,80,80,80,80,80,80,80,80,80,80,80,80,80,80,80,85,85,85,89,92,92,92,92,92,92,92,92,92,92,92,92,95,95,95,95,95,95,95,95,95,95,95,95,95,98],"card_choices":[{"not_picked":["Dark Embrace","Combust"],"picked":"Sword Boomerang","floor":1},{"not_picked":["Thunderclap","Sword Boomerang"],"picked":"Cleave","floor":2},{"not_picked":["Power Through","Ghostly Armor"],"picked":"Clash","floor":4},{"not_picked":["Body Slam","Clash","Flex"],"picked":"SKIP","floor":5},{"not_picked":["Fiend Fire","Limit Break"],"picked":"Armaments","floor":7},{"not_picked":["Thunderclap","Warcry"],"picked":"Clothesline","floor":10},{"not_picked":["Anger","Sever Soul"],"picked":"Uppercut","floor":12},{"not_picked":["Immolate","Double Tap"],"picked":"Feed","floor":16},{"not_picked":["Flex","Wild Strike"],"picked":"Inflame","floor":18},{"not_picked":["Evolve+1","Searing Blow"],"picked":"Body Slam+1","floor":19},{"not_picked":["Clash+1","Dark Embrace","Perfected Strike"],"picked":"SKIP","floor":20},{"not_picked":["Clothesline","Body Slam"],"picked":"True Grit+1","floor":22},{"not_picked":["Inflame+1","Heavy Blade"],"picked":"Metallicize+1","floor":24},{"not_picked":["Spot Weakness+1","Bludgeon"],"picked":"Shockwave","floor":25},{"not_picked":["Havoc+1","Whirlwind"],"picked":"Power Through","floor":27},{"not_picked":["Havoc","Clash","Dual Wield"],"picked":"SKIP","floor":29},{"not_picked":["Entrench","Sever Soul"],"picked":"Hemokinesis","floor":31},{"not_picked":["Juggernaut","Double Tap"],"picked":"Offering","floor":33},{"not_picked":["Armaments+1","Flex+1"],"picked":"Reckless Charge+1","floor":35},{"not_picked":["Ghostly Armor","Clothesline"],"picked":"Flex+1","floor":37},{"not_picked":["Iron Wave+1","Burning Pact"],"picked":"Barricade","floor":38},{"not_picked":["Perfected Strike","Second Wind"],"picked":"Headbutt+1","floor":42},{"not_picked":["Shrug It Off","Clothesline+1"],"picked":"Impervious","floor":45},{"not_picked":["Headbutt+1","Havoc+1"],"picked":"Disarm+1","floor":46},{"not_picked":["Anger+1","Havoc+1"],"picked":"Whirlwind+1","floor":48}],"player_experience":538873,"relics_obtained":[{"floor":7,"key":"Bronze Scales"},{"floor":9,"key":"Pen Nib"},{"floor":12,"key":"Regal Pillow"},{"floor":24,"key":"Akabeko"},{"floor":26,"key":"Calipers"},{"floor":27,"key":"Nunchaku"},{"floor":45,"key":"Anchor"}],"event_choices":[{"damage_healed":2,"gold_gain":0,"player_choice":"Full Heal","damage_taken":0,"max_hp_gain":0,"max_hp_loss":0,"event_name":"Wheel of Change","floor":3,"gold_loss":0},{"damage_healed":0,"gold_gain":0,"player_choice":"Success","damage_taken":7,"relics_obtained":["Red Skull"],"max_hp_gain":0,"max_hp_loss":0,"event_name":"Scrap Ooze","floor":11,"gold_loss":0},{"damage_healed":0,"gold_gain":0,"player_choice":"Entered Light","damage_taken":16,"max_hp_gain":0,"max_hp_loss":0,"event_name":"Shining Light","floor":14,"gold_loss":0,"cards_upgraded":["Strike_R","Strike_R"]},{"damage_healed":0,"gold_gain":0,"player_choice":"Forge","damage_taken":0,"max_hp_gain":0,"max_hp_loss":0,"event_name":"Accursed Blacksmith","floor":28,"gold_loss":0,"cards_upgraded":["Power Through"]},{"cards_removed":["Offering"],"damage_healed":0,"gold_gain":0,"player_choice":"Removed Skill","damage_taken":0,"max_hp_gain":0,"max_hp_loss":0,"event_name":"Falling","floor":47,"gold_loss":0}],"is_beta":false,"boss_relics":[{"not_picked":["SacredBark","Runic Dome"],"picked":"Cursed Key"},{"not_picked":["Tiny House","Astrolabe"],"picked":"Fusion Hammer"}],"items_purged_floors":[13,21,36],"is_endless":false,"potions_floor_spawned":[1,4,5,19,24,25,29,37,38,42,48],"ascension_level":8}}