{"host":"dmtlrev5pkc1867p","time":1612971484,"event":{"mods":["A Magickal Journey","BaseMod","Colored Map","Colored Powertips","Downfall","Hermit","Highlight Path","Infinite Spire","Marisa¡]Ãú«B¡@Å]²z¨F¡^","Minty Spire (QoL Compilation)","Permanent Neow","Rare Cards Sparkle","Relic Stats","Replay The Spire","StSLib","SuperFastMode","The Construct","The Cursed","The Disciple","The Hierophant","The Necromancer","The Runesmith","The Servant 0.9.4"],"gold_per_floor":[113,133,133,151,326,99,99,130,146,131,131,151,151,176,76,174,174,187,201,221,221,221,236,289,306,306,339,339,239,151,177,177,275,275,295,313,324,324,334,367,394,294,342,519,311,311,311,311],"floor_reached":47,"language":"ZHS","playtime":2582,"items_purged":[],"score":892,"play_id":"98aca39c-d677-46f8-84e7-6660e16f774c","local_time":"20210210233804","daily_mods":["Heirloom","Flight","DeadlyEvents","Elite Swarm"],"is_ascension_mode":true,"campfire_choices":[{"floor":11.0,"key":"REST"},{"floor":13.0,"key":"REST"},{"floor":15.0,"key":"REST"},{"floor":26.0,"key":"RECALL"},{"data":"TheCursedMod:ManaCirculation","floor":29.0,"key":"SMITH"},{"floor":32.0,"key":"REST"},{"floor":42.0,"key":"REST"}],"circlet_count":0,"master_deck":["AscendersBane","Strike_W","Strike_W","Strike_W","Strike_W","Defend_W","Defend_W","Defend_W","Defend_W","Negative_Energy_Arrows","Bone_Wall","TheCursedMod:SpitefulPray","Bone_Armor","Uncharnel","Doubt","TheCursedMod:CursedRelics","Slay_Living+1","Pot Of Greed","Pot Of Greed","TheCursedMod:NeowsMight","TheCursedMod:FleshFromBone","Spectral_Walk","Vampiric_Strike","Summon_Vampire_Lady","TheCursedMod:ManaCirculation+1","Necrotic_Claws","Pot Of Greed","Consume_Illness","Life_Drain","Uncharnel","Necrotic_Claws+1","Summon_Vampire_Lady","TheCursedMod:CircleOfFlame","TheCursedMod:HellsGateOpen","TheCursedMod:ShockAndAwe","Cloudkill","TheCursedMod:BlessingInDisguise","Spectral_Armor","TheCursedMod:BloodBarrier","Pot Of Greed","Stop_Heart","Skeleton_Dragon","TheCursedMod:CursedSpellbook","SwitchThreat","Uncharnel","Slay_Living","Slay_Living","Corrupt","TheCursedMod:HellsGateOpen","infinitespire:SealOfDarkness+"],"relics":["Vampire_Amulet","Thread and Needle","Grinning Jar","Mummified Hand","Bronze Scales","Calipers","downfall:HeartBlessingGreen","Painkiller Herb","Enchiridion","Replay:Rubber Ducky","Replay:Wax Seal","downfall:HeartBlessingRed","Turnip","Replay:Bronze Core","champ:DuelingGlove","Snack Pack","downfall:HeartBlessingBlue","Garlic","ReplayTheSpireMod:CursedCoin","White Beast Statue","Medical Kit"],"acts_visited":["TheCity","TheBeyond"],"potions_floor_usage":[],"damage_taken":[{"damage":2.0,"enemies":"Jaw Worm","floor":1.0,"turns":5.0},{"damage":0.0,"enemies":"Small Slimes","floor":2.0,"turns":4.0},{"damage":0.0,"enemies":"2 Louse","floor":4.0,"turns":3.0},{"damage":0.0,"enemies":"downfall:FleeingMerchant","floor":6.0,"turns":4.0},{"damage":52.0,"enemies":"Lagavulin","floor":8.0,"turns":8.0},{"damage":2.0,"enemies":"Large Slime","floor":9.0,"turns":3.0},{"damage":0.0,"enemies":"downfall:FleeingMerchant","floor":10.0,"turns":4.0},{"damage":1.0,"enemies":"2 Fungi Beasts","floor":12.0,"turns":4.0},{"damage":29.0,"enemies":"Gremlin Nob","floor":14.0,"turns":6.0},{"damage":22.0,"enemies":"WA_ARCHETYPE_RETAIN","floor":16.0,"turns":9.0},{"damage":0.0,"enemies":"Spheric Guardian","floor":18.0,"turns":4.0},{"damage":0.0,"enemies":"Chosen","floor":19.0,"turns":3.0},{"damage":34.0,"enemies":"Centurion and Healer","floor":20.0,"turns":8.0},{"damage":8.0,"enemies":"Snake Plant","floor":23.0,"turns":3.0},{"damage":15.0,"enemies":"Cultist and Chosen","floor":25.0,"turns":5.0},{"damage":13.0,"enemies":"Nightmare","floor":27.0,"turns":6.0},{"damage":0.0,"enemies":"downfall:FleeingMerchant","floor":30.0,"turns":4.0},{"damage":36.0,"enemies":"Gremlin Leader","floor":31.0,"turns":7.0},{"damage":35.0,"enemies":"IC_MUSHROOM_ARCHETYPE","floor":33.0,"turns":9.0},{"damage":3.0,"enemies":"3 Darklings","floor":35.0,"turns":5.0},{"damage":15.0,"enemies":"3 Shapes","floor":36.0,"turns":3.0},{"damage":16.0,"enemies":"Jaw Worm Horde","floor":37.0,"turns":4.0},{"damage":52.0,"enemies":"Transient","floor":39.0,"turns":5.0},{"damage":42.0,"enemies":"Nightmare","floor":40.0,"turns":8.0},{"damage":0.0,"enemies":"downfall:FleeingMerchant","floor":44.0,"turns":2.0},{"damage":76,"enemies":"Spire Growth","floor":47,"turns":4}],"seed_played":"-7431409116151485297","potions_obtained":[{"floor":2.0,"key":"Adrenaline Potion"},{"floor":4.0,"key":"Flashbang"},{"floor":12.0,"key":"Weak Potion"},{"floor":16.0,"key":"Fire Potion"},{"floor":20.0,"key":"Strength Potion"},{"floor":22.0,"key":"CultistPotion"},{"floor":25.0,"key":"BlessingOfTheForge"},{"floor":27.0,"key":"SpeedPotion"},{"floor":33.0,"key":"Fire Potion"},{"floor":35.0,"key":"SneckoOil"},{"floor":37.0,"key":"FearPotion"},{"floor":43.0,"key":"Fire Potion"}],"is_trial":true,"path_per_floor":["M","M","?","M","?","$","T","E","M","$","R","M","R","E","R","B",null,"?","?","?","?","?","?","T","?","T","NM","AVR","T","T","E","T","B",null,"?","?","?","?","?","NM","T","T","?","T","T","AVR","?"],"character_chosen":"NECROMANCER","items_purchased":["Slay_Living+1","Grinning Jar","TheCursedMod:HellsGateOpen","ReplayTheSpireMod:CursedCoin","White Beast Statue","Uncharnel","Slay_Living","Corrupt","TheCursedMod:HellsGateOpen"],"campfire_rested":5,"item_purchase_floors":[6,6,30,44,44,44,45,45,45],"current_hp_per_floor":[68,72,72,75,75,75,75,25,25,25,47,50,72,47,69,65,73,75,75,53,37,37,42,42,51,51,60,60,60,75,59,75,67,73,75,75,75,75,45,22,22,57,57,61,61,61,0,0],"gold":311,"neow_bonus":"","is_daily":false,"chose_seed":false,"campfire_upgraded":1,"win_rate":0.0,"timestamp":1612971484,"path_taken":["M","M","?","M","?","$","T","E","?","?","R","M","R","E","R","BOSS","?","?","?","?","?","?","T","?","T","NM","AVR","T","T","E","T","BOSS","?","?","?","?","?","NM","T","T","?","T","T","AVR","?"],"items_purchased_type":["Card","Relic","Card","Relic","Relic","Card","Card","Card","Card"],"build_version":"2020-12-22","purchased_purges":0,"victory":false,"max_hp_per_floor":[75,75,75,75,75,75,75,75,75,75,75,75,75,75,75,75,75,75,75,75,75,75,75,75,75,75,75,75,75,75,75,75,75,75,75,75,75,75,75,75,75,85,85,85,85,85,85,85],"relic_stats":{"counters":[26,130],"Mummified Hand":[56],"Bronze Scales":[239],"Turnip":[0],"Medical Kit":[0],"obtain_stats":[{"champ:DuelingGlove":38,"Calipers":14,"downfall:HeartBlessingRed":29,"ReplayTheSpireMod:CursedCoin":44,"Enchiridion":21,"Thread and Needle":0,"downfall:HeartBlessingGreen":15,"Painkiller Herb":17,"Medical Kit":46,"White Beast Statue":44,"Replay:Rubber Ducky":24,"Mummified Hand":7,"downfall:HeartBlessingBlue":42,"Bronze Scales":8,"Replay:Bronze Core":34,"Vampire_Amulet":0,"Turnip":31,"Snack Pack":40,"Garlic":43,"Grinning Jar":6,"Replay:Wax Seal":27},{"champ:DuelingGlove":22,"Calipers":9,"downfall:HeartBlessingRed":16,"ReplayTheSpireMod:CursedCoin":25,"Enchiridion":13,"Thread and Needle":0,"downfall:HeartBlessingGreen":9,"Painkiller Herb":10,"Medical Kit":25,"White Beast Statue":25,"Replay:Rubber Ducky":14,"Mummified Hand":4,"downfall:HeartBlessingBlue":24,"Bronze Scales":5,"Replay:Bronze Core":19,"Vampire_Amulet":0,"Turnip":18,"Snack Pack":24,"Garlic":24,"Grinning Jar":4,"Replay:Wax Seal":16},{"champ:DuelingGlove":111,"Calipers":41,"downfall:HeartBlessingRed":79,"ReplayTheSpireMod:CursedCoin":126,"Enchiridion":65,"Thread and Needle":0,"downfall:HeartBlessingGreen":41,"Painkiller Herb":50,"Medical Kit":126,"White Beast Statue":126,"Replay:Rubber Ducky":68,"Mummified Hand":16,"downfall:HeartBlessingBlue":124,"Bronze Scales":24,"Replay:Bronze Core":99,"Vampire_Amulet":0,"Turnip":90,"Snack Pack":124,"Garlic":124,"Grinning Jar":16,"Replay:Wax Seal":79}]},"card_choices":[{"not_picked":["TheCursedMod:VitalStrike","Negative_Energy_Javelin"],"picked":"TheCursedMod:SpitefulPray","floor":1.0},{"not_picked":["TheCursedMod:RavingStaff","Chill_Blood"],"picked":"Bone_Armor","floor":2.0},{"not_picked":["TheCursedMod:Obscuration","Chill_Blood"],"picked":"Uncharnel","floor":4.0},{"not_picked":["TheCursedMod:Torture","TheCursedMod:AbyssShockwave"],"picked":"TheCursedMod:CursedRelics","floor":6.0},{"not_picked":["Detonate_Bones","TheCursedMod:DemonSword"],"picked":"TheCursedMod:NeowsMight","floor":8.0},{"not_picked":["TheCursedMod:Grudge","TheCursedMod:Hemoplague"],"picked":"TheCursedMod:FleshFromBone","floor":9.0},{"not_picked":["TheCursedMod:WearCloak","TheCursedMod:Wield"],"picked":"Spectral_Walk","floor":10.0},{"not_picked":["Pandemic","TheCursedMod:SpitefulStrike"],"picked":"Vampiric_Strike","floor":12.0},{"not_picked":["TheCursedMod:NeowsMight","TheCursedMod:ShockAndAwe"],"picked":"Summon_Vampire_Lady","floor":14.0},{"not_picked":["Blood_Magic","TheCursedMod:DarkBarrier"],"picked":"TheCursedMod:ManaCirculation","floor":16.0},{"not_picked":["TheCursedMod:Torture+1","Scare"],"picked":"Necrotic_Claws","floor":18.0},{"not_picked":["Bones_to_Steel","Life_Tap"],"picked":"Consume_Illness","floor":19.0},{"not_picked":["Shade_Step+1","Scare+1"],"picked":"Life_Drain","floor":20.0},{"not_picked":["Blood_Whip","Pandemic"],"picked":"Uncharnel","floor":23.0},{"not_picked":["Blood_Whip","Consume_Illness"],"picked":"Necrotic_Claws+1","floor":25.0},{"not_picked":["TheCursedMod:Neurasthenia","Requiem"],"picked":"Summon_Vampire_Lady","floor":27.0},{"not_picked":["Thousand_Bone_Knives","TheCursedMod:SpitefulStrike"],"picked":"TheCursedMod:CircleOfFlame","floor":30.0},{"not_picked":["TheCursedMod:ParallelWorld","TheCursedMod:UltimatePain"],"picked":"TheCursedMod:ShockAndAwe","floor":31.0},{"not_picked":["TheCursedMod:CircleOfAbyss","TheCursedMod:ShockAndAwe"],"picked":"Cloudkill","floor":33.0},{"not_picked":["TheCursedMod:CursedAmulet","Negative_Energy_Sphere"],"picked":"TheCursedMod:BlessingInDisguise","floor":35.0},{"not_picked":["Bone_Spikes","TheCursedMod:TacticalStrike"],"picked":"Spectral_Armor","floor":36.0},{"not_picked":["Bone_Shift+1","Uncharnel"],"picked":"TheCursedMod:BloodBarrier","floor":37.0},{"not_picked":["Negative_Energy_Javelin+1","TheCursedMod:VitalStrike"],"picked":"Stop_Heart","floor":39.0},{"not_picked":["TheCursedMod:StunningStrike","TheCursedMod:UltimatePain"],"picked":"Skeleton_Dragon","floor":40.0},{"not_picked":["Death_Knell+1","Death_March_Dance+1"],"picked":"TheCursedMod:CursedSpellbook","floor":43.0}],"player_experience":682894,"relics_obtained":[{"floor":7.0,"key":"Mummified Hand"},{"floor":8.0,"key":"Bronze Scales"},{"floor":14.0,"key":"Calipers"},{"floor":21.0,"key":"Enchiridion"},{"floor":24.0,"key":"Replay:Rubber Ducky"},{"floor":27.0,"key":"Replay:Wax Seal"},{"floor":31.0,"key":"Turnip"},{"floor":38.0,"key":"champ:DuelingGlove"},{"floor":40.0,"key":"Snack Pack"},{"floor":43.0,"key":"Garlic"}],"event_choices":[],"is_beta":false,"boss_relics":[{"not_picked":["Runic Pyramid","Empty Cage"],"picked":"Painkiller Herb"},{"not_picked":["Astrolabe","Abe\u0027s Treasure"],"picked":"Replay:Bronze Core"}],"items_purged_floors":[],"is_endless":true,"potions_floor_spawned":[2,4,12,16,20,25,27,33,35,37],"killed_by":"Spire Growth","ascension_level":10}}