{"host":"22ezjknwheybwqtz","time":1612956329,"event":{"mods":["BaseMod","Downfall","Minty Spire (QoL Compilation)","Shop Mod","StSLib","The Animator","The Necromancer","The Servant 0.9.4"],"gold_per_floor":[119,194,194,212,232,260,260,277,277,297,307,319,319,334,334,334,334],"floor_reached":16,"language":"ENG","playtime":3127,"items_purged":[],"score":106,"play_id":"6c4a4626-922f-4078-924c-876a9a7b7014","local_time":"20210210192529","is_ascension_mode":false,"campfire_choices":[{"data":"Ricochet","floor":7,"key":"SMITH"},{"floor":13,"key":"REST"},{"data":"Defy","floor":15,"key":"SMITH"}],"circlet_count":0,"master_deck":["Strike_S","Strike_S","Strike_S","Strike_S","Defend_S","Defend_S","Defend_S","KidneyShot","Exchange","TimeWarp","ShatteredReality","Ricochet+1","SurpressingFire","GearUp","Defy+1","Alleviate","ReturningBlade","Replace"],"relics":["Uniform","NeowsBlessing","Strawberry","Regal Pillow"],"acts_visited":["Exordium"],"potions_floor_usage":[11,11],"damage_taken":[{"damage":0,"enemies":"Small Slimes","floor":1,"turns":1},{"damage":0,"enemies":"Cultist","floor":4,"turns":1},{"damage":0,"enemies":"2 Louse","floor":5,"turns":1},{"damage":28,"enemies":"3 Sentries","floor":6,"turns":6},{"damage":15,"enemies":"Exordium Thugs","floor":8,"turns":4},{"damage":10,"enemies":"Looter","floor":10,"turns":3},{"damage":4,"enemies":"Lots of Slimes","floor":11,"turns":3},{"damage":0,"enemies":"3 Louse","floor":12,"turns":2},{"damage":0,"enemies":"2 Fungi Beasts","floor":14,"turns":2},{"damage":43,"enemies":"Slime Boss","floor":16,"turns":7}],"seed_played":"2412905692834857396","potions_obtained":[{"floor":4,"key":"bronze:BurnAndBuffPotion"},{"floor":10,"key":"LiquidBronze"},{"floor":11,"key":"BlessingOfTheForge"},{"floor":14,"key":"Explosive Potion"}],"is_trial":false,"path_per_floor":["M","?","?","M","M","E","R","M","T","M","M","M","R","M","R","B"],"character_chosen":"THE_SERVANT","items_purchased":[],"campfire_rested":1,"item_purchase_floors":[],"current_hp_per_floor":[65,54,54,54,54,33,33,18,18,8,4,4,40,40,40,0,0],"gold":334,"neow_bonus":"THREE_ENEMY_KILL","is_daily":false,"chose_seed":false,"campfire_upgraded":2,"win_rate":0.0,"timestamp":1612956329,"path_taken":["M","?","?","M","M","E","R","?","T","M","M","M","R","M","R","BOSS"],"items_purchased_type":[],"build_version":"2020-12-22","purchased_purges":0,"victory":false,"max_hp_per_floor":[65,65,65,65,65,72,72,72,72,72,72,72,72,72,72,72,72],"card_choices":[{"not_picked":["Replace","DualDimension"],"picked":"TimeWarp","floor":1},{"not_picked":["Read","InstantArmor"],"picked":"ShatteredReality","floor":4},{"not_picked":["Snipe","Replace"],"picked":"Ricochet","floor":5},{"not_picked":["Advance","Defy"],"picked":"SurpressingFire","floor":6},{"not_picked":["ShatteredReality","Rewind"],"picked":"GearUp","floor":8},{"not_picked":["Unruled","Gouge"],"picked":"Defy","floor":10},{"not_picked":["GearUp","DoubleEdge"],"picked":"Alleviate","floor":11},{"not_picked":["Shuttle","Potential"],"picked":"ReturningBlade","floor":12},{"not_picked":["Alleviate","Foresight"],"picked":"Replace","floor":14}],"player_experience":111311,"relics_obtained":[{"floor":6,"key":"Strawberry"},{"floor":9,"key":"Regal Pillow"}],"event_choices":[{"damage_healed":0,"gold_gain":75,"player_choice":"Gather Gold","damage_taken":11,"max_hp_gain":0,"max_hp_loss":0,"event_name":"World of Goop","floor":2,"gold_loss":0},{"cards_removed":["Defend_S"],"damage_healed":0,"gold_gain":0,"player_choice":"Offered Basic","damage_taken":0,"max_hp_gain":0,"max_hp_loss":0,"event_name":"Bonfire Elementals","floor":3,"gold_loss":0}],"is_beta":false,"boss_relics":[],"items_purged_floors":[],"is_endless":false,"potions_floor_spawned":[4,10,11,14],"killed_by":"Slime Boss","ascension_level":0}}