{"host":"ylxam20yo7j5dy26","time":1612963624,"event":{"mods":["100% Spire Juice","ATMod(°¢èªMod)","Act Like it!","Aspiration","BaseMod","BetterRewards","Conspire","Defuse TimeMaze Blight","Downfall","Energized Spire","Gensokyo","GungeonMod","Hubris","Infinite Spire","Jedi Mod","KomeijiMod","Marisa£¨ìFÓê¡¡Ä§ÀíÉ³£©","Minty Spire (QoL Compilation)","MostiFishMod","Quarter Circle Forward PUNCH!","Quick Restart","Red Circlet Mod","Reimu£¨²©ÀöÁéÃÎ£©","Reliquary","Remilia£¨ÀÙÃ×ÀòÑÇ£©","Replay The Spire","Robot Space Explorer","RumiaBox-Â¶Ã×æ«µÄÉñÃØºÐ×Ó","Spicy Shops","StSLib","TestMod","The Animator","The Jungle","The Runesmith","¡¾¹¦ÄÜMod¡¿»ìãçÖ®»·ÐÞ¸´²¹¶¡","¡¾ÒÅÎï¿¨ÅÆ¡¿REMEMod"],"gold_per_floor":[10009,10029,10029,9686,9686,9686,9279,9312,9384,9384,9396,9411,9425,9425,9425,9533,9533,9548,9447,9407,9426,9442,9442,9459,9459,9459,9459,9491,9504,9533,9545,9545,9640,9640,9656,9673,9823,9835,9850,9878,9878,9891,9891,9926,9937,9937,9964,9976,9976,9976,9976,9976,9999,10049,10104,10104,10104,8431,8506,8586,8586,7240,7335,7415,7415,5925,6040,6040,6040],"floor_reached":70,"language":"ZHS","playtime":5632,"items_purged":["animator:Strike","animator:Strike","animator:Strike","animator:Defend","animator:Defend","animator:Defend","animator:Strike_Overlord","animator:Vesta+1","Parasite"],"score":1569,"play_id":"582e9fb3-e7ca-4d62-99c3-51c60eb3241f","local_time":"20210210212704","is_ascension_mode":false,"campfire_choices":[{"floor":6.0,"key":"RECALL"},{"data":"animator:Vesta","floor":10.0,"key":"SMITH"},{"data":"animator:Shuna","floor":15.0,"key":"SMITH"},{"data":"animator:Shuna","floor":23.0,"key":"SMITH"},{"data":"animator:Kaijin","floor":25.0,"key":"SMITH"},{"data":"animator:Vesta","floor":49.0,"key":"SMITH"},{"floor":68.0,"key":"REST"}],"circlet_count":0,"master_deck":["animator:Defend_Overlord+1","animator:Cocytus+1","animator:Demiurge+1","AT_EssenceShift+1","animator:Hibiki+1","animator:Shuna+1","animator:Saitama+1","animator:Kaijin+1","animator:Shuna+1","animator:Shiro+1","animator:Vesta+1"],"relics":["animator:TheEruzaStone","animator:AncientMedallion"],"acts_visited":["Exordium","TheCity","TheBeyond","TheEnding","EYB:TheUnnamedReign"],"potions_floor_usage":[],"damage_taken":[{"damage":0.0,"enemies":"2 Louse","floor":1.0,"turns":2.0},{"damage":0.0,"enemies":"conspire:RoseBush","floor":2.0,"turns":2.0},{"damage":0.0,"enemies":"Gremlin Nob","floor":8.0,"turns":3.0},{"damage":0.0,"enemies":"Small Slimes","floor":11.0,"turns":2.0},{"damage":0.0,"enemies":"Blue Slaver","floor":12.0,"turns":3.0},{"damage":0.0,"enemies":"Gremlin Gang","floor":13.0,"turns":3.0},{"damage":0.0,"enemies":"Slime Boss","floor":16.0,"turns":2.0},{"damage":6.0,"enemies":"2 Thieves","floor":18.0,"turns":2.0},{"damage":0.0,"enemies":"3 Byrds","floor":21.0,"turns":2.0},{"damage":2.0,"enemies":"Shelled Parasite and Fungi","floor":22.0,"turns":2.0},{"damage":0.0,"enemies":"3 Cultists","floor":24.0,"turns":2.0},{"damage":0.0,"enemies":"REME_1_Revenger","floor":28.0,"turns":2.0},{"damage":0.0,"enemies":"conspire:HollyBat","floor":29.0,"turns":2.0},{"damage":0.0,"enemies":"conspire:SneckoGhost","floor":30.0,"turns":2.0},{"damage":0.0,"enemies":"Snake Plant","floor":31.0,"turns":2.0},{"damage":0.0,"enemies":"Automaton","floor":33.0,"turns":2.0},{"damage":0.0,"enemies":"Orb Walker","floor":35.0,"turns":2.0},{"damage":0.0,"enemies":"3 Shapes","floor":36.0,"turns":1.0},{"damage":0.0,"enemies":"3 Darklings","floor":38.0,"turns":1.0},{"damage":0.0,"enemies":"Transient","floor":39.0,"turns":3.0},{"damage":0.0,"enemies":"R_Hoarder","floor":40.0,"turns":3.0},{"damage":0.0,"enemies":"Jaw Worm Horde","floor":42.0,"turns":1.0},{"damage":0.0,"enemies":"Nemesis","floor":44.0,"turns":2.0},{"damage":0.0,"enemies":"Maw","floor":45.0,"turns":1.0},{"damage":0.0,"enemies":"R_Hoarder","floor":47.0,"turns":4.0},{"damage":0.0,"enemies":"Sphere and 2 Shapes","floor":48.0,"turns":1.0},{"damage":0.0,"enemies":"Awakened One","floor":50.0,"turns":3.0},{"damage":2.0,"enemies":"animator:TRIPLE_SHAPES_WEAK","floor":54.0,"turns":3.0},{"damage":0.0,"enemies":"animator:UNNAMED_HAT","floor":55.0,"turns":5.0},{"damage":2.0,"enemies":"animator:UNNAMED_CULTIST_2","floor":59.0,"turns":2.0},{"damage":0.0,"enemies":"animator:TRIPLE_LAGAVULIN","floor":60.0,"turns":6.0},{"damage":7.0,"enemies":"animator:ULTIMATE_CUBE","floor":63.0,"turns":3.0},{"damage":0.0,"enemies":"animator:ULTIMATE_CRYSTAL","floor":67.0,"turns":3.0}],"seed_played":"4398449600089904563","potions_obtained":[{"floor":2.0,"key":"SpeedPotion"},{"floor":18.0,"key":"Fire Potion"},{"floor":20.0,"key":"testmod-TestPotion"},{"floor":20.0,"key":"jedi:StrikingPotion"},{"floor":20.0,"key":"Reflective Coating"},{"floor":28.0,"key":"Energy Potion"},{"floor":54.0,"key":"animator:FalseLifePotion"},{"floor":55.0,"key":"animator:FalseLifePotion"}],"is_trial":false,"path_per_floor":["M","M","?","$","?","R","$","E","T","R","M","M","M","?","R","B",null,"M","$","?","M","M","R","M","R","T","?","E","M","E","M","R","B",null,"M","M","?","M","M","E","R","M","T","E","M","R","E","M","R","B",null,"R","??","M","M","T","?","$","M","M","?","$","E","T","?","$","E","R","B",null],"character_chosen":"THE_ANIMATOR","items_purchased":["Chameleon Ring","Blue Doll","ZombieArmy","Toy Ornithopter","Ice Cream","SynthV:C4","aspiration:Nostalgia","champ:Barbells","Vajra","Snack Pack","jedi:cryingmask","Quantum Egg","AT_SpeedBoots","Guide Book","Bag of Marbles","ClockworkSouvenir","testmod-LifeArmor","DataDisk","BrkXgEgg","Membership Card","Lee\u0027s Waffle","Replay:Wax Seal","Orrery","Lantern","bronze:DonusWashers","reliquary:Knoch","War Paint","hubris:TenFootPole","conspire:TreasureMap","KyoryuNoHagoromo","Mummified Hand","reliquary:SculptingSteel","animator:Hibiki+1","Potion Belt","Boot","animator:ColorlessFragment","conspire:BottledYoYo","MagicDraw2","Bird Faced Urn","Happy Flower","testmod-SpacePotion","jedi:StrikingPotion","PowerPotion","SkillPotion","animator:Kaijin","animator:FalseLifePotion","animator:AncientMedallion","animator:AncientMedallion","animator:AncientMedallion","animator:AncientMedallion","animator:AncientMedallion","animator:AncientMedallion","animator:AncientMedallion","animator:AncientMedallion","animator:AncientMedallion","animator:AncientMedallion","animator:AncientMedallion","animator:AncientMedallion","animator:AncientMedallion","animator:AncientMedallion","animator:AncientMedallion","animator:AncientMedallion","animator:AncientMedallion","animator:AncientMedallion"],"campfire_rested":1,"item_purchase_floors":[0,0,0,0,0,0,0,0,0,0,0,0,0,0,0,0,0,0,0,0,0,0,0,0,0,0,0,0,0,0,0,0,0,0,0,4,4,4,7,7,7,7,7,7,19,58,58,58,58,58,58,58,62,62,62,62,62,62,66,66,66,66,66,66],"current_hp_per_floor":[730,730,730,730,730,730,730,730,730,730,730,730,730,730,730,730,730,730,730,730,730,730,730,730,730,730,730,730,730,730,730,730,730,730,730,730,730,730,730,730,730,730,730,730,730,730,730,730,730,730,730,730,98,972,976,976,966,966,978,980,980,977,970,970,977,977,977,977,965],"gold":6040,"neow_bonus":"","is_daily":false,"chose_seed":false,"campfire_upgraded":5,"win_rate":0.0,"timestamp":1612963624,"path_taken":["M","M","?","$","?","R","?","E","T","R","M","M","M","?","R","BOSS","M","$","?","M","M","R","?","R","T","?","E","M","E","M","R","BOSS","M","M","?","M","M","E","R","M","T","E","M","R","E","M","R","BOSS","R","??","M","M","T","?","$","M","M","?","$","E","T","?","$","E","R","BOSS"],"items_purchased_type":["Relic","Relic","Relic","Relic","Relic","Relic","Relic","Relic","Relic","Relic","Relic","Relic","Relic","Relic","Relic","Relic","Relic","Relic","Relic","Relic","Relic","Relic","Relic","Relic","Relic","Relic","Relic","Relic","Relic","Relic","Relic","Relic","Card","Relic","Relic","Relic","Relic","Relic","Relic","Relic","Potion","Potion","Potion","Potion","Card","Potion","Relic","Relic","Relic","Relic","Relic","Relic","Relic","Relic","Relic","Relic","Relic","Relic","Relic","Relic","Relic","Relic","Relic","Relic"],"build_version":"2020-12-22","purchased_purges":9,"victory":true,"max_hp_per_floor":[730,730,730,730,730,730,730,730,730,730,730,730,730,730,730,730,730,730,730,730,730,730,730,730,730,730,730,730,730,730,730,730,730,730,730,730,730,730,730,730,730,730,730,730,730,730,730,730,730,730,730,730,98,980,980,980,980,980,980,980,980,977,977,977,977,977,977,977,977],"card_choices":[{"not_picked":["animator:Aisha","animator:Shion","animator:Add"],"picked":"SKIP","floor":1.0},{"not_picked":["animator:AcuraShin+1","animator:Spearman","animator:Togame","animator:KrulTepes","animator:Hakurou"],"picked":"SKIP","floor":2.0},{"not_picked":["animator:RoryMercury","animator:Elesis+1","animator:ElricAlphonse","animator:Kazuma"],"picked":"animator:Vesta","floor":8.0},{"not_picked":["animator:Shion","animator:Shalltear","animator:Aisha","animator:FielNirvalen","animator:Cocytus"],"picked":"SKIP","floor":11.0},{"not_picked":["animator:Ara","animator:CowGirl","animator:Aisha","animator:Mitsurugi"],"picked":"animator:Shuna","floor":13.0},{"not_picked":["animator:Greed+1","animator:PinaCoLada+1","animator:Rimuru","animator:HigakiRinne+1"],"picked":"animator:Saitama+1","floor":16.0},{"not_picked":["animator:GuildGirl","animator:AcuraTooru","animator:EmiyaShirou","animator:RinTohsaka","animator:MaesHughes"],"picked":"SKIP","floor":18.0},{"not_picked":["animator:CrowleyEusford","animator:RoryMercury","animator:Shigure","animator:Fredrika"],"picked":"animator:Shuna","floor":22.0},{"not_picked":["animator:Sloth+1","animator:GuildGirl","animator:Mikaela","animator:Kazuma","animator:Shizu+1"],"picked":"SKIP","floor":24.0},{"not_picked":["animator:Shuna","animator:Elsword","animator:Scar","animator:KrulTepes+1","animator:Father+1"],"picked":"SKIP","floor":28.0},{"not_picked":["animator:DolaRiku","animator:Darkness","animator:NarberalGamma","animator:ElricAlphonse+1","animator:Shinoa+1"],"picked":"SKIP","floor":29.0},{"not_picked":["animator:Shuna+1","animator:DolaStephanie","animator:TsurugaMeisai","animator:PandorasActor","animator:Ciel"],"picked":"SKIP","floor":30.0},{"not_picked":["animator:Ciel","animator:Verdia","animator:DolaCouronne","animator:RoryMercury+1","animator:Scar"],"picked":"SKIP","floor":31.0},{"not_picked":["animator:AcuraShin+1","animator:Kyubey+1","animator:Boros+1","animator:Saitama+1"],"picked":"animator:Shiro+1","floor":33.0},{"not_picked":["animator:ShinjiMatou","animator:TsurugaMeisai","animator:Tatsumaki","animator:RoyMustang","animator:Mikaela+1"],"picked":"SKIP","floor":35.0},{"not_picked":["animator:Tatsumaki+1","animator:Illya+1","animator:Saber+1","animator:Ciel","animator:Ain"],"picked":"SKIP","floor":36.0},{"not_picked":["animator:RinTohsaka","animator:Ainz+1","animator:Millim+1","animator:Yoichi","animator:Ciel"],"picked":"SKIP","floor":38.0},{"not_picked":["animator:IrohaTamaki+1","animator:Yuuichirou+1","animator:Gluttony","animator:ChlammyZell+1","animator:SayakaMiki"],"picked":"SKIP","floor":39.0},{"not_picked":["animator:Sloth","animator:Tatsumaki","animator:MamiTomoe+1","animator:Gluttony+1","animator:ChlammyZell+1"],"picked":"SKIP","floor":40.0},{"not_picked":["animator:ChaikaBohdan","animator:Sonic","animator:Yuuichirou","animator:Ainz+1","animator:Tatsumaki"],"picked":"SKIP","floor":42.0},{"not_picked":["animator:Shinoa","animator:ZankiKiguchi+1","animator:Sloth","animator:CrowleyEusford+1","animator:Scar"],"picked":"SKIP","floor":44.0},{"not_picked":["animator:EmiyaShirou","animator:SuzuneAmano+1","animator:Melzalgald","animator:Gillette","animator:SakuraMatou+1"],"picked":"SKIP","floor":45.0},{"not_picked":["animator:Tyuule","animator:DwarfShaman+1","animator:HigakiRinne+1","animator:DolaRiku","animator:Yoichi+1"],"picked":"SKIP","floor":47.0},{"not_picked":["animator:YachiyoNanami+1","animator:RoyMustang","animator:ShinjiMatou+1","animator:Verdia"],"picked":"animator:Vesta","floor":48.0},{"not_picked":["animator:DolaSchwi","animator:Shigure","animator:PinaCoLada"],"picked":"SKIP","floor":54.0},{"not_picked":["animator:Illya","animator:Priestess+1","animator:Shichika+1"],"picked":"SKIP","floor":55.0},{"not_picked":["animator:AcuraAkari+1","animator:Gillette+1","animator:ElricAlphonse"],"picked":"SKIP","floor":59.0},{"not_picked":["animator:Hakurou","animator:Azekura","animator:IrohaTamaki"],"picked":"SKIP","floor":60.0},{"not_picked":["animator:YunYun+1","animator:Alexander","animator:Ciel+1"],"picked":"SKIP","floor":63.0},{"not_picked":["animator:GuildGirl","animator:HigakiRinne","animator:Ciel"],"picked":"SKIP","floor":67.0}],"player_experience":253993,"relics_obtained":[{"floor":1.0,"key":"SynthV:TestCard"},{"floor":8.0,"key":"testmod-FatalChain"},{"floor":26.0,"key":"jedi:crownofsimplicity"},{"floor":28.0,"key":"Oddly Smooth Stone"},{"floor":30.0,"key":"reliquary:WeakTea"},{"floor":40.0,"key":"Bottled Tornado"},{"floor":43.0,"key":"DemoMod:PoisonVial"},{"floor":44.0,"key":"jedi:angrymask"},{"floor":47.0,"key":"reliquary:RoseTintedGlasses"},{"floor":53.0,"key":"animator:TheEruzaStone"},{"floor":53.0,"key":"animator:AncientMedallion"},{"floor":56.0,"key":"animator:AncientMedallion"},{"floor":63.0,"key":"animator:AncientMedallion"},{"floor":64.0,"key":"animator:AncientMedallion"},{"floor":67.0,"key":"animator:AncientMedallion"}],"event_choices":[{"damage_healed":0.0,"max_hp_gain":0.0,"max_hp_loss":0.0,"gold_gain":0.0,"event_name":"Golden Wing","player_choice":"Ignored","floor":5.0,"gold_loss":0.0,"damage_taken":0.0},{"damage_healed":0.0,"max_hp_gain":0.0,"max_hp_loss":0.0,"gold_gain":0.0,"event_name":"The Woman in Blue","player_choice":"Bought 3 Potions","floor":20.0,"gold_loss":0.0,"damage_taken":0.0},{"damage_healed":0.0,"max_hp_gain":0.0,"max_hp_loss":0.0,"gold_gain":150.0,"event_name":"¶÷ÂåË¹µÄÅÌ×Ó","player_choice":"Sell","floor":37.0,"relics_lost":["Potion Belt"],"gold_loss":0.0,"damage_taken":0.0},{"damage_healed":0.0,"max_hp_gain":0.0,"max_hp_loss":0.0,"gold_gain":0.0,"event_name":"SensoryStone","player_choice":"Memory 3","floor":57.0,"gold_loss":0.0,"damage_taken":10.0}],"is_beta":false,"boss_relics":[{"not_picked":["energizedSpire:HugeHouse","aspiration:RitualDagger"],"picked":"aspiration:RandomNobGenerator"},{"not_picked":["AT_MortalBlade","Sozu","Velvet Choker"]}],"items_purged_floors":[0,0,0,0,0,0,0,19,62],"is_endless":false,"potions_floor_spawned":[1,2,18,28,31,36,38,39,45,47,60,63],"ascension_level":0}}