{"host":"fc5kl670efuhtomy","time":1612979033,"event":{"mods":["AchievementEnabler","BaseMod","Colored Powertips","Downfall","Marisa（F雨　魔理沙）","Minty Spire (QoL Compilation)","Quick Restart","Rare Cards Sparkle","Relic Stats","Replay The Spire","StSLib","The Bug Knight","The Construct","The Cursed","The Servant 0.9.4","WarShipGirlsR/战舰少女R mod"],"gold_per_floor":[114,130,130,130,142,142,169,169,169,186,42,73,93,154,154,252,252,269,286,286,286,36,68,68,68,68,68,88,88,119,119,119,119,119],"floor_reached":33,"language":"ZHS","playtime":1303,"items_purged":[],"score":291,"play_id":"cdc657ed-90ea-4dd7-b637-e16cfe5097ca","local_time":"20210211014353","is_ascension_mode":false,"campfire_choices":[{"data":"LuminesStrike","floor":6,"key":"SMITH"},{"data":"PulseMagic","floor":8,"key":"SMITH"},{"floor":15,"key":"REST"},{"data":"MilkyWay","floor":25,"key":"SMITH"},{"data":"MasterSpark","floor":27,"key":"SMITH"},{"data":"MysteriousBeam","floor":29,"key":"SMITH"},{"floor":32,"key":"REST"}],"circlet_count":0,"master_deck":["Strike_MRS","Strike_MRS","Strike_MRS","Strike_MRS+1","Defend_MRS","Defend_MRS","Defend_MRS","Defend_MRS","MasterSpark+1","LuminesStrike+1","EventHorizon","IllusionStar+1","ShootingEcho","PulseMagic+1","UnstableBomb+1","EscapeVelocity","ShootingEcho","SuperNova","ChargingUp+1","MysteriousBeam+1","MasterSpark","MilkyWay+1","GravityBeat+1"],"relics":["Sozu","NlothsMask","Pear","Juzu Bracelet","Vajra","ReplayTheSpireMod:Shallot","Busted Crown","Matryoshka","Whetstone","Tiny Chest","Replay:Bottled Steam"],"acts_visited":["Exordium","TheCity"],"potions_floor_usage":[],"damage_taken":[{"damage":0,"enemies":"Small Slimes","floor":1,"turns":3},{"damage":0,"enemies":"2 Louse","floor":2,"turns":2},{"damage":0,"enemies":"Cultist","floor":5,"turns":3},{"damage":11,"enemies":"Lagavulin","floor":7,"turns":5},{"damage":15,"enemies":"Lots of Slimes","floor":10,"turns":4},{"damage":29,"enemies":"3 Sentries","floor":12,"turns":6},{"damage":0,"enemies":"3 Louse","floor":13,"turns":2},{"damage":13,"enemies":"3 Sentries","floor":14,"turns":4},{"damage":21,"enemies":"Fading Forest","floor":16,"turns":11},{"damage":1,"enemies":"Spheric Guardian","floor":18,"turns":3},{"damage":9,"enemies":"3 Byrds","floor":19,"turns":4},{"damage":19,"enemies":"Gremlin Leader","floor":23,"turns":5},{"damage":15,"enemies":"Shelled Parasite and Fungi","floor":28,"turns":3},{"damage":15,"enemies":"Slavers","floor":30,"turns":5},{"damage":60,"enemies":"Collector","floor":33,"turns":7}],"seed_played":"-1144852996146752006","potions_obtained":[],"is_trial":false,"path_per_floor":["M","M","?","?","M","R","E","R","T","M","$","E","M","?","R","B",null,"M","M","?","?","$","E","?","R","T","R","M","R","E","?","R","B"],"character_chosen":"MARISA","items_purchased":["Juzu Bracelet","Matryoshka"],"campfire_rested":2,"item_purchase_floors":[11,22],"current_hp_per_floor":[75,75,75,75,75,75,74,74,74,59,59,30,30,17,42,21,85,84,75,75,75,75,56,56,56,56,56,41,41,26,26,51,0,0],"gold":119,"neow_bonus":"BOSS_RELIC","is_daily":false,"chose_seed":false,"campfire_upgraded":5,"win_rate":0.0,"timestamp":1612979033,"path_taken":["M","M","?","?","?","R","E","R","T","M","?","E","M","?","R","BOSS","M","M","?","?","$","E","?","R","T","R","M","R","E","?","R","BOSS"],"items_purchased_type":["Relic","Relic"],"build_version":"2020-12-22","purchased_purges":0,"victory":false,"max_hp_per_floor":[75,75,75,75,75,75,85,85,85,85,85,85,85,85,85,85,85,85,85,85,85,85,85,85,85,85,85,85,85,85,85,85,85,85],"relic_stats":{"Sozu":9,"Busted Crown":10,"counters":[15,67],"Tiny Chest":0,"Juzu Bracelet":2,"Whetstone":["UnstableBomb","Strike_MRS"],"obtain_stats":[{"Sozu":0,"Pear":7,"Busted Crown":17,"Matryoshka":22,"ReplayTheSpireMod:Shallot":14,"Vajra":12,"Tiny Chest":26,"Juzu Bracelet":11,"MiniHakkero":0,"Whetstone":23,"NlothsMask":4,"Replay:Bottled Steam":30},{"Sozu":0,"Pear":4,"Busted Crown":9,"Matryoshka":11,"ReplayTheSpireMod:Shallot":8,"Vajra":6,"Tiny Chest":12,"Juzu Bracelet":5,"MiniHakkero":0,"Whetstone":12,"NlothsMask":2,"Replay:Bottled Steam":14},{"Sozu":0,"Pear":13,"Busted Crown":40,"Matryoshka":47,"ReplayTheSpireMod:Shallot":29,"Vajra":23,"Tiny Chest":52,"Juzu Bracelet":17,"MiniHakkero":0,"Whetstone":52,"NlothsMask":5,"Replay:Bottled Steam":60}]},"card_choices":[{"not_picked":["Acceleration","6A"],"picked":"LuminesStrike","floor":1},{"not_picked":["PowerUp","SporeBomb"],"picked":"EventHorizon","floor":2},{"not_picked":["DC","6A"],"picked":"ShootingEcho","floor":5},{"not_picked":["WitchOfGreed","GrandCross"],"picked":"PulseMagic","floor":7},{"not_picked":["PowerUp","OneTimeOff"],"picked":"UnstableBomb","floor":10},{"not_picked":["WitchOfGreed","IllusionStar"],"picked":"EscapeVelocity","floor":12},{"not_picked":["SporeBomb","PulseMagic","DoubleSpark"],"picked":"SKIP","floor":13},{"not_picked":["Orbital","PowerUp"],"picked":"ShootingEcho","floor":14},{"not_picked":["SatelliteIllusion","MillisecondPulsars"],"picked":"SuperNova","floor":16},{"not_picked":[],"picked":"ChargingUp+1","floor":18},{"not_picked":[],"picked":"MysteriousBeam","floor":19},{"not_picked":[],"picked":"MilkyWay","floor":23},{"not_picked":["EventHorizon+1"],"picked":"SKIP","floor":28},{"not_picked":[],"picked":"GravityBeat+1","floor":30}],"player_experience":215041,"relics_obtained":[{"floor":7,"key":"Pear"},{"floor":12,"key":"Vajra"},{"floor":14,"key":"ReplayTheSpireMod:Shallot"},{"floor":23,"key":"Whetstone"},{"floor":26,"key":"Tiny Chest"},{"floor":30,"key":"Replay:Bottled Steam"}],"event_choices":[{"damage_healed":0,"gold_gain":0,"player_choice":"Trade","damage_taken":0,"relics_obtained":["NlothsMask"],"max_hp_gain":0,"max_hp_loss":0,"event_name":"FaceTrader","floor":4,"gold_loss":0},{"damage_healed":0,"gold_gain":0,"player_choice":"Searched \u00271\u0027 times","damage_taken":0,"max_hp_gain":0,"max_hp_loss":0,"event_name":"Dead Adventurer","floor":14,"gold_loss":0},{"damage_healed":0,"gold_gain":0,"player_choice":"1 cards matched","damage_taken":0,"max_hp_gain":0,"max_hp_loss":0,"event_name":"Match and Keep!","floor":20,"gold_loss":0,"cards_obtained":["MasterSpark"]},{"damage_healed":0,"gold_gain":0,"player_choice":"Ignored","damage_taken":0,"max_hp_gain":0,"max_hp_loss":0,"event_name":"Vampires","floor":21,"gold_loss":0},{"damage_healed":0,"gold_gain":0,"player_choice":"Ignored","damage_taken":0,"max_hp_gain":0,"max_hp_loss":0,"event_name":"NoteForYourself","floor":24,"gold_loss":0},{"damage_healed":0,"gold_gain":0,"player_choice":"Ignored","damage_taken":0,"max_hp_gain":0,"max_hp_loss":0,"event_name":"Beggar","floor":31,"gold_loss":0}],"is_beta":false,"boss_relics":[{"not_picked":["Tiny House","Empty Cage"],"picked":"Busted Crown"}],"items_purged_floors":[],"is_endless":false,"potions_floor_spawned":[2,7,10,12,16,19,23,28,30],"killed_by":"Collector","ascension_level":0}}