{"host":"pgm1p3lvdjflie30","time":1612931808,"event":{"mods":["AchievementEnabler","Alarm Clock","Aspiration","BaseMod","Challenge The Spire","Colored Map","Colored Powertips","Dark Map","Energized Spire","Hermit","HornydragonMod","Minty Spire (QoL Compilation)","Quarter Circle Forward PUNCH!","Quick Restart","Relic Stats","Robot Space Explorer","Spicy Shops","StSLib","The Blackbeard","The IronCluck","Waifu the Spire","【功能Mod】混沌之?修复?丁","篝火指南"],"gold_per_floor":[88,88,188,206,216,216,235,235,312,262,262,437,456,10,10,105,105,116,66,28,48,98,98,113,113,137,137,176,176,176,9,9,9,9],"floor_reached":33,"language":"ZHS","playtime":1548,"items_purged":["Doubt"],"score":233,"play_id":"924f781e-7069-427f-8513-ee9923f08980","local_time":"20210210123648","is_ascension_mode":false,"campfire_choices":[{"data":"PowerGlove","floor":6,"key":"SMITH"},{"data":"Hammer","floor":8,"key":"SMITH"},{"data":"DrumStick","floor":11,"key":"SMITH"},{"data":"HandOfGreed","floor":15,"key":"SMITH"},{"floor":23,"key":"REST"},{"data":"Discovery","floor":27,"key":"SMITH"},{"floor":29,"key":"REST"},{"data":"UnoWild4","floor":32,"key":"SMITH"}],"circlet_count":0,"master_deck":["Strike_HD","Strike_HD","Strike_HD","Strike_HD","DrunkenFist","Defend_HD","Defend_HD","AlcoholBarrier","BreakDrink","PowerGlove+1","Conch","DrumStick+1","BirdAttack","Hammer+1","ChickenAttack","HandOfGreed+1","Discovery+1","UnoWild4+1","Ahahah+1","Blue","SexyLeg","AlcoholFlame","LightAttack","Blind","Scp500"],"relics":["WineBottle"],"acts_visited":["Exordium","TheCity"],"potions_floor_usage":[16,16,22,33],"damage_taken":[{"damage":8,"enemies":"Small Slimes","floor":1,"turns":4},{"damage":0,"enemies":"2 Louse","floor":4,"turns":3},{"damage":1,"enemies":"Cultist","floor":5,"turns":3},{"damage":0,"enemies":"2 Fungi Beasts","floor":7,"turns":2},{"damage":0,"enemies":"3 Louse","floor":13,"turns":2},{"damage":52,"enemies":"The Guardian","floor":16,"turns":6},{"damage":19,"enemies":"Shell Parasite","floor":18,"turns":4},{"damage":20,"enemies":"2 Thieves","floor":21,"turns":3},{"damage":76,"enemies":"Masked Bandits","floor":22,"turns":6},{"damage":10,"enemies":"Snecko","floor":24,"turns":4},{"damage":21,"enemies":"Snake Plant","floor":28,"turns":4},{"damage":82,"enemies":"Automaton","floor":33,"turns":6}],"seed_played":"228967401420627944","potions_obtained":[{"floor":5,"key":"FearPotion"},{"floor":7,"key":"Strength Potion"},{"floor":13,"key":"Swift Potion"},{"floor":16,"key":"SmokeBomb"},{"floor":28,"key":"DuplicationPotion"}],"is_trial":false,"path_per_floor":["M","?","?","M","M","R","M","R","T","?","R","?","M","$","R","B",null,"M","?","$","M","?","R","M","?","T","R","M","R","?","$","R","B"],"character_chosen":"HORNYDRAGON","items_purchased":["FairyPotion","HandOfGreed","Discovery","Blue","Blind","Scp500"],"campfire_rested":2,"item_purchase_floors":[14,14,14,20,31,31],"current_hp_per_floor":[79,84,84,84,83,83,83,83,83,83,83,83,83,83,83,31,92,73,73,73,53,9,36,26,56,56,56,35,62,62,62,62,0,0],"gold":9,"neow_bonus":"TRANSFORM_CARD","is_daily":false,"chose_seed":false,"campfire_upgraded":6,"win_rate":0.0,"timestamp":1612931808,"path_taken":["M","?","?","M","?","R","M","R","T","?","R","?","M","?","R","BOSS","M","?","?","?","?","R","M","?","T","R","M","R","?","?","R","BOSS"],"items_purchased_type":["Potion","Card","Card","Card","Card","Card"],"build_version":"2020-12-22","purchased_purges":1,"victory":false,"max_hp_per_floor":[87,92,92,92,92,92,92,92,92,92,92,92,92,92,92,92,92,92,92,92,92,92,92,92,92,92,92,92,92,92,92,92,92,92],"relic_stats":{"counters":[12,47],"obtain_stats":[{"WineBottle":0},{"WineBottle":0},{"WineBottle":0}]},"card_choices":[{"not_picked":["Bike","ShrimpCocktail"],"picked":"Conch","floor":1},{"not_picked":["Timmie","Beer"],"picked":"DrumStick","floor":4},{"not_picked":["Trumpet","DrunkForget"],"picked":"BirdAttack","floor":5},{"not_picked":["Platelet","KingRound"],"picked":"Hammer","floor":7},{"not_picked":["PowerGlove","HeadDefend"],"picked":"ChickenAttack","floor":13},{"not_picked":["Twin","Ie6"],"picked":"UnoWild4","floor":16},{"not_picked":["Trumpet","AlcoholBarrier"],"picked":"Ahahah+1","floor":18},{"not_picked":["Trumpet","UnoWild4"],"picked":"SexyLeg","floor":21},{"not_picked":["PowerGlove","BreakDrink"],"picked":"AlcoholFlame","floor":24},{"not_picked":["RainbowAttack","AlcoholAttack"],"picked":"LightAttack","floor":28}],"player_experience":373933,"relics_obtained":[],"event_choices":[{"damage_healed":0,"gold_gain":0,"player_choice":"Donut","damage_taken":0,"max_hp_gain":5,"max_hp_loss":0,"event_name":"Big Fish","floor":2,"gold_loss":0},{"damage_healed":0,"gold_gain":100,"player_choice":"Gold","damage_taken":0,"max_hp_gain":0,"max_hp_loss":0,"event_name":"Wheel of Change","floor":3,"gold_loss":0},{"cards_removed":["Defend_HD"],"damage_healed":0,"gold_gain":0,"player_choice":"Card Removal","damage_taken":0,"max_hp_gain":0,"max_hp_loss":0,"event_name":"The Cleric","floor":10,"gold_loss":50},{"damage_healed":0,"gold_gain":175,"player_choice":"AGREE","damage_taken":0,"max_hp_gain":0,"max_hp_loss":0,"event_name":"Liars Game","floor":12,"gold_loss":0,"cards_obtained":["Doubt"]},{"damage_healed":0,"gold_gain":0,"player_choice":"Bet on Murderer","damage_taken":0,"max_hp_gain":0,"max_hp_loss":0,"event_name":"The Joust","floor":19,"gold_loss":50},{"damage_healed":0,"gold_gain":0,"player_choice":"Fought Bandits","damage_taken":0,"max_hp_gain":0,"max_hp_loss":0,"event_name":"Masked Bandits","floor":22,"gold_loss":0},{"damage_healed":30,"gold_gain":0,"player_choice":"Heal","damage_taken":0,"max_hp_gain":0,"max_hp_loss":0,"event_name":"The Library","floor":25,"gold_loss":0},{"damage_healed":0,"gold_gain":0,"player_choice":"Ignored","damage_taken":0,"max_hp_gain":0,"max_hp_loss":0,"event_name":"Cursed Tome","floor":30,"gold_loss":0}],"is_beta":false,"boss_relics":[{"not_picked":["aspiration:RandomNobGenerator","Empty Cage","Astrolabe"]}],"items_purged_floors":[14],"is_endless":false,"potions_floor_spawned":[5,7,13,16,22,28],"killed_by":"Automaton","ascension_level":0}}