{"host":"hmqgkh1yopklu0aj","time":1612960077,"event":{"mods":["BaseMod","Block Reminder","Colored Map","Minty Spire (QoL Compilation)"],"gold_per_floor":[118,118,40,60,60,80,96,271,271,297,47,64,84,98,98,196,196,213,128,28,28,46,46,79,96,149,149,166,185,185,35,35,35,35],"floor_reached":33,"language":"ENG","playtime":1878,"items_purged":["Normality","Doubt"],"score":259,"play_id":"eda0235f-64a4-4b42-92a1-cccf24b267f6","local_time":"20210210132757","is_ascension_mode":false,"campfire_choices":[{"data":"Bullet Time","floor":15,"key":"SMITH"},{"floor":23,"key":"REST"},{"floor":27,"key":"REST"},{"data":"Finisher","floor":32,"key":"SMITH"}],"circlet_count":0,"master_deck":["Strike_G","Strike_G","Strike_G","Strike_G","Strike_G","Defend_G","Defend_G","Defend_G","Defend_G","Defend_G","Survivor","Neutralize","Finisher+1","Backstab","Deflect","Endless Agony","Bullet Time+1","Dagger Spray","Quick Slash","Heel Hook","Dagger Spray","Backstab","Doppelganger","Slice","Terror","Dagger Throw","All Out Attack+1","Dagger Throw+1","Dagger Throw+1"],"relics":["Ring of the Snake","Calipers","Pantograph","White Beast Statue","Odd Mushroom","Vajra","SlaversCollar","Ancient Tea Set","Matryoshka","Molten Egg 2","Tiny Chest","The Specimen","PreservedInsect"],"acts_visited":["Exordium","TheCity"],"potions_floor_usage":[10,12,16,16,16,16,16,16,22,25,33,33,33],"damage_taken":[{"damage":1,"enemies":"2 Louse","floor":1,"turns":4},{"damage":0,"enemies":"Cultist","floor":4,"turns":1},{"damage":1,"enemies":"Jaw Worm","floor":6,"turns":6},{"damage":0,"enemies":"Looter","floor":7,"turns":1},{"damage":17,"enemies":"The Mushroom Lair","floor":10,"turns":5},{"damage":0,"enemies":"Large Slime","floor":12,"turns":3},{"damage":0,"enemies":"3 Louse","floor":13,"turns":2},{"damage":0,"enemies":"Blue Slaver","floor":14,"turns":3},{"damage":44,"enemies":"Hexaghost","floor":16,"turns":11},{"damage":24,"enemies":"2 Thieves","floor":18,"turns":4},{"damage":0,"enemies":"Shell Parasite","floor":22,"turns":1},{"damage":14,"enemies":"Gremlin Leader","floor":24,"turns":5},{"damage":22,"enemies":"Centurion and Healer","floor":25,"turns":5},{"damage":0,"enemies":"Chosen and Byrds","floor":28,"turns":2},{"damage":12,"enemies":"3 Cultists","floor":29,"turns":4},{"damage":71,"enemies":"Collector","floor":33,"turns":8}],"seed_played":"-7989825377412369578","potions_obtained":[{"floor":2,"key":"Regen Potion"},{"floor":7,"key":"EntropicBrew"},{"floor":10,"key":"Fire Potion"},{"floor":12,"key":"PowerPotion"},{"floor":13,"key":"Explosive Potion"},{"floor":16,"key":"GamblersBrew"},{"floor":18,"key":"Explosive Potion"},{"floor":22,"key":"SpeedPotion"},{"floor":24,"key":"ColorlessPotion"},{"floor":25,"key":"LiquidMemories"},{"floor":28,"key":"AttackPotion"}],"is_trial":false,"path_per_floor":["M","?","$","M","T","M","M","?","T","?","$","M","M","M","R","B",null,"M","?","$","?","M","R","E","M","T","R","M","M","?","$","R","B"],"character_chosen":"THE_SILENT","items_purchased":["Backstab","Vajra","Quick Slash","PreservedInsect"],"campfire_rested":2,"item_purchase_floors":[3,11,11,31],"current_hp_per_floor":[69,69,69,69,69,68,68,68,68,63,63,63,63,63,63,26,70,46,46,46,46,46,67,53,31,31,52,52,40,40,40,40,0,0],"gold":35,"neow_bonus":"ONE_RARE_RELIC","is_daily":false,"chose_seed":false,"campfire_upgraded":2,"win_rate":0.0,"timestamp":1612960077,"path_taken":["M","?","?","M","?","M","M","?","T","?","$","M","M","M","R","BOSS","M","?","$","?","M","R","E","M","T","R","M","M","?","$","R","BOSS"],"items_purchased_type":["Card","Relic","Card","Relic"],"build_version":"2020-12-22","purchased_purges":2,"victory":false,"max_hp_per_floor":[70,70,70,70,70,70,70,70,70,70,70,70,70,70,70,70,70,70,70,70,70,70,70,70,70,70,70,70,70,70,70,70,70,70],"card_choices":[{"not_picked":["Acrobatics","Leg Sweep"],"picked":"Finisher","floor":1},{"not_picked":["Predator","Escape Plan"],"picked":"Deflect","floor":4},{"not_picked":["Quick Slash","Underhanded Strike"],"picked":"Endless Agony","floor":6},{"not_picked":["Acrobatics","Accuracy"],"picked":"Bullet Time","floor":7},{"not_picked":["Blur","Skewer"],"picked":"Dagger Spray","floor":10},{"not_picked":["Noxious Fumes","Quick Slash"],"picked":"Heel Hook","floor":12},{"not_picked":["Quick Slash","Bane"],"picked":"Dagger Spray","floor":13},{"not_picked":["Skewer","Dagger Spray"],"picked":"Backstab","floor":14},{"not_picked":["Malaise","A Thousand Cuts"],"picked":"Doppelganger","floor":16},{"not_picked":["PiercingWail","Underhanded Strike"],"picked":"Slice","floor":18},{"not_picked":["Underhanded Strike","Sucker Punch"],"picked":"Terror","floor":22},{"not_picked":["Caltrops","Blade Dance"],"picked":"Dagger Throw","floor":24},{"not_picked":["Slice","Blade Dance"],"picked":"All Out Attack+1","floor":25},{"not_picked":["Distraction","Bane+1"],"picked":"Dagger Throw+1","floor":28},{"not_picked":["Blade Dance","Blur+1"],"picked":"Dagger Throw+1","floor":29}],"player_experience":35079,"relics_obtained":[{"floor":5,"key":"Pantograph"},{"floor":9,"key":"White Beast Statue"},{"floor":10,"key":"Odd Mushroom"},{"floor":24,"key":"Matryoshka"},{"floor":26,"key":"Molten Egg 2"},{"floor":26,"key":"Tiny Chest"}],"event_choices":[{"damage_healed":0,"gold_gain":0,"player_choice":"Got Potions","damage_taken":0,"max_hp_gain":0,"max_hp_loss":0,"event_name":"Lab","floor":2,"gold_loss":0},{"damage_healed":0,"gold_gain":175,"player_choice":"AGREE","damage_taken":0,"max_hp_gain":0,"max_hp_loss":0,"event_name":"Liars Game","floor":8,"gold_loss":0,"cards_obtained":["Doubt"]},{"damage_healed":0,"gold_gain":0,"player_choice":"Fought Mushrooms","damage_taken":0,"max_hp_gain":0,"max_hp_loss":0,"event_name":"Mushrooms","floor":10,"gold_loss":0},{"damage_healed":0,"gold_gain":0,"player_choice":"Obtained Relic","damage_taken":0,"relics_obtained":["Ancient Tea Set"],"max_hp_gain":0,"max_hp_loss":0,"event_name":"Addict","floor":19,"gold_loss":85},{"damage_healed":0,"gold_gain":0,"player_choice":"Ignored","damage_taken":0,"max_hp_gain":0,"max_hp_loss":0,"event_name":"Vampires","floor":21,"gold_loss":0},{"damage_healed":0,"gold_gain":0,"player_choice":"Opened","damage_taken":0,"relics_obtained":["The Specimen"],"max_hp_gain":0,"max_hp_loss":0,"event_name":"The Mausoleum","floor":30,"gold_loss":0}],"is_beta":false,"boss_relics":[{"not_picked":["Ring of the Serpent","Cursed Key"],"picked":"SlaversCollar"}],"items_purged_floors":[11,20],"is_endless":false,"potions_floor_spawned":[7,10,12,13,14,16,18,22,24,25,28,29],"killed_by":"Collector","ascension_level":0}}