{"host":"ormi09wwzv7sq47a","time":1612929318,"event":{"mods":["2.2 Compatiblity","AchievementEnabler","Act Like it!","BaseMod","Bestiary","Better Altar","Better Note","Better Sensory Stone","Better Silent Start","Better Skull","Better Third Choice","Better Vampires","BetterRewards","Block Reminder","Card Forge","Colored Map","Colored Powertips","Curses Come First","DeckTracker","Downfall","Highlight Path","Minty Spire (QoL Compilation)","Permanent Neow","Quick Restart","Rare Cards Sparkle","Relic Stats","Shop Mod","StSLib","The Jungle"],"gold_per_floor":[109,109,120,68,68,96,109,109,136,153,153,186,205,205,205,299,299,312,362,382,61,61,61,96,108,146,174,212,149,261,287,299,388,400,428,440,9,9,28,28,55,55,55,55,75,75,85,96,96,96,96,96,96,7,38,38,38,38],"floor_reached":56,"language":"ENG","playtime":2902,"items_purged":["Slimebound:Tackle","Slimebound:Defend_Slimebound","Slimebound:Defend_Slimebound"],"score":2196,"play_id":"cd130a6f-0161-4884-9e32-4f919e225556","local_time":"20210210005518","is_ascension_mode":true,"campfire_choices":[{"data":"Slimebound:AcidTongue","floor":8.0,"key":"SMITH"},{"data":"Panache","floor":11.0,"key":"SMITH"},{"data":"Slimebound:RainOfGoop","floor":15.0,"key":"SMITH"},{"data":"Slimebound:LeechEnergy","floor":23.0,"key":"SMITH"},{"data":"Slimebound:LeechEnergy","floor":25.0,"key":"SMITH"},{"data":"Slimebound:Split","floor":32.0,"key":"SMITH"},{"data":"Slimebound:CorrosiveSpit","floor":40.0,"key":"SMITH"},{"data":"Panache","floor":42.0,"key":"SMITH"},{"floor":44.0,"key":"RECALL"},{"data":"Slimebound:LeechingTouch","floor":49.0,"key":"SMITH"},{"data":"1","floor":53,"key":"LIFT"}],"circlet_count":0,"master_deck":["AscendersBane","Slimebound:Strike_Slimebound","Slimebound:Strike_Slimebound+1","Slimebound:Strike_Slimebound","Slimebound:Defend_Slimebound","Slimebound:Split+1","Slimebound:CorrosiveSpit+1","Sadistic Nature+1","Slimebound:RainOfGoop+1","Panache+1","Slimebound:LivingWall+1","Slimebound:AcidTongue+1","Slimebound:SlimeSpikes+1","Slimebound:Prepare+1","Slimebound:LeechEnergy+1","Slimebound:LivingWall+1","Slimebound:SamplingLick+1","Slimebound:LeechingTouch+1","Slimebound:GoopSpray+1","Slimebound:LeechEnergy+1","Slimebound:SamplingLick+1","Slimebound:Recollect+1","Slimebound:SplitMire+1","Slimebound:FormOfPuddle+1","Slimebound:GoopSpray+1","Slimebound:LivingWall+1","Slimebound:OozeBath+1","Slimebound:SplitMire+1","Secret Weapon+1","Panache+1","Slimebound:DouseInSlime+1","Slimebound:Recollect+1","Sadistic Nature+1","Slimebound:Recollect+1","Slimebound:LeechingTouch+1","Slimebound:FormOfPuddle+1","Slimebound:Schlurp+1","Slimebound:SamplingLick+1","Slimebound:Dissolve+1"],"relics":["Slimebound:AbsorbEndCombat","Hammer of Thor","Seething Fire","Anvil of the Gods","Girya","Strawberry","champ:DeflectingBracers","Toxic Egg 2","Lee\u0027s Waffle","Gambling Chip","Ancient Tea Set","Question Card","Anchor","Bloody Idol","Philosopher\u0027s Stone","Medical Kit","Lantern","MawBank","hexamod:BolsterEngine","Bottled Tornado","Ginger","Matryoshka","bronze:MakeshiftBattery","DollysMirror","Whetstone","Art of War","Bottled Lightning","Boot"],"acts_visited":["Exordium","TheCity","TheBeyond","TheEnding"],"potions_floor_usage":[50,51],"damage_taken":[{"damage":0.0,"enemies":"2 Louse","floor":1.0,"turns":2.0},{"damage":0.0,"enemies":"Cultist","floor":3.0,"turns":3.0},{"damage":0.0,"enemies":"Lagavulin","floor":6.0,"turns":4.0},{"damage":0.0,"enemies":"Small Slimes","floor":7.0,"turns":2.0},{"damage":4.0,"enemies":"Exordium Wildlife","floor":10.0,"turns":3.0},{"damage":5.0,"enemies":"3 Sentries","floor":12.0,"turns":5.0},{"damage":0.0,"enemies":"Looter","floor":13.0,"turns":3.0},{"damage":0.0,"enemies":"The Guardian","floor":16.0,"turns":4.0},{"damage":5.0,"enemies":"2 Thieves","floor":18.0,"turns":3.0},{"damage":0.0,"enemies":"Spheric Guardian","floor":20.0,"turns":3.0},{"damage":0.0,"enemies":"Book of Stabbing","floor":24.0,"turns":3.0},{"damage":11.0,"enemies":"Snecko","floor":27.0,"turns":2.0},{"damage":3.0,"enemies":"Slavers","floor":28.0,"turns":3.0},{"damage":0.0,"enemies":"Colosseum Slavers","floor":30.0,"turns":2.0},{"damage":0.0,"enemies":"Colosseum Nobs","floor":30.0,"turns":3.0},{"damage":0.0,"enemies":"Snake Plant","floor":31.0,"turns":2.0},{"damage":3.0,"enemies":"Collector","floor":33.0,"turns":5.0},{"damage":0.0,"enemies":"Orb Walker","floor":35.0,"turns":2.0},{"damage":0.0,"enemies":"Orb Walker","floor":38.0,"turns":2.0},{"damage":0.0,"enemies":"3 Darklings","floor":39.0,"turns":2.0},{"damage":0.0,"enemies":"Nemesis","floor":41.0,"turns":3.0},{"damage":0.0,"enemies":"Maw","floor":45.0,"turns":3.0},{"damage":0.0,"enemies":"Transient","floor":47.0,"turns":6.0},{"damage":0.0,"enemies":"Writhing Mass","floor":48.0,"turns":4.0},{"damage":34,"enemies":"Awakened One","floor":50,"turns":7},{"damage":8,"enemies":"Donu and Deca","floor":51,"turns":5},{"damage":45,"enemies":"Shield and Spear","floor":55,"turns":3},{"damage":35,"enemies":"The Heart","floor":56,"turns":2}],"seed_played":"8016147792869211931","potions_obtained":[{"floor":3.0,"key":"Swift Potion"},{"floor":12.0,"key":"Guardian:BlockOnCardUsePotion"},{"floor":27.0,"key":"SmokeBomb"},{"floor":30.0,"key":"hexamod:SoulburnPotion"},{"floor":31.0,"key":"Ancient Potion"},{"floor":35.0,"key":"Slimebound:SlimyTonguePotion"},{"floor":39.0,"key":"Slimebound:SlimedPotion"}],"is_trial":false,"path_per_floor":["M","?","M","$","?","E","M","R","T","M","R","E","M","?","R","B",null,"M","?","M","$","?","R","E","R","T","M","E","?","?","M","R","B",null,"M","?","$","?","M","R","E","R","T","R","M","?","M","M","R","B","B",null,"R","$","E","B"],"character_chosen":"SLIMEBOUND","items_purchased":["Sadistic Nature","Strawberry","Slimebound:RainOfGoop","Panache","Toxic Egg 2","Lee\u0027s Waffle","Slimebound:LivingWall+1","Slimebound:AcidTongue","Slimebound:SlimeSpikes+1","Slimebound:LivingWall+1","Medical Kit","Lantern","Slimebound:DouseInSlime+1","Slimebound:Recollect+1","DollysMirror","Slimebound:Dissolve+1"],"campfire_rested":0,"item_purchase_floors":[0,0,0,0,0,0,0,0,0,4,21,21,37,37,37,54],"current_hp_per_floor":[73,38,42,42,42,48,50,50,50,52,52,53,59,34,34,42,65,64,64,70,70,69,69,73,73,73,67,73,73,73,73,73,73,73,73,73,73,73,73,73,73,73,73,73,73,69,69,69,69,35,35,61,61,61,27,0,0,0],"gold":38,"neow_bonus":"","is_daily":false,"chose_seed":false,"campfire_upgraded":9,"win_rate":0.0,"timestamp":1612929318,"path_taken":["M","?","M","$","?","E","M","R","T","M","R","E","?","?","R","BOSS","M","?","M","$","?","R","E","R","T","M","E","?","?","M","R","BOSS","M","?","$","?","M","R","E","R","T","R","M","?","M","M","R","BOSS","BOSS","R","$","E","BOSS"],"items_purchased_type":["Card","Relic","Card","Card","Relic","Relic","Card","Card","Card","Card","Relic","Relic","Card","Card","Relic","Card"],"build_version":"2020-12-22","purchased_purges":3,"victory":false,"max_hp_per_floor":[73,73,73,73,73,73,73,73,73,73,73,73,73,73,73,73,73,73,73,73,73,73,73,73,73,73,73,73,73,73,73,73,73,73,73,73,73,73,73,73,73,73,73,73,73,69,69,69,69,69,69,69,69,69,69,69,69,69],"relic_stats":{"Lee\u0027s Waffle":37,"counters":[341,1487],"Gambling Chip":[57],"Bloody Idol":16,"Art of War":[16],"Ginger":[12],"Whetstone":["Slimebound:LeechingTouch","Slimebound:Strike_Slimebound"],"Question Card":23,"Medical Kit":[25],"MawBank":168,"Boot":[0],"obtain_stats":[{"Spirit Poop":29,"Whetstone":26,"Ginger":54,"Bottled Tornado":8,"Sling":0,"Boot":54,"Old Coin":48,"Blood Vial":30,"Sundial":0,"MealTicket":24,"HandDrill":0,"Kunai":39,"Slimebound:AggressiveSlimeRelic":12,"Pear":29,"Blue Candle":9,"Eternal Feather":45,"Pen Nib":40,"Guardian:PocketSentry":23,"Akabeko":26,"Slimebound:TarBlob":17,"SlaversCollar":34,"Bird Faced Urn":0,"StrikeDummy":26,"Slimebound:SlimedTailRelic":47,"Lantern":43,"Torii":39,"Singing Bowl":9,"StoneCalendar":11,"Bag of Preparation":20,"Smiling Mask":42,"Ancient Tea Set":20,"Slimebound:MaxSlimesRelic":53,"Matryoshka":25,"Shovel":29,"InkBottle":43,"Potion Belt":31,"Lee\u0027s Waffle":0,"Golden Idol":4,"PreservedInsect":7,"The Courier":43,"champ:DeflectingBracers":0,"Omamori":21,"Seething Fire":0,"Frozen Egg 2":32,"MawBank":24,"Slimebound:PotencyRelic":0,"Busted Crown":34,"Bloody Idol":22,"Turnip":30,"Slimebound:AbsorbEndCombat":0,"Art of War":29,"Bottled Lightning":47,"hexamod:BolsterEngine":0,"Slimebound:AbsorbEndCombatUpgraded":17,"Toy Ornithopter":40,"Ice Cream":41,"Calipers":0,"Gremlin Horn":9,"Nilry\u0027s Codex":20,"CeramicFish":31,"Vajra":44,"Hammer of Thor":0,"Sozu":34,"Lizard Tail":7,"Centennial Puzzle":26,"HornCleat":0,"DollysMirror":37,"Strawberry":26,"Philosopher\u0027s Stone":34,"Prayer Wheel":0,"Toxic Egg 2":0,"Girya":8,"Happy Flower":54,"Astrolabe":34,"Oddly Smooth Stone":43,"Letter Opener":48,"War Paint":37,"Question Card":26,"Du-Vu Doll":12,"Bottled Flame":26,"Shuriken":53,"Anvil of the Gods":0,"Bronze Scales":41,"Molten Egg 2":7,"Black Star":17,"theJungle:WildStrawberry":25,"Slimebound:SlimedSkullRelic":6,"bronze:MakeshiftBattery":34,"Pocketwatch":0,"Meat on the Bone":23,"Darkstone Periapt":7,"SacredBark":34,"Enchiridion":19,"Mango":0,"Incense Burner":0,"Empty Cage":17,"Nunchaku":54,"Dream Catcher":25,"Mummified Hand":53,"Gambling Chip":21,"Pantograph":10,"Tiny Chest":0,"Red Mask":20,"Medical Kit":21,"White Beast Statue":11,"Mercury Hourglass":30,"Slimebound:GreedOozeRelic":10,"Strange Spoon":0,"Anchor":24,"CaptainsWheel":36,"Bag of Marbles":25,"Coffee Dripper":17,"Membership Card":37,"TungstenRod":27,"FossilizedHelix":28},{"Spirit Poop":13,"Whetstone":38,"Ginger":159,"Bottled Tornado":59,"Sling":83,"Boot":110,"Old Coin":80,"Blood Vial":100,"Sundial":83,"MealTicket":37,"HandDrill":261,"Kunai":129,"Slimebound:AggressiveSlimeRelic":89,"Pear":70,"Blue Candle":4,"Eternal Feather":24,"Pen Nib":153,"Guardian:PocketSentry":67,"Akabeko":97,"Slimebound:TarBlob":141,"SlaversCollar":73,"Bird Faced Urn":54,"StrikeDummy":68,"Slimebound:SlimedTailRelic":80,"Lantern":154,"Torii":179,"Singing Bowl":214,"StoneCalendar":89,"Bag of Preparation":9,"Smiling Mask":23,"Ancient Tea Set":65,"Slimebound:MaxSlimesRelic":52,"Matryoshka":68,"Shovel":124,"InkBottle":180,"Potion Belt":41,"Lee\u0027s Waffle":313,"Golden Idol":1,"PreservedInsect":31,"The Courier":77,"champ:DeflectingBracers":313,"Omamori":9,"Seething Fire":0,"Frozen Egg 2":273,"MawBank":324,"Slimebound:PotencyRelic":27,"Busted Crown":201,"Bloody Idol":323,"Turnip":14,"Slimebound:AbsorbEndCombat":0,"Art of War":40,"Bottled Lightning":107,"hexamod:BolsterEngine":27,"Slimebound:AbsorbEndCombatUpgraded":7,"Toy Ornithopter":22,"Ice Cream":130,"Calipers":83,"Gremlin Horn":31,"Nilry\u0027s Codex":121,"CeramicFish":125,"Vajra":155,"Hammer of Thor":0,"Sozu":126,"Lizard Tail":163,"Centennial Puzzle":271,"HornCleat":54,"DollysMirror":331,"Strawberry":221,"Philosopher\u0027s Stone":16,"Prayer Wheel":160,"Toxic Egg 2":54,"Girya":190,"Happy Flower":26,"Astrolabe":254,"Oddly Smooth Stone":47,"Letter Opener":207,"War Paint":44,"Question Card":12,"Du-Vu Doll":192,"Bottled Flame":170,"Shuriken":109,"Anvil of the Gods":0,"Bronze Scales":47,"Molten Egg 2":3,"Black Star":92,"theJungle:WildStrawberry":197,"Slimebound:SlimedSkullRelic":138,"bronze:MakeshiftBattery":330,"Pocketwatch":160,"Meat on the Bone":249,"Darkstone Periapt":264,"SacredBark":175,"Enchiridion":218,"Mango":135,"Incense Burner":111,"Empty Cage":63,"Nunchaku":53,"Dream Catcher":299,"Mummified Hand":81,"Gambling Chip":65,"Pantograph":140,"Tiny Chest":111,"Red Mask":168,"Medical Kit":323,"White Beast Statue":164,"Mercury Hourglass":100,"Slimebound:GreedOozeRelic":4,"Strange Spoon":160,"Anchor":37,"CaptainsWheel":128,"Bag of Marbles":12,"Coffee Dripper":35,"Membership Card":44,"TungstenRod":98,"FossilizedHelix":222},{"Spirit Poop":74,"Whetstone":221,"Ginger":712,"Bottled Tornado":317,"Sling":399,"Boot":510,"Old Coin":384,"Blood Vial":456,"Sundial":399,"MealTicket":217,"HandDrill":1173,"Kunai":586,"Slimebound:AggressiveSlimeRelic":416,"Pear":352,"Blue Candle":22,"Eternal Feather":153,"Pen Nib":689,"Guardian:PocketSentry":344,"Akabeko":446,"Slimebound:TarBlob":642,"SlaversCollar":362,"Bird Faced Urn":297,"StrikeDummy":346,"Slimebound:SlimedTailRelic":384,"Lantern":694,"Torii":782,"Singing Bowl":965,"StoneCalendar":416,"Bag of Preparation":51,"Smiling Mask":145,"Ancient Tea Set":337,"Slimebound:MaxSlimesRelic":289,"Matryoshka":346,"Shovel":564,"InkBottle":787,"Potion Belt":232,"Lee\u0027s Waffle":1396,"Golden Idol":5,"PreservedInsect":195,"The Courier":376,"champ:DeflectingBracers":1396,"Omamori":51,"Seething Fire":0,"Frozen Egg 2":1215,"MawBank":1431,"Slimebound:PotencyRelic":184,"Busted Crown":891,"Bloody Idol":1428,"Turnip":81,"Slimebound:AbsorbEndCombat":0,"Art of War":229,"Bottled Lightning":486,"hexamod:BolsterEngine":184,"Slimebound:AbsorbEndCombatUpgraded":39,"Toy Ornithopter":137,"Ice Cream":593,"Calipers":399,"Gremlin Horn":195,"Nilry\u0027s Codex":551,"CeramicFish":569,"Vajra":697,"Hammer of Thor":0,"Sozu":578,"Lizard Tail":726,"Centennial Puzzle":1211,"HornCleat":297,"DollysMirror":1450,"Strawberry":999,"Philosopher\u0027s Stone":99,"Prayer Wheel":718,"Toxic Egg 2":297,"Girya":827,"Happy Flower":173,"Astrolabe":1134,"Oddly Smooth Stone":261,"Letter Opener":918,"War Paint":248,"Question Card":71,"Du-Vu Doll":837,"Bottled Flame":748,"Shuriken":504,"Anvil of the Gods":0,"Bronze Scales":261,"Molten Egg 2":17,"Black Star":425,"theJungle:WildStrawberry":866,"Slimebound:SlimedSkullRelic":632,"bronze:MakeshiftBattery":1448,"Pocketwatch":718,"Meat on the Bone":1114,"Darkstone Periapt":1186,"SacredBark":769,"Enchiridion":984,"Mango":622,"Incense Burner":516,"Empty Cage":330,"Nunchaku":295,"Dream Catcher":1317,"Mummified Hand":389,"Gambling Chip":337,"Pantograph":639,"Tiny Chest":516,"Red Mask":741,"Medical Kit":1428,"White Beast Statue":728,"Mercury Hourglass":456,"Slimebound:GreedOozeRelic":22,"Strange Spoon":718,"Anchor":217,"CaptainsWheel":583,"Bag of Marbles":71,"Coffee Dripper":211,"Membership Card":248,"TungstenRod":449,"FossilizedHelix":1003}]},"card_choices":[{"not_picked":["Slimebound:DivideAndConquer","Slimebound:LevelUp"],"picked":"Slimebound:Prepare+1","floor":1.0},{"not_picked":["Slimebound:Schlurp+1","Slimebound:GoopTackle"],"picked":"Slimebound:LeechEnergy","floor":3.0},{"not_picked":["Slimebound:LivingWall+1","Slimebound:ItLooksTasty"],"picked":"Slimebound:SamplingLick+1","floor":6.0},{"not_picked":["Slimebound:SplitAcid+1","Slimebound:Chomp","Slimebound:Replication+1"],"picked":"Slimebound:LeechingTouch","floor":7.0},{"not_picked":["Slimebound:PressTheAttack","Slimebound:OneTwoCombo","Slimebound:GoopTackle"],"picked":"Slimebound:GoopSpray+1","floor":10.0},{"not_picked":["Slimebound:LeadByExample","Slimebound:BestDefense","Slimebound:Gluttony"],"picked":"Slimebound:LeechEnergy","floor":12.0},{"not_picked":["Slimebound:LivingWall+1","Slimebound:LeechEnergy","Slimebound:Gluttony"],"picked":"Slimebound:SamplingLick+1","floor":13.0},{"not_picked":["Slimebound:Nibble+1","Slimebound:LeechingTouch","Slimebound:SplitAcid+1"],"picked":"Slimebound:Recollect+1","floor":18.0},{"not_picked":["Slimebound:SamplingLick+1","Slimebound:LevelUp","Slimebound:SplitLeeching+1"],"picked":"Slimebound:SplitMire+1","floor":20.0},{"not_picked":["Slimebound:SpikyOuterGoop","Slimebound:FinishingTackle","Slimebound:LeechEnergy"],"picked":"Slimebound:FormOfPuddle+1","floor":24.0},{"not_picked":["Slimebound:RollThrough","Slimebound:FormOfPuddle+1","Slimebound:LevelUp+1","Slimebound:SplitLeeching+1"],"picked":"SKIP","floor":27.0},{"not_picked":["Slimebound:Repurpose+1","Slimebound:ServeAndProtect+1","Slimebound:SplitMire+1"],"picked":"Slimebound:GoopSpray+1","floor":28.0},{"not_picked":["Slimebound:GoopTackle","Slimebound:SplitAcid+1","Slimebound:Equalize"],"picked":"Slimebound:LivingWall+1","floor":30.0},{"not_picked":["Slimebound:DisruptingSlam","Slimebound:FirmFortitude+1","Slimebound:AcidTongue","Slimebound:PressTheAttack"],"picked":"SKIP","floor":31.0},{"not_picked":["Slimebound:TagTeam","Slimebound:RallyTheTroops","Slimebound:SelfFormingGoo"],"picked":"Slimebound:OozeBath+1","floor":33.0},{"not_picked":["Slimebound:ComboTackle","Slimebound:SplitAcid+1","Slimebound:SplitBruiser+1"],"picked":"Slimebound:SplitMire+1","floor":35.0},{"not_picked":["Flash of Steel","Swift Strike","Apotheosis+1"],"picked":"Secret Weapon+1","floor":36.0},{"not_picked":["Jack Of All Trades+1","Discovery+1","Swift Strike"],"picked":"Panache","floor":36.0},{"not_picked":["Slimebound:SplitMire+1","Slimebound:ForwardTackle","Slimebound:SplitAcid+1"],"picked":"Slimebound:Recollect+1","floor":38.0},{"not_picked":["Slimebound:SplitBruiser+1","Slimebound:ComboTackle","Slimebound:LivingWall+1","Slimebound:SplitLeeching+1"],"picked":"SKIP","floor":39.0},{"not_picked":["Slimebound:Gluttony","Slimebound:Teamwork+1","Slimebound:LeadByExample+1"],"picked":"Slimebound:LeechingTouch","floor":41.0},{"not_picked":["Slimebound:SplitBruiser+1","Slimebound:SlimeSpikes+1","Slimebound:Prepare+1"],"picked":"Slimebound:FormOfPuddle+1","floor":45.0},{"not_picked":["Slimebound:CheckThePlaybook+1","Slimebound:LeechEnergy","Slimebound:SplitBruiser+1"],"picked":"Slimebound:Schlurp+1","floor":47.0},{"not_picked":["Slimebound:ServeAndProtect+1","Slimebound:Prepare+1","Slimebound:Darklings+1"],"picked":"Slimebound:SamplingLick+1","floor":48.0},{"not_picked":["Slimebound:GoopTackle","Slimebound:LeechEnergy","Slimebound:SplitAcid+1","Slimebound:Schlurp+1"],"picked":"SKIP","floor":55}],"player_experience":1045407,"relics_obtained":[{"floor":6.0,"key":"Question Card"},{"floor":12.0,"key":"Anchor"},{"floor":24.0,"key":"MawBank"},{"floor":26.0,"key":"hexamod:BolsterEngine"},{"floor":28.0,"key":"Bottled Tornado"},{"floor":30.0,"key":"Ginger"},{"floor":30.0,"key":"Matryoshka"},{"floor":41.0,"key":"Whetstone"},{"floor":43.0,"key":"Art of War"},{"floor":43.0,"key":"Bottled Lightning"},{"floor":55,"key":"Boot"}],"event_choices":[{"damage_healed":0.0,"max_hp_gain":0.0,"max_hp_loss":0.0,"gold_gain":0.0,"event_name":"Scrap Ooze","player_choice":"Success","floor":2.0,"gold_loss":0.0,"damage_taken":35.0,"relics_obtained":["Ancient Tea Set"]},{"damage_healed":0.0,"max_hp_gain":0.0,"max_hp_loss":0.0,"gold_gain":0.0,"event_name":"Upgrade Shrine","player_choice":"Upgraded","floor":5.0,"gold_loss":0.0,"damage_taken":0.0,"cards_upgraded":["Sadistic Nature"]},{"damage_healed":0.0,"max_hp_gain":0.0,"max_hp_loss":0.0,"gold_gain":0.0,"event_name":"Golden Idol","player_choice":"Take Damage","floor":14.0,"gold_loss":0.0,"damage_taken":25.0,"relics_obtained":["Golden Idol"]},{"damage_healed":0.0,"max_hp_gain":0.0,"max_hp_loss":0.0,"gold_gain":50.0,"event_name":"betterThird:BetterNest","player_choice":"Steal","floor":19.0,"gold_loss":0.0,"damage_taken":0.0},{"damage_healed":0.0,"max_hp_gain":70.0,"max_hp_loss":69.0,"gold_gain":0.0,"event_name":"betterAltar:BetterAltar","player_choice":" GoldIdol ","floor":22.0,"potions_obtained":[],"relics_lost":["Golden Idol"],"gold_loss":0.0,"damage_taken":1.0,"relics_obtained":["Bloody Idol"]},{"cards_removed":["Slimebound:Defend_Slimebound"],"damage_healed":0.0,"max_hp_gain":0.0,"max_hp_loss":0.0,"gold_gain":0.0,"event_name":"Beggar","player_choice":"Gave Gold","floor":29.0,"gold_loss":75.0,"damage_taken":0.0},{"damage_healed":0.0,"max_hp_gain":0.0,"max_hp_loss":0.0,"gold_gain":0.0,"event_name":"Colosseum","player_choice":"Fight","floor":30.0,"gold_loss":0.0,"damage_taken":0.0},{"damage_healed":0.0,"max_hp_gain":0.0,"max_hp_loss":0.0,"gold_gain":0.0,"event_name":"Colosseum","player_choice":"Fought Nobs","floor":30.0,"gold_loss":0.0,"damage_taken":0.0},{"damage_healed":0.0,"max_hp_gain":0.0,"max_hp_loss":0.0,"gold_gain":3.0,"event_name":"betterStone:BetterStone","player_choice":"1","floor":36.0,"gold_loss":0.0,"damage_taken":0.0},{"damage_healed":0.0,"max_hp_gain":0.0,"max_hp_loss":4.0,"gold_gain":0.0,"event_name":"Winding Halls","player_choice":"Max HP","floor":46.0,"gold_loss":0.0,"damage_taken":0.0}],"is_beta":false,"boss_relics":[{"not_picked":["expansioncontent:StudyCardRelic","Calling Bell"],"picked":"Philosopher\u0027s Stone"},{"not_picked":["Snecko Eye","Black Star"],"picked":"bronze:MakeshiftBattery"}],"items_purged_floors":[0,0,37],"is_endless":false,"potions_floor_spawned":[3,12,27,30,30,31,35,39],"killed_by":"The Heart","ascension_level":20}}