{"host":"8zow35rkxv448q2r","time":1612962503,"event":{"mods":["AchievementEnabler","BaseMod","Colored Map","Colored Powertips","Minty Spire (QoL Compilation)","Relic Stats"],"gold_per_floor":[119,999364,999374,998378,998392,998392,998423,998434,998434,997812,997812,997812,997812,997832,997832,997904,997904,997915,997915,997915,997452,997470,997470,997499,997499,997574,997574,997214,997249,997300,997025,997025,997102,997102,997119,997137,996824,996824,996601,996601,996636,996636,996659,996659,996659,996684,0,0,0,0,0,0,0,34,34],"floor_reached":56,"language":"ENG","playtime":2500,"items_purged":[],"score":1951,"play_id":"6b9896a8-bfe9-4c58-ac8b-de13d51e5f6f","local_time":"20210210080823","is_ascension_mode":true,"campfire_choices":[{"data":"Wild Strike","floor":6,"key":"SMITH"},{"data":"Apotheosis","floor":11,"key":"SMITH"},{"data":"Fire Breathing","floor":13,"key":"SMITH"},{"floor":15,"key":"REST"},{"floor":23,"key":"DIG"},{"floor":32,"key":"RECALL"},{"floor":40,"key":"DIG"},{"floor":42,"key":"DIG"},{"floor":45,"key":"DIG"},{"floor":49,"key":"DIG"},{"floor":52,"key":"DIG"}],"circlet_count":0,"master_deck":["AscendersBane","Strike_R+1","Strike_R+1","Strike_R+1","Strike_R+1","Strike_R+1","Defend_R+1","Defend_R+1","Defend_R+1","Defend_R+1","Bash+1","Clothesline+1","Fire Breathing+1","Ghostly Armor","Wild Strike+1","Wild Strike","Whirlwind+1","Apotheosis+1","Inflame","Demon Form","Wild Strike","Cleave","Mayhem","Madness","Madness"],"relics":["Velvet Choker","Potion Belt","Toolbox","War Paint","Cauldron","Shovel","Peace Pipe","Smiling Mask","Bottled Flame","Ice Cream","Juzu Bracelet","Mark of Pain","MutagenicStrength","Membership Card","CaptainsWheel","Eternal Feather","FossilizedHelix","Dream Catcher","InkBottle","Frozen Eye","Pear","Akabeko","PreservedInsect","Centennial Puzzle","Letter Opener","Medical Kit","Sozu","Regal Pillow","Unceasing Top","Lee\u0027s Waffle","Bag of Marbles","Bronze Scales","Orrery","Incense Burner","Blood Vial","Thread and Needle","Vajra","Whetstone","Lizard Tail","Red Mask","Du-Vu Doll","White Beast Statue","Blue Candle"],"acts_visited":["Exordium","TheCity","TheBeyond","TheEnding"],"potions_floor_usage":[4,16,44,50,50,50],"damage_taken":[{"damage":4,"enemies":"2 Louse","floor":1,"turns":3},{"damage":0,"enemies":"Cultist","floor":3,"turns":3},{"damage":0,"enemies":"Jaw Worm","floor":5,"turns":3},{"damage":14,"enemies":"Gremlin Nob","floor":7,"turns":4},{"damage":0,"enemies":"2 Fungi Beasts","floor":8,"turns":2},{"damage":11,"enemies":"Looter","floor":14,"turns":2},{"damage":21,"enemies":"The Guardian","floor":16,"turns":6},{"damage":11,"enemies":"2 Thieves","floor":18,"turns":3},{"damage":0,"enemies":"Spheric Guardian","floor":22,"turns":2},{"damage":0,"enemies":"Gremlin Leader","floor":24,"turns":4},{"damage":0,"enemies":"Slavers","floor":29,"turns":1},{"damage":24,"enemies":"Automaton","floor":33,"turns":6},{"damage":0,"enemies":"3 Darklings","floor":35,"turns":1},{"damage":0,"enemies":"Orb Walker","floor":36,"turns":2},{"damage":7,"enemies":"Nemesis","floor":41,"turns":3},{"damage":0,"enemies":"Transient","floor":44,"turns":1},{"damage":0,"enemies":"Mind Bloom Boss Battle","floor":46,"turns":4},{"damage":65,"enemies":"Awakened One","floor":50,"turns":7},{"damage":0,"enemies":"Shield and Spear","floor":54,"turns":2},{"damage":158,"enemies":"The Heart","floor":55,"turns":7}],"seed_played":"7963708046536901040","potions_obtained":[{"floor":1,"key":"Dexterity Potion"},{"floor":4,"key":"Fruit Juice"},{"floor":4,"key":"DistilledChaos"},{"floor":4,"key":"PowerPotion"},{"floor":4,"key":"EntropicBrew"}],"is_trial":false,"path_per_floor":["M","$","M","$","M","R","E","M","T","$","R","?","R","M","R","B",null,"M","?","?","$","M","R","E","?","T","?","$","E","T","$","R","B",null,"M","M","$","?","$","R","E","R","T","M","R","?","?","$","R","B",null,"R","$","E","B",null],"character_chosen":"IRONCLAD","items_purchased":["Fire Breathing","Potion Belt","Toolbox","War Paint","CultistPotion","BlessingOfTheForge","Dexterity Potion","Cauldron","SmokeBomb","EntropicBrew","Shovel","Peace Pipe","Ghostly Armor","Ice Cream","Juzu Bracelet","Apotheosis","Membership Card","CaptainsWheel","Eternal Feather","DuplicationPotion","Frozen Eye","Pear","Akabeko","Mayhem","Centennial Puzzle","Letter Opener","Medical Kit","Regal Pillow","Unceasing Top","Lee\u0027s Waffle","Bag of Marbles","Bronze Scales","Orrery"],"campfire_rested":1,"item_purchase_floors":[2,2,2,2,2,2,2,4,4,4,4,4,4,10,10,10,21,21,21,21,28,28,28,28,31,31,31,37,37,37,39,39,39],"current_hp_per_floor":[68,68,68,73,73,73,59,59,59,59,59,59,59,48,73,52,77,66,66,66,66,66,78,78,62,62,62,72,72,72,72,84,60,90,90,90,107,94,94,107,100,107,107,107,107,107,107,107,107,42,91,106,106,107,2],"gold":34,"neow_bonus":"BOSS_RELIC","is_daily":false,"chose_seed":false,"campfire_upgraded":3,"win_rate":0.0,"timestamp":1612962503,"path_taken":["M","$","M","$","M","R","E","M","T","$","R","?","R","M","R","BOSS","M","?","?","$","M","R","E","?","T","?","$","E","?","$","R","BOSS","M","M","$","?","$","R","E","R","T","M","R","?","?","?","R","BOSS","R","$","E","BOSS"],"items_purchased_type":["Card","Relic","Relic","Relic","Potion","Potion","Potion","Relic","Potion","Potion","Relic","Relic","Card","Relic","Relic","Card","Relic","Relic","Relic","Potion","Relic","Relic","Relic","Card","Relic","Relic","Relic","Relic","Relic","Relic","Relic","Relic","Relic"],"build_version":"2020-12-22","purchased_purges":0,"victory":true,"max_hp_per_floor":[80,80,80,85,85,85,85,85,85,85,85,85,85,85,85,85,85,85,85,85,85,85,85,85,90,90,90,100,100,100,100,100,100,100,100,100,107,107,107,107,107,107,107,107,107,107,107,107,107,107,107,107,107,107,107],"relic_stats":{"Regal Pillow":0,"Lee\u0027s Waffle":17,"counters":[20,66],"Blue Candle":[0],"Eternal Feather":59,"PreservedInsect":127,"Juzu Bracelet":1,"Letter Opener":[30],"Whetstone":["Clothesline","Bash"],"War Paint":["Defend_R","Defend_R"],"Smiling Mask":0,"Medical Kit":[10],"Peace Pipe":0,"Sozu":11,"Blood Vial":1,"Dream Catcher":0,"Centennial Puzzle":[12],"Lizard Tail":53,"Shovel":6,"Bronze Scales":[144],"obtain_stats":[{"Ice Cream":10,"Regal Pillow":37,"Vajra":43,"Juzu Bracelet":10,"Incense Burner":40,"Whetstone":45,"Smiling Mask":7,"Burning Blood":0,"Sozu":34,"Blood Vial":41,"Frozen Eye":28,"Dream Catcher":24,"Centennial Puzzle":31,"Lizard Tail":46,"Shovel":4,"Toolbox":2,"Red Mask":47,"InkBottle":26,"Potion Belt":2,"Lee\u0027s Waffle":37,"Pear":28,"Blue Candle":54,"Velvet Choker":0,"Eternal Feather":21,"Thread and Needle":42,"PreservedInsect":29,"Letter Opener":31,"War Paint":2,"Medical Kit":31,"Akabeko":28,"White Beast Statue":52,"Peace Pipe":4,"Du-Vu Doll":49,"Cauldron":4,"Bottled Flame":9,"CaptainsWheel":21,"MutagenicStrength":19,"Bronze Scales":39,"Orrery":39,"Mark of Pain":17,"Bag of Marbles":39,"Membership Card":21,"FossilizedHelix":23,"Unceasing Top":37},{"Ice Cream":5,"Regal Pillow":14,"Vajra":15,"Juzu Bracelet":5,"Incense Burner":14,"Whetstone":16,"Smiling Mask":4,"Burning Blood":0,"Sozu":12,"Blood Vial":15,"Frozen Eye":10,"Dream Catcher":10,"Centennial Puzzle":11,"Lizard Tail":17,"Shovel":2,"Toolbox":1,"Red Mask":17,"InkBottle":10,"Potion Belt":1,"Lee\u0027s Waffle":14,"Pear":10,"Blue Candle":19,"Velvet Choker":0,"Eternal Feather":8,"Thread and Needle":15,"PreservedInsect":11,"Letter Opener":11,"War Paint":1,"Medical Kit":11,"Akabeko":10,"White Beast Statue":18,"Peace Pipe":2,"Du-Vu Doll":17,"Cauldron":2,"Bottled Flame":5,"CaptainsWheel":8,"MutagenicStrength":8,"Bronze Scales":14,"Orrery":14,"Mark of Pain":7,"Bag of Marbles":14,"Membership Card":8,"FossilizedHelix":9,"Unceasing Top":14},{"Ice Cream":15,"Regal Pillow":42,"Vajra":45,"Juzu Bracelet":15,"Incense Burner":42,"Whetstone":46,"Smiling Mask":13,"Burning Blood":0,"Sozu":39,"Blood Vial":45,"Frozen Eye":32,"Dream Catcher":32,"Centennial Puzzle":33,"Lizard Tail":50,"Shovel":6,"Toolbox":3,"Red Mask":50,"InkBottle":32,"Potion Belt":3,"Lee\u0027s Waffle":42,"Pear":32,"Blue Candle":59,"Velvet Choker":0,"Eternal Feather":26,"Thread and Needle":45,"PreservedInsect":33,"Letter Opener":33,"War Paint":3,"Medical Kit":33,"Akabeko":32,"White Beast Statue":57,"Peace Pipe":6,"Du-Vu Doll":50,"Cauldron":6,"Bottled Flame":15,"CaptainsWheel":26,"MutagenicStrength":26,"Bronze Scales":42,"Orrery":42,"Mark of Pain":23,"Bag of Marbles":42,"Membership Card":26,"FossilizedHelix":28,"Unceasing Top":42}],"InkBottle":[12],"Unceasing Top":[0]},"card_choices":[{"not_picked":["Dropkick","Feel No Pain"],"picked":"Clothesline","floor":1},{"not_picked":["Rage","Flex","Searing Blow"],"picked":"SKIP","floor":3},{"not_picked":["Flame Barrier","Body Slam"],"picked":"Wild Strike","floor":5},{"not_picked":["Clash","True Grit"],"picked":"Wild Strike","floor":7},{"not_picked":["Battle Trance","Armaments"],"picked":"Whirlwind","floor":8},{"not_picked":["Perfected Strike","Berserk"],"picked":"Inflame","floor":14},{"not_picked":["Bludgeon","Double Tap"],"picked":"Demon Form","floor":16},{"not_picked":["Armaments","Searing Blow"],"picked":"Wild Strike","floor":18},{"not_picked":["Iron Wave","Warcry"],"picked":"Cleave","floor":22},{"not_picked":["Offering","Sword Boomerang","Flex"],"picked":"SKIP","floor":24},{"not_picked":["Inflame","Cleave","Thunderclap"],"picked":"SKIP","floor":29},{"not_picked":["Havoc","Flex","Inflame+1"],"picked":"SKIP","floor":35},{"not_picked":["Battle Trance","Thunderclap","Perfected Strike+1"],"picked":"SKIP","floor":36},{"not_picked":["Second Wind","Sentinel","Headbutt+1"],"picked":"SKIP","floor":41},{"not_picked":["Brutality","Body Slam","Anger"],"picked":"SKIP","floor":54}],"player_experience":188639,"relics_obtained":[{"floor":7,"key":"Smiling Mask"},{"floor":9,"key":"Bottled Flame"},{"floor":23,"key":"FossilizedHelix"},{"floor":24,"key":"Dream Catcher"},{"floor":26,"key":"InkBottle"},{"floor":29,"key":"PreservedInsect"},{"floor":40,"key":"Incense Burner"},{"floor":41,"key":"Blood Vial"},{"floor":42,"key":"Thread and Needle"},{"floor":43,"key":"Vajra"},{"floor":45,"key":"Whetstone"},{"floor":46,"key":"Lizard Tail"},{"floor":49,"key":"Du-Vu Doll"},{"floor":52,"key":"White Beast Statue"},{"floor":54,"key":"Blue Candle"}],"event_choices":[{"damage_healed":0,"gold_gain":0,"player_choice":"Upgraded","damage_taken":0,"max_hp_gain":0,"max_hp_loss":0,"event_name":"Upgrade Shrine","floor":12,"gold_loss":0,"cards_upgraded":["Whirlwind"]},{"damage_healed":0,"gold_gain":0,"player_choice":"Inject Mutagens","damage_taken":0,"relics_obtained":["MutagenicStrength"],"max_hp_gain":0,"max_hp_loss":0,"event_name":"Drug Dealer","floor":19,"gold_loss":0},{"damage_healed":0,"gold_gain":0,"player_choice":"Simplicity","damage_taken":0,"max_hp_gain":0,"max_hp_loss":0,"event_name":"Back to Basics","floor":20,"gold_loss":0,"cards_upgraded":["Strike_R","Strike_R","Strike_R","Strike_R","Strike_R","Defend_R","Defend_R"]},{"damage_healed":0,"gold_gain":0,"player_choice":"Shed Blood","damage_taken":21,"max_hp_gain":5,"max_hp_loss":0,"event_name":"Forgotten Altar","floor":25,"gold_loss":0},{"damage_healed":0,"gold_gain":0,"player_choice":"Ignored","damage_taken":0,"max_hp_gain":0,"max_hp_loss":0,"event_name":"Ghosts","floor":27,"gold_loss":0},{"damage_healed":0,"gold_gain":0,"player_choice":"Embrace Madness","damage_taken":13,"max_hp_gain":0,"max_hp_loss":0,"event_name":"Winding Halls","floor":38,"gold_loss":0,"cards_obtained":["Madness","Madness"]},{"damage_healed":0,"gold_gain":0,"player_choice":"Fight","damage_taken":0,"max_hp_gain":0,"max_hp_loss":0,"event_name":"MindBloom","floor":46,"gold_loss":0},{"damage_healed":0,"gold_gain":0,"player_choice":"Paid","damage_taken":0,"relics_obtained":["Red Mask"],"max_hp_gain":0,"max_hp_loss":0,"event_name":"Tomb of Lord Red Mask","floor":47,"gold_loss":996684}],"is_beta":false,"boss_relics":[{"not_picked":["SlaversCollar","Calling Bell"],"picked":"Mark of Pain"},{"not_picked":["SacredBark","Runic Dome"],"picked":"Sozu"}],"items_purged_floors":[],"is_endless":false,"potions_floor_spawned":[1,3,5,7,22,24,29,35,41,44,46,54],"ascension_level":13}}