{"host":"kh6fvhxn285ncg0o","time":1612933139,"event":{"mods":["Act Like it!","BaseMod","Colored Map","Friendly Minions","Keyboard Shortcuts","Minty Spire (QoL Compilation)","Quick Restart","Relic Stats","StSLib","SuperFastMode","UnlockEverythingMod"],"gold_per_floor":[359,509,509,53,73,101,101,114,114,139,157,175,206,223,223,297,297,313,332,332,343,343,369,166,166,245,263,275,309,322,113,113,185,185,197,207,226,226,226,264,264,284,339,378,71,98,98,131,131,131,131,131,131,48,86,86],"floor_reached":57,"language":"KOR","playtime":3035,"items_purged":["Strike_R","Strike_R","Strike_R","Bash+1"],"score":3014,"play_id":"db5ed2fb-3308-463d-89fe-f9e63a9ced1e","local_time":"20210210135859","is_ascension_mode":true,"campfire_choices":[{"data":"Sever Soul","floor":7.0,"key":"SMITH"},{"data":"Bash","floor":15.0,"key":"SMITH"},{"data":"Deep Breath","floor":25.0,"key":"SMITH"},{"data":"Rage","floor":32.0,"key":"SMITH"},{"data":"Madness","floor":41.0,"key":"SMITH"},{"data":"Double Tap","floor":47,"key":"SMITH"},{"floor":49,"key":"RECALL"},{"data":"Madness","floor":53,"key":"SMITH"}],"circlet_count":0,"master_deck":["AscendersBane","Defend_R","Defend_R","Defend_R+1","Defend_R","Sever Soul+1","Double Tap+1","Shockwave","Power Through+1","Feed","Burning Pact+1","Sentinel","Seeing Red","Shrug It Off","Deep Breath+1","Rage+1","Rampage","Juggernaut+1","Dark Embrace+1","Madness+1","Madness+1","Battle Trance","Burning Pact+1","Evolve+1","Purity","Offering"],"relics":["Burning Blood","Oddly Smooth Stone","Toy Ornithopter","Self Forming Clay","Pear","Mercury Hourglass","Frozen Egg 2","Sozu","Akabeko","Eternal Feather","War Paint","SlaversCollar","CeramicFish","Ginger","Toolbox","HornCleat","Strawberry","Paper Frog"],"acts_visited":["Exordium","TheCity","TheBeyond","TheEnding"],"potions_floor_usage":[],"damage_taken":[{"damage":3.0,"enemies":"2 Louse","floor":1.0,"turns":4.0},{"damage":4.0,"enemies":"Small Slimes","floor":5.0,"turns":4.0},{"damage":40.0,"enemies":"3 Sentries","floor":6.0,"turns":13.0},{"damage":0.0,"enemies":"Cultist","floor":8.0,"turns":2.0},{"damage":31.0,"enemies":"Lagavulin","floor":10.0,"turns":7.0},{"damage":4.0,"enemies":"2 Fungi Beasts","floor":11.0,"turns":3.0},{"damage":7.0,"enemies":"Looter","floor":12.0,"turns":3.0},{"damage":19.0,"enemies":"3 Sentries","floor":13.0,"turns":6.0},{"damage":12.0,"enemies":"Exordium Thugs","floor":14.0,"turns":3.0},{"damage":29.0,"enemies":"Hexaghost","floor":16.0,"turns":7.0},{"damage":4.0,"enemies":"3 Byrds","floor":18.0,"turns":4.0},{"damage":10.0,"enemies":"Spheric Guardian","floor":19.0,"turns":3.0},{"damage":30.0,"enemies":"Cultist and Chosen","floor":21.0,"turns":7.0},{"damage":25.0,"enemies":"Book of Stabbing","floor":23.0,"turns":4.0},{"damage":4.0,"enemies":"Snake Plant","floor":27.0,"turns":2.0},{"damage":0.0,"enemies":"Centurion and Healer","floor":28.0,"turns":6.0},{"damage":8.0,"enemies":"Gremlin Leader","floor":29.0,"turns":5.0},{"damage":15.0,"enemies":"Shelled Parasite and Fungi","floor":30.0,"turns":4.0},{"damage":6.0,"enemies":"Champ","floor":33.0,"turns":7.0},{"damage":0.0,"enemies":"3 Shapes","floor":35.0,"turns":5.0},{"damage":4.0,"enemies":"3 Darklings","floor":36.0,"turns":8.0},{"damage":35.0,"enemies":"Jaw Worm Horde","floor":37.0,"turns":5.0},{"damage":9.0,"enemies":"Giant Head","floor":40.0,"turns":5.0},{"damage":0,"enemies":"4 Shapes","floor":42,"turns":5},{"damage":24,"enemies":"Nemesis","floor":44,"turns":9},{"damage":0,"enemies":"Giant Head","floor":46,"turns":4},{"damage":0,"enemies":"Reptomancer","floor":48,"turns":4},{"damage":1,"enemies":"Donu and Deca","floor":50,"turns":5},{"damage":8,"enemies":"Awakened One","floor":51,"turns":6},{"damage":18,"enemies":"Shield and Spear","floor":55,"turns":5},{"damage":69,"enemies":"The Heart","floor":56,"turns":9}],"seed_played":"-1004943405514917078","potions_obtained":[{"floor":5.0,"key":"Swift Potion"},{"floor":6.0,"key":"Regen Potion"},{"floor":10.0,"key":"BloodPotion"},{"floor":12.0,"key":"ElixirPotion"},{"floor":13.0,"key":"SkillPotion"}],"is_trial":false,"path_per_floor":["M","?","?","$","M","E","R","M","T","E","M","M","E","M","R","B",null,"M","M","?","M","?","E","$","R","T","M","M","E","M","$","R","B",null,"M","M","M","?","?","E","R","M","T","E","$","E","R","E","R","B","B",null,"R","$","E","B",null],"character_chosen":"IRONCLAD","items_purchased":["Oddly Smooth Stone","Toy Ornithopter","Strength Potion","Deep Breath","Rampage","Toolbox","Purity"],"campfire_rested":0,"item_purchase_floors":[4,4,4,24,31,45,54],"current_hp_per_floor":[68,68,68,68,68,38,38,44,54,49,51,70,57,51,51,33,67,72,71,71,47,47,33,33,33,33,35,44,42,36,36,45,45,79,88,93,67,49,99,99,102,105,105,87,87,96,108,115,115,115,116,118,118,118,106,43],"gold":86,"neow_bonus":"TWO_FIFTY_GOLD","is_daily":false,"chose_seed":false,"campfire_upgraded":7,"win_rate":0.0,"timestamp":1612933139,"path_taken":["M","?","?","$","M","E","R","M","T","E","?","M","E","M","R","BOSS","M","M","?","M","?","E","$","R","T","M","M","E","?","$","R","BOSS","M","M","M","?","?","E","R","?","T","E","$","E","R","E","R","BOSS","BOSS","R","$","E","BOSS"],"items_purchased_type":["Relic","Relic","Potion","Card","Card","Relic","Card"],"build_version":"2020-12-22","purchased_purges":4,"victory":true,"max_hp_per_floor":[68,68,68,68,68,68,68,68,78,78,78,78,78,78,78,78,78,81,84,84,84,84,84,84,84,84,84,87,87,90,90,90,90,90,93,96,99,99,99,102,102,105,105,105,105,108,108,115,115,115,118,118,118,118,118,118],"relic_stats":{"Sozu":8,"counters":[31,163],"Self Forming Clay":[207],"CeramicFish":45,"Eternal Feather":24,"Ginger":[5],"War Paint":["Defend_R","Power Through"],"obtain_stats":[{"Pear":9,"Self Forming Clay":6,"CeramicFish":40,"Oddly Smooth Stone":4,"Eternal Feather":26,"Ginger":44,"Frozen Egg 2":13,"War Paint":29,"Burning Blood":0,"Akabeko":23,"Mercury Hourglass":10,"Sozu":17,"SlaversCollar":34,"HornCleat":46,"Strawberry":48,"Toolbox":45,"Toy Ornithopter":4,"Paper Frog":55},{"Pear":4,"Self Forming Clay":3,"CeramicFish":23,"Oddly Smooth Stone":1,"Eternal Feather":14,"Ginger":25,"Frozen Egg 2":8,"War Paint":17,"Burning Blood":0,"Akabeko":14,"Mercury Hourglass":5,"Sozu":10,"SlaversCollar":19,"HornCleat":26,"Strawberry":27,"Toolbox":25,"Toy Ornithopter":1,"Paper Frog":30},{"Pear":23,"Self Forming Clay":21,"CeramicFish":116,"Oddly Smooth Stone":4,"Eternal Feather":69,"Ginger":130,"Frozen Egg 2":41,"War Paint":82,"Burning Blood":0,"Akabeko":69,"Mercury Hourglass":30,"Sozu":51,"SlaversCollar":93,"HornCleat":134,"Strawberry":138,"Toolbox":130,"Toy Ornithopter":4,"Paper Frog":154}],"Burning Blood":164,"Toy Ornithopter":24,"Mercury Hourglass":[529]},"card_choices":[{"not_picked":["True Grit","Rage"],"picked":"Sever Soul","floor":5.0},{"not_picked":["Thunderclap","Twin Strike"],"picked":"Double Tap","floor":6.0},{"not_picked":["Headbutt","Entrench","Heavy Blade"],"picked":"SKIP","floor":10.0},{"not_picked":["Body Slam","Wild Strike","Heavy Blade"],"picked":"SKIP","floor":11.0},{"not_picked":["Sword Boomerang","Sever Soul"],"picked":"Shockwave","floor":12.0},{"not_picked":["Cleave","Iron Wave"],"picked":"Hemokinesis","floor":13.0},{"not_picked":["Rage","Feed"],"picked":"Power Through","floor":14.0},{"not_picked":["Limit Break","Double Tap"],"picked":"Feed","floor":16.0},{"not_picked":["Pommel Strike","Thunderclap"],"picked":"Burning Pact","floor":18.0},{"not_picked":["Intimidate","Clash","Warcry"],"picked":"SKIP","floor":19.0},{"not_picked":["Cleave","Clothesline"],"picked":"Shrug It Off","floor":21.0},{"not_picked":["Infernal Blade","Anger+1","Heavy Blade"],"picked":"SKIP","floor":23.0},{"not_picked":["Clothesline","Perfected Strike","Anger"],"picked":"SKIP","floor":27.0},{"not_picked":["Power Through","Flex","Metallicize+1"],"picked":"SKIP","floor":28.0},{"not_picked":["Whirlwind","Pummel","True Grit"],"picked":"SKIP","floor":29.0},{"not_picked":["Twin Strike","Spot Weakness"],"picked":"Rage","floor":30.0},{"not_picked":["Exhume","Brutality+1"],"picked":"Juggernaut+1","floor":33.0},{"not_picked":["Rampage+1","Bloodletting","Wild Strike"],"picked":"SKIP","floor":35.0},{"not_picked":["Spot Weakness+1","Flame Barrier","Flex+1"],"picked":"SKIP","floor":36.0},{"not_picked":["Clash+1","Warcry"],"picked":"Dark Embrace+1","floor":37.0},{"not_picked":["Shockwave","Metallicize+1"],"picked":"Battle Trance","floor":40.0},{"not_picked":["Clothesline","Anger+1"],"picked":"Burning Pact+1","floor":42},{"not_picked":["Pommel Strike","Sword Boomerang+1"],"picked":"Evolve+1","floor":44},{"not_picked":["Searing Blow","Dual Wield","Whirlwind"],"picked":"SKIP","floor":46},{"not_picked":["Searing Blow","Dual Wield","Whirlwind"],"picked":"SKIP","floor":46},{"not_picked":["Havoc","Warcry","Cleave"],"picked":"SKIP","floor":48},{"not_picked":["Cleave+1","Dual Wield"],"picked":"Offering","floor":55}],"player_experience":1355825,"relics_obtained":[{"floor":6.0,"key":"Self Forming Clay"},{"floor":9.0,"key":"Pear"},{"floor":10.0,"key":"Mercury Hourglass"},{"floor":13.0,"key":"Frozen Egg 2"},{"floor":23.0,"key":"Akabeko"},{"floor":26.0,"key":"Eternal Feather"},{"floor":29.0,"key":"War Paint"},{"floor":40.0,"key":"CeramicFish"},{"floor":44,"key":"Ginger"},{"floor":46,"key":"HornCleat"},{"floor":48,"key":"Strawberry"},{"floor":55,"key":"Paper Frog"}],"event_choices":[{"damage_healed":0.0,"max_hp_gain":0.0,"max_hp_loss":0.0,"gold_gain":150.0,"event_name":"Liars Game","player_choice":"AGREE","floor":2.0,"gold_loss":0.0,"damage_taken":0.0,"cards_obtained":["Doubt"]},{"cards_removed":["Doubt"],"damage_healed":0.0,"max_hp_gain":0.0,"max_hp_loss":0.0,"gold_gain":0.0,"event_name":"Fountain of Cleansing","player_choice":"Removed Curses","floor":3.0,"gold_loss":0.0,"damage_taken":0.0},{"damage_healed":0.0,"max_hp_gain":0.0,"max_hp_loss":0.0,"gold_gain":0.0,"cards_transformed":["Strike_R","Strike_R"],"event_name":"Drug Dealer","player_choice":"Became Test Subject","floor":20.0,"gold_loss":0.0,"damage_taken":0.0,"cards_obtained":["Sentinel","Seeing Red"]},{"damage_healed":0.0,"max_hp_gain":0.0,"max_hp_loss":0.0,"gold_gain":0.0,"event_name":"Upgrade Shrine","player_choice":"Upgraded","floor":22.0,"gold_loss":0.0,"damage_taken":0.0,"cards_upgraded":["Burning Pact"]},{"damage_healed":0.0,"max_hp_gain":0.0,"max_hp_loss":0.0,"gold_gain":0.0,"event_name":"Winding Halls","player_choice":"Embrace Madness","floor":38.0,"gold_loss":0.0,"damage_taken":18.0,"cards_obtained":["Madness","Madness"]},{"cards_removed":["Hemokinesis"],"damage_healed":50.0,"max_hp_gain":0.0,"max_hp_loss":0.0,"gold_gain":0.0,"event_name":"Bonfire Elementals","player_choice":"Offered Uncommon","floor":39.0,"gold_loss":0.0,"damage_taken":0.0}],"is_beta":false,"boss_relics":[{"not_picked":["Calling Bell","Empty Cage"],"picked":"Sozu"},{"not_picked":["Black Blood","Velvet Choker"],"picked":"SlaversCollar"}],"items_purged_floors":[4,24,31,45],"is_endless":false,"potions_floor_spawned":[5,6,10,12,13,18,27,28,33,36,40,48,55],"ascension_level":20}}