{"host":"yn1175etg9ni8l0q","time":1612966817,"event":{"mods":["AchievementEnabler","BaseMod","Colored Map","Colored Powertips","DeckTracker","Minty Spire (QoL Compilation)","Rare Cards Sparkle","Relic Stats","SuperFastMode","everything is the same but u backflip on backflip"],"gold_per_floor":[360,33,33,51,51,51,77,77,125,158,2,2,2,16,16,114,114,132,57,57,75,75,75,102,102,182,199,212,212,127,140,140,241,241,261,311,115,129,148,148,164,164,164,181,235,235,235,249,249,249],"floor_reached":51,"language":"KOR","playtime":1648,"items_purged":["Strike_R","Strike_R"],"score":1023,"play_id":"ba0aa2e1-e4e8-499e-995a-d5397cdc6afb","local_time":"20210210232017","is_ascension_mode":true,"campfire_choices":[{"floor":6.0,"key":"REST"},{"data":"Apotheosis","floor":8.0,"key":"SMITH"},{"floor":12.0,"key":"REST"},{"data":"Feel No Pain","floor":15.0,"key":"SMITH"},{"data":"Body Slam","floor":23.0,"key":"SMITH"},{"data":"True Grit","floor":29.0,"key":"SMITH"},{"floor":32.0,"key":"REST"},{"data":"Offering","floor":40,"key":"SMITH"},{"data":"Battle Trance","floor":42,"key":"SMITH"},{"data":"Power Through","floor":46,"key":"SMITH"},{"data":"Shrug It Off","floor":49,"key":"SMITH"}],"circlet_count":0,"master_deck":["AscendersBane","Strike_R","Defend_R","Defend_R","Defend_R","Bash","Power Through+1","Apotheosis+1","Ghostly Armor","Shrug It Off+1","Second Wind","Seeing Red","Feel No Pain+1","Impervious","Carnage","Body Slam+1","True Grit+1","Battle Trance+1","Wild Strike","Offering+1","Body Slam+1","Warcry+1"],"relics":["Burning Blood","Thread and Needle","Bag of Marbles","Juzu Bracelet","Letter Opener","Orrery","Mark of Pain","PreservedInsect","The Courier","Kunai","Empty Cage","Incense Burner","Bag of Preparation","Red Skull","Pocketwatch"],"acts_visited":["Exordium","TheCity","TheBeyond"],"potions_floor_usage":[33,50],"damage_taken":[{"damage":10.0,"enemies":"2 Louse","floor":1.0,"turns":2.0},{"damage":4.0,"enemies":"Jaw Worm","floor":4.0,"turns":4.0},{"damage":26.0,"enemies":"3 Sentries","floor":7.0,"turns":14.0},{"damage":21.0,"enemies":"Gremlin Nob","floor":10.0,"turns":5.0},{"damage":0.0,"enemies":"Cultist","floor":14.0,"turns":4.0},{"damage":25.0,"enemies":"Hexaghost","floor":16.0,"turns":17.0},{"damage":11.0,"enemies":"3 Byrds","floor":18.0,"turns":7.0},{"damage":0.0,"enemies":"Chosen","floor":21.0,"turns":6.0},{"damage":17.0,"enemies":"Centurion and Healer","floor":27.0,"turns":12.0},{"damage":15.0,"enemies":"Shelled Parasite and Fungi","floor":28.0,"turns":6.0},{"damage":10.0,"enemies":"Snake Plant","floor":31.0,"turns":7.0},{"damage":52,"enemies":"Automaton","floor":33,"turns":15},{"damage":0,"enemies":"3 Shapes","floor":35,"turns":7},{"damage":8,"enemies":"Mind Bloom Boss Battle","floor":36,"turns":7},{"damage":7,"enemies":"Orb Walker","floor":38,"turns":3},{"damage":0,"enemies":"Transient","floor":39,"turns":5},{"damage":6,"enemies":"3 Darklings","floor":41,"turns":3},{"damage":6,"enemies":"Jaw Worm Horde","floor":44,"turns":4},{"damage":6,"enemies":"2 Orb Walkers","floor":45,"turns":4},{"damage":6,"enemies":"4 Shapes","floor":48,"turns":4},{"damage":41,"enemies":"Awakened One","floor":50,"turns":11}],"seed_played":"3436990584341247196","potions_obtained":[{"floor":10.0,"key":"Block Potion"},{"floor":21.0,"key":"FearPotion"},{"floor":33,"key":"Ancient Potion"},{"floor":38,"key":"ColorlessPotion"},{"floor":39,"key":"ElixirPotion"},{"floor":41,"key":"PowerPotion"}],"is_trial":false,"path_per_floor":["M","$","?","M","?","R","E","R","T","E","$","R","$","M","R","B",null,"M","?","?","M","T","R","T","?","T","M","M","R","?","M","R","B",null,"M","?","$","M","M","R","M","R","T","M","?","R","?","M","R","B",null],"character_chosen":"IRONCLAD","items_purchased":["Apotheosis","Blood for Blood","Orrery","Bag of Preparation"],"campfire_rested":3,"item_purchase_floors":[2,2,11,37],"current_hp_per_floor":[68,68,68,70,37,58,38,38,38,23,23,44,44,50,50,31,62,57,57,57,63,63,63,63,56,56,45,36,36,36,32,53,14,58,64,62,62,61,67,67,67,67,67,67,67,67,67,67,67,32],"gold":249,"neow_bonus":"TWO_FIFTY_GOLD","is_daily":false,"chose_seed":false,"campfire_upgraded":8,"win_rate":0.0,"timestamp":1612966817,"path_taken":["M","$","?","M","?","R","E","R","T","E","$","R","?","M","R","BOSS","M","?","?","M","?","R","?","?","T","M","M","R","?","M","R","BOSS","M","?","$","M","M","R","M","R","T","M","?","R","?","M","R","BOSS"],"items_purchased_type":["Card","Card","Relic","Relic"],"build_version":"2020-12-22","purchased_purges":2,"victory":true,"max_hp_per_floor":[72,72,72,72,72,72,72,72,72,72,72,72,72,72,72,72,72,72,72,72,72,72,72,72,72,72,72,72,72,72,72,72,72,72,72,72,72,72,72,72,72,72,72,72,72,72,72,72,72,72],"relic_stats":{"counters":[21,147],"PreservedInsect":0,"Juzu Bracelet":2,"Bag of Preparation":[14],"Letter Opener":[324],"Kunai":[8],"obtain_stats":[{"Thread and Needle":5,"PreservedInsect":22,"The Courier":26,"Juzu Bracelet":9,"Incense Burner":36,"Bag of Preparation":37,"Letter Opener":10,"Empty Cage":34,"Burning Blood":0,"Orrery":11,"Mark of Pain":17,"Bag of Marbles":7,"Kunai":30,"Red Skull":43,"Pocketwatch":45},{"Thread and Needle":2,"PreservedInsect":8,"The Courier":8,"Juzu Bracelet":3,"Incense Burner":14,"Bag of Preparation":14,"Letter Opener":4,"Empty Cage":12,"Burning Blood":0,"Orrery":4,"Mark of Pain":6,"Bag of Marbles":3,"Kunai":10,"Red Skull":17,"Pocketwatch":19},{"Thread and Needle":6,"PreservedInsect":59,"The Courier":59,"Juzu Bracelet":20,"Incense Burner":113,"Bag of Preparation":113,"Letter Opener":25,"Empty Cage":99,"Burning Blood":0,"Orrery":25,"Mark of Pain":46,"Bag of Marbles":20,"Kunai":77,"Red Skull":124,"Pocketwatch":132}],"Burning Blood":126,"Pocketwatch":[6]},"card_choices":[{"not_picked":["Cleave","True Grit"],"picked":"Power Through","floor":1.0},{"not_picked":["Armaments","Combust"],"picked":"Ghostly Armor","floor":4.0},{"not_picked":["Sword Boomerang","Intimidate","Flex"],"picked":"SKIP","floor":7.0},{"not_picked":["Sword Boomerang","Limit Break"],"picked":"Shrug It Off","floor":10.0},{"not_picked":["Shrug It Off","True Grit"],"picked":"Second Wind","floor":11.0},{"not_picked":["Perfected Strike","Warcry"],"picked":"Seeing Red","floor":11.0},{"not_picked":["Pommel Strike","Armaments"],"picked":"Feel No Pain","floor":11.0},{"not_picked":["Brutality","Headbutt","Metallicize"],"picked":"SKIP","floor":14.0},{"not_picked":["Exhume","Feed"],"picked":"Impervious","floor":16.0},{"not_picked":["Anger","Headbutt","Perfected Strike"],"picked":"SKIP","floor":18.0},{"not_picked":["Dark Embrace","Battle Trance+1"],"picked":"Body Slam","floor":21.0},{"not_picked":["Anger","Flex"],"picked":"True Grit","floor":27.0},{"not_picked":["Disarm","Double Tap"],"picked":"Battle Trance","floor":28.0},{"not_picked":["Inflame","Cleave"],"picked":"Wild Strike","floor":31.0},{"not_picked":["Immolate","Brutality"],"picked":"Offering","floor":33},{"not_picked":["Rampage","Pommel Strike+1"],"picked":"Body Slam+1","floor":35},{"not_picked":["Second Wind","Armaments"],"picked":"Warcry+1","floor":36},{"not_picked":["Body Slam","Cleave","Carnage+1"],"picked":"SKIP","floor":38},{"not_picked":["Warcry","Reaper","Clash+1"],"picked":"SKIP","floor":39},{"not_picked":["Dropkick+1","Pommel Strike","Cleave+1"],"picked":"SKIP","floor":41},{"not_picked":["Infernal Blade","Hemokinesis","Pommel Strike"],"picked":"SKIP","floor":44},{"not_picked":["Reckless Charge","Intimidate+1","Pommel Strike"],"picked":"SKIP","floor":48}],"player_experience":372685,"relics_obtained":[{"floor":7.0,"key":"Bag of Marbles"},{"floor":9.0,"key":"Juzu Bracelet"},{"floor":10.0,"key":"Letter Opener"},{"floor":22.0,"key":"PreservedInsect"},{"floor":26.0,"key":"The Courier"},{"floor":36,"key":"Incense Burner"},{"floor":43,"key":"Red Skull"},{"floor":45,"key":"Pocketwatch"}],"event_choices":[{"damage_healed":0.0,"max_hp_gain":0.0,"max_hp_loss":0.0,"gold_gain":0.0,"event_name":"Liars Game","player_choice":"Ignored","floor":3.0,"gold_loss":0.0,"damage_taken":0.0},{"damage_healed":0.0,"max_hp_gain":0.0,"max_hp_loss":0.0,"gold_gain":0.0,"event_name":"Scrap Ooze","player_choice":"Success","floor":5.0,"gold_loss":0.0,"damage_taken":33.0,"relics_obtained":["Thread and Needle"]},{"cards_removed":["Strike_R"],"damage_healed":0.0,"max_hp_gain":0.0,"max_hp_loss":0.0,"gold_gain":0.0,"event_name":"Beggar","player_choice":"Gave Gold","floor":19.0,"gold_loss":75.0,"damage_taken":0.0},{"damage_healed":0.0,"max_hp_gain":0.0,"max_hp_loss":0.0,"gold_gain":0.0,"event_name":"The Library","player_choice":"Read","floor":20.0,"gold_loss":0.0,"damage_taken":0.0,"cards_obtained":["Carnage"]},{"damage_healed":0.0,"max_hp_gain":0.0,"max_hp_loss":0.0,"gold_gain":0.0,"event_name":"Wheel of Change","player_choice":"Damaged","floor":25.0,"gold_loss":0.0,"damage_taken":7.0},{"damage_healed":0.0,"max_hp_gain":0.0,"max_hp_loss":0.0,"gold_gain":0.0,"event_name":"Addict","player_choice":"Obtained Relic","floor":30.0,"gold_loss":85.0,"damage_taken":0.0,"relics_obtained":["Kunai"]},{"damage_healed":0,"gold_gain":0,"player_choice":"Fight","damage_taken":0,"max_hp_gain":0,"max_hp_loss":0,"event_name":"MindBloom","floor":36,"gold_loss":0},{"damage_healed":0,"gold_gain":0,"player_choice":"Fight","damage_taken":0,"max_hp_gain":0,"max_hp_loss":0,"event_name":"Mysterious Sphere","floor":45,"gold_loss":0},{"cards_removed":["Blood for Blood"],"damage_healed":0,"gold_gain":0,"player_choice":"Removed Attack","damage_taken":0,"max_hp_gain":0,"max_hp_loss":0,"event_name":"Falling","floor":47,"gold_loss":0}],"is_beta":false,"boss_relics":[{"not_picked":["Runic Dome","Snecko Eye"],"picked":"Mark of Pain"},{"not_picked":["Runic Cube","Philosopher\u0027s Stone"],"picked":"Empty Cage"}],"items_purged_floors":[2,37],"is_endless":false,"potions_floor_spawned":[10,21,33,38,39,41,44,48],"ascension_level":11}}