{"host":"2ty4h143nj8vwezc","time":1612932193,"event":{"mods":["BaseMod","Colored Map","Googly Eyes","Highlight Path","Minty Spire (QoL Compilation)","Quick Restart","StSLib"],"gold_per_floor":[117,117,117,137,137,137,163,163,163,195,206,237,253,283,283,378,378,396,406,406,181,196,222,222,122,147,175,275,275,275,68,68,166,216,236,254,83,95,110,140,160,160,160,160,160,175,221,238,238,238],"floor_reached":51,"language":"ENG","playtime":3208,"items_purged":["Strike_B","Strike_B","Defend_B"],"score":994,"play_id":"3506e408-1b3b-441d-a29b-303b0cb3b77c","local_time":"20210209234313","is_ascension_mode":true,"campfire_choices":[{"data":"Zap","floor":6,"key":"SMITH"},{"data":"Beam Cell","floor":8,"key":"SMITH"},{"data":"Fission","floor":15,"key":"SMITH"},{"data":"Storm","floor":29,"key":"SMITH"},{"floor":32,"key":"REST"},{"data":"Buffer","floor":42,"key":"SMITH"},{"data":"Panache","floor":44,"key":"SMITH"},{"floor":49,"key":"REST"}],"circlet_count":0,"master_deck":["Defend_B+1","Zap+1","Dualcast+1","Fission+1","Rainbow+1","Rebound+1","Streamline+1","Beam Cell+1","Genetic Algorithm+1","Storm+1","Fission+1","Echo Form+1","Chill+1","Self Repair+1","Loop+1","Redo+1","Beam Cell+1","BootSequence+1","Buffer+1","Sweeping Beam+1","Skim+1","Panache+1","Creative AI+1","Consume+1"],"relics":["Astrolabe","PreservedInsect","Matryoshka","Nunchaku","Lantern","Symbiotic Virus","Inserter","Regal Pillow","Bag of Marbles","Bronze Scales","Omamori","Anchor","TungstenRod","Toxic Egg 2","Tiny House","Art of War","Mummified Hand","Cables","Mark of the Bloom","Pocketwatch"],"acts_visited":["Exordium","TheCity","TheBeyond"],"potions_floor_usage":[13,16,18,23,33,39,40,40,47,50],"damage_taken":[{"damage":0,"enemies":"Cultist","floor":1,"turns":3},{"damage":0,"enemies":"2 Louse","floor":4,"turns":2},{"damage":13,"enemies":"3 Sentries","floor":7,"turns":5},{"damage":15,"enemies":"Lagavulin","floor":10,"turns":3},{"damage":9,"enemies":"Jaw Worm","floor":11,"turns":2},{"damage":0,"enemies":"Gremlin Nob","floor":12,"turns":2},{"damage":0,"enemies":"Lots of Slimes","floor":13,"turns":1},{"damage":0,"enemies":"Lagavulin","floor":14,"turns":3},{"damage":9,"enemies":"Hexaghost","floor":16,"turns":6},{"damage":2,"enemies":"3 Byrds","floor":18,"turns":2},{"damage":18,"enemies":"2 Thieves","floor":19,"turns":3},{"damage":0,"enemies":"Snake Plant","floor":22,"turns":3},{"damage":21,"enemies":"Slavers","floor":23,"turns":5},{"damage":6,"enemies":"Book of Stabbing","floor":27,"turns":2},{"damage":15,"enemies":"Colosseum Slavers","floor":28,"turns":4},{"damage":0,"enemies":"Colosseum Nobs","floor":28,"turns":3},{"damage":0,"enemies":"Snecko","floor":30,"turns":3},{"damage":43,"enemies":"Champ","floor":33,"turns":7},{"damage":0,"enemies":"3 Shapes","floor":35,"turns":3},{"damage":0,"enemies":"Orb Walker","floor":36,"turns":2},{"damage":0,"enemies":"Maw","floor":38,"turns":5},{"damage":0,"enemies":"Jaw Worm Horde","floor":39,"turns":3},{"damage":18,"enemies":"Nemesis","floor":40,"turns":5},{"damage":11,"enemies":"Transient","floor":41,"turns":5},{"damage":0,"enemies":"Writhing Mass","floor":46,"turns":4},{"damage":0,"enemies":"2 Orb Walkers","floor":47,"turns":3},{"damage":0,"enemies":"Sphere and 2 Shapes","floor":48,"turns":3},{"damage":27,"enemies":"Time Eater","floor":50,"turns":8}],"seed_played":"4953312598104080881","potions_obtained":[{"floor":7,"key":"Explosive Potion"},{"floor":11,"key":"Energy Potion"},{"floor":13,"key":"Weak Potion"},{"floor":16,"key":"LiquidBronze"},{"floor":22,"key":"Fire Potion"},{"floor":23,"key":"GamblersBrew"},{"floor":28,"key":"SpeedPotion"},{"floor":33,"key":"DistilledChaos"},{"floor":34,"key":"SteroidPotion"},{"floor":38,"key":"EntropicBrew"},{"floor":47,"key":"DistilledChaos"}],"is_trial":false,"path_per_floor":["M","?","?","M","?","R","E","R","T","E","M","E","M","E","R","B",null,"M","M","?","$","M","E","?","$","T","E","?","R","M","$","R","B",null,"M","M","$","M","M","E","M","R","T","R","?","M","?","M","R","B",null],"character_chosen":"DEFECT","items_purchased":["Regal Pillow","BootSequence+1","Panache"],"campfire_rested":2,"item_purchase_floors":[21,31,37],"current_hp_per_floor":[68,68,68,68,68,68,55,55,55,40,31,31,31,31,31,22,62,60,42,42,42,42,31,31,31,31,25,40,40,40,40,75,42,72,72,80,80,80,80,72,71,71,71,71,71,71,71,71,71,44],"gold":238,"neow_bonus":"BOSS_RELIC","is_daily":false,"chose_seed":false,"campfire_upgraded":6,"win_rate":0.0,"timestamp":1612932193,"path_taken":["M","?","?","?","?","R","E","R","T","E","?","E","M","E","R","BOSS","M","M","?","$","?","E","?","$","T","E","?","R","M","?","R","BOSS","M","M","$","M","?","E","M","R","T","R","?","M","?","M","R","BOSS"],"items_purchased_type":["Relic","Card","Card"],"build_version":"2020-12-22","purchased_purges":3,"victory":true,"max_hp_per_floor":[75,75,75,75,75,75,75,75,75,75,75,75,75,75,75,75,75,75,75,75,75,75,75,75,75,75,75,75,75,75,75,75,75,80,80,80,80,80,80,80,80,80,80,80,80,80,80,80,80,80],"card_choices":[{"not_picked":["Darkness","Beam Cell"],"picked":"Streamline","floor":1},{"not_picked":["Redo","Force Field","Conserve Battery"],"picked":"SKIP","floor":4},{"not_picked":["Compile Driver","Reprogram"],"picked":"Beam Cell","floor":7},{"not_picked":["Undo","Ball Lightning"],"picked":"Genetic Algorithm","floor":10},{"not_picked":["Coolheaded","Hologram","Force Field"],"picked":"SKIP","floor":11},{"not_picked":["Fusion","Steam"],"picked":"Storm","floor":12},{"not_picked":["Gash","Coolheaded","Chaos"],"picked":"SKIP","floor":13},{"not_picked":["Thunder Strike","Coolheaded"],"picked":"Fission","floor":14},{"not_picked":["Core Surge","Meteor Strike"],"picked":"Echo Form","floor":16},{"not_picked":["Stack","Hologram","Coolheaded"],"picked":"SKIP","floor":18},{"not_picked":["Turbo","Capacitor"],"picked":"Chill","floor":19},{"not_picked":["Chaos","Rip and Tear"],"picked":"Self Repair+1","floor":22},{"not_picked":["Recycle+1","Steam"],"picked":"Loop+1","floor":23},{"not_picked":["Go for the Eyes","Redo","All For One"],"picked":"SKIP","floor":27},{"not_picked":["Darkness+1","Conserve Battery+1"],"picked":"Redo+1","floor":28},{"not_picked":["Leap+1","Barrage"],"picked":"Beam Cell","floor":30},{"not_picked":["Thunder Strike","Core Surge"],"picked":"Buffer","floor":33},{"not_picked":["Aggregate+1","Go for the Eyes+1"],"picked":"Sweeping Beam+1","floor":35},{"not_picked":["Double Energy+1","Rebound"],"picked":"Skim+1","floor":36},{"not_picked":["Stack+1","Auto Shields+1","Capacitor"],"picked":"SKIP","floor":38},{"not_picked":["Turbo+1","Beam Cell+1"],"picked":"Creative AI","floor":39},{"not_picked":["Rebound","Redo+1","Stack+1"],"picked":"SKIP","floor":40},{"not_picked":["Blizzard","Glacier+1","Hologram+1"],"picked":"SKIP","floor":41},{"not_picked":["Steam Power+1","Beam Cell+1"],"picked":"Consume+1","floor":46},{"not_picked":["Compile Driver","Force Field+1","Steam+1"],"picked":"SKIP","floor":48}],"player_experience":384296,"relics_obtained":[{"floor":7,"key":"PreservedInsect"},{"floor":9,"key":"Matryoshka"},{"floor":10,"key":"Nunchaku"},{"floor":12,"key":"Lantern"},{"floor":14,"key":"Symbiotic Virus"},{"floor":23,"key":"Bag of Marbles"},{"floor":26,"key":"Bronze Scales"},{"floor":26,"key":"Omamori"},{"floor":27,"key":"Anchor"},{"floor":28,"key":"TungstenRod"},{"floor":28,"key":"Toxic Egg 2"},{"floor":40,"key":"Art of War"},{"floor":43,"key":"Mummified Hand"},{"floor":43,"key":"Cables"},{"floor":47,"key":"Pocketwatch"}],"event_choices":[{"damage_healed":0,"gold_gain":0,"player_choice":"Grow","damage_taken":0,"max_hp_gain":0,"max_hp_loss":0,"event_name":"Living Wall","floor":2,"gold_loss":0,"cards_upgraded":["Streamline"]},{"damage_healed":0,"gold_gain":0,"player_choice":"Bought 0 Potions","damage_taken":0,"max_hp_gain":0,"max_hp_loss":0,"event_name":"The Woman in Blue","floor":3,"gold_loss":0},{"cards_removed":["Strike_B"],"damage_healed":0,"gold_gain":0,"player_choice":"Offered Basic","damage_taken":0,"max_hp_gain":0,"max_hp_loss":0,"event_name":"Bonfire Elementals","floor":5,"gold_loss":0},{"damage_healed":0,"gold_gain":0,"player_choice":"Forge","damage_taken":0,"max_hp_gain":0,"max_hp_loss":0,"event_name":"Accursed Blacksmith","floor":20,"gold_loss":0,"cards_upgraded":["Echo Form"]},{"damage_healed":0,"gold_gain":0,"player_choice":"Ignored","damage_taken":0,"max_hp_gain":0,"max_hp_loss":0,"event_name":"Cursed Tome","floor":24,"gold_loss":0},{"damage_healed":0,"gold_gain":0,"player_choice":"Fight","damage_taken":0,"max_hp_gain":0,"max_hp_loss":0,"event_name":"Colosseum","floor":28,"gold_loss":0},{"damage_healed":0,"gold_gain":0,"player_choice":"Fought Nobs","damage_taken":0,"max_hp_gain":0,"max_hp_loss":0,"event_name":"Colosseum","floor":28,"gold_loss":0},{"damage_healed":0,"gold_gain":0,"player_choice":"Upgrade","damage_taken":0,"relics_obtained":["Mark of the Bloom"],"max_hp_gain":0,"max_hp_loss":0,"event_name":"MindBloom","floor":45,"gold_loss":0,"cards_upgraded":["Defend_B","Dualcast","Chill","Beam Cell","Creative AI"]},{"damage_healed":0,"gold_gain":0,"player_choice":"Fight","damage_taken":0,"max_hp_gain":0,"max_hp_loss":0,"event_name":"Mysterious Sphere","floor":47,"gold_loss":0}],"is_beta":false,"boss_relics":[{"not_picked":["Runic Pyramid","Velvet Choker"],"picked":"Inserter"},{"not_picked":["Snecko Eye","Empty Cage"],"picked":"Tiny House"}],"items_purged_floors":[21,25,31],"is_endless":false,"potions_floor_spawned":[7,11,13,16,22,23,28,28,33,36,38,46,47],"ascension_level":6}}