{"host":"5kirneupyg4uzd3w","time":1612961423,"event":{"mods":["BaseMod","Colored Map","Custom Start","Minty Spire (QoL Compilation)","StSLib","SuperFastMode"],"gold_per_floor":[109,184,12,12,25,25,56,76,76,110,135,478,508,538,550,639,651,681,693,705,717,741,753,800,812,824,836,861,951,334,384,384,462,462,481,59,74,92,92,127,127,127,173,184,203,203,218,252,252,252,252,252,252,19,49,49,49],"floor_reached":56,"language":"KOR","playtime":1907,"items_purged":["Strike_R","Strike_R","Strike_R"],"score":1965,"play_id":"4de108b6-c8a5-4ec8-8c2a-a4aede011d7e","local_time":"20210210215023","is_ascension_mode":true,"campfire_choices":[{"data":"True Grit","floor":6.0,"key":"SMITH"},{"data":"Demon Form","floor":15.0,"key":"SMITH"},{"data":"Evolve","floor":23.0,"key":"SMITH"},{"data":"Feel No Pain","floor":25.0,"key":"SMITH"},{"data":"Juggernaut","floor":27.0,"key":"SMITH"},{"floor":32.0,"key":"REST"},{"floor":41.0,"key":"REST"},{"floor":46.0,"key":"RECALL"},{"floor":49.0,"key":"REST"},{"data":"Discovery","floor":53.0,"key":"SMITH"}],"circlet_count":0,"master_deck":["AscendersBane","Strike_R","Strike_R","Defend_R","Defend_R","Defend_R","Defend_R","Bash+1","Pommel Strike","True Grit+1","Evolve+1","Wild Strike+1","Demon Form+1","Intimidate","Feel No Pain+1","Power Through","Juggernaut+1","Warcry","Sword Boomerang+1","Immolate","Havoc+1","Uppercut+1","Shrug It Off","Dark Shackles","Dark Shackles","Discovery+1","Injury","Body Slam+1","Burning Pact+1","Purity","Inflame+1"],"relics":["Burning Blood","Dead Branch","Oddly Smooth Stone","CaptainsWheel","Torii","MawBank","Old Coin","Mark of Pain","Nilry\u0027s Codex","Bag of Marbles","Paper Frog","Mercury Hourglass","HornCleat","Shuriken","Cursed Key","Gambling Chip","Molten Egg 2","Happy Flower","Whetstone"],"acts_visited":["Exordium","TheCity","TheBeyond","TheEnding"],"potions_floor_usage":[],"damage_taken":[{"damage":10.0,"enemies":"2 Louse","floor":1.0,"turns":4.0},{"damage":6.0,"enemies":"Jaw Worm","floor":5.0,"turns":5.0},{"damage":22.0,"enemies":"3 Sentries","floor":7.0,"turns":7.0},{"damage":6.0,"enemies":"Small Slimes","floor":8.0,"turns":4.0},{"damage":22.0,"enemies":"Lagavulin","floor":10.0,"turns":7.0},{"damage":5.0,"enemies":"Gremlin Gang","floor":11.0,"turns":7.0},{"damage":11.0,"enemies":"3 Sentries","floor":12.0,"turns":5.0},{"damage":1.0,"enemies":"Exordium Wildlife","floor":13.0,"turns":5.0},{"damage":8.0,"enemies":"Large Slime","floor":14.0,"turns":7.0},{"damage":9.0,"enemies":"Hexaghost","floor":16.0,"turns":12.0},{"damage":0.0,"enemies":"Chosen","floor":18.0,"turns":6.0},{"damage":2.0,"enemies":"2 Thieves","floor":22.0,"turns":4.0},{"damage":20.0,"enemies":"Book of Stabbing","floor":24.0,"turns":5.0},{"damage":3.0,"enemies":"Chosen and Byrds","floor":28.0,"turns":7.0},{"damage":1.0,"enemies":"Champ","floor":33.0,"turns":8.0},{"damage":32.0,"enemies":"3 Darklings","floor":35.0,"turns":4.0},{"damage":0.0,"enemies":"3 Shapes","floor":37.0,"turns":1.0},{"damage":1.0,"enemies":"Transient","floor":38.0,"turns":6.0},{"damage":26.0,"enemies":"Reptomancer","floor":40.0,"turns":7.0},{"damage":22.0,"enemies":"Writhing Mass","floor":44.0,"turns":5.0},{"damage":0.0,"enemies":"4 Shapes","floor":45.0,"turns":4.0},{"damage":11.0,"enemies":"Spire Growth","floor":47.0,"turns":4.0},{"damage":15.0,"enemies":"Giant Head","floor":48.0,"turns":5.0},{"damage":21.0,"enemies":"Time Eater","floor":50.0,"turns":8.0},{"damage":13.0,"enemies":"Donu and Deca","floor":51.0,"turns":6.0},{"damage":35.0,"enemies":"Shield and Spear","floor":55.0,"turns":4.0},{"damage":30,"enemies":"The Heart","floor":56,"turns":5}],"seed_played":"-5053207037934566353","potions_obtained":[{"floor":5.0,"key":"PowerPotion"},{"floor":8.0,"key":"CultistPotion"},{"floor":11.0,"key":"EssenceOfSteel"},{"floor":12.0,"key":"Block Potion"},{"floor":21.0,"key":"AttackPotion"},{"floor":21.0,"key":"DuplicationPotion"},{"floor":22.0,"key":"SneckoOil"},{"floor":33.0,"key":"Energy Potion"},{"floor":35.0,"key":"Ancient Potion"},{"floor":45.0,"key":"Weak Potion"}],"is_trial":false,"path_per_floor":["M","?","$","?","M","R","E","M","T","E","M","E","M","M","R","B",null,"M","?","?","?","M","R","E","R","T","R","M","T","$","?","R","B",null,"M","$","M","M","?","E","R","?","T","M","M","R","M","E","R","B","B",null,"R","$","E","B"],"character_chosen":"IRONCLAD","items_purchased":["Oddly Smooth Stone","HornCleat","Shuriken","Gambling Chip","Purity"],"campfire_rested":3,"item_purchase_floors":[3,30,30,36,54],"current_hp_per_floor":[64,53,53,46,46,46,30,30,30,14,15,10,15,13,13,10,59,65,65,44,44,48,48,34,34,34,34,37,37,37,37,59,64,72,46,46,52,57,47,27,49,49,49,33,39,39,34,25,46,31,24,59,59,59,30,0,0],"gold":49,"neow_bonus":"ONE_RARE_RELIC","is_daily":false,"chose_seed":false,"campfire_upgraded":6,"win_rate":0.0,"timestamp":1612961423,"path_taken":["M","?","$","?","M","R","E","M","T","E","M","E","M","M","R","BOSS","M","?","?","?","?","R","E","R","T","R","?","?","$","?","R","BOSS","M","$","M","M","?","E","R","?","T","M","M","R","M","E","R","BOSS","BOSS","R","$","E","BOSS"],"items_purchased_type":["Relic","Relic","Relic","Relic","Card"],"build_version":"2020-12-22","purchased_purges":3,"victory":false,"max_hp_per_floor":[75,75,75,75,75,75,75,75,75,75,75,75,75,75,75,75,75,75,75,75,75,75,75,75,75,75,75,75,75,75,75,75,75,75,75,75,75,75,75,75,75,71,71,71,71,71,71,71,71,71,71,71,71,71,71,71,71],"card_choices":[{"not_picked":["Headbutt","Heavy Blade"],"picked":"Pommel Strike","floor":1.0},{"not_picked":["Perfected Strike","Body Slam"],"picked":"True Grit","floor":5.0},{"not_picked":["Carnage","Cleave"],"picked":"Evolve","floor":7.0},{"not_picked":["Rampage","Thunderclap"],"picked":"Wild Strike","floor":8.0},{"not_picked":["Thunderclap","Body Slam"],"picked":"Demon Form","floor":10.0},{"not_picked":["Clash","Rampage"],"picked":"Intimidate","floor":11.0},{"not_picked":["Twin Strike","Thunderclap"],"picked":"Feel No Pain","floor":12.0},{"not_picked":["Searing Blow","Iron Wave","Body Slam"],"picked":"SKIP","floor":13.0},{"not_picked":["True Grit","Body Slam"],"picked":"Power Through","floor":14.0},{"not_picked":["Brutality","Bludgeon"],"picked":"Juggernaut","floor":16.0},{"not_picked":["Armaments","Carnage","Metallicize"],"picked":"SKIP","floor":18.0},{"not_picked":["Sword Boomerang","Thunderclap+1","Clothesline"],"picked":"SKIP","floor":22.0},{"not_picked":["Sword Boomerang","Thunderclap+1","Clothesline"],"picked":"SKIP","floor":22.0},{"not_picked":["Dark Embrace","Twin Strike"],"picked":"Warcry","floor":24.0},{"not_picked":["Anger","Clash"],"picked":"Sword Boomerang+1","floor":28.0},{"not_picked":["Berserk","Juggernaut"],"picked":"Immolate","floor":33.0},{"not_picked":["Thunderclap+1","Iron Wave"],"picked":"Havoc+1","floor":35.0},{"not_picked":["Flex+1","Headbutt+1"],"picked":"Uppercut+1","floor":37.0},{"not_picked":["Spot Weakness","Twin Strike"],"picked":"Shrug It Off","floor":38.0},{"not_picked":["Blind","Swift Strike"],"picked":"Dark Shackles","floor":39.0},{"not_picked":["Flash of Steel","HandOfGreed"],"picked":"Dark Shackles","floor":39.0},{"not_picked":["Impatience","Trip"],"picked":"Discovery","floor":39.0},{"not_picked":["Ghostly Armor","Whirlwind+1","Juggernaut"],"picked":"SKIP","floor":40.0},{"not_picked":["Searing Blow+1","Twin Strike+1"],"picked":"Body Slam+1","floor":44.0},{"not_picked":["Ghostly Armor","Iron Wave+1","Anger+1"],"picked":"SKIP","floor":47.0},{"not_picked":["Clash+1","Clothesline+1"],"picked":"Burning Pact+1","floor":48.0},{"not_picked":["Headbutt+1","Sword Boomerang+1"],"picked":"Inflame+1","floor":55.0}],"player_experience":317021,"relics_obtained":[{"floor":7.0,"key":"CaptainsWheel"},{"floor":9.0,"key":"Torii"},{"floor":10.0,"key":"MawBank"},{"floor":12.0,"key":"Old Coin"},{"floor":20.0,"key":"Nilry\u0027s Codex"},{"floor":24.0,"key":"Bag of Marbles"},{"floor":26.0,"key":"Paper Frog"},{"floor":29.0,"key":"Mercury Hourglass"},{"floor":40.0,"key":"Molten Egg 2"},{"floor":48.0,"key":"Happy Flower"},{"floor":55.0,"key":"Whetstone"}],"event_choices":[{"damage_healed":0.0,"max_hp_gain":0.0,"max_hp_loss":0.0,"gold_gain":75.0,"event_name":"World of Goop","player_choice":"Gather Gold","floor":2.0,"gold_loss":0.0,"damage_taken":11.0},{"cards_removed":["Writhe"],"damage_healed":0.0,"max_hp_gain":0.0,"max_hp_loss":0.0,"gold_gain":0.0,"event_name":"Golden Wing","player_choice":"Card Removal","floor":4.0,"gold_loss":0.0,"damage_taken":7.0},{"damage_healed":0.0,"max_hp_gain":0.0,"max_hp_loss":0.0,"gold_gain":0.0,"event_name":"Vampires","player_choice":"Ignored","floor":19.0,"gold_loss":0.0,"damage_taken":0.0},{"damage_healed":0.0,"max_hp_gain":0.0,"max_hp_loss":0.0,"gold_gain":0.0,"event_name":"Cursed Tome","player_choice":"Obtained Book","floor":20.0,"gold_loss":0.0,"damage_taken":21.0},{"damage_healed":0.0,"max_hp_gain":0.0,"max_hp_loss":0.0,"gold_gain":0.0,"event_name":"Lab","player_choice":"Got Potions","floor":21.0,"gold_loss":0.0,"damage_taken":0.0},{"damage_healed":0.0,"max_hp_gain":0.0,"max_hp_loss":0.0,"gold_gain":50.0,"event_name":"Nest","player_choice":"Stole From Cult","floor":31.0,"gold_loss":0.0,"damage_taken":0.0},{"damage_healed":0.0,"max_hp_gain":0.0,"max_hp_loss":0.0,"gold_gain":0.0,"event_name":"SensoryStone","player_choice":"Memory 3","floor":39.0,"gold_loss":0.0,"damage_taken":10.0},{"damage_healed":0.0,"max_hp_gain":0.0,"max_hp_loss":4.0,"gold_gain":0.0,"event_name":"Winding Halls","player_choice":"Max HP","floor":42.0,"gold_loss":0.0,"damage_taken":0.0}],"is_beta":false,"boss_relics":[{"not_picked":["Astrolabe","Busted Crown"],"picked":"Mark of Pain"},{"not_picked":["Runic Cube","Black Blood"],"picked":"Cursed Key"}],"items_purged_floors":[30,36,54],"is_endless":false,"potions_floor_spawned":[5,8,11,12,22,33,35,45],"killed_by":"The Heart","ascension_level":20}}