{"host":"coame8l8goqx0svj","time":1612966157,"event":{"mods":["BaseMod","Downfall","Minty Spire (QoL Compilation)","StSLib"],"gold_per_floor":[99,114,114,29,39,39,88,100,122,146,178,229,241,571,611,737,749,761,802,814,814,814],"floor_reached":20,"language":"ENG","playtime":984,"items_purged":[],"score":226,"play_id":"c346fd27-dd5b-4754-b195-b01b7722f6a3","local_time":"20210210150917","is_ascension_mode":true,"campfire_choices":[{"data":"bronze:Replicate","floor":1,"key":"SMITH"},{"floor":6,"key":"REST"},{"data":"bronze:MaxOutput","floor":8,"key":"SMITH"},{"data":"bronze:Verify","floor":18,"key":"SMITH"}],"circlet_count":0,"master_deck":["bronze:Strike","bronze:Strike","bronze:Strike","bronze:Defend","bronze:Defend","bronze:Defend","bronze:Defend","bronze:Replicate+1","bronze:Goto","bronze:Refactor","bronze:MaxOutput+1","bronze:ChosenStrike","bronze:Constructor","bronze:FollowUp","downfall:Icky","downfall:Icky","bronze:Verify+1","bronze:HyperBeam","bronze:Branch"],"relics":["Philosopher\u0027s Stone","MawBank","CeramicFish","SlaversCollar"],"acts_visited":["Exordium","TheCity"],"potions_floor_usage":[16,16,20],"damage_taken":[{"damage":3,"enemies":"Jaw Worm","floor":2,"turns":3},{"damage":5,"enemies":"downfall:FleeingMerchant","floor":4,"turns":4},{"damage":6,"enemies":"2 Louse","floor":5,"turns":2},{"damage":0,"enemies":"Small Slimes","floor":9,"turns":2},{"damage":8,"enemies":"Blue Slaver","floor":10,"turns":3},{"damage":0,"enemies":"Exordium Wildlife","floor":11,"turns":3},{"damage":14,"enemies":"3 Sentries","floor":12,"turns":10},{"damage":1,"enemies":"2 Fungi Beasts","floor":15,"turns":3},{"damage":44,"enemies":"WA_ARCHETYPE_RETAIN","floor":16,"turns":8},{"damage":51,"enemies":"3 Byrds","floor":19,"turns":6},{"damage":5,"enemies":"3 Byrds","floor":20,"turns":1}],"seed_played":"1850996577380108585","potions_obtained":[{"floor":9,"key":"DuplicationPotion"},{"floor":11,"key":"SneckoOil"},{"floor":12,"key":"SkillPotion"},{"floor":19,"key":"SkillPotion"}],"is_trial":false,"path_per_floor":["R","M","?","$","M","R","T","R","M","M","M","E","?","?","M","B",null,"R","M","?"],"character_chosen":"THE_AUTOMATON","items_purchased":["bronze:ChosenStrike"],"campfire_rested":1,"item_purchase_floors":[4],"current_hp_per_floor":[63,60,60,55,49,70,70,70,70,62,62,48,48,48,47,3,53,53,2,0,0,0],"gold":814,"neow_bonus":"BOSS_RELIC","is_daily":false,"chose_seed":false,"campfire_upgraded":3,"win_rate":0.0,"timestamp":1612966157,"path_taken":["R","M","?","$","M","R","T","R","M","M","M","E","?","?","M","BOSS","R","M","?"],"items_purchased_type":["Card"],"build_version":"2020-12-22","purchased_purges":0,"victory":false,"max_hp_per_floor":[70,70,70,70,70,70,70,70,70,70,70,70,70,70,70,70,70,70,70,70,70,70],"card_choices":[{"not_picked":["bronze:Turbo","bronze:DelayedGuard"],"picked":"bronze:Refactor","floor":2},{"not_picked":["bronze:Branch","bronze:Iterate"],"picked":"bronze:MaxOutput","floor":4},{"not_picked":["bronze:WildBeam","bronze:Deprecate","bronze:Virus"],"picked":"SKIP","floor":5},{"not_picked":["bronze:CutThrough","bronze:BugBarrage"],"picked":"bronze:Constructor","floor":9},{"not_picked":["bronze:FineTuning","bronze:Branch","bronze:Separator"],"picked":"SKIP","floor":10},{"not_picked":["bronze:Constructor","bronze:Deprecate","bronze:Return"],"picked":"SKIP","floor":11},{"not_picked":["bronze:Shield","bronze:WhirlingStrike"],"picked":"bronze:FollowUp","floor":12},{"not_picked":["bronze:ForLoop","bronze:BitShift"],"picked":"bronze:Verify","floor":15},{"not_picked":["bronze:AlphaBuild","bronze:Format"],"picked":"bronze:HyperBeam","floor":16},{"not_picked":["bronze:Flail","bronze:WildBeam+1"],"picked":"bronze:Branch","floor":19}],"player_experience":1792549,"relics_obtained":[{"floor":7,"key":"MawBank"},{"floor":12,"key":"CeramicFish"}],"event_choices":[{"cards_removed":["bronze:Strike"],"damage_healed":0,"gold_gain":0,"player_choice":"Card Removal","damage_taken":0,"max_hp_gain":0,"max_hp_loss":0,"event_name":"The Cleric","floor":13,"gold_loss":0}],"is_beta":false,"boss_relics":[{"not_picked":["Pandora\u0027s Box","Coffee Dripper"],"picked":"SlaversCollar"}],"items_purged_floors":[],"is_endless":false,"potions_floor_spawned":[9,11,12,15,19],"killed_by":"3 Byrds","ascension_level":6}}