{"host":"yg1n0qads92lo9wl","time":1612933315,"event":{"mods":["BaseMod","Downfall","Luminous","Minty Spire (QoL Compilation)","StSLib","Warlord Emblem"],"gold_per_floor":[99,33,33,53,67,102,114,126,126,126],"floor_reached":8,"language":"ZHS","playtime":652,"items_purged":[],"score":59,"play_id":"cba44c55-3330-43a4-81e2-abc19dfcda2b","local_time":"20210210130155","is_ascension_mode":true,"campfire_choices":[{"data":"Guardian:PrismaticBarrier","floor":1,"key":"SMITH"}],"circlet_count":0,"master_deck":["Guardian:Strike_Guardian","Guardian:Strike_Guardian","Guardian:Defend_Guardian","Guardian:Defend_Guardian","Guardian:Defend_Guardian","Guardian:CurlUp","Guardian:TwinSlam","Guardian:PrismaticBarrier+1","Guardian:Harden","Guardian:Gem_Red","Parasite","Guardian:Repulse","Guardian:PrimingBeam","Guardian:PiercingHide"],"relics":["Guardian:ModeShifter","MawBank","Pantograph"],"acts_visited":["Exordium"],"potions_floor_usage":[8],"damage_taken":[{"damage":0,"enemies":"downfall:FleeingMerchant","floor":2,"turns":4},{"damage":13,"enemies":"Jaw Worm","floor":4,"turns":6},{"damage":10,"enemies":"Cultist","floor":5,"turns":5},{"damage":35,"enemies":"3 Sentries","floor":6,"turns":13},{"damage":39,"enemies":"Lagavulin","floor":8,"turns":14}],"seed_played":"5491871469389254166","potions_obtained":[{"floor":5,"key":"FairyPotion"},{"floor":6,"key":"Fruit Juice"}],"is_trial":false,"path_per_floor":["R","$","?","M","M","E","T","E"],"character_chosen":"GUARDIAN","items_purchased":["Guardian:Gem_Red"],"campfire_rested":0,"item_purchase_floors":[2],"current_hp_per_floor":[80,80,80,67,57,22,22,13,13,13],"gold":126,"neow_bonus":"THREE_CARDS","is_daily":false,"chose_seed":false,"campfire_upgraded":1,"win_rate":0.0,"timestamp":1612933315,"path_taken":["R","$","?","?","M","E","T","E"],"items_purchased_type":["Card"],"build_version":"2020-12-22","purchased_purges":0,"victory":false,"max_hp_per_floor":[80,80,80,80,80,80,80,85,85,85],"card_choices":[{"not_picked":["Guardian:Gem_Lightblue","Guardian:PrimingBeam"],"picked":"Guardian:PrismaticBarrier","floor":0},{"not_picked":["Guardian:Planning","Guardian:StasisEngine"],"picked":"Guardian:Harden","floor":2},{"not_picked":["Guardian:Suspension","Guardian:ShieldCharger"],"picked":"Guardian:Repulse","floor":4},{"not_picked":["Guardian:TemporalStrike","Guardian:Preprogram"],"picked":"Guardian:PrimingBeam","floor":5},{"not_picked":["Guardian:Planning","Guardian:MultiBeam"],"picked":"Guardian:PiercingHide","floor":6}],"player_experience":453671,"relics_obtained":[{"floor":6,"key":"MawBank"},{"floor":7,"key":"Pantograph"}],"event_choices":[],"is_beta":false,"boss_relics":[],"items_purged_floors":[],"is_endless":false,"potions_floor_spawned":[5,6],"killed_by":"Lagavulin","ascension_level":2}}