{"host":"abo8h6rpy4i6n2au","time":1612949809,"event":{"mods":["AchievementEnabler","Act Like it!","Aspiration","BaseMod","Better Altar","Better Match","Better Note","Better Sensory Stone","Better Skull","Better Third Choice","BetterRewards","Colored Map","Colored Powertips","Conspire","DeckTracker","Energized Spire","Gensokyo","GungeonMod","Hallownest","Hermit","Highlight Path","HololiveMod","Hubris","Jedi Mod","Jorbs\u0027s Wanderer Trilogy","Marisa????????","Minty Spire (QoL Compilation)","Remilia??????","Shop Mod","StSLib","The Bug Knight","The Cursed","The Hierophant","The Jungle","The Kombatant","The Necromancer","The Runesmith","The Senshi","The Servant 0.9.4","Yuri Mod"],"gold_per_floor":[114,114,114,130,147,147,147,147],"floor_reached":7,"language":"ENG","playtime":256,"items_purged":[],"score":43,"play_id":"097bd622-da41-4f7b-8e74-6ae5436841a0","local_time":"20210210103649","is_ascension_mode":true,"campfire_choices":[{"floor":6,"key":"REST"}],"circlet_count":0,"master_deck":["Strike_G","Strike_G","Strike_G","Strike_G","Strike_G","Defend_G","Defend_G","Defend_G","Defend_G","Defend_G","Survivor","Neutralize","jedi:pocketpoison","Blade Dance","Dagger Throw"],"relics":["Ring of the Snake","NeowsBlessing","Gensokyo:CelestialsFlawlessClothing","Runesmith:AutoHammer","DemoMod:ClearGuonStone","Nunchaku"],"acts_visited":["Gensokyo:Gensokyo"],"potions_floor_usage":[],"damage_taken":[{"damage":0,"enemies":"Gensokyo:3_Fairies","floor":1,"turns":1},{"damage":0,"enemies":"Gensokyo:Gryphon","floor":4,"turns":1},{"damage":0,"enemies":"Gensokyo:2_Kodama","floor":5,"turns":1},{"damage":30,"enemies":"Gensokyo:Cirno","floor":7,"turns":8}],"seed_played":"-4734649499330264358","potions_obtained":[],"is_trial":false,"path_per_floor":["M","?","?","M","M","R","E"],"character_chosen":"THE_SILENT","items_purchased":[],"campfire_rested":1,"item_purchase_floors":[],"current_hp_per_floor":[70,53,7,7,7,28,70,70],"gold":147,"neow_bonus":"THREE_ENEMY_KILL","is_daily":false,"chose_seed":false,"campfire_upgraded":0,"win_rate":0.0,"timestamp":1612949809,"path_taken":["M","?","?","?","M","R","E"],"items_purchased_type":[],"build_version":"2020-12-22","purchased_purges":0,"victory":false,"max_hp_per_floor":[70,70,70,70,70,70,70,70],"card_choices":[{"not_picked":["Acrobatics","All Out Attack"],"picked":"jedi:pocketpoison","floor":1},{"not_picked":["Cloak And Dagger","aspiration:Lunge"],"picked":"Blade Dance","floor":4},{"not_picked":["Acrobatics","Underhanded Strike"],"picked":"Dagger Throw","floor":5}],"player_experience":130547,"relics_obtained":[],"event_choices":[{"damage_healed":0,"gold_gain":0,"player_choice":"RE RE RE ","damage_taken":52,"relics_obtained":["Runesmith:AutoHammer","DemoMod:ClearGuonStone","Nunchaku"],"max_hp_gain":0,"max_hp_loss":0,"event_name":"betterSkull:BetterSkull","floor":3,"gold_loss":0,"cards_upgraded":[]}],"is_beta":false,"boss_relics":[],"items_purged_floors":[],"is_endless":false,"potions_floor_spawned":[],"killed_by":"Gensokyo:Cirno","ascension_level":1}}