{"host":"sav7uxregyirlf69","time":1612937783,"event":{"mods":["AchievementEnabler","BaseMod","Colored Map","DeckTracker","Keyboard Shortcuts","Minty Spire (QoL Compilation)","READ ME - Guardian Mod","StSLib","SuperFastMode"],"gold_per_floor":[11,11,34,34,57,57,75,0,0,25,50,50,75,88,88,177,177,196,196,20,36,60,60,81,81,81,81,101,101,101],"floor_reached":29,"language":"KOR","playtime":511,"items_purged":["Strike_B"],"score":442,"play_id":"b5a746ad-4bae-4846-b359-45931f61950b","local_time":"20210210151623","is_ascension_mode":true,"campfire_choices":[{"data":"Streamline","floor":6,"key":"SMITH"},{"data":"Hologram","floor":15,"key":"SMITH"},{"data":"Go for the Eyes","floor":23,"key":"SMITH"},{"data":"FTL","floor":25,"key":"SMITH"}],"circlet_count":0,"master_deck":["AscendersBane","Zap+1","Dualcast","All For One","BootSequence","Steam","Streamline+1","Rebound","Hologram+1","Gash","Gash","Reboot","Multi-Cast","Scrape","Biased Cognition","Sweeping Beam","Rainbow","Rainbow","Go for the Eyes+1","Gash","Beam Cell","Bandage Up","Recycle+1","FTL+1"],"relics":["Cracked Core","Golden Idol","Pandora\u0027s Box","StrikeDummy"],"acts_visited":["Exordium","TheCity"],"potions_floor_usage":[16,24],"damage_taken":[{"damage":7,"enemies":"Small Slimes","floor":1,"turns":3},{"damage":1,"enemies":"Cultist","floor":3,"turns":3},{"damage":0,"enemies":"2 Louse","floor":5,"turns":2},{"damage":0,"enemies":"Red Slaver","floor":7,"turns":3},{"damage":13,"enemies":"Lots of Slimes","floor":10,"turns":4},{"damage":12,"enemies":"Large Slime","floor":11,"turns":4},{"damage":4,"enemies":"2 Fungi Beasts","floor":13,"turns":4},{"damage":0,"enemies":"Exordium Wildlife","floor":14,"turns":2},{"damage":22,"enemies":"Hexaghost","floor":16,"turns":9},{"damage":0,"enemies":"Spheric Guardian","floor":18,"turns":3},{"damage":8,"enemies":"Shell Parasite","floor":21,"turns":3},{"damage":5,"enemies":"Snecko","floor":22,"turns":4},{"damage":18,"enemies":"3 Cultists","floor":24,"turns":4},{"damage":16,"enemies":"Chosen and Byrds","floor":28,"turns":5},{"damage":29,"enemies":"Snake Plant","floor":29,"turns":3}],"seed_played":"8029108289737382781","potions_obtained":[{"floor":5,"key":"GamblersBrew"},{"floor":7,"key":"SneckoOil"},{"floor":11,"key":"Weak Potion"},{"floor":22,"key":"Regen Potion"},{"floor":24,"key":"SteroidPotion"}],"is_trial":false,"path_per_floor":["M","?","M","?","M","R","M","$","T","M","M","?","M","M","R","B",null,"M","?","$","M","M","R","M","R","T","?","M","M"],"character_chosen":"DEFECT","items_purchased":["Gash","Beam Cell","Bandage Up"],"campfire_rested":0,"item_purchase_floors":[20,20,20],"current_hp_per_floor":[57,57,56,56,56,56,56,56,56,43,31,31,27,27,27,5,49,49,49,49,41,40,40,35,35,35,35,23,0,0],"gold":101,"neow_bonus":"THREE_RARE_CARDS","is_daily":false,"chose_seed":false,"campfire_upgraded":4,"win_rate":0.0,"timestamp":1612937783,"path_taken":["M","?","M","?","M","R","?","?","T","M","M","?","M","M","R","BOSS","M","?","$","M","M","R","M","R","T","?","M","M"],"items_purchased_type":["Card","Card","Card"],"build_version":"2020-12-22","purchased_purges":1,"victory":false,"max_hp_per_floor":[71,64,64,64,64,64,64,64,64,64,64,64,64,64,64,64,64,64,64,64,64,64,64,64,64,64,64,64,64,64],"card_choices":[{"not_picked":["Reboot","Thunder Strike"],"picked":"All For One","floor":0},{"not_picked":["Rebound","Capacitor"],"picked":"BootSequence","floor":1},{"not_picked":["Doom and Gloom","Leap"],"picked":"Steam","floor":3},{"not_picked":["Melter","Stack"],"picked":"Streamline","floor":5},{"not_picked":["Ball Lightning","Coolheaded"],"picked":"Rebound","floor":7},{"not_picked":["Leap","Doom and Gloom"],"picked":"Hologram","floor":10},{"not_picked":["Tempest","Go for the Eyes"],"picked":"Gash","floor":11},{"not_picked":["Blizzard","Redo","Fusion"],"picked":"SKIP","floor":13},{"not_picked":["Rip and Tear","Melter"],"picked":"Gash","floor":14},{"not_picked":["Machine Learning","Meteor Strike"],"picked":"Reboot","floor":16},{"not_picked":["Hologram","Conserve Battery"],"picked":"Go for the Eyes","floor":18},{"not_picked":["Conserve Battery","Streamline+1"],"picked":"Recycle+1","floor":21},{"not_picked":["Fusion","Hello World","Rainbow"],"picked":"SKIP","floor":22},{"not_picked":["Force Field+1","Genetic Algorithm"],"picked":"FTL","floor":24},{"not_picked":["Redo","Streamline","Conserve Battery"],"picked":"SKIP","floor":28}],"player_experience":1549935,"relics_obtained":[{"floor":26,"key":"StrikeDummy"}],"event_choices":[{"damage_healed":0,"gold_gain":0,"player_choice":"Lose Max HP","damage_taken":0,"relics_obtained":["Golden Idol"],"max_hp_gain":0,"max_hp_loss":7,"event_name":"Golden Idol","floor":2,"gold_loss":0},{"damage_healed":0,"gold_gain":0,"player_choice":"Upgraded","damage_taken":0,"max_hp_gain":0,"max_hp_loss":0,"event_name":"Upgrade Shrine","floor":4,"gold_loss":0,"cards_upgraded":["Zap"]},{"damage_healed":0,"gold_gain":0,"player_choice":"Leave","damage_taken":0,"max_hp_gain":0,"max_hp_loss":0,"event_name":"The Cleric","floor":12,"gold_loss":0},{"damage_healed":0,"gold_gain":0,"player_choice":"Ignored","damage_taken":0,"max_hp_gain":0,"max_hp_loss":0,"event_name":"Vampires","floor":19,"gold_loss":0},{"cards_removed":["Ball Lightning"],"damage_healed":0,"gold_gain":0,"player_choice":"Elegance","damage_taken":0,"max_hp_gain":0,"max_hp_loss":0,"event_name":"Back to Basics","floor":27,"gold_loss":0}],"is_beta":false,"boss_relics":[{"not_picked":["FrozenCore","Snecko Eye"],"picked":"Pandora\u0027s Box"}],"items_purged_floors":[8],"is_endless":false,"potions_floor_spawned":[5,7,11,22,24],"killed_by":"Snake Plant","ascension_level":20}}