{"host":"8fuipfsvjht9cgcs","time":1612923762,"event":{"mods":["AchievementEnabler","BaseMod","Colored Map","Colored Powertips","DeckTracker","Friendly Minions","Kiyohime£¨?ýï£©","Marisa£¨Ùöéë¡¡Øª×âÞÞ£©","Minty Spire (QoL Compilation)","Prisma Mod","StSLib","SuperFastMode","The Cursed","The Gatherer"],"gold_per_floor":[118,118,118,46,66,66,85,85,85,85,119,119,139,157,157,256,256,275,275,55,154,173,173,188,188,188],"floor_reached":25,"language":"KOR","playtime":1179,"items_purged":["Hello World"],"score":261,"play_id":"c8b875fd-4ae8-4c3b-bd7f-594b9e4be2f7","local_time":"20210210152242","is_ascension_mode":true,"campfire_choices":[{"data":"Zap","floor":6.0,"key":"SMITH"},{"data":"Defragment","floor":8.0,"key":"SMITH"},{"data":"Capacitor","floor":10.0,"key":"SMITH"},{"data":"Turbo","floor":12.0,"key":"SMITH"},{"data":"Cold Snap","floor":15.0,"key":"SMITH"},{"data":"Heatsinks","floor":23.0,"key":"SMITH"}],"circlet_count":0,"master_deck":["Zap+1","Dualcast+1","Ball Lightning","Capacitor+1","Turbo+1","Defragment+1","Meteor Strike","Cold Snap+1","Echo Form","Capacitor","Tempest","Multi-Cast","Genetic Algorithm","White Noise","Skim","Chill","Heatsinks+1","Defragment"],"relics":["Cracked Core","Emotion Chip","Pear","Ornamental Fan","Pandora\u0027s Box","Tiny Chest"],"acts_visited":["Exordium","TheCity"],"potions_floor_usage":[25,25],"damage_taken":[{"damage":0.0,"enemies":"2 Louse","floor":1.0,"turns":2.0},{"damage":7.0,"enemies":"Jaw Worm","floor":5.0,"turns":2.0},{"damage":0.0,"enemies":"Cultist","floor":7.0,"turns":2.0},{"damage":10.0,"enemies":"Lagavulin","floor":11.0,"turns":5.0},{"damage":8.0,"enemies":"Exordium Wildlife","floor":13.0,"turns":3.0},{"damage":6.0,"enemies":"Looter","floor":14.0,"turns":2.0},{"damage":18.0,"enemies":"The Guardian","floor":16.0,"turns":7.0},{"damage":24.0,"enemies":"Chosen","floor":18.0,"turns":5.0},{"damage":19.0,"enemies":"Spheric Guardian","floor":22.0,"turns":4.0},{"damage":12.0,"enemies":"Snecko","floor":24.0,"turns":3.0},{"damage":11,"enemies":"Slavers","floor":25,"turns":2}],"seed_played":"1261215448446383091","potions_obtained":[{"floor":5.0,"key":"ColorlessPotion"},{"floor":11.0,"key":"EssenceOfDarkness"},{"floor":24.0,"key":"GamblersBrew"}],"is_trial":false,"path_per_floor":["M","?","?","$","M","R","M","R","T","R","E","R","M","M","R","B",null,"M","?","$","?","M","R","M","E"],"character_chosen":"DEFECT","items_purchased":["Capacitor","Tiny Chest"],"campfire_rested":0,"item_purchase_floors":[4,20],"current_hp_per_floor":[68,54,47,47,40,40,40,40,50,50,40,40,32,26,26,8,61,37,37,37,37,18,18,6,0,0],"gold":188,"neow_bonus":"REMOVE_TWO","is_daily":false,"chose_seed":false,"campfire_upgraded":6,"win_rate":0.0,"timestamp":1612923762,"path_taken":["M","?","?","?","?","R","M","R","T","R","E","R","M","M","R","BOSS","M","?","$","?","M","R","M","E"],"items_purchased_type":["Card","Relic"],"build_version":"2020-12-22","purchased_purges":1,"victory":false,"max_hp_per_floor":[68,68,68,68,68,68,68,68,78,78,78,78,78,78,78,78,78,78,78,78,78,78,78,78,78,78],"card_choices":[{"not_picked":["Streamline","Steam"],"picked":"Ball Lightning","floor":1.0},{"not_picked":["Steam Power","Rip and Tear"],"picked":"Turbo","floor":5.0},{"not_picked":["Rebound","Barrage"],"picked":"Defragment","floor":7.0},{"not_picked":["Conserve Battery","Turbo"],"picked":"Meteor Strike","floor":11.0},{"not_picked":["Leap","Doom and Gloom","Rebound"],"picked":"SKIP","floor":13.0},{"not_picked":["Hologram","Sweeping Beam"],"picked":"Cold Snap","floor":14.0},{"not_picked":["Rainbow","Core Surge"],"picked":"Echo Form","floor":16.0},{"not_picked":["Stack+1","Sweeping Beam+1"],"picked":"Skim","floor":18.0},{"not_picked":["Chaos","Reprogram"],"picked":"Heatsinks","floor":22.0},{"not_picked":["Steam","Leap"],"picked":"Defragment","floor":24.0}],"player_experience":485151,"relics_obtained":[{"floor":9.0,"key":"Pear"},{"floor":11.0,"key":"Ornamental Fan"}],"event_choices":[{"damage_healed":0.0,"max_hp_gain":0.0,"max_hp_loss":0.0,"gold_gain":0.0,"event_name":"Shining Light","player_choice":"Entered Light","floor":2.0,"gold_loss":0.0,"damage_taken":14.0,"cards_upgraded":["Dualcast","Strike_B"]},{"damage_healed":0.0,"max_hp_gain":0.0,"max_hp_loss":0.0,"gold_gain":0.0,"event_name":"Scrap Ooze","player_choice":"Success","floor":3.0,"gold_loss":0.0,"damage_taken":7.0,"relics_obtained":["Emotion Chip"]},{"damage_healed":0.0,"max_hp_gain":0.0,"max_hp_loss":0.0,"gold_gain":0.0,"event_name":"The Library","player_choice":"Read","floor":19.0,"gold_loss":0.0,"damage_taken":0.0,"cards_obtained":["Chill"]},{"damage_healed":0.0,"max_hp_gain":0.0,"max_hp_loss":0.0,"gold_gain":99.0,"event_name":"Nest","player_choice":"Stole From Cult","floor":21.0,"gold_loss":0.0,"damage_taken":0.0}],"is_beta":false,"boss_relics":[{"not_picked":["Fusion Hammer","Philosopher\u0027s Stone"],"picked":"Pandora\u0027s Box"}],"items_purged_floors":[20],"is_endless":false,"potions_floor_spawned":[5,11,24],"killed_by":"Slavers","ascension_level":6}}