{"host":"cy3pd5cut10e7v8y","time":1612997655,"event":{"mods":["AchievementEnabler","Act Like it!","BaseMod","Colored Map","Colored Powertips","Koishi","Minty Spire (QoL Compilation)","StSLib","The Animator","Waifu the Spire"],"gold_per_floor":[119,119,129,129,54,82,82,108,131,131,131,131,79,29,29,126,126,144,162,162,162,162,162,162,189,216,229,244,244,258,107,107],"floor_reached":31,"language":"ENG","playtime":1123,"items_purged":["Strike_G"],"score":264,"play_id":"ee9b13df-cd71-4095-9851-83369478e82d","local_time":"20210210235415","is_ascension_mode":false,"campfire_choices":[{"data":"Noxious Fumes","floor":7,"key":"SMITH"},{"data":"Deadly Poison","floor":12,"key":"SMITH"},{"floor":15,"key":"REST"},{"floor":24,"key":"REST"}],"circlet_count":0,"master_deck":["Strike_G","Strike_G+1","Defend_G+1","Defend_G","Survivor","Neutralize+1","Noxious Fumes+1","Deadly Poison+1","Backflip","Bane","Tools of the Trade","Footwork"],"relics":["Ring of the Snake","NeowsBlessing","Juzu Bracelet","Gremlin Horn","Centennial Puzzle","Black Star","Nilry\u0027s Codex","Red Mask","Oddly Smooth Stone","Orrery"],"acts_visited":["Exordium","TheCity"],"potions_floor_usage":[25,27,29],"damage_taken":[{"damage":0,"enemies":"2 Louse","floor":1,"turns":1},{"damage":0,"enemies":"Cultist","floor":3,"turns":1},{"damage":0,"enemies":"Lagavulin","floor":6,"turns":1},{"damage":16,"enemies":"3 Sentries","floor":8,"turns":8},{"damage":3,"enemies":"The Guardian","floor":16,"turns":8},{"damage":5,"enemies":"Chosen","floor":18,"turns":4},{"damage":5,"enemies":"Shell Parasite","floor":19,"turns":5},{"damage":10,"enemies":"Masked Bandits","floor":25,"turns":3},{"damage":21,"enemies":"Snake Plant","floor":27,"turns":4},{"damage":12,"enemies":"Sentry and Sphere","floor":28,"turns":5},{"damage":3,"enemies":"Colosseum Slavers","floor":29,"turns":3},{"damage":5,"enemies":"Snecko","floor":30,"turns":5}],"seed_played":"4801452661857726178","potions_obtained":[{"floor":6,"key":"Energy Potion"},{"floor":16,"key":"SmokeBomb"},{"floor":18,"key":"ColorlessPotion"},{"floor":27,"key":"LiquidBronze"}],"is_trial":false,"path_per_floor":["M","?","M","?","$","E","R","E","T","?","?","R","$","?","R","B",null,"M","M","?","?","?","?","R","?","T","M","M","?","M","$"],"character_chosen":"THE_SILENT","items_purchased":["Bane","Orrery"],"campfire_rested":2,"item_purchase_floors":[13,31],"current_hp_per_floor":[70,70,70,56,56,56,56,40,40,40,40,40,40,40,61,58,70,65,60,44,44,44,44,65,55,55,34,22,19,14,14,14],"gold":107,"neow_bonus":"THREE_ENEMY_KILL","is_daily":false,"chose_seed":false,"campfire_upgraded":2,"win_rate":0.0,"timestamp":1612997655,"path_taken":["M","?","?","?","$","E","R","E","T","?","?","R","?","?","R","BOSS","M","M","?","?","?","?","R","?","T","M","M","?","M","$"],"items_purchased_type":["Card","Relic"],"build_version":"2020-12-22","purchased_purges":1,"victory":false,"max_hp_per_floor":[70,70,70,70,70,70,70,70,70,70,70,70,70,70,70,70,70,70,70,70,70,70,70,70,70,70,70,70,70,70,70,70],"card_choices":[{"not_picked":["Blade Dance","Prepared"],"picked":"Noxious Fumes","floor":1},{"not_picked":["Backstab","Infinite Blades","Riddle With Holes"],"picked":"SKIP","floor":3},{"not_picked":["Slice","A Thousand Cuts"],"picked":"Deadly Poison","floor":6},{"not_picked":["Underhanded Strike","Dagger Spray","Cloak And Dagger"],"picked":"SKIP","floor":8},{"not_picked":["Acrobatics","Cloak And Dagger","PiercingWail"],"picked":"SKIP","floor":18},{"not_picked":["Accuracy","All Out Attack","Backstab"],"picked":"SKIP","floor":19},{"not_picked":["Slice","Dodge and Roll","Blur"],"picked":"SKIP","floor":27},{"not_picked":["Backstab","Backflip+1","Quick Slash+1"],"picked":"SKIP","floor":28},{"not_picked":["Flechettes","Outmaneuver"],"picked":"Footwork","floor":30}],"player_experience":182894,"relics_obtained":[{"floor":6,"key":"Juzu Bracelet"},{"floor":8,"key":"Gremlin Horn"},{"floor":9,"key":"Centennial Puzzle"},{"floor":20,"key":"Nilry\u0027s Codex"},{"floor":25,"key":"Red Mask"},{"floor":26,"key":"Oddly Smooth Stone"}],"event_choices":[{"damage_healed":0,"gold_gain":0,"player_choice":"Upgraded","damage_taken":0,"max_hp_gain":0,"max_hp_loss":0,"event_name":"Upgrade Shrine","floor":2,"gold_loss":0,"cards_upgraded":["Neutralize"]},{"damage_healed":0,"gold_gain":0,"player_choice":"Entered Light","damage_taken":14,"max_hp_gain":0,"max_hp_loss":0,"event_name":"Shining Light","floor":4,"gold_loss":0,"cards_upgraded":["Defend_G","Strike_G"]},{"damage_healed":0,"gold_gain":0,"cards_transformed":["Defend_G"],"player_choice":"Transformed","damage_taken":0,"max_hp_gain":0,"max_hp_loss":0,"event_name":"Transmorgrifier","floor":10,"gold_loss":0,"cards_obtained":["Backflip"]},{"cards_removed":["Defend_G"],"damage_healed":0,"gold_gain":0,"player_choice":"Purged","damage_taken":0,"max_hp_gain":0,"max_hp_loss":0,"event_name":"Purifier","floor":11,"gold_loss":0},{"cards_removed":["Strike_G"],"damage_healed":0,"gold_gain":0,"player_choice":"Card Removal","damage_taken":0,"max_hp_gain":0,"max_hp_loss":0,"event_name":"The Cleric","floor":14,"gold_loss":50},{"damage_healed":0,"gold_gain":0,"player_choice":"Obtained Book","damage_taken":16,"max_hp_gain":0,"max_hp_loss":0,"event_name":"Cursed Tome","floor":20,"gold_loss":0},{"damage_healed":0,"gold_gain":0,"cards_transformed":["Defend_G","Strike_G"],"player_choice":"Became Test Subject","damage_taken":0,"max_hp_gain":0,"max_hp_loss":0,"event_name":"Drug Dealer","floor":21,"gold_loss":0,"cards_obtained":["Predator","Tools of the Trade"]},{"cards_removed":["Predator"],"damage_healed":0,"gold_gain":0,"player_choice":"Elegance","damage_taken":0,"max_hp_gain":0,"max_hp_loss":0,"event_name":"Back to Basics","floor":22,"gold_loss":0},{"damage_healed":0,"gold_gain":0,"player_choice":"Ignored","damage_taken":0,"max_hp_gain":0,"max_hp_loss":0,"event_name":"Vampires","floor":23,"gold_loss":0},{"damage_healed":0,"gold_gain":0,"player_choice":"Fought Bandits","damage_taken":0,"max_hp_gain":0,"max_hp_loss":0,"event_name":"Masked Bandits","floor":25,"gold_loss":0},{"damage_healed":0,"gold_gain":0,"player_choice":"Fight","damage_taken":0,"max_hp_gain":0,"max_hp_loss":0,"event_name":"Colosseum","floor":29,"gold_loss":0},{"damage_healed":0,"gold_gain":0,"player_choice":"Fled From Nobs","damage_taken":0,"max_hp_gain":0,"max_hp_loss":0,"event_name":"Colosseum","floor":29,"gold_loss":0}],"is_beta":false,"boss_relics":[{"not_picked":["Coffee Dripper","Ectoplasm"],"picked":"Black Star"}],"items_purged_floors":[5],"is_endless":false,"potions_floor_spawned":[6,16,18,27],"ascension_level":0}}