{"host":"mydft8i2zzydgggw","time":1612944777,"event":{"mods":["AchievementEnabler","BaseMod","Colored Map","Colored Powertips","DeckTracker","Keyboard Shortcuts","Minty Spire (QoL Compilation)","Rare Cards Sparkle","StSLib","SuperFastMode","everything is the same but u backflip on backflip"],"gold_per_floor":[19,19,33,49,49,49,14,26,73,90,90,124,199,231,231,336,336,350,275,275,16,30,30,65,85,109,109,122,72,92,182,182,182,182],"floor_reached":33,"language":"KOR","playtime":576,"items_purged":["Strike_P","Strike_P"],"score":480,"play_id":"fa0e4140-5e5a-4394-b61b-d4ee66c2a668","local_time":"20210210171257","is_ascension_mode":true,"campfire_choices":[{"data":"Crescendo","floor":6.0,"key":"SMITH"},{"data":"FlurryOfBlows","floor":11.0,"key":"SMITH"},{"data":"1","floor":15,"key":"LIFT"},{"data":"Adaptation","floor":23,"key":"SMITH"},{"floor":32,"key":"REST"}],"circlet_count":0,"master_deck":["AscendersBane","Defend_P","Defend_P","Defend_P","Defend_P","Eruption+1","Vigilance","Crescendo+1","EmptyBody+1","FollowUp","FlurryOfBlows+1","Ragnarok","Protect","Omniscience+1","SashWhip","Adaptation+1","FearNoEvil"],"relics":["PureWater","Bird Faced Urn","Toy Ornithopter","Girya","Busted Crown","Nloth\u0027s Gift","Orrery","War Paint","Smiling Mask"],"acts_visited":["Exordium","TheCity"],"potions_floor_usage":[14,24,33],"damage_taken":[{"damage":0.0,"enemies":"Cultist","floor":1.0,"turns":4.0},{"damage":7.0,"enemies":"2 Louse","floor":3.0,"turns":3.0},{"damage":2.0,"enemies":"Jaw Worm","floor":4.0,"turns":3.0},{"damage":2.0,"enemies":"Exordium Wildlife","floor":8.0,"turns":3.0},{"damage":0.0,"enemies":"Large Slime","floor":10.0,"turns":4.0},{"damage":10.0,"enemies":"Gremlin Nob","floor":12.0,"turns":3.0},{"damage":0,"enemies":"Lagavulin","floor":14,"turns":2},{"damage":31,"enemies":"Slime Boss","floor":16,"turns":5},{"damage":0,"enemies":"Chosen","floor":18,"turns":2},{"damage":6,"enemies":"Spheric Guardian","floor":22,"turns":3},{"damage":18,"enemies":"Gremlin Leader","floor":24,"turns":3},{"damage":19,"enemies":"Shelled Parasite and Fungi","floor":25,"turns":4},{"damage":0,"enemies":"Snecko","floor":28,"turns":3},{"damage":24,"enemies":"Centurion and Healer","floor":30,"turns":4},{"damage":51,"enemies":"Champ","floor":33,"turns":7}],"seed_played":"4326500595901172864","potions_obtained":[{"floor":3.0,"key":"Explosive Potion"},{"floor":4.0,"key":"Ancient Potion"},{"floor":12.0,"key":"SteroidPotion"},{"floor":14,"key":"LiquidBronze"},{"floor":25,"key":"GamblersBrew"}],"is_trial":false,"path_per_floor":["M","?","M","M","?","R","?","M","T","M","R","E","?","E","R","B",null,"M","?","?","$","M","R","E","M","T","?","M","$","M","?","R","B"],"character_chosen":"WATCHER","items_purchased":["Adaptation","Orrery"],"campfire_rested":1,"item_purchase_floors":[21,21],"current_hp_per_floor":[65,65,58,56,61,61,77,75,75,75,75,65,58,63,63,32,66,66,66,66,66,62,62,51,34,34,34,34,34,14,2,25,0,0],"gold":182,"neow_bonus":"ONE_RARE_RELIC","is_daily":false,"chose_seed":false,"campfire_upgraded":3,"win_rate":0.0,"timestamp":1612944777,"path_taken":["M","?","M","?","?","R","?","M","T","?","R","E","?","E","R","BOSS","M","?","?","$","?","R","E","M","T","?","?","?","M","?","R","BOSS"],"items_purchased_type":["Card","Relic"],"build_version":"2020-12-22","purchased_purges":2,"victory":false,"max_hp_per_floor":[72,72,72,72,77,77,77,77,77,77,77,77,77,77,77,77,77,77,77,77,77,77,77,77,77,77,77,77,77,77,77,77,77,77],"card_choices":[{"not_picked":["EmptyBody","Wireheading"],"picked":"Crescendo","floor":1.0},{"not_picked":["FollowUp","Swivel","CarveReality"],"picked":"SKIP","floor":3.0},{"not_picked":["WaveOfTheHand","Protect"],"picked":"EmptyBody","floor":4.0},{"not_picked":["Consecrate","Crescendo"],"picked":"FollowUp","floor":8.0},{"not_picked":["Wireheading","SpiritShield"],"picked":"FlurryOfBlows","floor":10.0},{"not_picked":["Study","Omniscience"],"picked":"Ragnarok","floor":12.0},{"not_picked":["ThirdEye","Prostrate"],"picked":"Protect","floor":14},{"not_picked":["Scrawl","MasterReality"],"picked":"Omniscience","floor":16},{"not_picked":[],"picked":"SashWhip","floor":18},{"not_picked":[],"picked":"FearNoEvil","floor":21},{"not_picked":["Pray"],"picked":"SKIP","floor":22},{"not_picked":["SpiritShield"],"picked":"SKIP","floor":24},{"not_picked":["Crescendo"],"picked":"SKIP","floor":25},{"not_picked":["Study"],"picked":"SKIP","floor":28},{"not_picked":["DeceiveReality"],"picked":"SKIP","floor":30}],"player_experience":261689,"relics_obtained":[{"floor":9.0,"key":"Bronze Scales"},{"floor":12.0,"key":"Toy Ornithopter"},{"floor":14,"key":"Girya"},{"floor":24,"key":"War Paint"},{"floor":26,"key":"Smiling Mask"}],"event_choices":[{"damage_healed":0.0,"max_hp_gain":0.0,"max_hp_loss":0.0,"gold_gain":0.0,"event_name":"Accursed Blacksmith","player_choice":"Forge","floor":2.0,"gold_loss":0.0,"damage_taken":0.0,"cards_upgraded":["Eruption"]},{"damage_healed":0.0,"max_hp_gain":5.0,"max_hp_loss":0.0,"gold_gain":0.0,"event_name":"Big Fish","player_choice":"Donut","floor":5.0,"gold_loss":0.0,"damage_taken":0.0},{"damage_healed":19.0,"max_hp_gain":0.0,"max_hp_loss":0.0,"gold_gain":0.0,"event_name":"The Cleric","player_choice":"Healed","floor":7.0,"gold_loss":35.0,"damage_taken":0.0},{"damage_healed":0.0,"max_hp_gain":0.0,"max_hp_loss":0.0,"gold_gain":75.0,"event_name":"FaceTrader","player_choice":"Touch","floor":13.0,"gold_loss":0.0,"damage_taken":7.0},{"cards_removed":["Strike_P"],"damage_healed":0,"gold_gain":0,"player_choice":"Gave Gold","damage_taken":0,"max_hp_gain":0,"max_hp_loss":0,"event_name":"Beggar","floor":19,"gold_loss":75},{"damage_healed":0,"gold_gain":0,"player_choice":"Traded Relic","damage_taken":0,"relics_obtained":["Nloth\u0027s Gift"],"max_hp_gain":0,"max_hp_loss":0,"event_name":"N\u0027loth","floor":20,"relics_lost":["Bronze Scales"],"gold_loss":0},{"cards_removed":["Strike_P"],"damage_healed":0,"gold_gain":0,"player_choice":"Purged","damage_taken":0,"max_hp_gain":0,"max_hp_loss":0,"event_name":"Purifier","floor":27,"gold_loss":0},{"damage_healed":0,"gold_gain":90,"player_choice":"GOLD ","damage_taken":12,"max_hp_gain":0,"max_hp_loss":0,"event_name":"Knowing Skull","floor":31,"potions_obtained":[],"gold_loss":0,"cards_obtained":[]}],"is_beta":false,"boss_relics":[{"not_picked":["Ectoplasm","Astrolabe"],"picked":"Busted Crown"}],"items_purged_floors":[21,29],"is_endless":false,"potions_floor_spawned":[3,4,12,14,25,28],"killed_by":"Champ","ascension_level":12}}