{"host":"ly2k09o7mhu4m2ip","time":1612919729,"event":{"mods":["BaseMod","Colored Map","Colored Powertips","Downfall","Highlight Path","Minty Spire (QoL Compilation)","StSLib"],"gold_per_floor":[99,115,115,129,147,175,201,212,245,245,263,263,263,263,273,378,378,378,392,410,510,521,521,521,552,552,352,301,320,320,4,22,124,124,124,140,240,253,432,432,432,457,457,477,144,164,164,189,208,208],"floor_reached":51,"language":"ENG","playtime":4321,"items_purged":[],"score":812,"play_id":"ec40628d-53ff-4e90-884b-5ce82c5f3e27","local_time":"20210210021529","is_ascension_mode":false,"campfire_choices":[{"data":"bronze:Defend","floor":1,"key":"SMITH"},{"data":"bronze:GetLatest","floor":12,"key":"SMITH"},{"data":"bronze:SpaghettiCode","floor":18,"key":"SMITH"},{"data":"bronze:GetLatest","floor":23,"key":"SMITH"},{"data":"bronze:GetLatest","floor":27,"key":"SMITH"},{"data":"bronze:Defend","floor":30,"key":"SMITH"},{"data":"bronze:Mutator","floor":35,"key":"SMITH"},{"data":"bronze:SpaghettiCode","floor":40,"key":"SMITH"},{"data":"bronze:HardenedForm","floor":47,"key":"SMITH"}],"circlet_count":0,"master_deck":["bronze:Strike","bronze:Strike","bronze:Strike","bronze:Strike","bronze:Defend+1","bronze:Defend","bronze:Defend+1","bronze:Defend+1","bronze:Replicate","bronze:Goto+1","bronze:Repair","bronze:GetLatest+1","bronze:GetLatest+1","bronze:DelayedSlice","bronze:ClassDefault","bronze:Branch","bronze:SpaghettiCode+1","bronze:SpaghettiCode+1","bronze:GetLatest+1","bronze:Turbo+1","bronze:BitShift+1","bronze:Frontload","bronze:Optimize","bronze:AlphaBuild","bronze:ChosenStrike","bronze:HardenedForm","bronze:Mutator+1","bronze:BitShift","bronze:Iterate+1","bronze:HardenedForm+1","bronze:ChosenStrike"],"relics":["bronze:BronzeCore","Boot","Centennial Puzzle","HornCleat","Blue Candle","Shuriken","Black Star","Bird Faced Urn","Meat on the Bone","Pear","Blood Vial","Orichalcum","downfall:HeartBlessingGreen","downfall:HeartBlessingBlue","Akabeko","War Paint","SacredBark","Happy Flower","White Beast Statue","Art of War","Lizard Tail","bronze:BottledCode","Lantern","Singing Bowl"],"acts_visited":["Exordium","TheCity","TheBeyond"],"potions_floor_usage":[9,11,16,22,25,25,39,50],"damage_taken":[{"damage":3,"enemies":"2 Louse","floor":2,"turns":3},{"damage":0,"enemies":"Cultist","floor":4,"turns":4},{"damage":0,"enemies":"Jaw Worm","floor":5,"turns":3},{"damage":23,"enemies":"Lagavulin","floor":6,"turns":5},{"damage":0,"enemies":"Blue Slaver","floor":8,"turns":3},{"damage":1,"enemies":"Gremlin Nob","floor":9,"turns":3},{"damage":0,"enemies":"3 Louse","floor":11,"turns":2},{"damage":0,"enemies":"2 Fungi Beasts","floor":15,"turns":2},{"damage":10,"enemies":"WA_ARCHETYPE_RETAIN","floor":16,"turns":5},{"damage":5,"enemies":"Chosen","floor":19,"turns":4},{"damage":4,"enemies":"3 Byrds","floor":20,"turns":3},{"damage":10,"enemies":"IC_STATUS_ARCHETYPE","floor":21,"turns":5},{"damage":8,"enemies":"Snake Plant","floor":22,"turns":3},{"damage":6,"enemies":"Book of Stabbing","floor":25,"turns":4},{"damage":0,"enemies":"downfall:FleeingMerchant","floor":28,"turns":4},{"damage":4,"enemies":"Chosen and Byrds","floor":29,"turns":3},{"damage":0,"enemies":"downfall:FleeingMerchant","floor":31,"turns":4},{"damage":0,"enemies":"3 Cultists","floor":32,"turns":2},{"damage":63,"enemies":"DF_ARCHETYPE_CLAW","floor":33,"turns":15},{"damage":0,"enemies":"3 Shapes","floor":36,"turns":2},{"damage":0,"enemies":"Orb Walker","floor":38,"turns":3},{"damage":0,"enemies":"downfall:FleeingMerchant","floor":39,"turns":4},{"damage":22,"enemies":"Giant Head","floor":42,"turns":7},{"damage":40,"enemies":"Sphere and 2 Shapes","floor":44,"turns":7},{"damage":0,"enemies":"Jaw Worm Horde","floor":46,"turns":3},{"damage":17,"enemies":"Reptomancer","floor":48,"turns":6},{"damage":0,"enemies":"Spire Growth","floor":49,"turns":2},{"damage":49,"enemies":"SI_POISON_ARCHETYPE","floor":50,"turns":12}],"seed_played":"-3995799053539737378","potions_obtained":[{"floor":5,"key":"DistilledChaos"},{"floor":6,"key":"Fire Potion"},{"floor":8,"key":"Weak Potion"},{"floor":9,"key":"Energy Potion"},{"floor":15,"key":"PowerPotion"},{"floor":20,"key":"Energy Potion"},{"floor":21,"key":"Regen Potion"},{"floor":25,"key":"Slimebound:ThreeZeroPotion"},{"floor":26,"key":"CultistPotion"},{"floor":33,"key":"Weak Potion"},{"floor":38,"key":"Fire Potion"},{"floor":42,"key":"FearPotion"},{"floor":44,"key":"LiquidBronze"}],"is_trial":false,"path_per_floor":["R","M","?","M","M","E","T","M","E","T","M","R","?","T","M","B",null,"R","M","M","?","M","R","T","E","?","R","$","M","R","$","M","B",null,"R","M","?","M","$","R","T","E","?","M","?","M","R","E","M","B",null],"character_chosen":"THE_AUTOMATON","items_purchased":["bronze:ChosenStrike","Akabeko","War Paint","Happy Flower"],"campfire_rested":0,"item_purchase_floors":[28,31,31,39],"current_hp_per_floor":[77,74,74,77,77,54,54,61,60,60,60,60,55,55,62,59,77,77,77,73,63,64,64,74,75,75,85,97,93,93,97,97,50,97,97,97,97,97,97,97,97,77,77,52,98,98,98,93,99,68],"gold":208,"neow_bonus":"TEN_PERCENT_HP_BONUS","is_daily":false,"chose_seed":false,"campfire_upgraded":9,"win_rate":0.0,"timestamp":1612919729,"path_taken":["R","M","?","M","?","E","T","M","E","?","M","R","?","?","M","BOSS","R","M","M","?","M","R","T","E","?","R","$","M","R","$","M","BOSS","R","M","?","?","$","R","T","E","?","M","?","M","R","E","M","BOSS"],"items_purchased_type":["Card","Relic","Relic","Relic"],"build_version":"2020-12-22","purchased_purges":0,"victory":true,"max_hp_per_floor":[77,77,77,77,77,77,77,77,77,77,77,77,77,77,77,77,77,77,77,77,77,77,77,87,87,87,97,97,97,97,97,97,97,97,97,97,97,97,97,97,97,97,87,87,98,98,98,100,102,102],"card_choices":[{"not_picked":["bronze:Shield","bronze:Return"],"picked":"bronze:Repair","floor":2},{"not_picked":["bronze:DarkDash","bronze:BitShift"],"picked":"bronze:GetLatest","floor":4},{"not_picked":["bronze:Backtrace","bronze:Turbo"],"picked":"bronze:GetLatest","floor":5},{"not_picked":["bronze:MaxOutput","bronze:Philosophize","bronze:WildBeam"],"picked":"SKIP","floor":6},{"not_picked":["bronze:BitShift","bronze:Iterate"],"picked":"bronze:DelayedSlice","floor":8},{"not_picked":["bronze:BuggyMess","bronze:Deprecate"],"picked":"bronze:ClassDefault","floor":9},{"not_picked":["bronze:DelayedSlice","bronze:BugBarrage"],"picked":"bronze:Branch","floor":11},{"not_picked":["bronze:DelayedGuard","bronze:Repair"],"picked":"bronze:SpaghettiCode","floor":15},{"not_picked":["bronze:ThunderWave","bronze:Verify"],"picked":"bronze:SpaghettiCode","floor":16},{"not_picked":["bronze:BuggyMess","bronze:NullPointer"],"picked":"bronze:GetLatest","floor":19},{"not_picked":["bronze:ClassDefault","bronze:WildBeam"],"picked":"bronze:Turbo+1","floor":20},{"not_picked":["bronze:Deprecate+1","bronze:Overheat"],"picked":"bronze:BitShift+1","floor":21},{"not_picked":["bronze:Optimize+1","bronze:DarkDash+1"],"picked":"bronze:Frontload","floor":22},{"not_picked":["bronze:OilSpill","bronze:Deprecate+1"],"picked":"bronze:Optimize","floor":25},{"not_picked":["bronze:CloningBeam","bronze:Boost"],"picked":"bronze:AlphaBuild","floor":28},{"not_picked":["bronze:FineTuning","bronze:ItsAFeature","bronze:Invalidate"],"picked":"SKIP","floor":29},{"not_picked":["bronze:Deprecate","bronze:BuggyMess"],"picked":"bronze:HardenedForm","floor":31},{"not_picked":["bronze:BitShift","bronze:OilSpill","bronze:DelayedSlice"],"picked":"SKIP","floor":32},{"not_picked":["bronze:ShipIt","bronze:Virus"],"picked":"bronze:Mutator","floor":33},{"not_picked":["bronze:Shield+1","bronze:ChildClass+1"],"picked":"bronze:BitShift","floor":36},{"not_picked":["bronze:Invalidate","bronze:BuggyMess"],"picked":"bronze:Iterate+1","floor":38},{"not_picked":["bronze:BitShift","bronze:OilSpill+1"],"picked":"bronze:HardenedForm","floor":39},{"not_picked":["bronze:FineTuning+1","bronze:ClassDefault","bronze:BronzeArmor"],"picked":"SKIP","floor":42},{"not_picked":["bronze:Return+1","bronze:Iterate","bronze:BugBarrage+1"],"picked":"SKIP","floor":44},{"not_picked":["bronze:Deprecate","bronze:WhirlingStrike"],"picked":"bronze:ChosenStrike","floor":46},{"not_picked":["bronze:Overheat+1","bronze:DelayedGuard+1","bronze:CutThrough"],"picked":"Singing Bowl","floor":48},{"not_picked":["bronze:Boost+1","bronze:Overheat","bronze:DelayedSlice+1"],"picked":"Singing Bowl","floor":49}],"player_experience":244478,"relics_obtained":[{"floor":6,"key":"Boot"},{"floor":9,"key":"Centennial Puzzle"},{"floor":10,"key":"HornCleat"},{"floor":14,"key":"Shuriken"},{"floor":21,"key":"Bird Faced Urn"},{"floor":21,"key":"Meat on the Bone"},{"floor":24,"key":"Pear"},{"floor":25,"key":"Blood Vial"},{"floor":25,"key":"Orichalcum"},{"floor":41,"key":"White Beast Statue"},{"floor":42,"key":"Art of War"},{"floor":42,"key":"Lizard Tail"},{"floor":48,"key":"Lantern"},{"floor":48,"key":"Singing Bowl"}],"event_choices":[{"damage_healed":0,"gold_gain":0,"player_choice":"Ignored","damage_taken":0,"max_hp_gain":0,"max_hp_loss":0,"event_name":"NoteForYourself","floor":3,"gold_loss":0}],"is_beta":false,"boss_relics":[{"not_picked":["Velvet Choker","Runic Pyramid"],"picked":"Black Star"},{"not_picked":["Fusion Hammer","Busted Crown"],"picked":"SacredBark"}],"items_purged_floors":[],"is_endless":false,"potions_floor_spawned":[5,6,8,9,15,20,21,25,33,38,42,44,46,48,49],"ascension_level":0}}