{"host":"awrw1gk2acwismlg","time":1612963398,"event":{"mods":["ATMod(阿瑾Mod)","Aspiration","BaseMod","Bestiary","Challenge The Spire","Conspire","Downfall","Energized Spire","Hermit","Jedi Mod","Marked Mod","Minty Spire (QoL Compilation)","Morshu Shopkeeper","Morshu Shopkeeper - ENHANCED","Quarter Circle Forward PUNCH!","Reliquary","Remilia_Scarlet Moed（蕾米莉亚・斯卡雷特）3.3.5","Replay The Spire","SIMod","Shop Mod","Small Relic Pack","StSLib","The Bug Knight","The Cursed","Warlord Emblem","Wide Potions","Yakumo Yukari mod","【遗物卡牌】REMEMod","篝火指南"],"gold_per_floor":[111,131,144,144,144,144,169,181,232,232,7,7,24,40,40,138,138,157,57,107,120,120,120],"floor_reached":22,"language":"ZHS","playtime":1739,"items_purged":["Regret","conspire:GhostlyStrike"],"score":211,"play_id":"23dc07ca-5f6e-4c07-812d-30fcd50732ae","local_time":"20210210212318","is_ascension_mode":false,"campfire_choices":[{"data":"AT_FamilyPortrait","floor":6.0,"key":"SMITH"},{"data":"Time Bomb","floor":12.0,"key":"SMITH"},{"data":"BasicCrystalCard","floor":15,"key":"SMITH"}],"circlet_count":0,"master_deck":["conspire:GhostlyStrike","conspire:GhostlyStrike","conspire:GhostlyStrike","conspire:GhostlyDefend","conspire:GhostlyDefend","conspire:GhostlyDefend","conspire:GhostlyDefend","Zap","Dualcast","AT_FamilyPortrait+1","jedi:readyaimfire","Panic Button","Time Bomb+1","Compile Driver","Barrage","AT_FamilyPortrait+1","Coolheaded","BasicCrystalCard+1","jedi:studyfrost","jedi:overflow"],"relics":["Cracked Core","REME_ComplimentaryCards","AT_ATBox","NeowsBlessing","Replay:Antivirus Software","qcfpunch:Army_Boots","conspire:TopHat","DollysMirror","Painkiller Herb","reliquary:SilkGlove"],"acts_visited":["Exordium","TheCity"],"potions_floor_usage":[16,18,22],"damage_taken":[{"damage":0.0,"enemies":"Cultist","floor":1.0,"turns":1.0},{"damage":0.0,"enemies":"Jaw Worm","floor":2.0,"turns":1.0},{"damage":0.0,"enemies":"Small Slimes","floor":3.0,"turns":1.0},{"damage":15.0,"enemies":"Lagavulin","floor":7.0,"turns":6.0},{"damage":26.0,"enemies":"Exordium Thugs","floor":8.0,"turns":6.0},{"damage":5.0,"enemies":"Lots of Slimes","floor":13.0,"turns":2.0},{"damage":2.0,"enemies":"2 Fungi Beasts","floor":14.0,"turns":4.0},{"damage":30,"enemies":"The Guardian","floor":16,"turns":9},{"damage":18,"enemies":"Shell Parasite","floor":18,"turns":5},{"damage":17,"enemies":"Centurion and Healer","floor":21,"turns":5},{"damage":41,"enemies":"Chosen and Byrds","floor":22,"turns":5}],"seed_played":"-4393017176182235722","potions_obtained":[{"floor":1.0,"key":"Swift Potion"},{"floor":2.0,"key":"REME_GoldPotion"},{"floor":3.0,"key":"AttackPotion"},{"floor":10.0,"key":"Fire Potion"}],"is_trial":false,"path_per_floor":["M","M","M","?","?","R","E","M","T","?","$","R","M","M","R","B",null,"?","T","T","?","?"],"character_chosen":"DEFECT","items_purchased":["DollysMirror"],"campfire_rested":0,"item_purchase_floors":[11],"current_hp_per_floor":[75,75,75,75,75,75,60,39,39,39,39,39,34,37,37,31,75,57,57,57,40,0,0],"gold":120,"neow_bonus":"THREE_ENEMY_KILL","is_daily":false,"chose_seed":false,"campfire_upgraded":3,"win_rate":0.0,"timestamp":1612963398,"path_taken":["M","M","M","?","?","R","E","M","T","?","$","R","?","M","R","BOSS","?","T","?","?","?"],"items_purchased_type":["Relic"],"build_version":"2020-12-22","purchased_purges":2,"victory":false,"max_hp_per_floor":[75,75,75,75,75,75,75,75,75,75,75,75,75,75,75,75,75,75,75,75,75,75,75],"card_choices":[{"not_picked":["AT_HeatAcrobatics","Streamline"],"picked":"Panic Button","floor":1.0},{"not_picked":["BasicCrystalCard","Redo"],"picked":"Time Bomb","floor":2.0},{"not_picked":["Blizzard","Gash"],"picked":"Compile Driver","floor":3.0},{"not_picked":["ReplayTheSpireMod:Omega Cannon","FTL","Blizzard"],"picked":"SKIP","floor":7.0},{"not_picked":["Steam","Compile Driver"],"picked":"Barrage","floor":8.0},{"not_picked":["BasicCrystalCard","Stack"],"picked":"Coolheaded","floor":13.0},{"not_picked":["Gash","jedi:BurstFrost"],"picked":"BasicCrystalCard","floor":14},{"not_picked":["REME_ForAll","All For One"],"picked":"jedi:studyfrost","floor":16},{"not_picked":["Barrage","jedi:BurstLightning"],"picked":"jedi:overflow","floor":18},{"not_picked":["Rebound","jedi:BurstFrost","REME_SelfUpgrade"],"picked":"SKIP","floor":21}],"player_experience":94015,"relics_obtained":[{"floor":7.0,"key":"qcfpunch:Army_Boots"},{"floor":9.0,"key":"conspire:TopHat"},{"floor":20,"key":"reliquary:SilkGlove"}],"event_choices":[{"damage_healed":0.0,"max_hp_gain":0.0,"max_hp_loss":0.0,"gold_gain":0.0,"event_name":"conspire:LoneGhost","player_choice":"Agree","floor":4.0,"gold_loss":0.0,"damage_taken":0.0},{"damage_healed":0.0,"max_hp_gain":0.0,"max_hp_loss":0.0,"gold_gain":0.0,"event_name":"Big Fish","player_choice":"Box","floor":5.0,"gold_loss":0.0,"damage_taken":0.0,"relics_obtained":["Replay:Antivirus Software"],"cards_obtained":["Regret"]},{"damage_healed":0.0,"max_hp_gain":0.0,"max_hp_loss":0.0,"gold_gain":0.0,"event_name":"Lab","player_choice":"Got Potions","floor":10.0,"gold_loss":0.0,"damage_taken":0.0}],"is_beta":false,"boss_relics":[{"not_picked":["Ring of Chaos","energizedSpire:SpiderWeb"],"picked":"Painkiller Herb"}],"items_purged_floors":[11,19],"is_endless":false,"potions_floor_spawned":[1,2,3,13],"killed_by":"Chosen and Byrds","ascension_level":0}}