{"host":"9rqk712yu6s3287p","time":1612934896,"event":{"mods":["Act Like it!","BaseMod","CapriCore","Chen","Gensokyo","Googly Eyes","Marisa£®ÏF”Í°°ƒß¿Ì…≥£©","Minty Spire (QoL Compilation)","Reimu£®≤©¿ˆ¡È√Œ£©","Remilia_Scarlet Moed£®¿Ÿ√◊¿Ú—«°§Àπø®¿◊Ãÿ£©3.3.5","Remilia£®¿Ÿ√◊¿Ú—«£©","RumiaBox-¬∂√◊Ê´µƒ…Ò√ÿ∫–◊”","StSLib","The Administrix","The Immortal","The Servant 0.9.4","Yakumo Yukari mod","Youmu£®ªÍ∆«—˝√Œ£©","Yuyuko"],"gold_per_floor":[156,210,243,208,259,340,442,532,607,682,760,853,958,1045,1045,1360,1360,1417,1462,1519,1567,1657,1768,1864,1930,2013,2061,2163,2259,2376,2490,2502,2820,2832,2889,2901,2949,3009,3063,3165,3255,3363,3402,3516,3633,3729,3798,4188,4200,4212,4224,4236,216,315,315],"floor_reached":56,"language":"ZHS","playtime":2865,"items_purged":[],"score":2645,"play_id":"07df563a-27ac-4a02-a676-993f0f136c19","local_time":"20210210132816","daily_mods":["Shiny","Vintage","Heirloom","Time Dilation","Flight","DeadlyEvents","Elite Swarm","Lethality","Midas","Binary"],"is_ascension_mode":true,"campfire_choices":[{"floor":15.0,"key":"RECALL"},{"floor":32.0,"key":"REST"},{"floor":49,"key":"DIG"},{"floor":52,"key":"DIG"}],"circlet_count":11,"master_deck":["TricksterDevil+1","EquivalentExchange+1","KillingBlow+1","BatForm+1","BloodyCatastrophe+1","ChaoticDestiny+1","BloodySeventeenLaser+1","HellCatastrophe+1","ScarletCoffin+1","DemonKingCradle+1","ForecastOfChange+1","CurseOfVladTepes+1","TransientEternity+1","ScarletMeister+1","QueenOfMidnight+1","BloodyHallows+1","CeilingFear+1","HeartBreak+1"],"relics":["Snecko Eye","Busted Crown","Gambling Chip","Sundial","Meat on the Bone","Calipers","ZombieArmy","Dream Catcher","Happy Flower","Mummified Hand","Bronze Scales","StrikeDummy","Regal Pillow","Tiny Chest","SecretRecord","Bag of Preparation","Singing Bowl","Blood Vial","CeramicFish","Blue Candle","Bag of Marbles","Turnip","PreservedInsect","Pantograph","Ice Cream","GodSword7","Unceasing Top","ChaoDraw","Toy Ornithopter","MoreBug","MealTicket","AntiCross","Kunai","GodSword3","Pen Nib","ScarletEmblem","SSSystem","ScarletDevilRocket","Akabeko","Strawberry","MawBank","MagicDraw4","Oddly Smooth Stone","RuthlessExorcism:ReiMu","War Paint","Whetstone","Ancient Tea Set","Bird Faced Urn","Red Mask","Omamori","Bottled Lightning","Frozen Egg 2","Anchor","Molten Egg 2","Ginger","TypeBBloodRedTea","Bottled Tornado","Ornamental Fan","The Courier","Smiling Mask","GodSword5","Potion Belt","Eternal Feather","Mango","Art of War","Mastiff:ReiMu","Nunchaku","CaptainsWheel","Orichalcum","FossilizedHelix","Vajra","PureWhite:ReiMu","InkBottle","Calling Bell","Lantern","Letter Opener","Torii","Boot","RedBat","Centennial Puzzle","Toxic Egg 2","LastBattle","SumBook","Question Card","White Beast Statue","Thread and Needle","MagicDraw1","Matryoshka","Tea:ReiMu","Darkstone Periapt","StoneCalendar","Pear","MagicDraw3","Shuriken","CrazyTorch:ReiMu","Mercury Hourglass","MagicDraw2","Gremlin Horn","Lizard Tail","GodSword4","HornCleat","Shovel","GodSword6","Old Coin","Gungnir","Incense Burner","FairyMaid","TentaclePot:ReiMu","PlanX","Du-Vu Doll","Pocketwatch","Circlet"],"acts_visited":["Exordium","TheCity","TheBeyond","TheEnding"],"potions_floor_usage":[35,39,39,44,55,55,55,55],"damage_taken":[{"damage":0.0,"enemies":"2 Louse","floor":1.0,"turns":4.0},{"damage":10.0,"enemies":"Jaw Worm","floor":2.0,"turns":4.0},{"damage":0.0,"enemies":"Cultist","floor":3.0,"turns":3.0},{"damage":4.0,"enemies":"Looter","floor":5.0,"turns":3.0},{"damage":4.0,"enemies":"Gremlin Nob","floor":6.0,"turns":2.0},{"damage":4.0,"enemies":"3 Sentries","floor":7.0,"turns":2.0},{"damage":0.0,"enemies":"Gremlin Nob","floor":8.0,"turns":1.0},{"damage":4.0,"enemies":"Lagavulin","floor":10.0,"turns":2.0},{"damage":6.0,"enemies":"Gremlin Nob","floor":11.0,"turns":3.0},{"damage":4.0,"enemies":"3 Sentries","floor":12.0,"turns":3.0},{"damage":4.0,"enemies":"Gremlin Nob","floor":13.0,"turns":1.0},{"damage":4.0,"enemies":"3 Sentries","floor":14.0,"turns":3.0},{"damage":0.0,"enemies":"Hexaghost","floor":16.0,"turns":2.0},{"damage":5.0,"enemies":"3 Byrds","floor":18.0,"turns":2.0},{"damage":4.0,"enemies":"Chosen","floor":19.0,"turns":1.0},{"damage":4.0,"enemies":"3 Cultists","floor":20.0,"turns":3.0},{"damage":4.0,"enemies":"Shelled Parasite and Fungi","floor":21.0,"turns":1.0},{"damage":4.0,"enemies":"Masked Bandits","floor":22.0,"turns":3.0},{"damage":4.0,"enemies":"Slavers","floor":23.0,"turns":2.0},{"damage":0.0,"enemies":"Book of Stabbing","floor":24.0,"turns":1.0},{"damage":1.0,"enemies":"Centurion and Healer","floor":25.0,"turns":2.0},{"damage":4.0,"enemies":"Cultist and Chosen","floor":27.0,"turns":2.0},{"damage":0.0,"enemies":"Gremlin Leader","floor":28.0,"turns":1.0},{"damage":6.0,"enemies":"Slavers","floor":29.0,"turns":3.0},{"damage":0.0,"enemies":"Gremlin Leader","floor":30.0,"turns":1.0},{"damage":0.0,"enemies":"Book of Stabbing","floor":31.0,"turns":1.0},{"damage":0,"enemies":"Collector","floor":33,"turns":1},{"damage":0,"enemies":"3 Shapes","floor":35,"turns":2},{"damage":0,"enemies":"Orb Walker","floor":37,"turns":1},{"damage":0,"enemies":"3 Darklings","floor":38,"turns":1},{"damage":0,"enemies":"Sphere and 2 Shapes","floor":39,"turns":2},{"damage":0,"enemies":"Nemesis","floor":40,"turns":1},{"damage":0,"enemies":"Giant Head","floor":41,"turns":2},{"damage":0,"enemies":"Nemesis","floor":42,"turns":1},{"damage":0,"enemies":"Reptomancer","floor":44,"turns":1},{"damage":0,"enemies":"Giant Head","floor":45,"turns":1},{"damage":0,"enemies":"Nemesis","floor":46,"turns":1},{"damage":0,"enemies":"Writhing Mass","floor":47,"turns":2},{"damage":0,"enemies":"Giant Head","floor":48,"turns":1},{"damage":0,"enemies":"Donu and Deca","floor":50,"turns":1},{"damage":0,"enemies":"Shield and Spear","floor":54,"turns":1},{"damage":0,"enemies":"The Heart","floor":55,"turns":1}],"seed_played":"-8452339003697041014","potions_obtained":[{"floor":1.0,"key":"AttackPotion"},{"floor":1.0,"key":"AttackPotion"},{"floor":2.0,"key":"Regen Potion"},{"floor":3.0,"key":"Strength Potion"},{"floor":6.0,"key":"Energy Potion"},{"floor":7.0,"key":"DuplicationPotion"},{"floor":7.0,"key":"AttackPotion"},{"floor":8.0,"key":"Strength Potion"},{"floor":8.0,"key":"PowerPotion"},{"floor":11.0,"key":"LiquidBronze"},{"floor":14.0,"key":"Explosive Potion"},{"floor":16.0,"key":"LiquidMemories"},{"floor":18.0,"key":"Swift Potion"},{"floor":19.0,"key":"DistilledChaos"},{"floor":20.0,"key":"SteroidPotion"},{"floor":24.0,"key":"DestinyDice"},{"floor":27.0,"key":"Weak Potion"},{"floor":27.0,"key":"Explosive Potion"},{"floor":28.0,"key":"LiquidMemories"},{"floor":35,"key":"Fire Potion"},{"floor":38,"key":"LiquidMemories"},{"floor":39,"key":"Fruit Juice"},{"floor":39,"key":"BlessingOfTheForge"},{"floor":40,"key":"LiquidMemories"},{"floor":40,"key":"Swift Potion"},{"floor":41,"key":"GrandPatriotsElixir:ReiMu"},{"floor":42,"key":"MagicPotion:ReiMu"},{"floor":45,"key":"Ancient Potion"},{"floor":54,"key":"GrandPatriotsElixir:ReiMu"}],"is_trial":true,"path_per_floor":["M","M","M","?","M","E","E","E","T","E","E","E","E","E","R","B",null,"M","M","M","M","?","E","E","M","T","M","E","E","E","E","R","B",null,"M","?","M","M","M","E","E","E","T","E","E","E","M","E","R","B",null,"R","$","E","B",null],"character_chosen":"REMILIA","items_purchased":["FairyMaid","TentaclePot:ReiMu","PlanX","Du-Vu Doll","Pocketwatch","Circlet","Circlet","Circlet","Circlet","Circlet","Circlet","Circlet","Circlet","Circlet"],"campfire_rested":1,"item_purchase_floors":[53,53,53,53,53,53,53,53,53,53,53,53,53,53],"current_hp_per_floor":[75,69,69,75,75,75,75,75,75,75,75,75,75,75,75,75,75,75,82,82,82,82,82,82,82,82,82,96,96,96,96,96,96,96,96,106,106,106,111,113,125,127,127,129,131,133,133,135,135,135,135,135,135,137,137],"gold":315,"neow_bonus":"","is_daily":false,"chose_seed":false,"campfire_upgraded":0,"win_rate":0.0,"timestamp":1612934896,"path_taken":["M","M","M","?","M","E","E","E","T","E","E","E","E","E","R","BOSS","M","M","M","M","?","E","E","M","T","M","E","E","E","E","R","BOSS","M","?","M","M","M","E","E","E","T","E","E","E","M","E","R","BOSS","R","$","E","BOSS"],"items_purchased_type":["Relic","Relic","Relic","Relic","Relic","Undefined","Undefined","Undefined","Undefined","Undefined","Undefined","Undefined","Undefined","Undefined"],"build_version":"2020-12-22","purchased_purges":0,"victory":true,"max_hp_per_floor":[75,75,75,75,75,75,75,75,75,75,75,75,75,75,75,75,75,75,82,82,82,82,82,82,82,82,82,96,96,96,96,96,96,96,96,106,106,106,111,113,125,127,127,129,131,133,133,135,135,135,135,135,135,137,137],"card_choices":[{"not_picked":["CurseOfVladTepes+1"],"picked":"Singing Bowl","floor":40},{"not_picked":["CeilingFear+1"],"picked":"Singing Bowl","floor":41},{"not_picked":["EquivalentExchange+1"],"picked":"Singing Bowl","floor":42},{"not_picked":["ScarletCoffin+1"],"picked":"Singing Bowl","floor":44},{"not_picked":["QueenOfMidnight+1"],"picked":"Singing Bowl","floor":45},{"not_picked":["BloodyHallows+1"],"picked":"Singing Bowl","floor":46},{"not_picked":["CurseOfVladTepes+1"],"picked":"Singing Bowl","floor":48},{"not_picked":["ChaoticDestiny+1"],"picked":"Singing Bowl","floor":54}],"player_experience":505276,"relics_obtained":[{"floor":1.0,"key":"Sundial"},{"floor":1.0,"key":"Meat on the Bone"},{"floor":1.0,"key":"Calipers"},{"floor":2.0,"key":"ZombieArmy"},{"floor":2.0,"key":"Dream Catcher"},{"floor":3.0,"key":"Happy Flower"},{"floor":3.0,"key":"Mummified Hand"},{"floor":5.0,"key":"Bronze Scales"},{"floor":5.0,"key":"StrikeDummy"},{"floor":6.0,"key":"Regal Pillow"},{"floor":6.0,"key":"Tiny Chest"},{"floor":7.0,"key":"SecretRecord"},{"floor":7.0,"key":"Bag of Preparation"},{"floor":7.0,"key":"Singing Bowl"},{"floor":8.0,"key":"Blood Vial"},{"floor":8.0,"key":"CeramicFish"},{"floor":9.0,"key":"Blue Candle"},{"floor":10.0,"key":"Bag of Marbles"},{"floor":10.0,"key":"Turnip"},{"floor":11.0,"key":"PreservedInsect"},{"floor":11.0,"key":"Pantograph"},{"floor":12.0,"key":"Ice Cream"},{"floor":12.0,"key":"GodSword7"},{"floor":12.0,"key":"Unceasing Top"},{"floor":12.0,"key":"ChaoDraw"},{"floor":13.0,"key":"Toy Ornithopter"},{"floor":13.0,"key":"MoreBug"},{"floor":14.0,"key":"MealTicket"},{"floor":14.0,"key":"AntiCross"},{"floor":14.0,"key":"Kunai"},{"floor":14.0,"key":"GodSword3"},{"floor":16.0,"key":"Pen Nib"},{"floor":18.0,"key":"SSSystem"},{"floor":18.0,"key":"ScarletDevilRocket"},{"floor":18.0,"key":"Akabeko"},{"floor":19.0,"key":"Strawberry"},{"floor":19.0,"key":"MawBank"},{"floor":20.0,"key":"MagicDraw4"},{"floor":20.0,"key":"Oddly Smooth Stone"},{"floor":20.0,"key":"RuthlessExorcism:ReiMu"},{"floor":20.0,"key":"War Paint"},{"floor":21.0,"key":"Whetstone"},{"floor":21.0,"key":"Ancient Tea Set"},{"floor":21.0,"key":"Bird Faced Urn"},{"floor":22.0,"key":"Red Mask"},{"floor":22.0,"key":"Omamori"},{"floor":22.0,"key":"Bottled Lightning"},{"floor":23.0,"key":"Frozen Egg 2"},{"floor":23.0,"key":"Anchor"},{"floor":23.0,"key":"Molten Egg 2"},{"floor":23.0,"key":"Ginger"},{"floor":24.0,"key":"TypeBBloodRedTea"},{"floor":24.0,"key":"Bottled Tornado"},{"floor":25.0,"key":"Ornamental Fan"},{"floor":25.0,"key":"The Courier"},{"floor":25.0,"key":"Smiling Mask"},{"floor":26.0,"key":"GodSword5"},{"floor":27.0,"key":"Potion Belt"},{"floor":27.0,"key":"Eternal Feather"},{"floor":28.0,"key":"Mango"},{"floor":28.0,"key":"Art of War"},{"floor":29.0,"key":"Mastiff:ReiMu"},{"floor":29.0,"key":"Nunchaku"},{"floor":29.0,"key":"CaptainsWheel"},{"floor":30.0,"key":"Orichalcum"},{"floor":30.0,"key":"FossilizedHelix"},{"floor":31.0,"key":"Vajra"},{"floor":31.0,"key":"PureWhite:ReiMu"},{"floor":33,"key":"InkBottle"},{"floor":34,"key":"Lantern"},{"floor":34,"key":"Letter Opener"},{"floor":34,"key":"Torii"},{"floor":35,"key":"Boot"},{"floor":35,"key":"RedBat"},{"floor":35,"key":"Centennial Puzzle"},{"floor":35,"key":"Toxic Egg 2"},{"floor":37,"key":"LastBattle"},{"floor":38,"key":"SumBook"},{"floor":38,"key":"Question Card"},{"floor":39,"key":"White Beast Statue"},{"floor":39,"key":"Thread and Needle"},{"floor":39,"key":"MagicDraw1"},{"floor":39,"key":"Matryoshka"},{"floor":40,"key":"Tea:ReiMu"},{"floor":40,"key":"Darkstone Periapt"},{"floor":41,"key":"StoneCalendar"},{"floor":41,"key":"Pear"},{"floor":42,"key":"MagicDraw3"},{"floor":42,"key":"Shuriken"},{"floor":43,"key":"CrazyTorch:ReiMu"},{"floor":44,"key":"Mercury Hourglass"},{"floor":44,"key":"MagicDraw2"},{"floor":45,"key":"Gremlin Horn"},{"floor":45,"key":"Lizard Tail"},{"floor":46,"key":"GodSword4"},{"floor":47,"key":"HornCleat"},{"floor":47,"key":"Shovel"},{"floor":48,"key":"GodSword6"},{"floor":48,"key":"Old Coin"},{"floor":49,"key":"Gungnir"},{"floor":52,"key":"Incense Burner"},{"floor":54,"key":"Circlet"},{"floor":54,"key":"Circlet"}],"event_choices":[{"damage_healed":18.0,"max_hp_gain":0.0,"max_hp_loss":0.0,"gold_gain":0.0,"event_name":"The Cleric","player_choice":"Healed","floor":4.0,"gold_loss":35.0,"damage_taken":0.0},{"damage_healed":0.0,"max_hp_gain":0.0,"max_hp_loss":0.0,"gold_gain":0.0,"event_name":"Masked Bandits","player_choice":"Fought Bandits","floor":22.0,"gold_loss":0.0,"damage_taken":0.0},{"cards_removed":["BloodRain"],"damage_healed":0,"gold_gain":0,"player_choice":"Offered Rare","damage_taken":0,"max_hp_gain":10,"max_hp_loss":0,"event_name":"Bonfire Elementals","floor":36,"gold_loss":0}],"is_beta":false,"boss_relics":[{"not_picked":["SoulBox","Runic Pyramid"],"picked":"ScarletEmblem"},{"not_picked":["Cursed Key","Velvet Choker"],"picked":"Calling Bell"}],"items_purged_floors":[],"is_endless":false,"potions_floor_spawned":[2,6,7,8,10,16,19,20,22,28,30,31,35,38,40,41,42,44,45,46,47,48,54],"ascension_level":1}}