{"host":"c4wbe3youf5363qr","time":1612945500,"event":{"mods":["Act Like it!","BaseMod","Bestiary","Curses Come First","DeckTracker","Energized Spire","Minty Spire (QoL Compilation)","Relic Stats","Reliquary","StSLib","The Marked"],"gold_per_floor":[112,287,297,311,329,329,339,339,339,369,56,91,91,111,111,214,214,229,161,173,173,193,193,210,210,256,275,275,275,275,275,275],"floor_reached":31,"language":"ENG","playtime":980,"items_purged":[],"score":274,"play_id":"b2c07e0d-68fd-4d16-9e70-f72262547d5c","local_time":"20210210002500","is_ascension_mode":false,"campfire_choices":[{"floor":8,"key":"REST"},{"floor":13,"key":"DIG"},{"floor":15,"key":"REST"},{"floor":23,"key":"DIG"},{"floor":25,"key":"DIG"},{"floor":28,"key":"DIG"},{"floor":30,"key":"DIG"}],"circlet_count":0,"master_deck":["Strike_P","Strike_P","Strike_P","Strike_P","Defend_P","Defend_P","Defend_P","Defend_P","Eruption","Vigilance","FollowUp","CrushJoints","JustLucky","BowlingBash","ThirdEye","ClearTheMind","Devotion+1","EmptyFist","Brilliance","Wireheading","Tantrum","ThirdEye+1","Consecrate"],"relics":["PureWater","TeardropLocket","reliquary:PorcupineQuills","Shovel","Mango","reliquary:WeakTea","Fusion Hammer","Strawberry","Shuriken","Akabeko","Prayer Wheel","Matryoshka"],"acts_visited":["Exordium","TheCity"],"potions_floor_usage":[5,12,27,29],"damage_taken":[{"damage":0,"enemies":"Small Slimes","floor":1,"turns":3},{"damage":6,"enemies":"Jaw Worm","floor":3,"turns":2},{"damage":0,"enemies":"2 Louse","floor":4,"turns":2},{"damage":9,"enemies":"Gremlin Gang","floor":5,"turns":4},{"damage":13,"enemies":"Large Slime","floor":7,"turns":4},{"damage":46,"enemies":"Gremlin Nob","floor":10,"turns":4},{"damage":11,"enemies":"3 Sentries","floor":12,"turns":7},{"damage":15,"enemies":"Exordium Thugs","floor":14,"turns":5},{"damage":14,"enemies":"Slime Boss","floor":16,"turns":8},{"damage":18,"enemies":"2 Thieves","floor":18,"turns":4},{"damage":10,"enemies":"Spheric Guardian","floor":20,"turns":3},{"damage":25,"enemies":"Snake Plant","floor":22,"turns":3},{"damage":21,"enemies":"Sentry and Sphere","floor":24,"turns":4},{"damage":24,"enemies":"Snecko","floor":27,"turns":3},{"damage":0,"enemies":"3 Cultists","floor":29,"turns":2},{"damage":2,"enemies":"Centurion and Healer","floor":31,"turns":1}],"seed_played":"5425180005693002943","potions_obtained":[{"floor":3,"key":"Strength Potion"},{"floor":5,"key":"CultistPotion"},{"floor":7,"key":"SkillPotion"},{"floor":14,"key":"SpeedPotion"},{"floor":18,"key":"SkillPotion"},{"floor":20,"key":"SmokeBomb"}],"is_trial":false,"path_per_floor":["M","?","M","M","M","?","M","R","T","E","$","E","R","M","R","B",null,"M","$","M","?","M","R","M","R","T","M","R","M","R","M"],"character_chosen":"WATCHER","items_purchased":["Shovel","Tantrum"],"campfire_rested":2,"item_purchase_floors":[11,19],"current_hp_per_floor":[79,79,73,73,64,57,44,67,67,21,21,24,24,9,36,22,93,75,75,65,65,40,47,26,26,26,2,2,2,2,0,0],"gold":275,"neow_bonus":"TEN_PERCENT_HP_BONUS","is_daily":false,"chose_seed":false,"campfire_upgraded":0,"win_rate":0.0,"timestamp":1612945500,"path_taken":["M","?","M","M","M","?","M","R","T","E","$","E","R","M","R","BOSS","M","$","M","?","M","R","M","R","T","M","R","?","R","M"],"items_purchased_type":["Relic","Card"],"build_version":"2020-12-22","purchased_purges":0,"victory":false,"max_hp_per_floor":[79,79,79,79,79,79,79,79,79,79,79,93,93,93,93,93,93,93,93,93,93,93,100,100,100,100,100,100,100,100,100,100],"relic_stats":{"Shovel":5,"counters":[16,59],"Shuriken":[3],"Prayer Wheel":0,"obtain_stats":[{"reliquary:PorcupineQuills":10,"Shovel":11,"Matryoshka":30,"Shuriken":25,"Strawberry":23,"Mango":12,"Prayer Wheel":28,"Fusion Hammer":17,"TeardropLocket":9,"reliquary:WeakTea":13,"PureWater":0,"Akabeko":26},{"reliquary:PorcupineQuills":6,"Shovel":6,"Matryoshka":15,"Shuriken":13,"Strawberry":12,"Mango":7,"Prayer Wheel":14,"Fusion Hammer":9,"TeardropLocket":5,"reliquary:WeakTea":7,"PureWater":0,"Akabeko":13},{"reliquary:PorcupineQuills":19,"Shovel":19,"Matryoshka":58,"Shuriken":53,"Strawberry":49,"Mango":26,"Prayer Wheel":56,"Fusion Hammer":39,"TeardropLocket":15,"reliquary:WeakTea":26,"PureWater":0,"Akabeko":53}]},"card_choices":[{"not_picked":["SashWhip","Evaluate"],"picked":"FollowUp","floor":1},{"not_picked":["ClearTheMind","Evaluate"],"picked":"CrushJoints","floor":3},{"not_picked":["Evaluate","Wallop"],"picked":"JustLucky","floor":4},{"not_picked":["FollowUp","PathToVictory"],"picked":"BowlingBash","floor":5},{"not_picked":["Protect","Study"],"picked":"ThirdEye","floor":7},{"not_picked":["Evaluate","SashWhip"],"picked":"ClearTheMind","floor":10},{"not_picked":["Pray","Prostrate"],"picked":"Devotion","floor":12},{"not_picked":["Meditate","Study"],"picked":"EmptyFist","floor":14},{"not_picked":["DeusExMachina","ConjureBlade"],"picked":"Brilliance","floor":16},{"not_picked":["EmptyBody","Halt"],"picked":"Wireheading","floor":18},{"not_picked":["JustLucky","Meditate","ThirdEye"],"picked":"SKIP","floor":20},{"not_picked":["EmptyFist","Evaluate"],"picked":"ThirdEye+1","floor":22},{"not_picked":["Meditate","Protect+1","Study+1"],"picked":"SKIP","floor":24},{"not_picked":["Tantrum","Sanctity"],"picked":"Consecrate","floor":27}],"player_experience":333859,"relics_obtained":[{"floor":9,"key":"TeardropLocket"},{"floor":10,"key":"reliquary:PorcupineQuills"},{"floor":12,"key":"Mango"},{"floor":13,"key":"reliquary:WeakTea"},{"floor":23,"key":"Strawberry"},{"floor":25,"key":"Shuriken"},{"floor":26,"key":"Akabeko"},{"floor":28,"key":"Prayer Wheel"},{"floor":30,"key":"Matryoshka"}],"event_choices":[{"damage_healed":0,"gold_gain":175,"player_choice":"AGREE","damage_taken":0,"max_hp_gain":0,"max_hp_loss":0,"event_name":"Liars Game","floor":2,"gold_loss":0,"cards_obtained":["Doubt"]},{"cards_removed":["Doubt"],"damage_healed":0,"gold_gain":0,"player_choice":"Card Removal","damage_taken":7,"max_hp_gain":0,"max_hp_loss":0,"event_name":"Golden Wing","floor":6,"gold_loss":0},{"damage_healed":0,"gold_gain":0,"player_choice":"Upgraded","damage_taken":0,"max_hp_gain":0,"max_hp_loss":0,"event_name":"Upgrade Shrine","floor":21,"gold_loss":0,"cards_upgraded":["Devotion"]}],"is_beta":false,"boss_relics":[{"not_picked":["Astrolabe","Sozu"],"picked":"Fusion Hammer"}],"items_purged_floors":[],"is_endless":false,"potions_floor_spawned":[3,5,7,14,18,20,29],"killed_by":"Centurion and Healer","ascension_level":0}}