{"host":"ewn058xs2vaj5uc6","time":1612930737,"event":{"mods":["ATMod(??Mod)","Act Like it!","Aspiration","BaseMod","Better Vampires","BetterRewards","Bossed Relics","Colored Map","Colored Powertips","Downfall","Fox Events","Highlight Path","Minty Spire (QoL Compilation)","MostiFishMod","Quick Restart","Red Circlet Mod","Relic Filter Mod","Reliquary","Replay The Spire","Shop Mod","StSLib","SuperFastMode","TestMod","TheWitcher","??????REMEMod","????"],"gold_per_floor":[24,238,238,446,653,884,911,1112,1332,786,-1252,-1019,-1019,-790,-377,-73,-73,37,247,447,666,64,289,315,11,27,427,446,671,27,697,707,1005,1605,843,1053,1263,1263,1046,1061,1085,1139,1214,1226,893,1143,1249,1249,1261,1261],"floor_reached":51,"language":"ZHS","playtime":2459,"items_purged":["hexamod:Sear","downfall:Icky","SnafuTest:CurseSurrender","SnafuTest:CurseHeatDeath","Regret","SnafuTest:CurseRandom","Shame","Doubt"],"score":1630,"play_id":"226d2e0b-697f-4c51-a725-623083eab53c","local_time":"20210210121857","is_ascension_mode":true,"campfire_choices":[],"circlet_count":0,"master_deck":["hexamod:Strike","hexamod:Strike","hexamod:Strike+1","hexamod:Strike+1","hexamod:Defend","hexamod:Defend","hexamod:Defend","hexamod:Defend+1","hexamod:Float","hexamod:Float","Pain","Sickly","Languid","Spreading Infection","Voices","Pain","Sickly","hexamod:GhostLash+1","downfall:Haunted","Languid","downfall:Haunted","Decay","hexamod:GhostLash","Sickly","Voices","downfall:Haunted","Parasite","downfall:Aged","Replay:Hysterical Blindness"],"relics":["testmod-TestBox","AT_ATBox","REME_ComplimentaryCards","DaveBox","REME_DemonsWealth","JellyFishMachine","testmod-ConstraintPeriapt","AT_SeraphEmbrace","SnafuTest:BearRelic","MerchantsRug","SynthV","reliquary:TridentHead","SynthV:MejaisSoulstealer","AT_ForceNature","REME_DuelDisc","Garlic","TheAbacus","reliquary:Buckler","ReplayTheSpireMod:Lightbulb","Nunchaku","Dodecahedron","ReplayFunnel","InkBottle","Darkstone Periapt","Sling","AT_EbonyIvory","reliquary:PorcupineQuills","Replay:Ancient Bell","AT_PhaseBoots","reliquary:HotPoker","DaCapo","downfall:HeartBlessingGreen","testmod-TurbochargingSystem","AT_ChloranthyRing","testmod-MagicalMallet","reliquary:Sideboard","Shuriken","Juzu Bracelet","OriginationStaff","AT_BellDemon"],"acts_visited":["Exordium","TheCity","TheBeyond"],"potions_floor_usage":[50,50,50],"damage_taken":[{"damage":0.0,"enemies":"2 Louse","floor":2.0,"turns":2.0},{"damage":0.0,"enemies":"Cultist","floor":4.0,"turns":3.0},{"damage":0.0,"enemies":"Small Slimes","floor":5.0,"turns":3.0},{"damage":4.0,"enemies":"Replay:BlueRogue","floor":6.0,"turns":5.0},{"damage":9.0,"enemies":"Exordium Thugs","floor":8.0,"turns":6.0},{"damage":41.0,"enemies":"Lagavulin","floor":9.0,"turns":6.0},{"damage":10.0,"enemies":"downfall:FleeingMerchant","floor":10.0,"turns":4.0},{"damage":5.0,"enemies":"Gremlin Nob","floor":12.0,"turns":2.0},{"damage":15.0,"enemies":"Lagavulin","floor":14.0,"turns":4.0},{"damage":1.0,"enemies":"Large Slime","floor":15.0,"turns":2.0},{"damage":3.0,"enemies":"IC_STATUS_ARCHETYPE","floor":16.0,"turns":2.0},{"damage":0,"enemies":"3 Byrds","floor":19,"turns":1},{"damage":0,"enemies":"Spheric Guardian","floor":21,"turns":1},{"damage":4,"enemies":"downfall:FleeingMerchant","floor":22,"turns":4},{"damage":2,"enemies":"Replay:Snechameleon","floor":23,"turns":3},{"damage":0,"enemies":"Centurion and Healer","floor":26,"turns":1},{"damage":0,"enemies":"Snake Plant","floor":28,"turns":1},{"damage":0,"enemies":"Slavers","floor":29,"turns":1},{"damage":0,"enemies":"3 Cultists","floor":32,"turns":1},{"damage":0,"enemies":"WA_ARCHETYPE_CALM","floor":33,"turns":3},{"damage":0,"enemies":"Orb Walker","floor":36,"turns":1},{"damage":1,"enemies":"3 Shapes","floor":37,"turns":1},{"damage":0,"enemies":"downfall:FleeingMerchant","floor":39,"turns":1},{"damage":0,"enemies":"Spire Growth","floor":40,"turns":2},{"damage":0,"enemies":"2 Orb Walkers","floor":42,"turns":2},{"damage":0,"enemies":"3 Darklings","floor":44,"turns":1},{"damage":0,"enemies":"R_Hoarder","floor":47,"turns":3},{"damage":0,"enemies":"Sphere and 2 Shapes","floor":49,"turns":1},{"damage":0,"enemies":"SI_POISON_ARCHETYPE","floor":50,"turns":4}],"seed_played":"3165756554220553548","potions_obtained":[{"floor":5.0,"key":"Flashbang"},{"floor":6.0,"key":"LiquidBronze"},{"floor":9.0,"key":"PowerPotion"},{"floor":12.0,"key":"Adrenaline Potion"},{"floor":19,"key":"Flashbang"},{"floor":21,"key":"Energy Potion"},{"floor":23,"key":"ColorlessPotion"},{"floor":26,"key":"Fire Potion"},{"floor":28,"key":"Energy Potion"},{"floor":37,"key":"Dexterity Potion"},{"floor":42,"key":"Languid Potion"},{"floor":43,"key":"downfall:CursedFountainPotion"}],"is_trial":false,"path_per_floor":["R","M","?","M","M","E","T","M","E","$","R","E","?","E","M","B",null,"R","M","?","M","$","E","T","R","M","?","M","E","R","?","M","B",null,"R_BF","M","M","?","$","M","T","?","?","M","?","?","E","T","M","B",null],"character_chosen":"THE_SPIRIT","items_purchased":["MerchantsRug","AT_RedTearstoneRing","aspiration:ChemicalBlood","SynthV","Energy Potion","reliquary:TridentHead","testmod-Justice","SynthV:MejaisSoulstealer","Matryoshka","Garlic","TheAbacus","Dodecahedron","ReplayFunnel","Darkstone Periapt","Sling","AT_EbonyIvory","testmod-TurbochargingSystem","AT_ChloranthyRing","testmod-MagicalMallet","reliquary:Sideboard","Shuriken"],"campfire_rested":0,"item_purchase_floors":[10,10,10,10,10,11,11,11,22,22,22,25,25,30,30,30,35,35,35,39,39],"current_hp_per_floor":[70,70,70,70,70,68,68,61,24,22,22,22,22,14,17,23,70,70,70,70,70,70,70,70,70,70,70,70,70,70,54,58,82,106,106,112,118,118,124,124,124,124,124,124,140,140,140,140,140,140],"gold":1261,"neow_bonus":"BOSS_RELIC","is_daily":false,"chose_seed":false,"campfire_upgraded":0,"win_rate":0.0,"timestamp":1612930737,"path_taken":["R","M","?","M","?","E","T","M","E","$","R","E","?","E","M","BOSS","R","M","?","M","?","E","T","R","M","?","M","E","R","?","M","BOSS","R_BF","M","M","?","$","M","T","?","?","M","?","?","E","?","M","BOSS"],"items_purchased_type":["Relic","Relic","Relic","Relic","Potion","Relic","Relic","Relic","Relic","Relic","Relic","Relic","Relic","Relic","Relic","Relic","Relic","Relic","Relic","Relic","Relic"],"build_version":"2020-12-22","purchased_purges":8,"victory":true,"max_hp_per_floor":[70,70,70,70,70,70,70,70,70,70,70,70,70,70,70,70,70,70,70,70,70,70,70,70,70,70,70,70,70,70,82,82,88,106,106,112,118,118,124,124,124,124,124,124,140,140,140,140,140,140],"card_choices":[{"not_picked":["hexamod:SwordOfDarkness","hexamod:GhostLash","hexamod:FastForward"],"picked":"SnafuTest:CurseSurrender","floor":2.0},{"not_picked":["hexamod:StepThrough","hexamod:DynamicBlow","hexamod:HeatMetal"],"picked":"downfall:Icky","floor":4.0},{"not_picked":["hexamod:HauntingEcho","hexamod:EtherealExpedition","hexamod:HeatShield"],"picked":"CommonCold","floor":5.0},{"not_picked":["hexamod:Incineration+1","hexamod:ShieldOfDarkness","hexamod:GiftsFromTheDead"],"picked":"SnafuTest:CurseRandom","floor":6.0},{"not_picked":["hexamod:NightmareStrike+1","hexamod:FlamesFromBeyond","hexamod:FastForward"],"picked":"Regret","floor":8.0},{"not_picked":["hexamod:EtherealExpedition","hexamod:HeatMetal+1","hexamod:AdvancingGuard"],"picked":"Pain","floor":9.0},{"not_picked":["hexamod:Rewind","hexamod:BurningTouch","hexamod:AdvancingGuard"],"picked":"Sickly","floor":10.0},{"not_picked":["hexamod:TimeOfNeed","hexamod:Firestarter+1","hexamod:SpectersWail+1"],"picked":"SnafuTest:CursePact","floor":12.0},{"not_picked":["hexamod:RainOfEmbers+1","hexamod:FlamesFromBeyond","hexamod:FastForward"],"picked":"Languid","floor":14.0},{"not_picked":["hexamod:GhostLash+1","hexamod:SpectralAdrenaline","hexamod:AdvancingGuard"],"picked":"ReplayTheSpireMod:IOU","floor":15.0},{"not_picked":["hexamod:PowerFromBeyond","hexamod:NecessarySacrifice","hexamod:ThermalTransfer+1"],"picked":"Spreading Infection","floor":15.0},{"not_picked":["hexamod:UnleashSpirits+1","hexamod:SixthSeal","hexamod:HexaLevel"],"picked":"Voices","floor":16.0},{"not_picked":["hexamod:ShieldOfDarkness+1","hexamod:BacktrackSmack+1","hexamod:ThermalTransfer+1"],"picked":"Normality","floor":19},{"not_picked":["hexamod:SwordOfDarkness+1","hexamod:ThermalTransfer+1","hexamod:PhantomFireball+1"],"picked":"ReplayTheSpireMod:IOU","floor":21},{"not_picked":["hexamod:PhantomCloak","hexamod:GhostOfSpireFuture","hexamod:GhostLash+1"],"picked":"SnafuTest:CurseHeatDeath","floor":22},{"not_picked":["hexamod:UnlimitedPower","hexamod:GiftsFromTheDead","hexamod:NightmareGuise"],"picked":"Sickly","floor":23},{"not_picked":["hexamod:ThermalTransfer+1","hexamod:HeatMetal+1","ReplayTheSpireMod:Splinters"],"picked":"hexamod:GhostLash+1","floor":26},{"not_picked":["hexamod:Haunt+1","hexamod:NightmareStrike+1","hexamod:HeatShield"],"picked":"Languid","floor":28},{"not_picked":["hexamod:TimeOfNeed","hexamod:EtherealExpedition","hexamod:Haunt"],"picked":"downfall:Haunted","floor":29},{"not_picked":["hexamod:SpectersWail+1","hexamod:AdvancingGuard","hexamod:Hexaguard"],"picked":"Shame","floor":31},{"not_picked":["hexamod:ChargedBarrage","hexamod:BurningTouch","hexamod:FastForward"],"picked":"Decay","floor":31},{"not_picked":["hexamod:PhantomFireball","hexamod:SoulSteal+1","downfall:Icky"],"picked":"hexamod:GhostLash","floor":32},{"not_picked":["hexamod:UnlimitedPower","hexamod:ParanormalForm","hexamod:TurnItUp"],"picked":"Sickly","floor":33},{"not_picked":["Spreading Infection","ReplayTheSpireMod:Faulty Equipment","SnafuTest:CurseImprisonment"],"picked":"Voices","floor":34},{"not_picked":["ReplayTheSpireMod:IOU","SnafuTest:CursePact","CommonCold"],"picked":"Doubt","floor":34},{"not_picked":["SnafuTest:CurseSurrender","SnafuTest:CurseRiot","SnafuTest:CurseImprisonment"],"picked":"downfall:Haunted","floor":34},{"not_picked":["hexamod:BurningTouch","hexamod:HeatMetal+1","hexamod:InspiringFlames"],"picked":"Parasite","floor":36},{"not_picked":["hexamod:NightmareStrike","hexamod:SpectersWail+1","hexamod:FlamesFromBeyond"],"picked":"downfall:Aged","floor":37},{"not_picked":["hexamod:Again","hexamod:ShieldOfDarkness","hexamod:SpectersWail"],"picked":"Replay:Hysterical Blindness","floor":39},{"not_picked":["hexamod:RetreatToShadows","hexamod:SwordOfDarkness+1","hexamod:Hexaguard"],"picked":"Parasite","floor":40},{"not_picked":["hexamod:GhostOfSpirePresent","hexamod:GhostOfSpireFuture","hexamod:Firestarter+1"],"picked":"SnafuTest:CurseBurningStake","floor":42},{"not_picked":["hexamod:HauntingEcho+1","hexamod:SwordOfDarkness","hexamod:AdvancingGuard+1"],"picked":"Normality","floor":44},{"not_picked":["hexamod:GhostflameBarrier","hexamod:Hexaguard","hexamod:RadiantFlame+1"],"picked":"downfall:Haunted","floor":47},{"not_picked":["hexamod:RetreatToShadows","hexamod:GhostOfSpireFuture+1","hexamod:InspiringFlames"],"picked":"SnafuTest:CurseRandom","floor":49}],"player_experience":136074,"relics_obtained":[{"floor":6.0,"key":"Molten Egg 2"},{"floor":7.0,"key":"AT_ArchangelStaff"},{"floor":9.0,"key":"SnafuTest:BearRelic"},{"floor":12.0,"key":"AT_ForceNature"},{"floor":14.0,"key":"Prayer Wheel"},{"floor":23,"key":"reliquary:Buckler"},{"floor":24,"key":"ReplayTheSpireMod:Lightbulb"},{"floor":24,"key":"Nunchaku"},{"floor":29,"key":"InkBottle"},{"floor":31,"key":"reliquary:PorcupineQuills"},{"floor":41,"key":"Juzu Bracelet"},{"floor":42,"key":"OriginationStaff"},{"floor":47,"key":"AT_BellDemon"}],"event_choices":[{"damage_healed":0.0,"max_hp_gain":0.0,"max_hp_loss":0.0,"gold_gain":0.0,"event_name":"Accursed Blacksmith","player_choice":"Forge","floor":13.0,"gold_loss":0.0,"damage_taken":0.0,"cards_upgraded":["hexamod:Defend"]},{"damage_healed":0,"gold_gain":0,"player_choice":"Fight","damage_taken":0,"max_hp_gain":0,"max_hp_loss":0,"event_name":"Mysterious Sphere","floor":42,"gold_loss":0},{"damage_healed":0,"gold_gain":250,"player_choice":"Sell","damage_taken":0,"max_hp_gain":0,"max_hp_loss":0,"event_name":"??????","floor":46,"relics_lost":["Matryoshka"],"gold_loss":0}],"is_beta":false,"boss_relics":[{"not_picked":["Replay:Wanted Poster","Pandora\u0027s Box"],"picked":"REME_DuelDisc"},{"not_picked":["testmod-BatchProcessingSystem","FeatherPendant"],"picked":"Replay:Ancient Bell"},{"not_picked":["Gremlin Food","Tiny Chest"],"picked":"AT_SpeedBoots"},{"not_picked":["Mummified Hand","Snack Pack"],"picked":"reliquary:HotPoker"},{"not_picked":["DianDianMeat","AT_RabadonDeathcap"],"picked":"DaCapo"}],"items_purged_floors":[1,10,11,22,25,30,35,39],"is_endless":false,"potions_floor_spawned":[5,6,9,12,15,19,21,23,26,28,37,42,49],"ascension_level":1}}