{"host":"17w3oyws87dzn6xb","time":1612975030,"event":{"mods":["BaseMod","Colored Powertips","Conspire","Downfall","Hero for Fun","Hubris","Infinite Spire","Marisa????????","Mimic Mod","Minty Spire (QoL Compilation)","Rare Cards Sparkle","Reliquary","Replay The Spire","Robot Space Explorer","Spicy Shops","StSLib","The Cursed","The Disciple","The Necromancer","The Servant 0.9.4"],"gold_per_floor":[14,32,48,48,48,40,40,40,66,82,82,115,125,138,153,168,168,272,272,288,288,307,323,340,340,355,355,355,370,401,434,454,464,464,561,561,577,577,591,608,619,652,669,687,720,720,733,733,2,37,37,39,39,39,24,57,63],"floor_reached":58,"language":"ENG","playtime":3288,"items_purged":[],"score":1686,"play_id":"716aa6e2-6436-480b-b9dc-126af3de552c","local_time":"20210210193710","is_ascension_mode":false,"campfire_choices":[{"floor":8,"key":"RECALL"},{"data":"Wear_Disguise","floor":25,"key":"SMITH"},{"data":"Get_Hopes_Up","floor":27,"key":"SMITH"},{"data":"Serious_Punch","floor":34,"key":"SMITH"},{"data":"Oh","floor":46,"key":"SMITH"},{"data":"Yawn","floor":51,"key":"SMITH"},{"data":"Yawn","floor":54,"key":"SMITH"}],"circlet_count":0,"master_deck":["Strike_Y","Strike_Y","Strike_Y+1","Strike_Y","Strike_Y","Defend_Y","Defend_Y","Defend_Y","Defend_Y","Defend_Y","Slap","Do_Nothing+1","Ignore","Serious_Punch+1","Ignore","Get_Hopes_Up+1","Normal_Punch+1","Yawn+1","Side_Hop","Wear_Disguise+1","Hip_Strike+1","Consecutive_Normal_Punch+1","infinitespire:Gouge","Yawn+1","Yawn+1","Ignore+1","Consecutive_Normal_Punch","Slap+1","Slap+1","Toss_Stone","Oh+1","Toss_Stone+1","Slap","Consecutive_Normal_Punch+1","Ignore+1","Toss_Stone+1","Slap+1","Toss_Stone","Slap+1","Slap+1","Slap","Serious_Punch"],"relics":["Cape","infinitespire:PuzzleCube","reliquary:Knoch","hubris:BlackHole","infinitespire:EmpoweringShard","ReplayTheSpireMod:Shallot","reliquary:BallBearing","Black Star","StoneCalendar","Whetstone","infinitespire:Lychee Nut","Blue Doll","Replay:Wax Seal","Garlic","Replay:Bandana","Guide Book","reliquary:JackalopeAntler","Replay:Bottled Steam","Mummified Hand","Nunchaku","Happy Flower"],"acts_visited":["Exordium","TheCity","TheBeyond","TheEnding"],"potions_floor_usage":[],"damage_taken":[{"damage":0,"enemies":"Jaw Worm","floor":1,"turns":1},{"damage":0,"enemies":"Cultist","floor":2,"turns":1},{"damage":0,"enemies":"infinitespire:Voidling","floor":3,"turns":1},{"damage":0,"enemies":"Replay:BlueRogue","floor":9,"turns":1},{"damage":0,"enemies":"Exordium Thugs","floor":10,"turns":1},{"damage":0,"enemies":"Lagavulin","floor":12,"turns":1},{"damage":0,"enemies":"2 Fungi Beasts","floor":13,"turns":1},{"damage":0,"enemies":"Red Slaver","floor":14,"turns":1},{"damage":0,"enemies":"3 Louse","floor":15,"turns":2},{"damage":0,"enemies":"Exordium Wildlife","floor":16,"turns":2},{"damage":0,"enemies":"Hexaghost","floor":18,"turns":4},{"damage":0,"enemies":"Shell Parasite","floor":20,"turns":2},{"damage":0,"enemies":"3 Byrds","floor":22,"turns":3},{"damage":0,"enemies":"conspire:HollyBat","floor":23,"turns":5},{"damage":0,"enemies":"Chosen and Byrds","floor":24,"turns":1},{"damage":0,"enemies":"Cultist and Chosen","floor":26,"turns":3},{"damage":0,"enemies":"Snake Plant","floor":29,"turns":1},{"damage":0,"enemies":"Sentry and Sphere","floor":30,"turns":2},{"damage":0,"enemies":"Book of Stabbing","floor":31,"turns":1},{"damage":0,"enemies":"Sentry and Sphere","floor":32,"turns":1},{"damage":0,"enemies":"conspire:HollyBat","floor":33,"turns":7},{"damage":0,"enemies":"Champ","floor":35,"turns":1},{"damage":0,"enemies":"3 Darklings","floor":37,"turns":1},{"damage":0,"enemies":"3 Shapes","floor":39,"turns":2},{"damage":0,"enemies":"Writhing Mass","floor":40,"turns":1},{"damage":0,"enemies":"Maw","floor":41,"turns":1},{"damage":0,"enemies":"Reptomancer","floor":42,"turns":2},{"damage":0,"enemies":"Jaw Worm Horde","floor":43,"turns":1},{"damage":0,"enemies":"Transient","floor":44,"turns":1},{"damage":0,"enemies":"Sphere and 2 Shapes","floor":45,"turns":2},{"damage":0,"enemies":"Sphere and 2 Shapes","floor":47,"turns":2},{"damage":0,"enemies":"Nemesis","floor":50,"turns":1},{"damage":0,"enemies":"conspire:OrnateMirror","floor":52,"turns":1},{"damage":0,"enemies":"Shield and Spear","floor":56,"turns":1},{"damage":0,"enemies":"The Heart","floor":57,"turns":4}],"seed_played":"-6775856333212448950","potions_obtained":[{"floor":3,"key":"Energy Potion"},{"floor":10,"key":"Elixir"},{"floor":13,"key":"champ:CounterPotion"}],"is_trial":false,"path_per_floor":["M","M","M","PTL","PTL","$","?","R","E","M","T","E","M","M","M","M","R","B",null,"M","AVR","M","M","M","R","M","R","T","M","MIM","E","M","M","R","B",null,"M","?","M","M","M","E","M","M","MIM","R","M","?","$","E","R","B",null,"R","$","E","B",null],"character_chosen":"OPM","items_purchased":["conspire:Banana","Replay:Wax Seal","Garlic","Replay:Bandana","Guide Book","reliquary:JackalopeAntler","Slap"],"campfire_rested":0,"item_purchase_floors":[6,49,49,49,49,49,55],"current_hp_per_floor":[1098,1098,1098,1098,1098,1098,1098,1098,1098,1098,1098,1098,1098,1098,1099,1100,1100,1101,1101,1101,1101,1102,1102,1102,1102,1103,1103,1103,1103,1103,1104,1104,1105,1105,1105,1105,1105,1105,1105,1105,1105,1105,1105,1105,828,828,828,828,828,828,828,828,828,828,828,828,828],"gold":63,"neow_bonus":"TEN_PERCENT_HP_BONUS","is_daily":false,"chose_seed":false,"campfire_upgraded":6,"win_rate":0.0,"timestamp":1612975030,"path_taken":["M","M","M","PTL","PTL","$","?","R","E","M","T","E","M","M","M","M","R","BOSS","M","AVR","M","?","M","R","M","R","T","M","?","E","M","M","R","BOSS","M","?","M","?","M","E","M","M","MIM","R","M","?","$","E","R","BOSS","R","$","E","BOSS"],"items_purchased_type":["Card","Relic","Relic","Relic","Relic","Relic","Card"],"build_version":"2020-12-22","purchased_purges":0,"victory":true,"max_hp_per_floor":[1098,1098,1098,1098,1098,1098,1098,1098,1098,1098,1098,1098,1098,1098,1099,1100,1100,1101,1101,1101,1101,1102,1102,1102,1102,1103,1103,1103,1103,1103,1104,1104,1105,1105,1105,1105,1105,1105,1105,1105,1105,1105,1105,1105,828,828,828,828,828,828,828,828,828,828,828,828,828],"card_choices":[{"not_picked":["Hop","Side_Hop"],"picked":"Slap","floor":1},{"not_picked":["Yawn","Toss_Stone"],"picked":"Do_Nothing","floor":2},{"not_picked":["Toss_Stone","Consecutive_Normal_Punch"],"picked":"Ignore","floor":3},{"not_picked":["Slap","Normal_Punch"],"picked":"Serious_Punch","floor":9},{"not_picked":["Side_Hop","Hop"],"picked":"Ignore","floor":10},{"not_picked":["Side_Hop","Do_Nothing"],"picked":"Get_Hopes_Up","floor":12},{"not_picked":["Side_Hop","Slap"],"picked":"Normal_Punch","floor":13},{"not_picked":["Do_Nothing","Toss_Stone"],"picked":"Yawn","floor":14},{"not_picked":["Yawn","Toss_Stone"],"picked":"Side_Hop","floor":15},{"not_picked":["Toss_Stone","Hop"],"picked":"Wear_Disguise","floor":16},{"not_picked":["Terrifying_Presence","Serious_Side_Hops"],"picked":"Hip_Strike","floor":18},{"not_picked":["Hop","Side_Hop"],"picked":"Consecutive_Normal_Punch+1","floor":20},{"not_picked":["Ignore","Side_Hop"],"picked":"Yawn","floor":22},{"not_picked":["Side_Hop","Hop"],"picked":"Yawn+1","floor":23},{"not_picked":["Side_Hop","Hop"],"picked":"Ignore+1","floor":24},{"not_picked":["Normal_Punch","Yawn+1"],"picked":"Consecutive_Normal_Punch","floor":26},{"not_picked":["Yawn","Do_Nothing"],"picked":"Slap","floor":29},{"not_picked":["Get_Hopes_Up","Normal_Punch"],"picked":"Slap+1","floor":30},{"not_picked":["Consecutive_Normal_Punch","Ignore"],"picked":"Toss_Stone","floor":31},{"not_picked":["Ignore","Yawn","Wear_Disguise"],"picked":"SKIP","floor":32},{"not_picked":["Side_Hop+1","Ignore","Wear_Disguise"],"picked":"SKIP","floor":33},{"not_picked":["Serious_Side_Hops","Serious_Punch"],"picked":"Oh","floor":35},{"not_picked":["Do_Nothing+1","Yawn+1"],"picked":"Toss_Stone+1","floor":37},{"not_picked":["Wear_Disguise","Yawn+1"],"picked":"Slap","floor":39},{"not_picked":["Slap","Normal_Punch"],"picked":"Consecutive_Normal_Punch+1","floor":40},{"not_picked":["Side_Hop","Yawn"],"picked":"Ignore+1","floor":41},{"not_picked":["Hop+1","Wear_Disguise"],"picked":"Toss_Stone+1","floor":42},{"not_picked":["Hop+1","Ignore+1","Yawn"],"picked":"SKIP","floor":43},{"not_picked":["Consecutive_Normal_Punch+1","Toss_Stone+1"],"picked":"Slap+1","floor":44},{"not_picked":["Side_Hop","Ignore"],"picked":"Toss_Stone","floor":45},{"not_picked":["Do_Nothing","Hop"],"picked":"Slap+1","floor":47},{"not_picked":["Ignore+1","Normal_Punch+1"],"picked":"Slap+1","floor":50},{"not_picked":["Wear_Disguise+1","Yawn"],"picked":"Serious_Punch","floor":56}],"player_experience":111003,"relics_obtained":[{"floor":9,"key":"infinitespire:PuzzleCube"},{"floor":12,"key":"reliquary:Knoch"},{"floor":28,"key":"infinitespire:EmpoweringShard"},{"floor":30,"key":"ReplayTheSpireMod:Shallot"},{"floor":31,"key":"reliquary:BallBearing"},{"floor":42,"key":"StoneCalendar"},{"floor":42,"key":"Whetstone"},{"floor":45,"key":"infinitespire:Lychee Nut"},{"floor":50,"key":"Replay:Bottled Steam"},{"floor":50,"key":"Mummified Hand"},{"floor":56,"key":"Nunchaku"},{"floor":56,"key":"Happy Flower"}],"event_choices":[{"damage_healed":0,"gold_gain":0,"player_choice":"Ignored","damage_taken":0,"max_hp_gain":0,"max_hp_loss":0,"event_name":"Purifier","floor":7,"gold_loss":0},{"cards_removed":["conspire:Banana"],"damage_healed":0,"gold_gain":0,"player_choice":"Offered Uncommon","damage_taken":0,"max_hp_gain":0,"max_hp_loss":0,"event_name":"Bonfire Elementals","floor":38,"gold_loss":0},{"damage_healed":0,"gold_gain":0,"player_choice":"Gave Potion","damage_taken":0,"relics_obtained":["Blue Doll"],"max_hp_gain":0,"max_hp_loss":0,"event_name":"WeMeetAgain","floor":48,"gold_loss":0}],"is_beta":false,"boss_relics":[{"not_picked":["Replay:Drink Me","Ectoplasm"],"picked":"hubris:BlackHole"},{"not_picked":["Honey Jar","Cursed Key"],"picked":"Black Star"}],"items_purged_floors":[],"is_endless":false,"potions_floor_spawned":[3,10,13,14,20,22,24,31,32,33,39,40,43,47],"ascension_level":0}}