{"host":"pfea746agqdggr2u","time":1612984094,"event":{"mods":["BaseMod","Filter the Spire","Minty Spire (QoL Compilation)"],"gold_per_floor":[117,127,143,143,160,160,160,191,214,228,246,246,281,295,295,397,397,377,292,292,306,326,326,326],"floor_reached":23,"language":"ENG","playtime":1118,"items_purged":[],"score":230,"play_id":"d9bdd4e7-1db4-4c60-9011-10ed61d96da9","local_time":"20210210110814","is_ascension_mode":false,"campfire_choices":[{"floor":7.0,"key":"REST"},{"floor":15.0,"key":"REST"}],"circlet_count":0,"master_deck":["Strike_B","Strike_B","Strike_B","Strike_B","Defend_B","Defend_B","Defend_B","Defend_B","Zap","Dualcast","BootSequence+1","Barrage","Genetic Algorithm+1","Streamline","Conserve Battery","Glacier","Creative AI","Core Surge","Consume","Coolheaded","Defragment"],"relics":["Inserter","WarpedTongs","War Paint","Nunchaku","Black Star","Matryoshka"],"acts_visited":["Exordium","TheCity"],"potions_floor_usage":[],"damage_taken":[{"damage":2.0,"enemies":"Small Slimes","floor":1.0,"turns":3.0},{"damage":1.0,"enemies":"2 Louse","floor":2.0,"turns":4.0},{"damage":8.0,"enemies":"Cultist","floor":3.0,"turns":5.0},{"damage":3.0,"enemies":"Gremlin Gang","floor":5.0,"turns":4.0},{"damage":32.0,"enemies":"Gremlin Nob","floor":8.0,"turns":4.0},{"damage":4.0,"enemies":"Blue Slaver","floor":10.0,"turns":4.0},{"damage":1.0,"enemies":"Exordium Wildlife","floor":11.0,"turns":4.0},{"damage":5.0,"enemies":"3 Sentries","floor":13.0,"turns":9.0},{"damage":3.0,"enemies":"3 Louse","floor":14.0,"turns":3.0},{"damage":52.0,"enemies":"Hexaghost","floor":16.0,"turns":11.0},{"damage":4.0,"enemies":"2 Thieves","floor":18.0,"turns":4.0},{"damage":10,"enemies":"Chosen","floor":21,"turns":6},{"damage":19,"enemies":"Snake Plant","floor":22,"turns":8},{"damage":59,"enemies":"Slavers","floor":23,"turns":4}],"seed_played":"-390779166951428353","potions_obtained":[{"floor":1.0,"key":"Explosive Potion"},{"floor":2.0,"key":"Explosive Potion"},{"floor":11.0,"key":"FearPotion"},{"floor":13.0,"key":"Strength Potion"},{"floor":14.0,"key":"AttackPotion"},{"floor":18.0,"key":"Explosive Potion"}],"is_trial":false,"path_per_floor":["M","M","M","?","M","?","R","E","T","M","M","?","E","M","R","B",null,"M","?","?","M","M","E"],"character_chosen":"DEFECT","items_purchased":[],"campfire_rested":2,"item_purchase_floors":[],"current_hp_per_floor":[73,72,64,69,66,66,80,48,48,44,43,43,38,35,59,7,80,76,76,76,66,47,0,0],"gold":326,"neow_bonus":"BOSS_RELIC","is_daily":false,"chose_seed":false,"campfire_upgraded":0,"win_rate":0.0,"timestamp":1612984094,"path_taken":["M","M","M","?","M","?","R","E","T","?","?","?","E","M","R","BOSS","M","?","?","M","M","E"],"items_purchased_type":[],"build_version":"2020-12-22","purchased_purges":0,"victory":false,"max_hp_per_floor":[75,75,75,80,80,80,80,80,80,80,80,80,80,80,80,80,80,80,80,80,80,80,80,80],"card_choices":[{"not_picked":["Capacitor","Beam Cell"],"picked":"BootSequence","floor":1.0},{"not_picked":["Redo","Leap"],"picked":"Barrage","floor":2.0},{"not_picked":["Reprogram","Stack"],"picked":"Genetic Algorithm","floor":3.0},{"not_picked":["Fission","Hello World"],"picked":"Streamline","floor":5.0},{"not_picked":["Compile Driver","Streamline"],"picked":"Conserve Battery","floor":8.0},{"not_picked":["Skim","Beam Cell","Compile Driver"],"picked":"SKIP","floor":10.0},{"not_picked":["Sweeping Beam","Rebound"],"picked":"Glacier","floor":11.0},{"not_picked":["Fission","Leap"],"picked":"Creative AI","floor":13.0},{"not_picked":["Stack","Compile Driver","Sunder"],"picked":"SKIP","floor":14.0},{"not_picked":["Meteor Strike","Fission"],"picked":"Core Surge","floor":16.0},{"not_picked":["Ball Lightning","Sweeping Beam"],"picked":"Consume","floor":18.0},{"not_picked":["Conserve Battery","Gash"],"picked":"Coolheaded","floor":21},{"not_picked":["Recycle","Coolheaded"],"picked":"Defragment","floor":22}],"player_experience":82710,"relics_obtained":[{"floor":8.0,"key":"War Paint"},{"floor":13.0,"key":"Nunchaku"}],"event_choices":[{"damage_healed":0.0,"max_hp_gain":5.0,"max_hp_loss":0.0,"gold_gain":0.0,"event_name":"Big Fish","player_choice":"Donut","floor":4.0,"gold_loss":0.0,"damage_taken":0.0},{"damage_healed":0.0,"max_hp_gain":0.0,"max_hp_loss":0.0,"gold_gain":0.0,"event_name":"Accursed Blacksmith","player_choice":"Rummage","floor":6.0,"gold_loss":0.0,"damage_taken":0.0,"relics_obtained":["WarpedTongs"],"cards_obtained":["Pain"]},{"damage_healed":0.0,"max_hp_gain":0.0,"max_hp_loss":0.0,"gold_gain":0.0,"event_name":"Dead Adventurer","player_choice":"Searched \u00270\u0027 times","floor":12.0,"gold_loss":0.0,"damage_taken":0.0},{"damage_healed":0.0,"max_hp_gain":0.0,"max_hp_loss":0.0,"gold_gain":0.0,"event_name":"Addict","player_choice":"Obtained Relic","floor":19.0,"gold_loss":85.0,"damage_taken":0.0,"relics_obtained":["Matryoshka"]},{"cards_removed":["Pain"],"damage_healed":0.0,"max_hp_gain":0.0,"max_hp_loss":0.0,"gold_gain":0.0,"event_name":"Fountain of Cleansing","player_choice":"Removed Curses","floor":20.0,"gold_loss":0.0,"damage_taken":0.0}],"is_beta":false,"boss_relics":[{"not_picked":["Pandora\u0027s Box","SlaversCollar"],"picked":"Black Star"}],"items_purged_floors":[],"is_endless":false,"potions_floor_spawned":[1,2,11,13,14,18],"killed_by":"Slavers","ascension_level":0}}