{"host":"nxma0dbhh74lxenq","time":1612930355,"event":{"mods":["Astrologer","BaseMod","Beaked The Cultist","CapriCore","Colored Map","DeckTracker","Gremlin Mod","Highlight Path","HololiveMod","Koishi","Mad Scientist","Minty Spire (QoL Compilation)","StSLib","SuperFastMode","The Bladedancer","The Cursed","The Immortal","The Mystic","YoumuÅiç∞ÈÆódöÎÅj"],"gold_per_floor":[116,116,69,69,144,185,185,185,208,249,269,269,302,325,325,418,418,443,463,481,7,26,26,47,47,47,65,81,99,143,163,163,256,256,269,73,406,431,431,431,449,449,472,472,17,35,58,68,68,68],"floor_reached":51,"language":"JPN","playtime":2277,"items_purged":["Koishi:BasicStrike","Koishi:ApparitionsStalkTheNight"],"score":1346,"play_id":"3ab4dcfb-1ee6-4008-ae9d-44be34721b33","local_time":"20210210131235","is_ascension_mode":true,"campfire_choices":[{"data":"Koishi:SubconsciousSweep","floor":7,"key":"SMITH"},{"data":"Koishi:HauntingSlash","floor":12,"key":"SMITH"},{"floor":15,"key":"REST"},{"floor":23,"key":"REST"},{"data":"Koishi:TerrifyingSpectre","floor":32,"key":"SMITH"},{"data":"Apotheosis","floor":40,"key":"SMITH"},{"data":"beaked:NemesisSlickness","floor":42,"key":"SMITH"},{"data":"Sadistic Nature","floor":44,"key":"SMITH"},{"data":"Koishi:Ego","floor":49,"key":"SMITH"}],"circlet_count":0,"master_deck":["AscendersBane","Koishi:Provoke","Koishi:HauntingSlash+1","Koishi:StrangeCloudFist","Koishi:SubconsciousSweep+1","Koishi:SilentAndRestless","Koishi:ParalyzingFear","Koishi:TremblingHands","Koishi:RacingHeart","Koishi:TerrifyingSpectre+1","beaked:NemesisSlickness+1","Koishi:JumpScare","Koishi:YoukaiPolygraph","Apotheosis+1","Koishi:Untouchable","Koishi:PredatoryInstincts","Koishi:PredatoryInstincts+1","Koishi:MindStellarRelief","Koishi:ApparitionsStalkTheNight","Koishi:TerrifyingSpectre","Koishi:FidgetySnatcher","Koishi:Whimsy","Koishi:RuptureMind","Koishi:HeartAttack","Sadistic Nature+1","Koishi:Jaunt","Koishi:Ego+1","Koishi:UnconsciousUprising","Koishi:UnconsciousUprising+1","Koishi:HeartfeltFancy"],"relics":["Koishi:ImaginaryFriend","NeowsBlessing","Boot","Singing Bowl","Omamori","Lantern","Anchor","beaked:SacredDeck","Koishi:AHoleWhereASisterShouldBe","Kunai","Meat on the Bone","Bottled Tornado","Pandora\u0027s Box","Ginger","Bag of Marbles","Membership Card","Bird Faced Urn","Smiling Mask"],"acts_visited":["Exordium","TheCity","TheBeyond"],"potions_floor_usage":[16,16,27,28,30,33,41,50],"damage_taken":[{"damage":0,"enemies":"Jaw Worm","floor":1,"turns":1},{"damage":0,"enemies":"Gremlin Nob","floor":6,"turns":1},{"damage":0,"enemies":"Lagavulin","floor":10,"turns":1},{"damage":0,"enemies":"Small Slimes","floor":11,"turns":3},{"damage":26,"enemies":"Gremlin Nob","floor":13,"turns":4},{"damage":0,"enemies":"2 Louse","floor":14,"turns":2},{"damage":34,"enemies":"The Guardian","floor":16,"turns":14},{"damage":24,"enemies":"Shell Parasite","floor":18,"turns":7},{"damage":18,"enemies":"2 Thieves","floor":19,"turns":5},{"damage":11,"enemies":"Cultist and Chosen","floor":20,"turns":6},{"damage":0,"enemies":"Chosen and Byrds","floor":22,"turns":8},{"damage":11,"enemies":"Snecko","floor":24,"turns":5},{"damage":12,"enemies":"Cultist and Chosen","floor":27,"turns":6},{"damage":3,"enemies":"Sentry and Sphere","floor":28,"turns":10},{"damage":12,"enemies":"Centurion and Healer","floor":29,"turns":7},{"damage":34,"enemies":"Slavers","floor":30,"turns":8},{"damage":21,"enemies":"Snecko","floor":31,"turns":7},{"damage":36,"enemies":"Collector","floor":33,"turns":18},{"damage":39,"enemies":"3 Shapes","floor":35,"turns":5},{"damage":4,"enemies":"Mind Bloom Boss Battle","floor":38,"turns":8},{"damage":29,"enemies":"3 Darklings","floor":41,"turns":5},{"damage":1,"enemies":"Spire Growth","floor":46,"turns":7},{"damage":7,"enemies":"Transient","floor":48,"turns":5},{"damage":37,"enemies":"Awakened One","floor":50,"turns":14}],"seed_played":"-2966619389504726426","potions_obtained":[{"floor":1,"key":"Swift Potion"},{"floor":13,"key":"AttackPotion"},{"floor":16,"key":"Block Potion"},{"floor":19,"key":"PowerPotion"},{"floor":27,"key":"Swift Potion"},{"floor":28,"key":"Explosive Potion"},{"floor":29,"key":"Swift Potion"},{"floor":33,"key":"Ancient Potion"},{"floor":38,"key":"EssenceOfSteel"}],"is_trial":false,"path_per_floor":["M","?","$","?","?","E","R","T","T","E","M","R","E","M","R","B",null,"M","M","M","$","M","R","M","?","T","M","M","M","E","M","R","B",null,"M","$","?","?","?","R","M","R","T","R","$","M","T","M","R","B",null],"character_chosen":"KOISHI","items_purchased":["Koishi:SubconsciousSweep","Apotheosis","Koishi:AHoleWhereASisterShouldBe","Koishi:Untouchable","Sadistic Nature","Membership Card","Bird Faced Urn","DuplicationPotion","Koishi:Ego","Koishi:UnconsciousUprising"],"campfire_rested":2,"item_purchase_floors":[3,21,21,21,36,45,45,45,45,45],"current_hp_per_floor":[51,51,51,56,45,45,45,45,45,45,48,48,24,24,41,19,49,31,19,18,18,32,50,48,48,48,44,45,51,41,41,41,41,64,47,47,47,62,62,62,72,72,72,72,72,75,75,75,75,75],"gold":68,"neow_bonus":"THREE_ENEMY_KILL","is_daily":false,"chose_seed":false,"campfire_upgraded":7,"win_rate":0.0,"timestamp":1612930355,"path_taken":["M","?","?","?","?","E","R","?","T","E","M","R","E","M","R","BOSS","M","M","M","$","M","R","M","?","T","M","M","?","E","M","R","BOSS","M","$","?","?","?","R","M","R","T","R","$","?","?","M","R","BOSS"],"items_purchased_type":["Card","Card","Relic","Card","Card","Relic","Relic","Potion","Card","Card"],"build_version":"2020-12-22","purchased_purges":2,"victory":true,"max_hp_per_floor":[57,52,52,57,57,57,57,57,57,57,59,59,59,59,59,59,59,59,59,61,61,63,63,65,65,65,67,67,69,69,71,71,71,71,73,73,73,73,73,73,75,75,75,75,75,75,75,75,75,75],"card_choices":[{"not_picked":["Koishi:FreudianInstinct","Koishi:JumpScare"],"picked":"Koishi:StrangeCloudFist","floor":1},{"not_picked":["Koishi:FreudianInstinct","Koishi:YoukaiPolygraph"],"picked":"Koishi:SilentAndRestless","floor":6},{"not_picked":["Koishi:LastRemote","Koishi:DreadfulBlow"],"picked":"Koishi:ParalyzingFear","floor":10},{"not_picked":["Koishi:VengefulSpirit","Koishi:StrangeCloudFist","Koishi:Prune"],"picked":"Singing Bowl","floor":11},{"not_picked":["Koishi:Whimsy","Koishi:PhantomStrike"],"picked":"Koishi:TremblingHands","floor":13},{"not_picked":["Koishi:StingingMind","Koishi:FleetingPhantom"],"picked":"Koishi:RacingHeart","floor":14},{"not_picked":["Koishi:SilentAndRestless","Koishi:MentalBreakdown"],"picked":"Koishi:TerrifyingSpectre","floor":16},{"not_picked":["Koishi:Prune","Koishi:SprinkleStarAndHeart"],"picked":"Koishi:JumpScare","floor":18},{"not_picked":["Koishi:JumpScare+1","Koishi:ApparitionsStalkTheNight"],"picked":"Koishi:YoukaiPolygraph","floor":19},{"not_picked":["Koishi:DanmakuParanoia","Koishi:UnansweredLove","Koishi:BloodcurdlingScream"],"picked":"Singing Bowl","floor":20},{"not_picked":["Koishi:Jaunt","Koishi:YoukaiPolygraph","Koishi:UnansweredLove"],"picked":"Singing Bowl","floor":22},{"not_picked":["Koishi:BloodcurdlingScream","Koishi:DreadfulBlow","Koishi:JumpScare"],"picked":"Singing Bowl","floor":24},{"not_picked":["Koishi:DreadfulBlow","Koishi:UnansweredLove","Koishi:FourthEye"],"picked":"Singing Bowl","floor":27},{"not_picked":["Koishi:Untouchable","Koishi:Whimsy"],"picked":"Koishi:PredatoryInstincts","floor":28},{"not_picked":["Koishi:StingingMind","Koishi:ReflexRadar","Koishi:UnansweredLove"],"picked":"Singing Bowl","floor":29},{"not_picked":["Koishi:IdleWhim+1","Koishi:Untouchable"],"picked":"Koishi:PredatoryInstincts+1","floor":30},{"not_picked":["Koishi:BloodcurdlingScream","Koishi:ApparitionsStalkTheNight","Koishi:HeartStoppingHorror"],"picked":"Singing Bowl","floor":31},{"not_picked":["Koishi:SuperEgo","Koishi:RoseHell"],"picked":"Koishi:MindStellarRelief","floor":33},{"not_picked":["Koishi:ReleaseOfTheId","Koishi:PhantomStrike","Koishi:SprinkleStarAndHeart+1"],"picked":"Singing Bowl","floor":35},{"not_picked":["Koishi:Possession","Koishi:MassHysteria"],"picked":"Koishi:Jaunt","floor":38},{"not_picked":["Koishi:UnconsciousUprising","Koishi:FidgetySnatcher","Koishi:ParalyzingFear"],"picked":"Singing Bowl","floor":41},{"not_picked":["Koishi:DNAsFlaw","Koishi:CatchAndRose"],"picked":"Koishi:UnconsciousUprising+1","floor":46},{"not_picked":["Koishi:StrangeCloudFist","Koishi:BloodcurdlingScream"],"picked":"Koishi:HeartfeltFancy","floor":48}],"player_experience":574467,"relics_obtained":[{"floor":6,"key":"Boot"},{"floor":8,"key":"Singing Bowl"},{"floor":9,"key":"Omamori"},{"floor":10,"key":"Lantern"},{"floor":13,"key":"Anchor"},{"floor":26,"key":"Meat on the Bone"},{"floor":30,"key":"Bottled Tornado"},{"floor":38,"key":"Ginger"},{"floor":43,"key":"Bag of Marbles"},{"floor":47,"key":"Smiling Mask"}],"event_choices":[{"damage_healed":0,"gold_gain":0,"player_choice":"Lose Max HP","damage_taken":0,"relics_obtained":["Golden Idol"],"max_hp_gain":0,"max_hp_loss":5,"event_name":"Golden Idol","floor":2,"gold_loss":0},{"damage_healed":0,"gold_gain":0,"player_choice":"Donut","damage_taken":0,"max_hp_gain":5,"max_hp_loss":0,"event_name":"Big Fish","floor":4,"gold_loss":0},{"damage_healed":0,"gold_gain":75,"player_choice":"Gather Gold","damage_taken":11,"max_hp_gain":0,"max_hp_loss":0,"event_name":"World of Goop","floor":5,"gold_loss":0},{"damage_healed":0,"gold_gain":0,"player_choice":"Gave Potion","damage_taken":0,"relics_obtained":["Kunai"],"max_hp_gain":0,"max_hp_loss":0,"event_name":"WeMeetAgain","floor":25,"gold_loss":0},{"damage_healed":0,"gold_gain":333,"player_choice":"Gave Idol","damage_taken":0,"max_hp_gain":0,"max_hp_loss":0,"event_name":"The Moai Head","floor":37,"relics_lost":["Golden Idol"],"gold_loss":0},{"damage_healed":0,"gold_gain":0,"player_choice":"Fight","damage_taken":0,"max_hp_gain":0,"max_hp_loss":0,"event_name":"MindBloom","floor":38,"gold_loss":0},{"damage_healed":0,"gold_gain":0,"player_choice":"Ignored","damage_taken":0,"max_hp_gain":0,"max_hp_loss":0,"event_name":"Tomb of Lord Red Mask","floor":39,"gold_loss":0}],"is_beta":false,"boss_relics":[{"not_picked":["Runic Pyramid","Coffee Dripper"],"picked":"beaked:SacredDeck"},{"not_picked":["Runic Dome","Sozu"],"picked":"Pandora\u0027s Box"}],"items_purged_floors":[21,45],"is_endless":false,"potions_floor_spawned":[1,13,16,19,20,27,28,29,33,38],"ascension_level":15}}