{"host":"og21o26alpnbwmz8","time":1612993563,"event":{"mods":["Act Like it!","Aspiration","BaseMod","Conspire","Downfall","Gensokyo","Halation","Hubris","Jedi Mod","Mimic Mod","Minty Spire (QoL Compilation)","Pale of the Ancients","Reliquary","Replay The Spire","Shop Mod","Spikes Relics","StSLib","The Alterego","The Blue Laboratory","The Poker Player","Waifu the Spire","Yuri Mod"],"gold_per_floor":[111,111,111,136,136,136,24,24,96,27,27,81,117,157,157,277,277],"floor_reached":16,"language":"ENG","playtime":466,"items_purged":["Looming Evil"],"score":123,"play_id":"c57c425f-9164-4f9e-bd7b-8044a5cda8a5","local_time":"20210210164603","is_ascension_mode":false,"campfire_choices":[{"data":"yuri:yuriStab","floor":6,"key":"SMITH"},{"data":"yuri:StealPen","floor":8,"key":"SMITH"},{"data":"yuri:GlitchedStrike","floor":15,"key":"SMITH"}],"circlet_count":0,"master_deck":["yuri:yuriStrike","yuri:yuriStrike","yuri:yuriStrike","yuri:yuriStrike","yuri:yuriStrike","yuri:yuriDefend","yuri:yuriDefend","yuri:yuriDefend","yuri:yuriDefend","yuri:Oolong","yuri:yuriStab+1","yuri:CorruptHitbox+1","yuri:yuriHeavyStrike","yuri:StealPen+1","yuri:AdaptiveAI","yuri:AdaptiveAI","yuri:GlitchedStrike+1"],"relics":["yuri:yuriKnife","NeowsBlessing","Golden Idol","Ring of Searing","ReplayTheSpireMod:Ring of Exchange","hubris:Icosahedron","Omamori"],"acts_visited":["Exordium"],"potions_floor_usage":[],"damage_taken":[{"damage":0,"enemies":"2 Louse","floor":1,"turns":1},{"damage":0,"enemies":"Jaw Worm","floor":4,"turns":1},{"damage":5,"enemies":"Gremlin Nob","floor":12,"turns":2},{"damage":12,"enemies":"conspire:RoseBush","floor":13,"turns":3},{"damage":17,"enemies":"Exordium Wildlife","floor":14,"turns":3},{"damage":77,"enemies":"Fading Forest","floor":16,"turns":10}],"seed_played":"6707969338482659653","potions_obtained":[{"floor":1,"key":"Energy Potion"},{"floor":12,"key":"blueLaboratory:AbyssPotion"}],"is_trial":false,"path_per_floor":["M","?","?","M","?","R","$","R","T","$","?","E","M","M","R","B"],"character_chosen":"YURI","items_purchased":["yuri:StealPen","yuri:AdaptiveAI"],"campfire_rested":0,"item_purchase_floors":[7,10],"current_hp_per_floor":[80,80,74,74,74,74,74,74,74,74,74,69,61,48,48,0,0],"gold":277,"neow_bonus":"THREE_ENEMY_KILL","is_daily":false,"chose_seed":false,"campfire_upgraded":3,"win_rate":0.0,"timestamp":1612993563,"path_taken":["M","?","?","?","?","R","$","R","T","?","?","E","?","M","R","BOSS"],"items_purchased_type":["Card","Card"],"build_version":"2020-12-22","purchased_purges":1,"victory":false,"max_hp_per_floor":[80,80,74,74,74,74,74,74,74,74,74,74,74,74,74,74,74],"card_choices":[{"not_picked":["yuri:ReactiveMadness","yuri:RecklessStrike","yuri:Stalk"],"picked":"SKIP","floor":1},{"not_picked":["yuri:InsanityDefense","yuri:HoldBack"],"picked":"yuri:yuriHeavyStrike","floor":4},{"not_picked":["yuri:BookBlue","yuri:BookGreen"],"picked":"yuri:AdaptiveAI","floor":12},{"not_picked":["yuri:ThrowingKnives","yuri:ThrowBook"],"picked":"yuri:GlitchedStrike","floor":13},{"not_picked":["yuri:InsanityDefense","yuri:MultiDip","yuri:DisableStrike"],"picked":"SKIP","floor":14}],"player_experience":239475,"relics_obtained":[{"floor":5,"key":"Ring of Searing"},{"floor":5,"key":"ReplayTheSpireMod:Ring of Exchange"},{"floor":12,"key":"Omamori"}],"event_choices":[{"damage_healed":0,"gold_gain":0,"player_choice":"Lose Max HP","damage_taken":0,"relics_obtained":["Golden Idol"],"max_hp_gain":0,"max_hp_loss":6,"event_name":"Golden Idol","floor":3,"gold_loss":0}],"is_beta":false,"boss_relics":[],"items_purged_floors":[7],"is_endless":false,"potions_floor_spawned":[1,12],"killed_by":"Fading Forest","ascension_level":0}}