{"host":"7gewg82ormp6yt4e","time":1612965992,"event":{"mods":["BaseMod","Block Reminder","Colored Map","DeckTracker","Highlight Path","Minty Spire (QoL Compilation)","Relic Stats","StSLib","ojb\u0027s Info Mod"],"gold_per_floor":[118,118,136,160,184,218,218,256,256,256,181,197,177,24,24,120,120,135,135,135,135,24,24,56,67,92,367,367,367,367],"floor_reached":29,"language":"JPN","playtime":908,"items_purged":[],"score":598,"play_id":"5e500480-3826-483b-aebc-09f854043047","local_time":"20210210230632","is_ascension_mode":true,"campfire_choices":[{"data":"Conclude","floor":7,"key":"SMITH"},{"data":"CrushJoints","floor":10,"key":"SMITH"},{"data":"MentalFortress","floor":15,"key":"SMITH"},{"floor":23,"key":"REST"},{"data":"SpiritShield","floor":28,"key":"SMITH"}],"circlet_count":0,"master_deck":["AscendersBane","Strike_P","Strike_P","Strike_P","Defend_P","Defend_P","Defend_P","Defend_P","Eruption","Vigilance","CrushJoints+1","ReachHeaven","Conclude+1","DeusExMachina","TalkToTheHand","MentalFortress+1","SpiritShield+1","Vengeance","TalkToTheHand","FlurryOfBlows","ClearTheMind","Writhe","Regret"],"relics":["Velvet Choker","Bloody Idol","Art of War","StrikeDummy","Blue Candle","Cursed Key","Bottled Lightning","Vajra"],"acts_visited":["Exordium","TheCity"],"potions_floor_usage":[8,14,16,16,24,29],"damage_taken":[{"damage":3,"enemies":"Small Slimes","floor":1,"turns":5},{"damage":9,"enemies":"2 Louse","floor":3,"turns":4},{"damage":0,"enemies":"Cultist","floor":4,"turns":2},{"damage":0,"enemies":"3 Louse","floor":5,"turns":3},{"damage":0,"enemies":"Lagavulin","floor":6,"turns":4},{"damage":0,"enemies":"Gremlin Nob","floor":8,"turns":1},{"damage":3,"enemies":"Looter","floor":12,"turns":2},{"damage":25,"enemies":"Hexaghost","floor":16,"turns":8},{"damage":20,"enemies":"3 Byrds","floor":18,"turns":5},{"damage":36,"enemies":"Book of Stabbing","floor":24,"turns":3},{"damage":11,"enemies":"2 Thieves","floor":25,"turns":3},{"damage":53,"enemies":"Cultist and Chosen","floor":29,"turns":5}],"seed_played":"-8326875593149386864","potions_obtained":[{"floor":1,"key":"Energy Potion"},{"floor":6,"key":"Ambrosia"},{"floor":8,"key":"BlessingOfTheForge"},{"floor":12,"key":"BottledMiracle"},{"floor":13,"key":"Fruit Juice"},{"floor":25,"key":"SkillPotion"}],"is_trial":false,"path_per_floor":["M","?","M","M","M","E","R","E","T","R","?","M","?","$","R","B",null,"M","?","?","?","$","R","E","M","T","?","R","M"],"character_chosen":"WATCHER","items_purchased":["CultistPotion","MentalFortress","FlurryOfBlows","Strength Potion"],"campfire_rested":1,"item_purchase_floors":[14,14,22,22],"current_hp_per_floor":[58,58,49,49,49,49,49,49,49,49,49,46,46,51,51,26,57,37,37,37,37,37,57,26,25,30,35,35,0,0],"gold":367,"neow_bonus":"BOSS_RELIC","is_daily":false,"chose_seed":false,"campfire_upgraded":4,"win_rate":0.0,"timestamp":1612965992,"path_taken":["M","?","M","M","M","E","R","E","T","R","?","M","?","$","R","BOSS","M","?","?","?","$","R","E","M","T","?","R","M"],"items_purchased_type":["Potion","Card","Card","Potion"],"build_version":"2020-12-22","purchased_purges":0,"victory":false,"max_hp_per_floor":[68,62,62,62,62,62,62,62,62,62,62,62,62,67,67,67,67,67,67,67,67,67,67,67,67,67,67,67,67,67],"relic_stats":{"counters":[12,45],"Bloody Idol":25,"Blue Candle":[2],"Art of War":[2],"Cursed Key":1,"obtain_stats":[{"Golden Idol":2,"Blue Candle":9,"Bloody Idol":21,"Velvet Choker":0,"Vajra":26,"Art of War":6,"Bottled Lightning":24,"PureWater":0,"StrikeDummy":8,"Cursed Key":17},{"Golden Idol":1,"Blue Candle":6,"Bloody Idol":9,"Velvet Choker":0,"Vajra":11,"Art of War":5,"Bottled Lightning":10,"PureWater":0,"StrikeDummy":6,"Cursed Key":8},{"Golden Idol":5,"Blue Candle":19,"Bloody Idol":34,"Velvet Choker":0,"Vajra":40,"Art of War":18,"Bottled Lightning":37,"PureWater":0,"StrikeDummy":19,"Cursed Key":29}]},"card_choices":[{"not_picked":["Perseverance","Meditate"],"picked":"CrushJoints","floor":1},{"not_picked":["Meditate","SashWhip"],"picked":"ReachHeaven","floor":3},{"not_picked":["JustLucky","WheelKick"],"picked":"Conclude","floor":4},{"not_picked":["JustLucky","Collect","CrushJoints"],"picked":"SKIP","floor":5},{"not_picked":["ClearTheMind","BowlingBash"],"picked":"DeusExMachina","floor":6},{"not_picked":["Conclude","LikeWater"],"picked":"TalkToTheHand","floor":8},{"not_picked":["JustLucky","ForeignInfluence","FollowUp"],"picked":"SKIP","floor":12},{"not_picked":["Alpha","LessonLearned"],"picked":"SpiritShield","floor":16},{"not_picked":["CrushJoints","Wireheading"],"picked":"Vengeance","floor":18},{"not_picked":["FlyingSleeves","JustLucky","Consecrate+1"],"picked":"SKIP","floor":24},{"not_picked":["FollowUp","WheelKick"],"picked":"ClearTheMind","floor":25}],"player_experience":2823087,"relics_obtained":[{"floor":6,"key":"Art of War"},{"floor":8,"key":"StrikeDummy"},{"floor":9,"key":"Blue Candle"},{"floor":24,"key":"Bottled Lightning"},{"floor":26,"key":"Vajra"}],"event_choices":[{"damage_healed":0,"gold_gain":0,"player_choice":"Lose Max HP","damage_taken":0,"relics_obtained":["Golden Idol"],"max_hp_gain":0,"max_hp_loss":6,"event_name":"Golden Idol","floor":2,"gold_loss":0},{"cards_removed":["Strike_P"],"damage_healed":0,"gold_gain":0,"player_choice":"Card Removal","damage_taken":0,"max_hp_gain":0,"max_hp_loss":0,"event_name":"The Cleric","floor":11,"gold_loss":75},{"damage_healed":0,"gold_gain":0,"player_choice":"Bought 1 Potion","damage_taken":0,"max_hp_gain":0,"max_hp_loss":0,"event_name":"The Woman in Blue","floor":13,"gold_loss":0},{"damage_healed":0,"gold_gain":0,"player_choice":"Ignored","damage_taken":0,"max_hp_gain":0,"max_hp_loss":0,"event_name":"Beggar","floor":19,"gold_loss":0},{"damage_healed":0,"gold_gain":0,"player_choice":"Read","damage_taken":0,"max_hp_gain":0,"max_hp_loss":0,"event_name":"The Library","floor":20,"gold_loss":0,"cards_obtained":["TalkToTheHand"]},{"damage_healed":0,"gold_gain":0,"player_choice":"Gave Idol","damage_taken":0,"relics_obtained":["Bloody Idol"],"max_hp_gain":0,"max_hp_loss":0,"event_name":"Forgotten Altar","floor":21,"relics_lost":["Golden Idol"],"gold_loss":0},{"damage_healed":0,"gold_gain":275,"player_choice":"Desecrate","damage_taken":0,"max_hp_gain":0,"max_hp_loss":0,"event_name":"Golden Shrine","floor":27,"gold_loss":0,"cards_obtained":["Regret"]}],"is_beta":false,"boss_relics":[{"not_picked":["Ectoplasm","Black Star"],"picked":"Cursed Key"}],"items_purged_floors":[],"is_endless":false,"potions_floor_spawned":[1,6,8,12,25],"killed_by":"Cultist and Chosen","ascension_level":20}}