{"host":"sc0o2qwpf9j16a4i","time":1612963615,"event":{"mods":["AchievementEnabler","BaseMod","BetterRewards","Block Reminder","Colored Map","Colored Powertips","Custom Start","Highlight Path","Minty Spire (QoL Compilation)","Relic Stats"],"gold_per_floor":[114,187,36,36,60,60,95,95,121,137,173,173,193,209,209,329,329,342,342,354,269,284,284,313,342,378,390,432,464,476,500,512,623,635,662,686,68,113,0,31,46,62,115,140,140,140,158,188,188,188],"floor_reached":51,"language":"ENG","playtime":1747,"items_purged":["Choke"],"score":1162,"play_id":"cd52acc5-7530-4f6f-9e57-133e2a0a2827","local_time":"20210210152655","daily_mods":["Draft","Time Dilation","Lethality"],"is_ascension_mode":false,"campfire_choices":[{"data":"Prepared","floor":6.0,"key":"SMITH"},{"data":"Prepared","floor":8.0,"key":"SMITH"},{"data":"Acrobatics","floor":15.0,"key":"SMITH"},{"data":"Envenom","floor":23.0,"key":"SMITH"},{"data":"Tactician","floor":27.0,"key":"SMITH"},{"data":"Tactician","floor":32.0,"key":"SMITH"},{"data":"Acrobatics","floor":49,"key":"SMITH"}],"circlet_count":0,"master_deck":["Dagger Throw","Slice","Distraction","Deflect","Calculated Gamble","Crippling Poison","Prepared+1","Eviscerate","Quick Slash","Noxious Fumes","Blade Dance","Acrobatics+1","Tactician+1","Acrobatics+1","Blade Dance","Prepared+1","Tactician+1","Underhanded Strike","Deflect","Dagger Spray","Storm of Steel","Envenom+1","Underhanded Strike","Acrobatics+1","Corpse Explosion","CurseOfTheBell","Acrobatics","Leg Sweep","Dash+1","Terror+1","Tactician+1","Dash+1"],"relics":["Ring of the Snake","Snake Skull","Bloody Idol","Regal Pillow","Centennial Puzzle","Blue Candle","Coffee Dripper","Orichalcum","MawBank","Lantern","Singing Bowl","CultistMask","Calling Bell","Potion Belt","Ornamental Fan","Unceasing Top","Bag of Marbles","Sling","Sundial","Torii","Red Mask","Nunchaku","PreservedInsect","HornCleat","Ginger"],"acts_visited":["Exordium","TheCity","TheBeyond"],"potions_floor_usage":[48,50,50,50,50],"damage_taken":[{"damage":0.0,"enemies":"Jaw Worm","floor":1.0,"turns":1.0},{"damage":0.0,"enemies":"2 Louse","floor":5.0,"turns":1.0},{"damage":0.0,"enemies":"Lagavulin","floor":7.0,"turns":3.0},{"damage":0.0,"enemies":"Cultist","floor":10.0,"turns":1.0},{"damage":0.0,"enemies":"3 Sentries","floor":11.0,"turns":2.0},{"damage":0.0,"enemies":"Looter","floor":13.0,"turns":1.0},{"damage":0.0,"enemies":"3 Louse","floor":14.0,"turns":1.0},{"damage":0.0,"enemies":"Slime Boss","floor":16.0,"turns":1.0},{"damage":0.0,"enemies":"Chosen","floor":18.0,"turns":1.0},{"damage":0.0,"enemies":"2 Thieves","floor":20.0,"turns":1.0},{"damage":4.0,"enemies":"Chosen and Byrds","floor":22.0,"turns":2.0},{"damage":0.0,"enemies":"Book of Stabbing","floor":24.0,"turns":2.0},{"damage":0.0,"enemies":"Snake Plant","floor":25.0,"turns":1.0},{"damage":0.0,"enemies":"Gremlin Leader","floor":28.0,"turns":1.0},{"damage":0.0,"enemies":"Sentry and Sphere","floor":29.0,"turns":2.0},{"damage":0.0,"enemies":"Snecko","floor":31.0,"turns":1.0},{"damage":3.0,"enemies":"Champ","floor":33.0,"turns":3.0},{"damage":1,"enemies":"3 Shapes","floor":35,"turns":2},{"damage":0,"enemies":"3 Darklings","floor":36,"turns":1},{"damage":0,"enemies":"2 Orb Walkers","floor":38,"turns":1},{"damage":0,"enemies":"Reptomancer","floor":40,"turns":1},{"damage":0,"enemies":"4 Shapes","floor":41,"turns":1},{"damage":0,"enemies":"Jaw Worm Horde","floor":42,"turns":1},{"damage":0,"enemies":"Giant Head","floor":44,"turns":1},{"damage":0,"enemies":"Sphere and 2 Shapes","floor":47,"turns":2},{"damage":0,"enemies":"Nemesis","floor":48,"turns":1},{"damage":0,"enemies":"Time Eater","floor":50,"turns":7}],"seed_played":"2705529174539978136","potions_obtained":[{"floor":1.0,"key":"PowerPotion"},{"floor":7.0,"key":"SpeedPotion"},{"floor":11.0,"key":"FearPotion"},{"floor":16.0,"key":"Weak Potion"},{"floor":18.0,"key":"PowerPotion"},{"floor":25.0,"key":"Strength Potion"},{"floor":28.0,"key":"GamblersBrew"},{"floor":40,"key":"DistilledChaos"},{"floor":41,"key":"Dexterity Potion"},{"floor":44,"key":"FearPotion"},{"floor":47,"key":"DistilledChaos"}],"is_trial":true,"path_per_floor":["M","?","$","?","M","R","E","R","T","M","E","?","M","M","R","B",null,"M","?","M","?","M","R","E","M","T","R","E","M","?","M","R","B",null,"M","M","$","?","?","E","M","M","T","E","$","?","M","E","R","B",null],"character_chosen":"THE_SILENT","items_purchased":["Snake Skull","Bag of Marbles","Sling","Sundial"],"campfire_rested":0,"item_purchase_floors":[3,37,37,37],"current_hp_per_floor":[70,70,70,65,65,65,65,65,65,65,65,65,65,65,65,65,65,65,65,65,65,65,65,65,65,65,65,67,67,67,69,69,69,69,69,69,69,69,69,69,69,71,71,71,71,67,69,71,71,71],"gold":188,"neow_bonus":"","is_daily":false,"chose_seed":false,"campfire_upgraded":7,"win_rate":0.0,"timestamp":1612963615,"path_taken":["M","?","$","?","M","R","E","R","T","M","E","?","M","M","R","BOSS","M","?","M","?","M","R","E","M","T","R","E","M","?","M","R","BOSS","M","M","$","?","?","E","M","M","T","E","$","?","M","E","R","BOSS"],"items_purchased_type":["Relic","Relic","Relic","Relic"],"build_version":"2020-12-22","purchased_purges":1,"victory":true,"max_hp_per_floor":[70,70,70,65,65,65,65,65,65,65,65,65,65,65,65,65,65,65,65,65,65,65,65,65,65,65,65,67,67,67,69,69,69,69,69,69,69,69,69,69,69,71,71,71,71,67,69,71,71,71],"relic_stats":{"Regal Pillow":0,"Singing Bowl":10,"Torii":0,"counters":[27,43],"Blue Candle":[0],"Snake Skull":[125],"PreservedInsect":172,"Ginger":[2],"Orichalcum":[12],"MawBank":156,"Centennial Puzzle":[6],"Nunchaku":[5],"Ornamental Fan":[76],"Sundial":[2],"Bloody Idol":8,"obtain_stats":[{"Regal Pillow":7,"Lantern":26,"Singing Bowl":28,"Torii":38,"Snake Skull":3,"Ginger":48,"Sling":37,"Centennial Puzzle":9,"Nunchaku":40,"HornCleat":44,"Sundial":37,"Red Mask":39,"Ring of the Snake":0,"Potion Belt":34,"Golden Idol":4,"Blue Candle":11,"PreservedInsect":43,"Orichalcum":21,"MawBank":24,"Calling Bell":34,"Ornamental Fan":34,"Bloody Idol":19,"CultistMask":30,"Coffee Dripper":17,"Bag of Marbles":37,"Unceasing Top":34},{"Regal Pillow":3,"Lantern":13,"Singing Bowl":14,"Torii":20,"Snake Skull":1,"Ginger":26,"Sling":19,"Centennial Puzzle":3,"Nunchaku":21,"HornCleat":24,"Sundial":19,"Red Mask":20,"Ring of the Snake":0,"Potion Belt":17,"Golden Idol":1,"Blue Candle":5,"PreservedInsect":23,"Orichalcum":10,"MawBank":12,"Calling Bell":17,"Ornamental Fan":17,"Bloody Idol":9,"CultistMask":15,"Coffee Dripper":8,"Bag of Marbles":19,"Unceasing Top":17},{"Regal Pillow":5,"Lantern":18,"Singing Bowl":19,"Torii":29,"Snake Skull":1,"Ginger":36,"Sling":28,"Centennial Puzzle":5,"Nunchaku":30,"HornCleat":33,"Sundial":28,"Red Mask":29,"Ring of the Snake":0,"Potion Belt":25,"Golden Idol":1,"Blue Candle":8,"PreservedInsect":32,"Orichalcum":13,"MawBank":17,"Calling Bell":25,"Ornamental Fan":25,"Bloody Idol":12,"CultistMask":21,"Coffee Dripper":11,"Bag of Marbles":28,"Unceasing Top":25}],"Unceasing Top":[6],"Ring of the Snake":[54]},"card_choices":[{"not_picked":["Deflect","Outmaneuver"],"picked":"Choke","floor":0.0},{"not_picked":["Escape Plan","Reflex"],"picked":"Dagger Throw","floor":0.0},{"not_picked":["Caltrops","Flechettes"],"picked":"Slice","floor":0.0},{"not_picked":["Outmaneuver","Eviscerate"],"picked":"Distraction","floor":0.0},{"not_picked":["Bane","Sucker Punch"],"picked":"Deflect","floor":0.0},{"not_picked":["Catalyst","Footwork"],"picked":"Calculated Gamble","floor":0.0},{"not_picked":["Bane","Distraction"],"picked":"Crippling Poison","floor":0.0},{"not_picked":["Deadly Poison","Tactician"],"picked":"Prepared","floor":0.0},{"not_picked":["Caltrops","Setup"],"picked":"Eviscerate","floor":0.0},{"not_picked":["Sucker Punch","Bane"],"picked":"Quick Slash","floor":0.0},{"not_picked":["Dash","Underhanded Strike"],"picked":"Noxious Fumes","floor":0.0},{"not_picked":["Escape Plan","Underhanded Strike"],"picked":"Blade Dance","floor":0.0},{"not_picked":["Deflect","Outmaneuver"],"picked":"Acrobatics","floor":0.0},{"not_picked":["Acrobatics","Calculated Gamble"],"picked":"Tactician","floor":0.0},{"not_picked":["Choke","Slice"],"picked":"Acrobatics","floor":0.0},{"not_picked":["Catalyst","Dodge and Roll"],"picked":"Blade Dance","floor":1.0},{"not_picked":["Noxious Fumes","Dodge and Roll"],"picked":"Prepared","floor":5.0},{"not_picked":["Distraction","Calculated Gamble"],"picked":"Tactician","floor":7.0},{"not_picked":["Flechettes","Setup","Catalyst"],"picked":"SKIP","floor":10.0},{"not_picked":["Flying Knee","Backflip"],"picked":"Underhanded Strike","floor":11.0},{"not_picked":["Sucker Punch","Flying Knee"],"picked":"Deflect","floor":13.0},{"not_picked":["Prepared","Backstab"],"picked":"Dagger Spray","floor":14.0},{"not_picked":["Phantasmal Killer","Burst"],"picked":"Storm of Steel","floor":16.0},{"not_picked":["Outmaneuver","Bane","Blade Dance"],"picked":"SKIP","floor":18.0},{"not_picked":["Flying Knee","Sucker Punch+1","Dagger Throw"],"picked":"SKIP","floor":20.0},{"not_picked":["Flying Knee","Deadly Poison"],"picked":"Envenom","floor":22.0},{"not_picked":["Dagger Throw","Malaise","PiercingWail+1"],"picked":"SKIP","floor":24.0},{"not_picked":["Dagger Spray","Riddle With Holes"],"picked":"Underhanded Strike","floor":25.0},{"not_picked":["Dagger Spray","Deadly Poison","Poisoned Stab+1"],"picked":"Singing Bowl","floor":28.0},{"not_picked":["Venomology","Underhanded Strike+1"],"picked":"Acrobatics+1","floor":29.0},{"not_picked":["Outmaneuver+1","Quick Slash","Blur"],"picked":"Singing Bowl","floor":31.0},{"not_picked":["Storm of Steel","Die Die Die"],"picked":"Corpse Explosion","floor":33.0},{"not_picked":["Quick Slash+1","Terror"],"picked":"Acrobatics","floor":35},{"not_picked":["Catalyst","Expertise"],"picked":"Leg Sweep","floor":36},{"not_picked":["Outmaneuver+1","Backflip"],"picked":"Dash+1","floor":38},{"not_picked":["Flying Knee","Poisoned Stab+1"],"picked":"Terror+1","floor":40},{"not_picked":["Concentrate+1","Caltrops"],"picked":"Tactician+1","floor":41},{"not_picked":["Doppelganger","Deflect","Dagger Spray"],"picked":"Singing Bowl","floor":42},{"not_picked":["Cloak And Dagger","Concentrate"],"picked":"Dash+1","floor":44},{"not_picked":["Blur","Dagger Spray+1","Bane+1"],"picked":"Singing Bowl","floor":47},{"not_picked":["Dagger Spray+1","Sucker Punch","Expertise"],"picked":"Singing Bowl","floor":48}],"player_experience":1305479,"relics_obtained":[{"floor":7.0,"key":"Regal Pillow"},{"floor":9.0,"key":"Centennial Puzzle"},{"floor":11.0,"key":"Blue Candle"},{"floor":24.0,"key":"MawBank"},{"floor":26.0,"key":"Lantern"},{"floor":28.0,"key":"Singing Bowl"},{"floor":34.0,"key":"Potion Belt"},{"floor":34.0,"key":"Ornamental Fan"},{"floor":34.0,"key":"Unceasing Top"},{"floor":38,"key":"Torii"},{"floor":40,"key":"Nunchaku"},{"floor":43,"key":"PreservedInsect"},{"floor":44,"key":"HornCleat"},{"floor":48,"key":"Ginger"}],"event_choices":[{"damage_healed":0.0,"max_hp_gain":0.0,"max_hp_loss":0.0,"gold_gain":73.0,"event_name":"Golden Wing","player_choice":"Gained Gold","floor":2.0,"gold_loss":0.0,"damage_taken":0.0},{"damage_healed":0.0,"max_hp_gain":0.0,"max_hp_loss":5.0,"gold_gain":0.0,"event_name":"Golden Idol","player_choice":"Lose Max HP","floor":4.0,"gold_loss":0.0,"damage_taken":0.0,"relics_obtained":["Golden Idol"]},{"damage_healed":0.0,"max_hp_gain":0.0,"max_hp_loss":0.0,"gold_gain":0.0,"event_name":"The Cleric","player_choice":"Leave","floor":12.0,"gold_loss":0.0,"damage_taken":0.0},{"damage_healed":0.0,"max_hp_gain":0.0,"max_hp_loss":0.0,"gold_gain":0.0,"event_name":"Forgotten Altar","player_choice":"Gave Idol","floor":19.0,"relics_lost":["Golden Idol"],"gold_loss":0.0,"damage_taken":0.0,"relics_obtained":["Bloody Idol"]},{"damage_healed":0.0,"max_hp_gain":0.0,"max_hp_loss":0.0,"gold_gain":0.0,"event_name":"Addict","player_choice":"Obtained Relic","floor":21.0,"gold_loss":85.0,"damage_taken":0.0,"relics_obtained":["Orichalcum"]},{"damage_healed":0.0,"max_hp_gain":0.0,"max_hp_loss":0.0,"gold_gain":0.0,"event_name":"FaceTrader","player_choice":"Trade","floor":30.0,"gold_loss":0.0,"damage_taken":0.0,"relics_obtained":["CultistMask"]},{"damage_healed":0,"gold_gain":0,"player_choice":"Fight","damage_taken":0,"max_hp_gain":0,"max_hp_loss":0,"event_name":"Mysterious Sphere","floor":38,"gold_loss":0},{"damage_healed":0,"gold_gain":0,"player_choice":"Paid","damage_taken":0,"relics_obtained":["Red Mask"],"max_hp_gain":0,"max_hp_loss":0,"event_name":"Tomb of Lord Red Mask","floor":39,"gold_loss":113},{"damage_healed":0,"gold_gain":0,"player_choice":"Max HP","damage_taken":0,"max_hp_gain":0,"max_hp_loss":4,"event_name":"Winding Halls","floor":46,"gold_loss":0}],"is_beta":false,"boss_relics":[{"not_picked":["Velvet Choker","Snecko Eye"],"picked":"Coffee Dripper"},{"not_picked":["Empty Cage","Fusion Hammer"],"picked":"Calling Bell"}],"items_purged_floors":[37],"is_endless":false,"potions_floor_spawned":[1,7,11,16,18,25,28,29,40,41,44,47],"ascension_level":0}}