{"host":"l4kdldlios54gl54","time":1612999341,"event":{"mods":["AchievementEnabler","BaseMod","Colored Map","Colored Powertips","Minty Spire (QoL Compilation)","Random Character Button"],"gold_per_floor":[368,368,8,8,28,28,40,68,68,81,81,81,96,21,21,21,21],"floor_reached":16,"language":"ENG","playtime":483,"items_purged":["Strike_R"],"score":200,"play_id":"53154d6f-a0a7-4953-bd17-30e82806c942","local_time":"20210211002221","is_ascension_mode":true,"campfire_choices":[{"data":"1","floor":6,"key":"LIFT"},{"data":"2","floor":11,"key":"LIFT"},{"data":"3","floor":15,"key":"LIFT"}],"circlet_count":0,"master_deck":["AscendersBane","Strike_R","Strike_R","Strike_R","Defend_R","Defend_R","Defend_R","Defend_R","Bash","Carnage","Headbutt","Power Through","Thunderclap","Shrug It Off"],"relics":["Burning Blood","Girya","Unceasing Top","Lizard Tail"],"acts_visited":["Exordium"],"potions_floor_usage":[8,16],"damage_taken":[{"damage":10,"enemies":"2 Louse","floor":1,"turns":4},{"damage":9,"enemies":"Small Slimes","floor":5,"turns":4},{"damage":6,"enemies":"Cultist","floor":7,"turns":3},{"damage":25,"enemies":"Lagavulin","floor":8,"turns":4},{"damage":21,"enemies":"Exordium Wildlife","floor":10,"turns":4},{"damage":15,"enemies":"3 Louse","floor":13,"turns":4},{"damage":76,"enemies":"Hexaghost","floor":16,"turns":14}],"seed_played":"-6173521977608079925","potions_obtained":[{"floor":5,"key":"LiquidMemories"},{"floor":13,"key":"Dexterity Potion"}],"is_trial":false,"path_per_floor":["M","?","$","?","M","R","M","E","T","M","R","?","M","$","R","B"],"character_chosen":"IRONCLAD","items_purchased":["Girya","Headbutt"],"campfire_rested":0,"item_purchase_floors":[3,3],"current_hp_per_floor":[64,57,57,57,54,54,54,35,35,20,20,45,36,36,36,0,0],"gold":21,"neow_bonus":"TWO_FIFTY_GOLD","is_daily":false,"chose_seed":false,"campfire_upgraded":0,"win_rate":0.0,"timestamp":1612999341,"path_taken":["M","?","$","?","M","R","?","E","T","M","R","?","M","$","R","BOSS"],"items_purchased_type":["Relic","Card"],"build_version":"2020-12-22","purchased_purges":1,"victory":false,"max_hp_per_floor":[75,75,75,75,75,75,75,75,75,75,75,75,75,75,75,75,75],"card_choices":[{"not_picked":["Headbutt","Clash"],"picked":"Carnage","floor":1},{"not_picked":["Iron Wave","Headbutt","Blood for Blood"],"picked":"SKIP","floor":5},{"not_picked":["Clash","Twin Strike"],"picked":"Power Through","floor":7},{"not_picked":["Wild Strike","Barricade"],"picked":"Thunderclap","floor":8},{"not_picked":["Dark Embrace","Warcry"],"picked":"Shrug It Off","floor":10},{"not_picked":["Cleave","Iron Wave","Thunderclap"],"picked":"SKIP","floor":13}],"player_experience":902067,"relics_obtained":[{"floor":8,"key":"Unceasing Top"},{"floor":9,"key":"Lizard Tail"}],"event_choices":[{"cards_removed":["Pain"],"damage_healed":0,"gold_gain":0,"player_choice":"Card Removal","damage_taken":7,"max_hp_gain":0,"max_hp_loss":0,"event_name":"Golden Wing","floor":2,"gold_loss":0},{"cards_removed":["Strike_R"],"damage_healed":0,"gold_gain":0,"player_choice":"Purged","damage_taken":0,"max_hp_gain":0,"max_hp_loss":0,"event_name":"Purifier","floor":4,"gold_loss":0},{"damage_healed":25,"gold_gain":0,"player_choice":"Banana","damage_taken":0,"max_hp_gain":0,"max_hp_loss":0,"event_name":"Big Fish","floor":12,"gold_loss":0}],"is_beta":false,"boss_relics":[],"items_purged_floors":[14],"is_endless":false,"potions_floor_spawned":[5,13],"killed_by":"Hexaghost","ascension_level":20}}