{"host":"ox77rn1xcurm2t5a","time":1612954384,"event":{"mods":["2.2 Compatiblity","AchievementEnabler","Act Like it!","Aspiration","BaseMod","Best Route Mod","Better Match","Better Note","Better Sensory Stone","Block Reminder","Colored Map","Colored Powertips","Conjunction","Conspire","Custom Start","Energized Spire","GifTheSpireLib","Gold Saver","Gremlin Skip","Halation","Highlight Path","Hubris","Infinite Spire","Minty Spire (QoL Compilation)","Pale of the Ancients","Quick Restart","Replay The Spire","Reworked Bosses","ShortenTheSpire","Spire Exporter","StSLib","Stuff the Spire","Wandering Minibosses"],"gold_per_floor":[884,884,903,921,921,921,935,949,949,976,976,995,1027,584,584,657,657,668,583,601,60,60,60,95,95,95,109,120,120,136,136,136],"floor_reached":31,"language":"ENG","playtime":1372,"items_purged":["Strike_B","Strike_B","Strike_B"],"score":534,"play_id":"c23e5ada-aa25-4dd4-bb6b-a2dba016f15d","local_time":"20210210125304","is_ascension_mode":true,"campfire_choices":[{"floor":6.0,"key":"RECALL"},{"data":"Dualcast","floor":11.0,"key":"SMITH"},{"data":"Static Discharge","floor":15.0,"key":"SMITH"},{"data":"Echo Form","floor":23.0,"key":"SMITH"},{"floor":25.0,"key":"REST"}],"circlet_count":0,"master_deck":["AscendersBane","Strike_B","Defend_B","Defend_B","Defend_B","Defend_B","Zap+1","Dualcast+1","Cold Snap","Cold Snap","Streamline","Echo Form","FIFO Queue","Static Discharge+1","Machine Learning","Gash","Echo Form+1","StuffTheSpire:Coldhearted","infinitespire:Collect","infinitespire:NeuralNetwork"],"relics":["Cracked Core","halation:LettersToHer","StuffTheSpire:CocoNut","hubris:SlimyHat","aspiration:ChemicalBlood","StuffTheSpire:BottledEssence","Sozu","StuffTheSpire:OldFever","Strawberry","Quantum Egg","hubris:BallOfYels","hubris:MysteriousPyramids","Calipers","SlaversCollar"],"acts_visited":["Exordium","TheCity"],"potions_floor_usage":[],"damage_taken":[{"damage":0.0,"enemies":"Cultist","floor":1.0,"turns":3.0},{"damage":0.0,"enemies":"conspire:RoseBush","floor":3.0,"turns":3.0},{"damage":5.0,"enemies":"2 Louse","floor":4.0,"turns":3.0},{"damage":6.0,"enemies":"Blue Slaver","floor":7.0,"turns":3.0},{"damage":1.0,"enemies":"Lots of Slimes","floor":8.0,"turns":4.0},{"damage":27.0,"enemies":"3 Sentries","floor":10.0,"turns":7.0},{"damage":0.0,"enemies":"Large Slime","floor":12.0,"turns":5.0},{"damage":2.0,"enemies":"Gremlin Nob","floor":13.0,"turns":3.0},{"damage":29.0,"enemies":"Fading Forest","floor":16.0,"turns":13.0},{"damage":4.0,"enemies":"3 Byrds","floor":18.0,"turns":2.0},{"damage":10.0,"enemies":"Chosen","floor":20.0,"turns":4.0},{"damage":46.0,"enemies":"Slavers","floor":24.0,"turns":6.0},{"damage":9.0,"enemies":"Centurion and Healer","floor":27.0,"turns":6.0},{"damage":1.0,"enemies":"Snecko","floor":28.0,"turns":3.0},{"damage":21.0,"enemies":"Snake Plant","floor":30.0,"turns":3.0},{"damage":6,"enemies":"Book of Stabbing","floor":31,"turns":2}],"seed_played":"6091130001949355186","potions_obtained":[{"floor":3.0,"key":"Milkshake"},{"floor":7.0,"key":"SkillPotion"},{"floor":10.0,"key":"Dexterity Potion"},{"floor":12.0,"key":"Energy Potion"},{"floor":16.0,"key":"DistilledChaos"}],"is_trial":false,"path_per_floor":["M","?","M","M","T","R","M","M","T","E","R","M","E","$","R","B",null,"M","?","M","$","?","R","E","R","T","M","M","AVR","M","E"],"character_chosen":"DEFECT","items_purchased":["aspiration:ChemicalBlood","StuffTheSpire:BottledEssence","Static Discharge","Strawberry","Quantum Egg"],"campfire_rested":1,"item_purchase_floors":[14,14,14,21,21],"current_hp_per_floor":[64,64,64,59,59,59,53,52,59,32,32,32,30,30,30,9,61,57,57,47,54,54,54,8,33,33,24,23,23,2,0,0],"gold":136,"neow_bonus":"RANDOM_COMMON_RELIC","is_daily":false,"chose_seed":false,"campfire_upgraded":3,"win_rate":0.0,"timestamp":1612954384,"path_taken":["M","?","M","?","?","R","M","?","T","E","R","M","E","$","R","BOSS","M","?","M","$","?","R","E","R","T","M","?","AVR","M","E"],"items_purchased_type":["Relic","Relic","Card","Relic","Relic"],"build_version":"2020-12-22","purchased_purges":3,"victory":false,"max_hp_per_floor":[71,71,71,71,71,71,71,71,78,78,78,78,78,78,78,78,78,78,78,78,85,85,85,85,85,85,85,85,85,85,85,85],"card_choices":[{"not_picked":["Panic Button","Hologram"],"picked":"Cold Snap","floor":1.0},{"not_picked":["Chill","Ball Lightning"],"picked":"Cold Snap","floor":3.0},{"not_picked":["StuffTheSpire:LoadUp","Go for the Eyes"],"picked":"Streamline","floor":4.0},{"not_picked":["ReplayTheSpireMod:GoodbyeWorld","Barrage"],"picked":"Echo Form","floor":7.0},{"not_picked":["Streamline","Leap"],"picked":"FIFO Queue","floor":8.0},{"not_picked":["Go for the Eyes","Rebound","Tempest"],"picked":"SKIP","floor":10.0},{"not_picked":["ReplayTheSpireMod:GoodbyeWorld","StuffTheSpire:LoadUp","Compile Driver"],"picked":"SKIP","floor":12.0},{"not_picked":["StuffTheSpire:ForEach","Undo","Steam"],"picked":"SKIP","floor":13.0},{"not_picked":["Fission","Hyperbeam"],"picked":"Machine Learning","floor":16.0},{"not_picked":["StuffTheSpire:SnapShoot","Scrape","StuffTheSpire:Rend+1"],"picked":"SKIP","floor":18.0},{"not_picked":["StuffTheSpire:Plugnplay","Fusion"],"picked":"Gash","floor":20.0},{"not_picked":["FTL","Skim+1","BasicCrystalCard"],"picked":"SKIP","floor":24.0},{"not_picked":["Sunder","ReplayTheSpireMod:Dual Polarity","Rebound"],"picked":"SKIP","floor":27.0},{"not_picked":["Skim","Panic Button+1"],"picked":"StuffTheSpire:Coldhearted","floor":28.0},{"not_picked":["Panic Button","BasicCrystalCard","FIFO Queue+1"],"picked":"SKIP","floor":30.0}],"player_experience":3072668,"relics_obtained":[{"floor":5.0,"key":"halation:LettersToHer"},{"floor":9.0,"key":"halation:LettersToHer"},{"floor":9.0,"key":"StuffTheSpire:CocoNut"},{"floor":10.0,"key":"hubris:SlimyHat"},{"floor":24.0,"key":"hubris:BallOfYels"},{"floor":26.0,"key":"halation:LettersToHer"},{"floor":26.0,"key":"hubris:MysteriousPyramids"}],"event_choices":[{"damage_healed":0.0,"max_hp_gain":0.0,"max_hp_loss":0.0,"gold_gain":0.0,"event_name":"Accursed Blacksmith","player_choice":"Forge","floor":2.0,"gold_loss":0.0,"damage_taken":0.0,"cards_upgraded":["Zap"]},{"damage_healed":0.0,"max_hp_gain":0.0,"max_hp_loss":0.0,"gold_gain":0.0,"event_name":"Addict","player_choice":"Obtained Relic","floor":19.0,"gold_loss":85.0,"damage_taken":0.0,"relics_obtained":["StuffTheSpire:OldFever"]},{"damage_healed":0.0,"max_hp_gain":0.0,"max_hp_loss":0.0,"gold_gain":0.0,"event_name":"Duplicator","player_choice":"Copied","floor":22.0,"gold_loss":0.0,"damage_taken":0.0,"cards_obtained":["Echo Form"]}],"is_beta":false,"boss_relics":[{"not_picked":["Pandora\u0027s Box","energizedSpire:CursedPentagram"],"picked":"Sozu"}],"items_purged_floors":[14,21,29],"is_endless":false,"potions_floor_spawned":[3,7,10,12,16,18,24,27,28],"killed_by":"Book of Stabbing","ascension_level":20}}