{"host":"dhlnk6yox2l1s6up","time":1612924358,"event":{"mods":["BaseMod","Minty Spire (QoL Compilation)","Relic Stats","StSLib","ojb\u0027s Info Mod"],"gold_per_floor":[109,128,128,1,1,1,19,51,51,51,67,85,85,118,118,216,216,228,228,239,239,239,239,272,272,272,272,307,325,357,100,100,204,204,218,149,166,213,225,251,251,281,305,318,228,244,244,257,257,257,257,257,37,62,62,62],"floor_reached":55,"language":"ENG","playtime":4476,"items_purged":["Strike_P","Strike_P+1"],"score":1227,"play_id":"1f6511a6-f9be-46d2-b72f-6e480d417a1f","local_time":"20210209203238","is_ascension_mode":true,"campfire_choices":[{"data":"SashWhip","floor":6.0,"key":"SMITH"},{"data":"Wallop","floor":10.0,"key":"SMITH"},{"data":"Evaluate","floor":13.0,"key":"SMITH"},{"data":"CutThroughFate","floor":15.0,"key":"SMITH"},{"data":"FlyingSleeves","floor":23.0,"key":"SMITH"},{"data":"Prostrate","floor":25.0,"key":"SMITH"},{"data":"Prostrate","floor":27.0,"key":"SMITH"},{"floor":32.0,"key":"REST"},{"floor":41.0,"key":"RECALL"},{"floor":47.0,"key":"REST"},{"floor":49.0,"key":"REST"},{"floor":52.0,"key":"REST"}],"circlet_count":0,"master_deck":["AscendersBane","Strike_P+1","Defend_P+1","Defend_P+1","Defend_P+1","Defend_P+1","Eruption+1","Vigilance","SashWhip+1","Wallop+1","CutThroughFate+1","Prostrate+1","Evaluate+1","FlyingSleeves+1","DevaForm+1","SpiritShield","SashWhip+1","CutThroughFate+1","Study+1","Necronomicurse","Prostrate+1","FearNoEvil+1","Prostrate+1","Sanctity+1","LessonLearned+1","Scrawl","FlurryOfBlows+1","CrushJoints+1","Fasting2","Evaluate+1","Wireheading+1","WheelKick+1","WreathOfFlame+1","MentalFortress"],"relics":["PureWater","Nunchaku","Gremlin Horn","Gambling Chip","Boot","Question Card","Prayer Wheel","Busted Crown","Necronomicon","Mercury Hourglass","Shuriken","Akabeko","Medical Kit","Fusion Hammer","Thread and Needle","Dream Catcher","Darkstone Periapt","Oddly Smooth Stone","ClockworkSouvenir","Pear"],"acts_visited":["Exordium","TheCity","TheBeyond","TheEnding"],"potions_floor_usage":[55,55],"damage_taken":[{"damage":3.0,"enemies":"2 Louse","floor":1.0,"turns":4.0},{"damage":0.0,"enemies":"Jaw Worm","floor":2.0,"turns":5.0},{"damage":0.0,"enemies":"Cultist","floor":7.0,"turns":2.0},{"damage":0.0,"enemies":"Gremlin Nob","floor":8.0,"turns":2.0},{"damage":0.0,"enemies":"Lots of Slimes","floor":11.0,"turns":2.0},{"damage":0.0,"enemies":"Exordium Wildlife","floor":12.0,"turns":5.0},{"damage":10.0,"enemies":"Lagavulin","floor":14.0,"turns":6.0},{"damage":8.0,"enemies":"Hexaghost","floor":16.0,"turns":10.0},{"damage":6.0,"enemies":"Spheric Guardian","floor":18.0,"turns":5.0},{"damage":0.0,"enemies":"3 Byrds","floor":20.0,"turns":5.0},{"damage":20.0,"enemies":"Gremlin Leader","floor":24.0,"turns":5.0},{"damage":0.0,"enemies":"Slavers","floor":28.0,"turns":5.0},{"damage":0.0,"enemies":"Cultist and Chosen","floor":29.0,"turns":6.0},{"damage":15.0,"enemies":"Gremlin Leader","floor":30.0,"turns":4.0},{"damage":25.0,"enemies":"Champ","floor":33.0,"turns":9.0},{"damage":0.0,"enemies":"Orb Walker","floor":35.0,"turns":3.0},{"damage":0.0,"enemies":"3 Shapes","floor":37.0,"turns":2.0},{"damage":1.0,"enemies":"2 Orb Walkers","floor":38.0,"turns":4.0},{"damage":7.0,"enemies":"Jaw Worm Horde","floor":39.0,"turns":4.0},{"damage":0.0,"enemies":"Giant Head","floor":40.0,"turns":6.0},{"damage":23.0,"enemies":"Nemesis","floor":42.0,"turns":5.0},{"damage":0.0,"enemies":"Spire Growth","floor":44.0,"turns":4.0},{"damage":0.0,"enemies":"Maw","floor":46.0,"turns":4.0},{"damage":0.0,"enemies":"Transient","floor":48.0,"turns":5.0},{"damage":8.0,"enemies":"Donu and Deca","floor":50.0,"turns":7.0},{"damage":45.0,"enemies":"Shield and Spear","floor":54.0,"turns":7.0},{"damage":40,"enemies":"The Heart","floor":55,"turns":5}],"seed_played":"-8347087172629032803","potions_obtained":[{"floor":2.0,"key":"Strength Potion"},{"floor":7.0,"key":"StancePotion"},{"floor":8.0,"key":"SkillPotion"},{"floor":16.0,"key":"Ancient Potion"},{"floor":24.0,"key":"AttackPotion"},{"floor":29.0,"key":"SpeedPotion"},{"floor":35.0,"key":"Ancient Potion"}],"is_trial":false,"path_per_floor":["M","M","?","$","?","R","M","E","T","R","M","M","R","E","R","B",null,"M","?","M","?","?","R","E","R","T","R","E","M","E","$","R","B",null,"M","$","M","?","M","E","R","E","T","M","?","M","R","M","R","B",null,"R","$","E","B"],"character_chosen":"WATCHER","items_purchased":["Fire Potion","Medical Kit","Fasting2","ClockworkSouvenir","MentalFortress"],"campfire_rested":4,"item_purchase_floors":[4,31,36,53,53],"current_hp_per_floor":[62,62,37,37,37,37,37,37,37,37,37,37,37,27,27,19,59,53,53,53,72,56,56,36,36,36,36,36,36,21,21,42,17,58,58,58,58,57,50,50,50,27,27,27,27,27,48,48,69,61,69,72,72,37,0,0],"gold":62,"neow_bonus":"RANDOM_COMMON_RELIC","is_daily":false,"chose_seed":false,"campfire_upgraded":7,"win_rate":0.0,"timestamp":1612924358,"path_taken":["M","M","?","$","?","R","M","E","T","R","?","?","R","E","R","BOSS","M","?","M","?","?","R","E","R","T","R","E","M","E","$","R","BOSS","M","$","M","?","M","E","R","E","T","M","?","M","R","M","R","BOSS","R","$","E","BOSS"],"items_purchased_type":["Potion","Relic","Card","Relic","Card"],"build_version":"2020-12-22","purchased_purges":2,"victory":false,"max_hp_per_floor":[72,72,72,72,72,72,72,72,72,72,72,72,72,72,72,72,72,72,72,72,72,72,72,72,72,72,72,72,72,72,72,72,72,72,72,72,72,72,72,72,72,72,72,72,72,72,72,72,72,72,72,72,72,82,82,82],"relic_stats":{"Darkstone Periapt":0,"Gremlin Horn":[25,25],"counters":[27,131],"Boot":[41],"Question Card":33,"Medical Kit":[17],"Mercury Hourglass":[284],"Nunchaku":[36],"Dream Catcher":3,"Busted Crown":58,"Shuriken":[48],"Gambling Chip":[73],"Prayer Wheel":9,"Necronomicon":[39],"obtain_stats":[{"Darkstone Periapt":42,"Pear":54,"Gremlin Horn":3,"Oddly Smooth Stone":43,"Thread and Needle":38,"Boot":8,"Question Card":9,"Medical Kit":31,"Akabeko":30,"Mercury Hourglass":24,"ClockworkSouvenir":53,"Nunchaku":0,"Dream Catcher":40,"Busted Crown":17,"Shuriken":28,"Gambling Chip":5,"Prayer Wheel":14,"Fusion Hammer":34,"Necronomicon":22,"PureWater":0},{"Darkstone Periapt":21,"Pear":26,"Gremlin Horn":2,"Oddly Smooth Stone":21,"Thread and Needle":18,"Boot":4,"Question Card":4,"Medical Kit":14,"Akabeko":14,"Mercury Hourglass":11,"ClockworkSouvenir":25,"Nunchaku":0,"Dream Catcher":20,"Busted Crown":8,"Shuriken":12,"Gambling Chip":2,"Prayer Wheel":7,"Fusion Hammer":15,"Necronomicon":10,"PureWater":0},{"Darkstone Periapt":99,"Pear":126,"Gremlin Horn":9,"Oddly Smooth Stone":99,"Thread and Needle":84,"Boot":13,"Question Card":13,"Medical Kit":66,"Akabeko":66,"Mercury Hourglass":51,"ClockworkSouvenir":119,"Nunchaku":0,"Dream Catcher":94,"Busted Crown":36,"Shuriken":56,"Gambling Chip":9,"Prayer Wheel":26,"Fusion Hammer":75,"Necronomicon":46,"PureWater":0}]},"card_choices":[{"not_picked":["FlurryOfBlows","Protect"],"picked":"SashWhip","floor":1.0},{"not_picked":["CrushJoints","ClearTheMind"],"picked":"Wallop","floor":2.0},{"not_picked":["Alpha","BowlingBash"],"picked":"CutThroughFate","floor":7.0},{"not_picked":["Nirvana","Conclude"],"picked":"Prostrate","floor":8.0},{"not_picked":["Sanctity","SashWhip","CrushJoints"],"picked":"Evaluate","floor":11.0},{"not_picked":["Conclude","EmptyBody","Protect"],"picked":"FlyingSleeves","floor":12.0},{"not_picked":["ForeignInfluence","SashWhip","Halt"],"picked":"DevaForm","floor":14.0},{"not_picked":["Blasphemy","DevaForm","MasterReality"],"picked":"SpiritShield","floor":16.0},{"not_picked":["DeceiveReality"],"picked":"SashWhip","floor":18.0},{"not_picked":["CutThroughFate","Indignation"],"picked":"SKIP","floor":18.0},{"not_picked":["Collect"],"picked":"CutThroughFate+1","floor":20.0},{"not_picked":["SashWhip+1"],"picked":"Study","floor":20.0},{"not_picked":["BowlingBash+1"],"picked":"Prostrate","floor":24.0},{"not_picked":["Establishment"],"picked":"FearNoEvil","floor":28.0},{"not_picked":["Halt"],"picked":"Prostrate","floor":29.0},{"not_picked":["ClearTheMind+1"],"picked":"Sanctity+1","floor":29.0},{"not_picked":["JustLucky+1"],"picked":"LessonLearned","floor":30.0},{"not_picked":["Establishment"],"picked":"Scrawl","floor":33.0},{"not_picked":["FearNoEvil"],"picked":"FlurryOfBlows+1","floor":35.0},{"not_picked":["ReachHeaven"],"picked":"CrushJoints+1","floor":35.0},{"not_picked":["FearNoEvil+1","FollowUp"],"picked":"SKIP","floor":37.0},{"not_picked":["ReachHeaven","ClearTheMind"],"picked":"SKIP","floor":37.0},{"not_picked":["Collect","EmptyFist+1"],"picked":"SKIP","floor":39.0},{"not_picked":["ReachHeaven+1","ForeignInfluence+1"],"picked":"SKIP","floor":39.0},{"not_picked":["EmptyBody"],"picked":"Evaluate","floor":40.0},{"not_picked":["SandsOfTime+1","EmptyFist+1"],"picked":"SKIP","floor":42.0},{"not_picked":["SashWhip+1"],"picked":"Wireheading+1","floor":44.0},{"not_picked":["Consecrate+1","ReachHeaven+1"],"picked":"SKIP","floor":44.0},{"not_picked":["FollowUp","Prostrate"],"picked":"SKIP","floor":46.0},{"not_picked":["SashWhip+1","Protect+1"],"picked":"SKIP","floor":46.0},{"not_picked":["Wish"],"picked":"WheelKick+1","floor":47.0},{"not_picked":["SignatureMove+1"],"picked":"WreathOfFlame+1","floor":48.0},{"not_picked":["WindmillStrike","BowlingBash"],"picked":"SKIP","floor":48.0},{"not_picked":["Judgement","Prostrate"],"picked":"SKIP","floor":54.0}],"player_experience":6161643,"relics_obtained":[{"floor":8.0,"key":"Boot"},{"floor":9.0,"key":"Question Card"},{"floor":14.0,"key":"Prayer Wheel"},{"floor":22.0,"key":"Necronomicon"},{"floor":24.0,"key":"Mercury Hourglass"},{"floor":28.0,"key":"Shuriken"},{"floor":30.0,"key":"Akabeko"},{"floor":38.0,"key":"Thread and Needle"},{"floor":40.0,"key":"Dream Catcher"},{"floor":42.0,"key":"Darkstone Periapt"},{"floor":43.0,"key":"Oddly Smooth Stone"},{"floor":54.0,"key":"Pear"}],"event_choices":[{"damage_healed":0.0,"max_hp_gain":0.0,"max_hp_loss":0.0,"gold_gain":0.0,"event_name":"Scrap Ooze","player_choice":"Success","floor":3.0,"gold_loss":0.0,"damage_taken":25.0,"relics_obtained":["Gremlin Horn"]},{"damage_healed":0.0,"max_hp_gain":0.0,"max_hp_loss":0.0,"gold_gain":0.0,"event_name":"WeMeetAgain","player_choice":"Gave Potion","floor":5.0,"gold_loss":0.0,"damage_taken":0.0,"relics_obtained":["Gambling Chip"]},{"damage_healed":0.0,"max_hp_gain":0.0,"max_hp_loss":0.0,"gold_gain":0.0,"event_name":"Back to Basics","player_choice":"Simplicity","floor":19.0,"gold_loss":0.0,"damage_taken":0.0,"cards_upgraded":["Strike_P","Strike_P","Strike_P","Defend_P","Defend_P","Defend_P","Defend_P"]},{"damage_healed":24.0,"max_hp_gain":0.0,"max_hp_loss":0.0,"gold_gain":0.0,"event_name":"The Library","player_choice":"Heal","floor":21.0,"gold_loss":0.0,"damage_taken":0.0},{"damage_healed":0.0,"max_hp_gain":0.0,"max_hp_loss":0.0,"gold_gain":0.0,"event_name":"Cursed Tome","player_choice":"Obtained Book","floor":22.0,"gold_loss":0.0,"damage_taken":16.0},{"damage_healed":0.0,"max_hp_gain":0.0,"max_hp_loss":0.0,"gold_gain":0.0,"event_name":"Mysterious Sphere","player_choice":"Fight","floor":38.0,"gold_loss":0.0,"damage_taken":0.0},{"cards_removed":["Strike_P"],"damage_healed":0.0,"max_hp_gain":0.0,"max_hp_loss":0.0,"gold_gain":0.0,"event_name":"Designer","player_choice":"Upgrade and Remove","floor":45.0,"gold_loss":90.0,"damage_taken":0.0,"cards_upgraded":["LessonLearned"]}],"is_beta":false,"boss_relics":[{"not_picked":["Runic Dome","Sozu"],"picked":"Busted Crown"},{"not_picked":["HolyWater","Philosopher\u0027s Stone"],"picked":"Fusion Hammer"}],"items_purged_floors":[4,31],"is_endless":false,"potions_floor_spawned":[2,7,8,16,18,24,29,35,40,44],"killed_by":"The Heart","ascension_level":10}}