{"host":"grpjhwjd167m6b3a","time":1612934160,"event":{"mods":["BaseMod","Bossed Relics","LagranYue(拉格朗・月)","Minty Spire (QoL Compilation)","Prisma Mod","Reliquary","SOS（斯巴达之子）","StSLib","The Alterego","The Saiyan","The Senshi"],"gold_per_floor":[115,290,290,304,320,349,349,369,369,369,85,85,144,184,184,311,311,352,29,29,67,85,85,85,85,158,202,202,220,264,264,264,405,405,448,486,486,486,535,535,535,535],"floor_reached":41,"language":"ZHS","playtime":3367,"items_purged":[],"score":451,"play_id":"bf2f98ab-4090-49e7-918e-e4c80a32bb6a","local_time":"20210210151600","is_ascension_mode":false,"campfire_choices":[{"floor":10.0,"key":"REST"},{"floor":15.0,"key":"REST"},{"floor":23.0,"key":"REST"},{"floor":32.0,"key":"REST"},{"floor":40,"key":"DIG"}],"circlet_count":0,"master_deck":["PrismaMod:MiyuCommonDefend","PrismaMod:MiyuCommonDefend","PrismaMod:MiyuCommonDefend","PrismaMod:MiyuCommonDefend","PrismaMod:MiyuCommonDefend","PrismaMod:MiyuCommonAttack","PrismaMod:MiyuCommonAttack","PrismaMod:MiyuCommonAttack","PrismaMod:MiyuCommonAttack","PrismaMod:MiyuCommonAttack","PrismaMod:MiyuCheapChannelDefend","PrismaMod:MiyuCheapChannelRandom","PrismaMod:MiyuOrbIncreasePerm","PrismaMod:MiyuUberAttack","PrismaMod:MiyuUncommonPlate","PrismaMod:MiyuUncommonStrBuff","Magnetism","PrismaMod:MiyuEvokeBuffStr","PrismaMod:MiyuCheapAttack1+1","PrismaMod:MiyuCheapPlate","PrismaMod:MiyuCheapDefend2","PrismaMod:MiyuCarnivalAttack+1","PrismaMod:MiyuDefenseExplosion+1","PrismaMod:MiyuUberAOEAttack+1","PrismaMod:MiyuCarnivalDefend","PrismaMod:MiyuDevil+1","PrismaMod:MiyuUncommonDefend","PrismaMod:MiyuCheapChannelHeal","PrismaMod:MiyuDefenseAbsorbMinor","PrismaMod:MiyuCheapStrBuff+1","PrismaMod:MiyuUncommonDefend+1"],"relics":["PrismaMod:PrismaSapphire","LagranYue:RandomDrawCardRelic","reliquary:BoilingFlask","InkBottle","Molten Egg 2","Tiny Chest","reliquary:WritOfMandamus","LagranYue:GuideDeadRelic","Shovel","reliquary:FeatherDuster","alterego_mod:SomeoneToFightFor","CultistMask","Astrolabe","Shuriken","Lantern","reliquary:NewFriend"],"acts_visited":["Exordium","TheCity","TheBeyond"],"potions_floor_usage":[],"damage_taken":[{"damage":3.0,"enemies":"2 Louse","floor":1.0,"turns":2.0},{"damage":0.0,"enemies":"Jaw Worm","floor":4.0,"turns":5.0},{"damage":7.0,"enemies":"Cultist","floor":5.0,"turns":6.0},{"damage":62.0,"enemies":"Gremlin Nob","floor":6.0,"turns":6.0},{"damage":0.0,"enemies":"Blue Slaver","floor":8.0,"turns":6.0},{"damage":7.0,"enemies":"Lagavulin","floor":13.0,"turns":9.0},{"damage":23.0,"enemies":"Lots of Slimes","floor":14.0,"turns":7.0},{"damage":5.0,"enemies":"Slime Boss","floor":16.0,"turns":9.0},{"damage":9.0,"enemies":"3 Byrds","floor":18.0,"turns":6.0},{"damage":40.0,"enemies":"Shell Parasite","floor":21.0,"turns":7.0},{"damage":32.0,"enemies":"Sentry and Sphere","floor":22.0,"turns":6.0},{"damage":0.0,"enemies":"Centurion and Healer","floor":27.0,"turns":8.0},{"damage":31.0,"enemies":"3 Cultists","floor":29.0,"turns":8.0},{"damage":30.0,"enemies":"Snake Plant","floor":30.0,"turns":5.0},{"damage":22.0,"enemies":"Champ","floor":33.0,"turns":14.0},{"damage":50,"enemies":"3 Shapes","floor":35,"turns":6},{"damage":30,"enemies":"Orb Walker","floor":36,"turns":4},{"damage":86,"enemies":"Reptomancer","floor":41,"turns":3}],"seed_played":"-2429785342984363118","potions_obtained":[{"floor":4.0,"key":"DistilledChaos"},{"floor":8.0,"key":"AttackPotion"},{"floor":14.0,"key":"DistilledChaos"},{"floor":16.0,"key":"DistilledChaos"},{"floor":18.0,"key":"PowerPotion"},{"floor":21.0,"key":"LiquidMemories"},{"floor":22.0,"key":"Energy Potion"}],"is_trial":false,"path_per_floor":["M","?","?","M","M","E","?","M","T","R","$","?","E","M","R","B",null,"M","$","$","M","M","R","?","T","T","M","?","M","M","?","R","B",null,"M","M","T","?","T","R","E"],"character_chosen":"MIYU","items_purchased":["PrismaMod:MiyuUncommonStrBuff","Magnetism","PrismaMod:MiyuEvokeBuffStr","LagranYue:GuideDeadRelic","PrismaMod:MiyuDefenseExplosion+1"],"campfire_rested":4,"item_purchase_floors":[11,11,11,19,19],"current_hp_per_floor":[79,79,79,79,72,10,10,14,14,38,38,38,35,12,36,35,82,74,74,74,38,10,34,34,34,34,38,38,32,9,9,33,20,82,57,38,38,72,72,72,0,0],"gold":535,"neow_bonus":"TEN_PERCENT_HP_BONUS","is_daily":false,"chose_seed":false,"campfire_upgraded":0,"win_rate":0.0,"timestamp":1612934160,"path_taken":["M","?","?","M","?","E","?","?","T","R","$","?","E","M","R","BOSS","M","?","$","?","M","R","?","?","T","M","?","M","M","?","R","BOSS","M","?","?","?","?","R","E"],"items_purchased_type":["Card","Card","Card","Relic","Card"],"build_version":"2020-12-22","purchased_purges":0,"victory":false,"max_hp_per_floor":[82,82,82,82,82,82,82,82,82,82,82,82,82,82,82,82,82,82,82,82,82,82,82,82,82,82,82,82,82,82,82,82,82,82,82,82,82,72,72,72,72,72],"card_choices":[{"not_picked":["PrismaMod:MiyuMaid","PrismaMod:MiyuUncommonDexBuff"],"picked":"PrismaMod:MiyuEvokeCheapAttack","floor":1.0},{"not_picked":["PrismaMod:MiyuMaid","PrismaMod:MiyuUncommonDefend"],"picked":"PrismaMod:MiyuCheapChannelRandom","floor":4.0},{"not_picked":["PrismaMod:MiyuUberAOEAttack","PrismaMod:MiyuUncommonDefend"],"picked":"PrismaMod:MiyuOrbIncreasePerm","floor":5.0},{"not_picked":["PrismaMod:MiyuBride","PrismaMod:MiyuDefenseExplosion"],"picked":"PrismaMod:MiyuUberAttack","floor":6.0},{"not_picked":["PrismaMod:MiyuCheapAttack2","PrismaMod:MiyuCheapChannelWeak"],"picked":"PrismaMod:MiyuUncommonPlate","floor":8.0},{"not_picked":["PrismaMod:MiyuCheapChannelVul","PrismaMod:MiyuChristmas"],"picked":"PrismaMod:MiyuCheapAttack1+1","floor":13.0},{"not_picked":["PrismaMod:MiyuDefenseExplosion+1","PrismaMod:MiyuCheapAttack2+1"],"picked":"PrismaMod:MiyuCheapPlate","floor":14.0},{"not_picked":["PrismaMod:MiyuEvokeAllAttack+1","PrismaMod:MiyuDefendChannelDefend"],"picked":"PrismaMod:MiyuCheapDefend2","floor":16.0},{"not_picked":["PrismaMod:MiyuCheapEvoke","PrismaMod:MiyuDefenseExplosion+1"],"picked":"PrismaMod:MiyuCarnivalAttack+1","floor":18.0},{"not_picked":["PrismaMod:MiyuCheapChannelVul","PrismaMod:MiyuCheapAttack2+1"],"picked":"PrismaMod:MiyuUberAOEAttack+1","floor":21.0},{"not_picked":["PrismaMod:MiyuOrbIncreasePerm","PrismaMod:MiyuDevil+1"],"picked":"PrismaMod:MiyuCarnivalDefend","floor":22.0},{"not_picked":["PrismaMod:MiyuCheapChannelHeal","PrismaMod:MiyuCheapEvoke"],"picked":"PrismaMod:MiyuDevil+1","floor":27.0},{"not_picked":["PrismaMod:MiyuOrbIncreasePerm","PrismaMod:MiyuCheapChannelHeal"],"picked":"PrismaMod:MiyuUncommonDefend","floor":29.0},{"not_picked":["PrismaMod:MiyuDefenseRemoval","PrismaMod:MiyuDefenseExplosion+1"],"picked":"PrismaMod:MiyuCheapChannelHeal","floor":30.0},{"not_picked":["PrismaMod:MiyuEvokeAllDefend","PrismaMod:MiyuChannelAttackEvoke+1"],"picked":"PrismaMod:MiyuDefenseAbsorbMinor","floor":33.0},{"not_picked":["PrismaMod:MiyuCheapEvoke+1","PrismaMod:MiyuUberAOEAttack+1"],"picked":"PrismaMod:MiyuCheapStrBuff+1","floor":35},{"not_picked":["PrismaMod:MiyuCheapStrBuff+1","PrismaMod:MiyuCheapChannelDefend"],"picked":"PrismaMod:MiyuUncommonDefend+1","floor":36}],"player_experience":291116,"relics_obtained":[{"floor":6.0,"key":"reliquary:BoilingFlask"},{"floor":9.0,"key":"InkBottle"},{"floor":13.0,"key":"Tiny Chest"},{"floor":25.0,"key":"Shovel"},{"floor":26.0,"key":"reliquary:FeatherDuster"},{"floor":37,"key":"Shuriken"},{"floor":39,"key":"Lantern"},{"floor":40,"key":"reliquary:NewFriend"}],"event_choices":[{"damage_healed":0.0,"max_hp_gain":0.0,"max_hp_loss":0.0,"gold_gain":175.0,"event_name":"Liars Game","player_choice":"AGREE","floor":2.0,"gold_loss":0.0,"damage_taken":0.0,"cards_obtained":["Doubt"]},{"damage_healed":0.0,"max_hp_gain":0.0,"max_hp_loss":0.0,"gold_gain":0.0,"event_name":"Match and Keep!","player_choice":"2 cards matched","floor":3.0,"gold_loss":0.0,"damage_taken":0.0,"cards_obtained":["PrismaMod:MiyuCheapEvoke","PrismaMod:MiyuChristmas"]},{"cards_removed":["Doubt"],"damage_healed":0.0,"max_hp_gain":0.0,"max_hp_loss":0.0,"gold_gain":0.0,"event_name":"Purifier","player_choice":"Purged","floor":7.0,"gold_loss":0.0,"damage_taken":0.0},{"cards_removed":["PrismaMod:MiyuCheapChannelAttack"],"damage_healed":0.0,"max_hp_gain":0.0,"max_hp_loss":0.0,"gold_gain":0.0,"event_name":"WeMeetAgain","player_choice":"Gave Card","floor":12.0,"gold_loss":0.0,"damage_taken":0.0,"relics_obtained":["Molten Egg 2"]},{"damage_healed":0.0,"max_hp_gain":0.0,"max_hp_loss":0.0,"gold_gain":0.0,"event_name":"Ghosts","player_choice":"Ignored","floor":24.0,"gold_loss":0.0,"damage_taken":0.0},{"damage_healed":0.0,"max_hp_gain":0.0,"max_hp_loss":0.0,"gold_gain":0.0,"event_name":"爱的神圣花园","player_choice":"Choice 2","floor":28.0,"gold_loss":0.0,"damage_taken":0.0,"relics_obtained":["alterego_mod:SomeoneToFightFor"]},{"damage_healed":0.0,"max_hp_gain":0.0,"max_hp_loss":0.0,"gold_gain":0.0,"event_name":"FaceTrader","player_choice":"Trade","floor":31.0,"gold_loss":0.0,"damage_taken":0.0,"relics_obtained":["CultistMask"]},{"damage_healed":72,"gold_gain":0,"player_choice":"Heal","damage_taken":0,"max_hp_gain":0,"max_hp_loss":10,"event_name":"The Moai Head","floor":38,"gold_loss":0}],"is_beta":false,"boss_relics":[{"not_picked":["reliquary:Ember","SacredBark"],"picked":"reliquary:WritOfMandamus"},{"not_picked":["LagranYue:ContractPerformanceRelic","LagranYue:SoulBurningRelic"],"picked":"Astrolabe"}],"items_purged_floors":[],"is_endless":false,"potions_floor_spawned":[4,8,14,16,18,21,22],"killed_by":"Reptomancer","ascension_level":0}}