{"host":"q57ekfojy3i00x9o","time":1612955708,"event":{"mods":["Act Like it!","Arknights","Aspiration","BaseMod","Colored Map","Energized Spire","Hermit","Minty Spire (QoL Compilation)","Quick Restart","Spicy Shops","Spikes Relics","StSLib","slay the spire mod where everything is the same but ironclad has a cowboy hat"],"gold_per_floor":[215,215,215,290,307,307,307,317,317,335,351,379,8,22,22,120,120,120,120],"floor_reached":18,"language":"RUS","playtime":340,"items_purged":[],"score":219,"play_id":"96b399ae-efa4-445f-bdd0-e29cb326b39a","local_time":"20210210161508","is_ascension_mode":true,"campfire_choices":[{"data":"ats:Sword Rain","floor":6.0,"key":"SMITH"},{"data":"ats:Neurotoxin","floor":15.0,"key":"SMITH"}],"circlet_count":0,"master_deck":["ats:Strike C","ats:Strike G","ats:Strike S","ats:Strike V","ats:Armor Crushing Shot","ats:Defend","ats:Defend","ats:Defend","ats:Defend","ats:Emotion Absorption","ats:Hook Shot","ats:Sword Rain+1","ats:Apocalypse","ats:Red Shift","ats:Sashimi Platter","ats:Hammer On","ats:Red Shift","ats:Neurotoxin+1","ats:Poison Spread","ats:Nebulous Foxfire"],"relics":["ats:Sanity","Unceasing Top","SpikesRelics:ToyHorsey","ats:Originium","Centennial Puzzle","OrangePellets","ClockworkSouvenir"],"acts_visited":["Exordium","TheCity"],"potions_floor_usage":[],"damage_taken":[{"damage":7.0,"enemies":"Jaw Worm","floor":1.0,"turns":3.0},{"damage":1.0,"enemies":"2 Louse","floor":5.0,"turns":3.0},{"damage":8.0,"enemies":"Small Slimes","floor":8.0,"turns":4.0},{"damage":3.0,"enemies":"Exordium Wildlife","floor":10.0,"turns":3.0},{"damage":8.0,"enemies":"2 Fungi Beasts","floor":11.0,"turns":3.0},{"damage":10.0,"enemies":"3 Sentries","floor":12.0,"turns":4.0},{"damage":6.0,"enemies":"Looter","floor":14.0,"turns":2.0},{"damage":34.0,"enemies":"Hexaghost","floor":16.0,"turns":6.0},{"damage":0,"enemies":"3 Byrds","floor":18,"turns":2}],"seed_played":"3021003705998530559","potions_obtained":[{"floor":1.0,"key":"SneckoOil"},{"floor":10.0,"key":"Block Potion"},{"floor":11.0,"key":"BlessingOfTheForge"},{"floor":14.0,"key":"EssenceOfSteel"}],"is_trial":false,"path_per_floor":["M","?","?","?","M","R","?","M","T","M","M","E","$","M","R","B",null,"M"],"character_chosen":"DOCTOR_CLASS","items_purchased":["ats:Red Shift","ats:Neurotoxin","OrangePellets","ClockworkSouvenir"],"campfire_rested":0,"item_purchase_floors":[13,13,13,13],"current_hp_per_floor":[58,58,58,47,46,46,43,35,35,36,32,38,38,42,42,36,63,66,66],"gold":120,"neow_bonus":"HUNDRED_GOLD","is_daily":false,"chose_seed":false,"campfire_upgraded":2,"win_rate":0.0,"timestamp":1612955708,"path_taken":["M","?","?","?","?","R","?","M","T","M","M","E","$","M","R","BOSS","M"],"items_purchased_type":["Card","Card","Relic","Relic"],"build_version":"2020-12-22","purchased_purges":0,"victory":false,"max_hp_per_floor":[72,72,72,72,72,72,72,72,72,72,72,72,72,72,72,72,72,72,72],"card_choices":[{"not_picked":["ats:Revitalization","ats:Assault Order"],"picked":"ats:Hook Shot","floor":1.0},{"not_picked":["ats:Spore Proliferation","ats:Absolute Focus"],"picked":"ats:Sword Rain","floor":5.0},{"not_picked":["ats:Shell Defense","ats:Rapid Magazine"],"picked":"ats:Apocalypse","floor":8.0},{"not_picked":["ats:Absolute Focus","ats:Thorns"],"picked":"ats:Red Shift","floor":10.0},{"not_picked":["ats:Spore Proliferation","ats:Rapid Magazine"],"picked":"ats:Sashimi Platter","floor":11.0},{"not_picked":["ats:Cat Scratch","ats:Shell Defense"],"picked":"ats:Hammer On","floor":12.0},{"not_picked":["ats:Directed Diagnosis","ats:Leaping Hammer"],"picked":"ats:Poison Spread","floor":14.0},{"not_picked":["ats:Durian","ats:Echo Reverb"],"picked":"ats:Nebulous Foxfire","floor":16.0}],"player_experience":755363,"relics_obtained":[{"floor":9.0,"key":"SpikesRelics:ToyHorsey"},{"floor":12.0,"key":"ats:Originium"},{"floor":12.0,"key":"Centennial Puzzle"}],"event_choices":[{"damage_healed":0.0,"max_hp_gain":0.0,"max_hp_loss":0.0,"gold_gain":0.0,"event_name":"The Cleric","player_choice":"Leave","floor":2.0,"gold_loss":0.0,"damage_taken":0.0},{"damage_healed":0.0,"max_hp_gain":0.0,"max_hp_loss":0.0,"gold_gain":0.0,"event_name":"Golden Wing","player_choice":"Ignored","floor":3.0,"gold_loss":0.0,"damage_taken":0.0},{"damage_healed":0.0,"max_hp_gain":0.0,"max_hp_loss":0.0,"gold_gain":75.0,"event_name":"World of Goop","player_choice":"Gather Gold","floor":4.0,"gold_loss":0.0,"damage_taken":11.0},{"damage_healed":0.0,"max_hp_gain":0.0,"max_hp_loss":0.0,"gold_gain":0.0,"event_name":"Scrap Ooze","player_choice":"Success","floor":7.0,"gold_loss":0.0,"damage_taken":3.0,"relics_obtained":["Unceasing Top"]}],"is_beta":false,"boss_relics":[{"not_picked":["energizedSpire:OgreHead","Snecko Eye","CosmicIsotope"]}],"items_purged_floors":[],"is_endless":false,"potions_floor_spawned":[1,10,11,14],"killed_by":"3 Byrds","ascension_level":7}}