{"host":"3po7ngt2j61s4rmj","time":1612932648,"event":{"mods":["Act Like it!","BaseMod","Elementarium","Minty Spire (QoL Compilation)","Relic Stats","Shade Mod","StSLib","The Cursed"],"gold_per_floor":[367,57,76,87,162,162,197,197,197,211,211,211,237,247,247,344,344,344,344,25,25,25,25,25,25,25,25,25,25,25,25,25,25,25,25,25,25,25,25,25,25,0,0,0,0,0,0,0,0,0,0,0,0,0,0],"floor_reached":56,"language":"ENG","playtime":4583,"items_purged":["TheCursedMod:Strike_TheCursed"],"score":1533,"play_id":"556d0823-1073-4a3b-ab87-8cb87e6e5981","local_time":"20210209215048","is_ascension_mode":true,"campfire_choices":[{"data":"TheCursedMod:RavingStaff","floor":6,"key":"SMITH"},{"data":"TheCursedMod:CircleOfAbyss","floor":8,"key":"SMITH"},{"data":"TheCursedMod:CircleOfCorruption","floor":12,"key":"SMITH"},{"data":"TheCursedMod:CleanUpWorkshop","floor":15,"key":"SMITH"},{"data":"TheCursedMod:DarkBarrier","floor":24,"key":"SMITH"},{"data":"TheCursedMod:EmpowerCircles","floor":29,"key":"SMITH"},{"data":"TheCursedMod:CircleOfAmplification","floor":32,"key":"SMITH"},{"floor":40,"key":"RECALL"},{"data":"TheCursedMod:DarkBarrier","floor":44,"key":"SMITH"},{"data":"TheCursedMod:CircleOfFocus","floor":49,"key":"SMITH"},{"floor":52,"key":"DIG"}],"circlet_count":0,"master_deck":["TheCursedMod:Strike_TheCursed","TheCursedMod:Strike_TheCursed","TheCursedMod:Strike_TheCursed","TheCursedMod:Defend_TheCursed","TheCursedMod:Defend_TheCursed","TheCursedMod:Defend_TheCursed+1","TheCursedMod:Defend_TheCursed","TheCursedMod:CursedWand","TheCursedMod:CleanUpWorkshop+1","TheCursedMod:Dregs","Clumsy","TheCursedMod:CursedBlade","TheCursedMod:CircleOfAbyss+1","TheCursedMod:CircleOfCorruption+1","TheCursedMod:RavingStaff+1","TheCursedMod:EmpowerCircles+1","TheCursedMod:CircleOfBlood+1","TheCursedMod:DemonSword","TheCursedMod:Wield","TheCursedMod:DarkBarrier+1","Doubt","TheCursedMod:CircleOfAbyss+1","TheCursedMod:CursedBlade+1","TheCursedMod:Stretching+1","TheCursedMod:DoubleShield+1","TheCursedMod:CircleOfAmplification+1","TheCursedMod:DarkBarrier","TheCursedMod:CircleOfFocus+1","TheCursedMod:EmpowerCircles+1","HandOfGreed","Enlightenment","TheCursedMod:DarkBarrier+1","TheCursedMod:WearCloak+1","TheCursedMod:ReleasedKnowledge+1"],"relics":["TheCursedMod:BlackMagic101","Lee\u0027s Waffle","Question Card","Lantern","InkBottle","Ectoplasm","White Beast Statue","Darkstone Periapt","TheCursedMod:DemonicMark","Eternal Feather","Mercury Hourglass","Mummified Hand","Elementarium:ElementariumTrophy","Snecko Eye","Shovel","Elementarium:GoldenMirage","Ice Cream","Strawberry","Bag of Marbles","Pantograph","Akabeko"],"acts_visited":["Exordium","Exordium","TheBeyond","TheEnding"],"potions_floor_usage":[7,16,23,25,28,28,30,33,38,50,50,50,54,54,55,55],"damage_taken":[{"damage":0,"enemies":"Small Slimes","floor":1,"turns":3},{"damage":0,"enemies":"2 Louse","floor":3,"turns":3},{"damage":2,"enemies":"Jaw Worm","floor":4,"turns":4},{"damage":17,"enemies":"3 Sentries","floor":7,"turns":7},{"damage":2,"enemies":"Large Slime","floor":10,"turns":5},{"damage":0,"enemies":"Gremlin Nob","floor":13,"turns":3},{"damage":3,"enemies":"Red Slaver","floor":14,"turns":3},{"damage":40,"enemies":"The Guardian","floor":16,"turns":9},{"damage":5,"enemies":"Elementarium:2_ELEMENTALS","floor":18,"turns":4},{"damage":29,"enemies":"Elementarium:WarGolem","floor":23,"turns":4},{"damage":26,"enemies":"Elementarium:ElementalPortal","floor":25,"turns":7},{"damage":0,"enemies":"Elementarium:Cyclone","floor":27,"turns":5},{"damage":13,"enemies":"Book of Stabbing","floor":28,"turns":4},{"damage":1,"enemies":"Elementarium:WarGolem","floor":30,"turns":4},{"damage":1,"enemies":"Elementarium:Hydrostalker","floor":31,"turns":4},{"damage":18,"enemies":"Elementarium:GoldenDragon","floor":33,"turns":9},{"damage":1,"enemies":"3 Shapes","floor":35,"turns":5},{"damage":0,"enemies":"Orb Walker","floor":36,"turns":4},{"damage":3,"enemies":"2 Orb Walkers","floor":38,"turns":4},{"damage":0,"enemies":"Spire Growth","floor":41,"turns":5},{"damage":2,"enemies":"Reptomancer","floor":45,"turns":4},{"damage":0,"enemies":"Maw","floor":47,"turns":6},{"damage":0,"enemies":"3 Darklings","floor":48,"turns":3},{"damage":5,"enemies":"Donu and Deca","floor":50,"turns":5},{"damage":0,"enemies":"Shield and Spear","floor":54,"turns":4},{"damage":12,"enemies":"The Heart","floor":55,"turns":11}],"seed_played":"-6379519612687113894","potions_obtained":[{"floor":1,"key":"Strength Potion"},{"floor":4,"key":"LiquidBronze"},{"floor":14,"key":"FairyPotion"},{"floor":16,"key":"SneckoOil"},{"floor":18,"key":"Strength Potion"},{"floor":23,"key":"PowerPotion"},{"floor":25,"key":"DuplicationPotion"},{"floor":28,"key":"Dexterity Potion"},{"floor":30,"key":"BlessingOfTheForge"},{"floor":31,"key":"PowerPotion"},{"floor":33,"key":"EntropicBrew"},{"floor":35,"key":"Energy Potion"},{"floor":38,"key":"LiquidMemories"},{"floor":41,"key":"SkillPotion"},{"floor":48,"key":"SneckoOil"},{"floor":54,"key":"Block Potion"}],"is_trial":false,"path_per_floor":["M","$","M","M","?","R","E","R","T","M","?","R","E","M","R","B",null,"M","?","$","?","$","E","R","E","T","M","?","R","E","M","R","B",null,"M","M","?","?","T","R","M","?","T","R","E","?","M","M","R","B",null,"R","$","E","B",null],"character_chosen":"THE_CURSED","items_purchased":["TheCursedMod:CircleOfAbyss","Lee\u0027s Waffle","White Beast Statue"],"campfire_rested":0,"item_purchase_floors":[2,2,20],"current_hp_per_floor":[68,82,82,80,69,69,52,52,52,50,34,34,46,55,55,23,67,66,66,66,66,66,41,41,39,39,47,38,53,68,79,82,64,78,82,82,77,82,82,82,82,82,82,82,87,87,89,89,89,84,88,89,89,89,77],"gold":0,"neow_bonus":"TWO_FIFTY_GOLD","is_daily":false,"chose_seed":false,"campfire_upgraded":9,"win_rate":0.0,"timestamp":1612932648,"path_taken":["M","$","M","M","?","R","E","R","T","M","?","R","E","M","R","BOSS","M","?","$","?","?","E","R","E","T","M","?","R","E","?","R","BOSS","M","M","?","?","?","R","?","?","T","R","E","?","M","M","R","BOSS","R","$","E","BOSS"],"items_purchased_type":["Card","Relic","Relic"],"build_version":"2020-12-22","purchased_purges":1,"victory":true,"max_hp_per_floor":[75,82,82,82,82,82,82,82,82,82,82,82,82,82,82,82,82,82,82,82,82,82,82,82,82,82,82,82,82,82,82,82,82,82,82,82,82,82,82,82,82,82,82,82,89,89,89,89,89,89,89,89,89,89,89],"relic_stats":{"Darkstone Periapt":0,"Lee\u0027s Waffle":14,"counters":[26,126],"Eternal Feather":19,"Question Card":22,"Mercury Hourglass":[245],"Shovel":1,"Mummified Hand":[34],"Pantograph":0,"Snecko Eye":[73,96,76,96],"Ectoplasm":524,"obtain_stats":[{"Darkstone Periapt":23,"Ice Cream":43,"TheCursedMod:BlackMagic101":0,"Lee\u0027s Waffle":2,"Lantern":9,"Eternal Feather":26,"Question Card":7,"TheCursedMod:DemonicMark":25,"White Beast Statue":20,"Akabeko":54,"Mercury Hourglass":28,"Elementarium:GoldenMirage":42,"Shovel":38,"Elementarium:ElementariumTrophy":33,"Mummified Hand":30,"Strawberry":45,"Pantograph":52,"Snecko Eye":34,"Ectoplasm":17,"Bag of Marbles":46,"InkBottle":13},{"Darkstone Periapt":10,"Ice Cream":20,"TheCursedMod:BlackMagic101":0,"Lee\u0027s Waffle":1,"Lantern":4,"Eternal Feather":11,"Question Card":4,"TheCursedMod:DemonicMark":11,"White Beast Statue":9,"Akabeko":25,"Mercury Hourglass":13,"Elementarium:GoldenMirage":20,"Shovel":19,"Elementarium:ElementariumTrophy":16,"Mummified Hand":14,"Strawberry":21,"Pantograph":24,"Snecko Eye":16,"Ectoplasm":8,"Bag of Marbles":21,"InkBottle":6},{"Darkstone Periapt":45,"Ice Cream":93,"TheCursedMod:BlackMagic101":0,"Lee\u0027s Waffle":3,"Lantern":17,"Eternal Feather":52,"Question Card":17,"TheCursedMod:DemonicMark":52,"White Beast Statue":41,"Akabeko":115,"Mercury Hourglass":61,"Elementarium:GoldenMirage":93,"Shovel":88,"Elementarium:ElementariumTrophy":77,"Mummified Hand":65,"Strawberry":97,"Pantograph":111,"Snecko Eye":77,"Ectoplasm":37,"Bag of Marbles":97,"InkBottle":25}],"InkBottle":[47]},"card_choices":[{"not_picked":["TheCursedMod:Obscuration","TheCursedMod:SpitefulStrike"],"picked":"TheCursedMod:CursedBlade","floor":1},{"not_picked":["TheCursedMod:SurpriseAttack","TheCursedMod:RapidMovement"],"picked":"TheCursedMod:CircleOfCorruption","floor":3},{"not_picked":["TheCursedMod:CircleOfWindfury","TheCursedMod:CursedArmor"],"picked":"TheCursedMod:RavingStaff","floor":4},{"not_picked":["TheCursedMod:CursedArmor","TheCursedMod:RavingStaff"],"picked":"TheCursedMod:EmpowerCircles","floor":7},{"not_picked":["TheCursedMod:CursedMace","TheCursedMod:PrepareRite","TheCursedMod:SpitefulStrike"],"picked":"TheCursedMod:CircleOfBlood","floor":10},{"not_picked":["TheCursedMod:CursedBoomerang","TheCursedMod:Obscuration","TheCursedMod:Wield"],"picked":"TheCursedMod:DemonSword","floor":13},{"not_picked":["TheCursedMod:RapidMovement","TheCursedMod:CursedBlade","TheCursedMod:SoulCrush"],"picked":"TheCursedMod:Wield","floor":14},{"not_picked":["TheCursedMod:ForbiddenAlchemy","TheCursedMod:Neurasthenia","TheCursedMod:DemonSword"],"picked":"TheCursedMod:DarkBarrier","floor":16},{"not_picked":["TheCursedMod:FleshFromBone","TheCursedMod:PrepareRite","TheCursedMod:CursedShiv","TheCursedMod:CursedBoomerang"],"picked":"SKIP","floor":18},{"not_picked":["TheCursedMod:CursedMace+1","TheCursedMod:PrepareRite","TheCursedMod:WearCloak"],"picked":"TheCursedMod:CursedBlade+1","floor":23},{"not_picked":["TheCursedMod:SurpriseAttack","TheCursedMod:SmokeScreen","TheCursedMod:LuckyCharm"],"picked":"TheCursedMod:Stretching+1","floor":25},{"not_picked":["TheCursedMod:Grudge","TheCursedMod:Torture","TheCursedMod:Stigma+1"],"picked":"TheCursedMod:DoubleShield+1","floor":27},{"not_picked":["TheCursedMod:FleshFromBone","TheCursedMod:RapidMovement","TheCursedMod:CursedBlade"],"picked":"TheCursedMod:CircleOfAmplification","floor":30},{"not_picked":["TheCursedMod:ForbiddenAlchemy","TheCursedMod:SpreadPlague","TheCursedMod:DoubleShield","TheCursedMod:CircleOfFlame"],"picked":"SKIP","floor":31},{"not_picked":["TheCursedMod:ShockAndAwe","TheCursedMod:OutForBlood","TheCursedMod:Neurasthenia"],"picked":"TheCursedMod:DarkBarrier","floor":33},{"not_picked":["TheCursedMod:SmokeScreen+1","TheCursedMod:BloodBarrier+1","TheCursedMod:FuryStrike"],"picked":"TheCursedMod:CircleOfFocus","floor":35},{"not_picked":["TheCursedMod:ReleasedStrength","TheCursedMod:CursedStaff+1","TheCursedMod:Wield+1"],"picked":"TheCursedMod:EmpowerCircles+1","floor":36},{"not_picked":["Purity","Dramatic Entrance","Impatience"],"picked":"HandOfGreed","floor":37},{"not_picked":["Secret Weapon","The Bomb","Good Instincts"],"picked":"Enlightenment","floor":37},{"not_picked":["TheCursedMod:CircleOfWindfury","TheCursedMod:CursedStaff","TheCursedMod:SpreadPlague"],"picked":"TheCursedMod:DarkBarrier","floor":41},{"not_picked":["TheCursedMod:HellsGateOpen+1","TheCursedMod:ManaBullet","TheCursedMod:CircleOfFocus","TheCursedMod:BlessingInDisguise"],"picked":"SKIP","floor":45},{"not_picked":["TheCursedMod:SurpriseAttack+1","TheCursedMod:ManaBullet+1","TheCursedMod:FuryStrike","TheCursedMod:Obscuration+1"],"picked":"SKIP","floor":47},{"not_picked":["TheCursedMod:DoubleShield","TheCursedMod:Stigma+1","TheCursedMod:FleshFromBone+1"],"picked":"TheCursedMod:WearCloak+1","floor":48},{"not_picked":["TheCursedMod:RavingStaff+1","TheCursedMod:Neurasthenia","TheCursedMod:Obscuration"],"picked":"TheCursedMod:ReleasedKnowledge+1","floor":54}],"player_experience":1086479,"relics_obtained":[{"floor":7,"key":"Question Card"},{"floor":9,"key":"Lantern"},{"floor":13,"key":"InkBottle"},{"floor":23,"key":"Darkstone Periapt"},{"floor":25,"key":"TheCursedMod:DemonicMark"},{"floor":26,"key":"Eternal Feather"},{"floor":28,"key":"Mercury Hourglass"},{"floor":30,"key":"Mummified Hand"},{"floor":38,"key":"Shovel"},{"floor":43,"key":"Ice Cream"},{"floor":45,"key":"Strawberry"},{"floor":46,"key":"Bag of Marbles"},{"floor":52,"key":"Pantograph"},{"floor":54,"key":"Akabeko"}],"event_choices":[{"damage_healed":0,"gold_gain":75,"player_choice":"Gather Gold","damage_taken":11,"max_hp_gain":0,"max_hp_loss":0,"event_name":"World of Goop","floor":5,"gold_loss":0},{"damage_healed":0,"gold_gain":0,"player_choice":"Entered Light","damage_taken":16,"max_hp_gain":0,"max_hp_loss":0,"event_name":"Shining Light","floor":11,"gold_loss":0,"cards_upgraded":["TheCursedMod:CircleOfBlood","TheCursedMod:Defend_TheCursed"]},{"damage_healed":0,"gold_gain":0,"player_choice":"Embrace","damage_taken":0,"max_hp_gain":0,"max_hp_loss":0,"event_name":"Elementarium:VoidShrine","floor":19,"gold_loss":0,"cards_obtained":["Doubt","TheCursedMod:CircleOfAbyss"]},{"damage_healed":0,"gold_gain":50,"player_choice":"Take","damage_taken":0,"max_hp_gain":0,"max_hp_loss":0,"event_name":"Elementarium:StickySituation","floor":21,"gold_loss":0},{"damage_healed":0,"gold_gain":0,"player_choice":"Enter","damage_taken":0,"max_hp_gain":0,"max_hp_loss":0,"event_name":"Elementarium:OtherworldlyPassage","floor":28,"gold_loss":0},{"damage_healed":0,"gold_gain":0,"player_choice":"Memory 2","damage_taken":5,"max_hp_gain":0,"max_hp_loss":0,"event_name":"SensoryStone","floor":37,"gold_loss":0},{"damage_healed":0,"gold_gain":0,"player_choice":"Fight","damage_taken":0,"max_hp_gain":0,"max_hp_loss":0,"event_name":"Mysterious Sphere","floor":38,"gold_loss":0},{"damage_healed":0,"gold_gain":0,"player_choice":"Offer","damage_taken":0,"relics_obtained":["Elementarium:GoldenMirage"],"max_hp_gain":0,"max_hp_loss":0,"event_name":"Elementarium:ChestOfTheGoldenMirage","floor":42,"gold_loss":25},{"damage_healed":0,"gold_gain":0,"player_choice":"Relic","damage_taken":0,"max_hp_gain":0,"max_hp_loss":0,"event_name":"Wheel of Change","floor":46,"gold_loss":0}],"is_beta":false,"boss_relics":[{"not_picked":["SlaversCollar","Cursed Key"],"picked":"Ectoplasm"},{"not_picked":["Pandora\u0027s Box","TheCursedMod:BlackMagicAdvanced"],"picked":"Snecko Eye"}],"items_purged_floors":[20],"is_endless":false,"potions_floor_spawned":[1,4,14,16,18,23,25,27,28,30,31,33,35,36,38,41,45,47,48,54],"ascension_level":7}}