{"host":"vtoo0j238fh2mh5k","time":1612973619,"event":{"mods":["BaseMod","DeckTracker","Minty Spire (QoL Compilation)"],"gold_per_floor":[118,128,147,157,175,202,202,220,266,286,11,40,57,71,71,174,174,161,161,180,198,8,8,8,26,26,26,46,58,157,157,157,157,157],"floor_reached":33,"language":"ENG","playtime":1863,"items_purged":[],"score":280,"play_id":"46b10320-ba79-4056-8393-8dee9f6f6af3","local_time":"20210210111339","is_ascension_mode":false,"campfire_choices":[{"floor":7.0,"key":"REST"},{"floor":15,"key":"REST"},{"floor":23,"key":"REST"},{"floor":27,"key":"REST"},{"floor":32,"key":"REST"}],"circlet_count":0,"master_deck":["Strike_G","Strike_G","Strike_G","Strike_G","Strike_G","Defend_G","Defend_G","Defend_G","Defend_G","Survivor","Neutralize","Slice","Masterful Stab","Backflip","Dash","Malaise","Slice","Poisoned Stab","Noxious Fumes","Outmaneuver","Blade Dance","Night Terror","Bouncing Flask+1","Deflect","Footwork+1","Slice","Terror","Predator","Storm of Steel","Poisoned Stab","Poisoned Stab+1","Backstab+1","Poisoned Stab","Distraction"],"relics":["SlaversCollar","Lizard Tail","Boot","Lee\u0027s Waffle","Odd Mushroom","Sozu","Happy Flower","Dream Catcher","Question Card"],"acts_visited":["TheCity"],"potions_floor_usage":[16,16,16],"damage_taken":[{"damage":2.0,"enemies":"Cultist","floor":1.0,"turns":5.0},{"damage":1.0,"enemies":"2 Louse","floor":2.0,"turns":2.0},{"damage":0.0,"enemies":"Small Slimes","floor":3.0,"turns":3.0},{"damage":1.0,"enemies":"2 Fungi Beasts","floor":4.0,"turns":4.0},{"damage":0.0,"enemies":"Looter","floor":5.0,"turns":4.0},{"damage":12.0,"enemies":"3 Sentries","floor":6.0,"turns":7.0},{"damage":0.0,"enemies":"Exordium Thugs","floor":8.0,"turns":3.0},{"damage":9,"enemies":"Lots of Slimes","floor":10,"turns":5},{"damage":14,"enemies":"The Mushroom Lair","floor":12,"turns":4},{"damage":4,"enemies":"2 Fungi Beasts","floor":13,"turns":3},{"damage":5,"enemies":"Looter","floor":14,"turns":3},{"damage":18,"enemies":"Slime Boss","floor":16,"turns":11},{"damage":18,"enemies":"2 Thieves","floor":18,"turns":4},{"damage":15,"enemies":"3 Byrds","floor":20,"turns":5},{"damage":31,"enemies":"Shelled Parasite and Fungi","floor":21,"turns":5},{"damage":42,"enemies":"Chosen and Byrds","floor":25,"turns":8},{"damage":10,"enemies":"Snecko","floor":28,"turns":5},{"damage":22,"enemies":"Shelled Parasite and Fungi","floor":29,"turns":5},{"damage":89,"enemies":"Automaton","floor":33,"turns":6}],"seed_played":"-4339068755702308773","potions_obtained":[{"floor":1.0,"key":"FearPotion"},{"floor":4.0,"key":"Energy Potion"},{"floor":5.0,"key":"Ancient Potion"},{"floor":6.0,"key":"Dexterity Potion"},{"floor":12,"key":"Fire Potion"}],"is_trial":false,"path_per_floor":["M","M","M","M","M","E","R","M","T","M","$","?","M","M","R","B",null,"M","?","M","M","$","R","?","M","T","R","M","M","?","?","R","B"],"character_chosen":"THE_SILENT","items_purchased":["Lee\u0027s Waffle","Poisoned Stab","Noxious Fumes","Dream Catcher","Slice"],"campfire_rested":5,"item_purchase_floors":[11,11,11,22,22],"current_hp_per_floor":[68,67,67,66,66,54,70,70,70,61,77,63,59,54,77,59,77,59,59,44,13,13,36,36,38,38,61,51,29,29,29,52,0,0],"gold":157,"neow_bonus":"BOSS_RELIC","is_daily":false,"chose_seed":false,"campfire_upgraded":0,"win_rate":0.0,"timestamp":1612973619,"path_taken":["M","?","M","?","M","E","R","M","T","M","?","?","M","M","R","BOSS","M","?","M","M","$","R","?","M","T","R","M","M","?","?","R","BOSS"],"items_purchased_type":["Relic","Card","Card","Relic","Card"],"build_version":"2020-12-22","purchased_purges":0,"victory":false,"max_hp_per_floor":[70,70,70,70,70,70,70,70,70,70,77,77,77,77,77,77,77,77,77,77,77,77,77,77,77,77,77,77,77,77,77,77,77,77],"card_choices":[{"not_picked":["Accuracy","Cloak And Dagger"],"picked":"Slice","floor":1.0},{"not_picked":["Underhanded Strike","Expertise"],"picked":"Masterful Stab","floor":2.0},{"not_picked":["Underhanded Strike","Eviscerate","Choke"],"picked":"SKIP","floor":3.0},{"not_picked":["Quick Slash","Reflex"],"picked":"Backflip","floor":4.0},{"not_picked":["Dodge and Roll","Backflip"],"picked":"Dash","floor":5.0},{"not_picked":["Dodge and Roll","Underhanded Strike"],"picked":"Dagger Throw","floor":6.0},{"not_picked":["Masterful Stab","Dodge and Roll"],"picked":"Malaise","floor":8.0},{"not_picked":["Dagger Throw","Cloak And Dagger"],"picked":"Slice","floor":10},{"not_picked":["Cloak And Dagger","Underhanded Strike"],"picked":"Outmaneuver","floor":13},{"not_picked":["Outmaneuver","Dagger Spray"],"picked":"Blade Dance","floor":14},{"not_picked":["Storm of Steel","Unload"],"picked":"Night Terror","floor":16},{"not_picked":["Caltrops+1","Choke+1"],"picked":"Bouncing Flask+1","floor":18},{"not_picked":["Tactician+1","Quick Slash"],"picked":"Deflect","floor":20},{"not_picked":["Blade Dance","Dagger Spray"],"picked":"Footwork+1","floor":21},{"not_picked":["Outmaneuver","Underhanded Strike"],"picked":"Terror","floor":23},{"not_picked":["Predator+1","Acrobatics+1"],"picked":"Poisoned Stab","floor":25},{"not_picked":["Finisher","Outmaneuver+1","Night Terror"],"picked":"Poisoned Stab+1","floor":27},{"not_picked":["Acrobatics","Calculated Gamble","Deflect"],"picked":"Backstab+1","floor":28},{"not_picked":["Flying Knee","All Out Attack","Dash"],"picked":"Poisoned Stab","floor":29},{"not_picked":["Heel Hook+1","Dagger Throw","Cloak And Dagger"],"picked":"Distraction","floor":32}],"player_experience":61287,"relics_obtained":[{"floor":6.0,"key":"Lizard Tail"},{"floor":9.0,"key":"Boot"},{"floor":12,"key":"Odd Mushroom"},{"floor":26,"key":"Question Card"}],"event_choices":[{"damage_healed":0,"gold_gain":0,"player_choice":"Fought Mushrooms","damage_taken":0,"max_hp_gain":0,"max_hp_loss":0,"event_name":"Mushrooms","floor":12,"gold_loss":0},{"damage_healed":0,"gold_gain":0,"player_choice":"Opened","damage_taken":0,"relics_obtained":["Happy Flower"],"max_hp_gain":0,"max_hp_loss":0,"event_name":"The Mausoleum","floor":19,"gold_loss":0},{"damage_healed":0,"gold_gain":0,"cards_transformed":["Dagger Throw","Defend_G"],"player_choice":"Became Test Subject","damage_taken":0,"max_hp_gain":0,"max_hp_loss":0,"event_name":"Drug Dealer","floor":24,"gold_loss":0,"cards_obtained":["Predator","Storm of Steel"]},{"damage_healed":0,"gold_gain":99,"player_choice":"Stole From Cult","damage_taken":0,"max_hp_gain":0,"max_hp_loss":0,"event_name":"Nest","floor":30,"gold_loss":0},{"damage_healed":0,"gold_gain":0,"player_choice":"Ignored","damage_taken":0,"max_hp_gain":0,"max_hp_loss":0,"event_name":"Cursed Tome","floor":31,"gold_loss":0}],"is_beta":false,"boss_relics":[{"not_picked":["Velvet Choker","Calling Bell"],"picked":"Sozu"}],"items_purged_floors":[],"is_endless":false,"potions_floor_spawned":[1,4,5,6,12,13,18,28,29],"killed_by":"Automaton","ascension_level":0}}