{"host":"uv5ws9rdk87e8i5k","time":1612969806,"event":{"mods":["AchievementEnabler","BaseMod","Colored Map","Minty Spire (QoL Compilation)","Permanent Neow","Quick Restart","StSLib","SuperFastMode","The Necromancer"],"gold_per_floor":[117,129,129,129,145,172,184,209,221,247,313,337,359,396,408,420,420],"floor_reached":16,"language":"ENG","playtime":315,"items_purged":[],"score":192,"play_id":"83d65fb6-dbed-4abb-8564-f96cdb0bdf08","local_time":"20210210091006","is_ascension_mode":true,"campfire_choices":[{"data":"Immolate","floor":7,"key":"SMITH"},{"data":"Immolate","floor":15,"key":"SMITH"}],"circlet_count":0,"master_deck":["AscendersBane","Strike_R","Strike_R","Strike_R","Strike_R","Defend_R","Defend_R","Defend_R","Defend_R","Bash","Immolate+1","Iron Wave","Immolate+1","Corruption","Battle Trance","Ghostly Armor","Reaper","Shrug It Off","Battle Trance","Shrug It Off"],"relics":["Burning Blood","MawBank","Question Card","Turnip","MealTicket"],"acts_visited":["Exordium"],"potions_floor_usage":[11,14,14,14,16],"damage_taken":[{"damage":3.0,"enemies":"2 Louse","floor":1.0,"turns":2.0},{"damage":11.0,"enemies":"Jaw Worm","floor":2.0,"turns":5.0},{"damage":1.0,"enemies":"Cultist","floor":5.0,"turns":3.0},{"damage":19,"enemies":"Gremlin Nob","floor":6,"turns":4},{"damage":7,"enemies":"Large Slime","floor":8,"turns":4},{"damage":7,"enemies":"Exordium Wildlife","floor":10,"turns":3},{"damage":10,"enemies":"3 Sentries","floor":11,"turns":3},{"damage":1,"enemies":"Exordium Thugs","floor":12,"turns":3},{"damage":0,"enemies":"2 Fungi Beasts","floor":13,"turns":2},{"damage":12,"enemies":"Lagavulin","floor":14,"turns":4},{"damage":47,"enemies":"The Guardian","floor":16,"turns":8}],"seed_played":"-8647833989873913591","potions_obtained":[{"floor":6,"key":"ColorlessPotion"},{"floor":10,"key":"EntropicBrew"},{"floor":11,"key":"Fire Potion"},{"floor":13,"key":"DuplicationPotion"}],"is_trial":false,"path_per_floor":["M","M","?","?","M","E","R","M","T","M","E","M","M","E","R","B"],"character_chosen":"IRONCLAD","items_purchased":[],"campfire_rested":0,"item_purchase_floors":[],"current_hp_per_floor":[75,70,63,63,68,55,55,54,54,53,49,58,64,58,58,11,11],"gold":420,"neow_bonus":"THREE_RARE_CARDS","is_daily":false,"chose_seed":false,"campfire_upgraded":2,"win_rate":0.0,"timestamp":1612969806,"path_taken":["M","M","?","?","M","E","R","M","T","M","E","M","?","E","R","BOSS"],"items_purchased_type":[],"build_version":"2020-12-22","purchased_purges":0,"victory":false,"max_hp_per_floor":[80,80,80,80,80,80,80,80,80,80,80,80,80,80,80,80,80],"card_choices":[{"not_picked":["Juggernaut","Berserk"],"picked":"Immolate","floor":0.0},{"not_picked":["Warcry","Hemokinesis"],"picked":"Iron Wave","floor":1.0},{"not_picked":["Havoc","Clash"],"picked":"Immolate","floor":2.0},{"not_picked":["Dual Wield","Shockwave"],"picked":"Battle Trance","floor":5.0},{"not_picked":["Cleave","Iron Wave"],"picked":"Ghostly Armor","floor":6},{"not_picked":["Iron Wave","Thunderclap","True Grit"],"picked":"SKIP","floor":8},{"not_picked":["Perfected Strike","Entrench","Heavy Blade","Warcry"],"picked":"SKIP","floor":10},{"not_picked":["Battle Trance","Seeing Red","Twin Strike"],"picked":"Reaper","floor":11},{"not_picked":["Evolve","Armaments","Anger"],"picked":"Shrug It Off","floor":12},{"not_picked":["Blood for Blood","Power Through","Body Slam"],"picked":"Battle Trance","floor":13},{"not_picked":["Clash","Twin Strike","Disarm"],"picked":"Shrug It Off","floor":14}],"player_experience":157664,"relics_obtained":[{"floor":6,"key":"MawBank"},{"floor":9,"key":"Question Card"},{"floor":11,"key":"Turnip"},{"floor":14,"key":"MealTicket"}],"event_choices":[{"cards_removed":["Normality"],"damage_healed":0.0,"max_hp_gain":0.0,"max_hp_loss":0.0,"gold_gain":0.0,"event_name":"Golden Wing","player_choice":"Card Removal","floor":3.0,"gold_loss":0.0,"damage_taken":7.0},{"damage_healed":0.0,"max_hp_gain":0.0,"max_hp_loss":0.0,"gold_gain":0.0,"cards_transformed":["Strike_R"],"event_name":"Transmorgrifier","player_choice":"Transformed","floor":4.0,"gold_loss":0.0,"damage_taken":0.0,"cards_obtained":["Corruption"]}],"is_beta":false,"boss_relics":[],"items_purged_floors":[],"is_endless":false,"potions_floor_spawned":[6,10,11,12,13],"killed_by":"The Guardian","ascension_level":11}}