{"host":"r4aerl4ckfvw1dw3","time":1612919682,"event":{"mods":["BaseMod","BetterRewards","Minty Spire (QoL Compilation)","Quick Restart","StSLib"],"gold_per_floor":[109,34,49,67,67,99,99,129,153,185,196,207,239,249,249,344,344,356,356,376,430,430,430,455,7,7,0,0,11,11,28,28,28,28],"floor_reached":33,"language":"ENG","playtime":1625,"items_purged":["Strike_R","Strike_R"],"score":416,"play_id":"ff286c98-6567-484f-b030-ff20522d8bbd","local_time":"20210209171442","is_ascension_mode":true,"campfire_choices":[{"floor":7,"key":"REST"},{"data":"Disarm","floor":15,"key":"SMITH"},{"floor":23,"key":"REST"},{"floor":30,"key":"REST"},{"data":"Uppercut","floor":32,"key":"SMITH"}],"circlet_count":0,"master_deck":["Strike_R","Strike_R","Strike_R","Defend_R","Defend_R","Defend_R","Defend_R","Bash","Jack Of All Trades","Pommel Strike","Cleave","Pommel Strike","Thunderclap","Cleave","Disarm+1","Sword Boomerang","Shrug It Off","Feed","Iron Wave+1","Power Through+1","Pummel","Uppercut+1","Fire Breathing"],"relics":["Burning Blood","Pen Nib","Lantern","InkBottle","Nunchaku","Bird Faced Urn","HornCleat","Black Star","Torii","Calipers","Sling","Vajra","Bottled Lightning"],"acts_visited":["Exordium","TheCity"],"potions_floor_usage":[10,13,16,16,20,20,25,33,33],"damage_taken":[{"damage":9,"enemies":"2 Louse","floor":1,"turns":3},{"damage":6,"enemies":"Jaw Worm","floor":3,"turns":4},{"damage":11,"enemies":"Cultist","floor":4,"turns":4},{"damage":26,"enemies":"Lagavulin","floor":6,"turns":6},{"damage":8,"enemies":"Gremlin Nob","floor":8,"turns":3},{"damage":28,"enemies":"Lagavulin","floor":10,"turns":4},{"damage":0,"enemies":"Looter","floor":11,"turns":1},{"damage":0,"enemies":"Large Slime","floor":12,"turns":2},{"damage":7,"enemies":"3 Sentries","floor":13,"turns":4},{"damage":5,"enemies":"Gremlin Gang","floor":14,"turns":2},{"damage":35,"enemies":"Slime Boss","floor":16,"turns":8},{"damage":13,"enemies":"Spheric Guardian","floor":18,"turns":4},{"damage":2,"enemies":"2 Thieves","floor":20,"turns":4},{"damage":14,"enemies":"3 Cultists","floor":21,"turns":5},{"damage":65,"enemies":"Slavers","floor":24,"turns":9},{"damage":12,"enemies":"Centurion and Healer","floor":29,"turns":7},{"damage":3,"enemies":"Snake Plant","floor":31,"turns":3},{"damage":59,"enemies":"Automaton","floor":33,"turns":8}],"seed_played":"41144545179404447","potions_obtained":[{"floor":6,"key":"Block Potion"},{"floor":8,"key":"BlessingOfTheForge"},{"floor":10,"key":"Ancient Potion"},{"floor":13,"key":"Block Potion"},{"floor":14,"key":"Fire Potion"},{"floor":16,"key":"Energy Potion"},{"floor":18,"key":"GamblersBrew"},{"floor":29,"key":"Fire Potion"},{"floor":31,"key":"SneckoOil"}],"is_trial":false,"path_per_floor":["M","$","M","M","?","E","R","E","T","E","M","M","E","M","R","B",null,"M","?","M","M","?","R","E","$","T","?","$","M","R","M","R","B"],"character_chosen":"IRONCLAD","items_purchased":["BloodPotion","Sling","Vajra"],"campfire_rested":3,"item_purchase_floors":[25,25,25],"current_hp_per_floor":[69,69,69,64,52,32,56,54,54,32,38,44,43,44,44,17,64,57,57,61,56,40,66,7,24,24,24,24,21,48,51,51,0,0],"gold":28,"neow_bonus":"RANDOM_COLORLESS","is_daily":false,"chose_seed":false,"campfire_upgraded":2,"win_rate":0.0,"timestamp":1612919682,"path_taken":["M","$","M","M","?","E","R","E","T","E","M","M","E","M","R","BOSS","M","?","M","M","?","R","E","$","T","?","?","?","R","M","R","BOSS"],"items_purchased_type":["Potion","Relic","Relic"],"build_version":"2020-12-22","purchased_purges":2,"victory":false,"max_hp_per_floor":[80,80,80,80,80,80,80,80,80,80,80,80,80,80,80,80,80,80,80,80,83,88,88,88,88,88,88,88,91,91,91,91,91,91],"card_choices":[{"not_picked":["Forethought","Deep Breath"],"picked":"Jack Of All Trades","floor":0},{"not_picked":["Ghostly Armor","Fire Breathing"],"picked":"Pommel Strike","floor":1},{"not_picked":["Second Wind","Body Slam"],"picked":"Cleave","floor":3},{"not_picked":["Headbutt","Spot Weakness"],"picked":"Pommel Strike","floor":4},{"not_picked":["Reckless Charge","Searing Blow"],"picked":"Thunderclap","floor":6},{"not_picked":["Power Through","Clothesline"],"picked":"Cleave","floor":8},{"not_picked":["Perfected Strike","Anger","Havoc"],"picked":"SKIP","floor":10},{"not_picked":["Warcry","Intimidate"],"picked":"Disarm","floor":11},{"not_picked":["Fire Breathing","Dark Embrace"],"picked":"Sword Boomerang","floor":12},{"not_picked":["Seeing Red","Iron Wave"],"picked":"Shrug It Off","floor":13},{"not_picked":["Seeing Red","Clash","Infernal Blade"],"picked":"SKIP","floor":14},{"not_picked":["Offering","Immolate"],"picked":"Feed","floor":16},{"not_picked":["Sword Boomerang","Combust"],"picked":"Iron Wave+1","floor":18},{"not_picked":["Spot Weakness","Entrench"],"picked":"Power Through+1","floor":20},{"not_picked":["Intimidate","Wild Strike"],"picked":"Pummel","floor":21},{"not_picked":["Rage","Thunderclap+1","Flex"],"picked":"SKIP","floor":24},{"not_picked":["Combust","Twin Strike"],"picked":"Uppercut","floor":29},{"not_picked":["Warcry+1","Heavy Blade"],"picked":"Fire Breathing","floor":31}],"player_experience":538873,"relics_obtained":[{"floor":6,"key":"Lantern"},{"floor":8,"key":"InkBottle"},{"floor":9,"key":"Nunchaku"},{"floor":10,"key":"Bird Faced Urn"},{"floor":13,"key":"HornCleat"},{"floor":24,"key":"Torii"},{"floor":24,"key":"Calipers"},{"floor":26,"key":"Bottled Lightning"}],"event_choices":[{"damage_healed":0,"gold_gain":0,"player_choice":"Success","damage_taken":12,"relics_obtained":["Pen Nib"],"max_hp_gain":0,"max_hp_loss":0,"event_name":"Scrap Ooze","floor":5,"gold_loss":0},{"damage_healed":0,"gold_gain":0,"player_choice":"Ignored","damage_taken":0,"max_hp_gain":0,"max_hp_loss":0,"event_name":"Vampires","floor":19,"gold_loss":0},{"damage_healed":0,"gold_gain":0,"player_choice":"Shed Blood","damage_taken":21,"max_hp_gain":5,"max_hp_loss":0,"event_name":"Forgotten Altar","floor":22,"gold_loss":0},{"damage_healed":0,"gold_gain":0,"player_choice":"Paid Fearfully","damage_taken":0,"max_hp_gain":0,"max_hp_loss":0,"event_name":"Masked Bandits","floor":27,"gold_loss":7}],"is_beta":false,"boss_relics":[{"not_picked":["Runic Pyramid","Sozu"],"picked":"Black Star"}],"items_purged_floors":[2,25],"is_endless":false,"potions_floor_spawned":[6,8,10,13,14,16,18,29,31],"killed_by":"Automaton","ascension_level":8}}