{"host":"r40cn8c2kv7g6k3i","time":1612947007,"event":{"mods":["ATMod(∞¢Ë™Mod)","Act Like it!","BaseMod","Colored Powertips","Downfall","Gensokyo","Hallownest","KinomotoSakuraMod(ƒæ÷Æ±æ”£)","KomeijiMod","Marisa£®ÏF”Í°°ƒß¿Ì…≥£©","Minty Spire (QoL Compilation)","Onozuka Komachi Mod","Prisma Mod","Reimu£®≤©¿ˆ¡È√Œ£©","Remilia£®¿Ÿ√◊¿Ú—«£©","Replay The Spire","Shop Mod","Spicy Shops","StSLib","The Alterego","The Bug Knight","The Servant 0.9.4","UnlockEverythingMod","WarShipGirlsR/’ΩΩ¢…Ÿ≈ÆR mod","Youmu£®ªÍ∆«—˝√Œ£©","Yuri Mod"],"gold_per_floor":[115,66,82,82,97,97,109,109,134,144,172,186,13,32,32,32,32],"floor_reached":16,"language":"ZHS","playtime":1275,"items_purged":[],"score":109,"play_id":"575fdf19-8ad9-4143-9534-9372a1d4794a","local_time":"20210210165007","is_ascension_mode":true,"campfire_choices":[{"data":"ClowCardTheErase","floor":6,"key":"SMITH"},{"data":"ClowCardTheShot","floor":8,"key":"SMITH"},{"floor":15,"key":"REST"}],"circlet_count":0,"master_deck":["SakuraCardTheDream+","ClowCardTheSword","ClowCardTheSword","ClowCardTheSword","ClowCardTheSword","ClowCardTheShield+1","ClowCardTheShield","ClowCardTheShield","ClowCardTheShield+1","SpellCardSeal","SpellCardRelease","ClowCardTheGlow","ClowCardTheErase+1","ClowCardTheShot+1","ClowCardTheSand","ClowCardTheShot","ClowCardTheFlower","ClowCardTheFlower","Gensokyo:RustyChest","Gensokyo:ScrapIron","Gensokyo:DepletedGenerator","Gensokyo:ReactiveArmor","ClowCardTheMaze+1","ClowCardTheDream"],"relics":["KSMOD_SealedBook","KSMOD_SealedWand","AT_ATBox","NeowsBlessing","War Paint","Oddly Smooth Stone"],"acts_visited":["Gensokyo:Gensokyo"],"potions_floor_usage":[11],"damage_taken":[{"damage":0,"enemies":"Gensokyo:Python","floor":1,"turns":1},{"damage":0,"enemies":"Gensokyo:3_Fairies","floor":3,"turns":2},{"damage":0,"enemies":"Gensokyo:2_Kodama","floor":5,"turns":1},{"damage":33,"enemies":"Gensokyo:Gryphon_and_Rabbit","floor":7,"turns":6},{"damage":12,"enemies":"Gensokyo:3_Kodama","floor":10,"turns":5},{"damage":1,"enemies":"Gensokyo:Mamizou","floor":11,"turns":6},{"damage":0,"enemies":"Gensokyo:Kitsune","floor":12,"turns":3},{"damage":12,"enemies":"Gensokyo:2_Rabbits","floor":14,"turns":7},{"damage":41,"enemies":"Gensokyo:Reimu","floor":16,"turns":3}],"seed_played":"-6040267351011379152","potions_obtained":[{"floor":3,"key":"Swift Potion"},{"floor":7,"key":"DistilledChaos"},{"floor":10,"key":"Strength Potion"},{"floor":14,"key":"Weak Potion"}],"is_trial":false,"path_per_floor":["M","$","M","?","M","R","M","R","T","M","E","M","COS","M","R","B"],"character_chosen":"KINOMOTOSAKURA","items_purchased":["ClowCardTheErase"],"campfire_rested":1,"item_purchase_floors":[2],"current_hp_per_floor":[70,70,70,70,70,70,37,37,37,25,24,24,24,12,33,0,0],"gold":32,"neow_bonus":"THREE_ENEMY_KILL","is_daily":false,"chose_seed":false,"campfire_upgraded":2,"win_rate":0.0,"timestamp":1612947007,"path_taken":["M","$","M","?","?","R","M","R","T","?","E","M","COS","M","R","BOSS"],"items_purchased_type":["Card"],"build_version":"2020-12-22","purchased_purges":0,"victory":false,"max_hp_per_floor":[70,70,70,70,70,70,70,70,70,70,70,70,70,70,70,70,70],"card_choices":[{"not_picked":["ClowCardTheLock","ClowCardTheSilent"],"picked":"ClowCardTheGlow","floor":1},{"not_picked":["ClowCardTheChange","ClowCardTheDream"],"picked":"ClowCardTheShot","floor":3},{"not_picked":["ClowCardTheLock","ClowCardTheStorm"],"picked":"ClowCardTheSand","floor":5},{"not_picked":["ClowCardTheMaze","ClowCardThePower"],"picked":"ClowCardTheDream","floor":7},{"not_picked":["ClowCardTheDash","ClowCardTheDream"],"picked":"ClowCardTheShot","floor":10},{"not_picked":["ClowCardTheJump","ClowCardThePower"],"picked":"ClowCardTheFlower","floor":11},{"not_picked":["ClowCardTheIllusion","ClowCardTheSand"],"picked":"ClowCardTheFlower","floor":12},{"not_picked":["ClowCardThePower+1","ClowCardTheVoice+1"],"picked":"ClowCardTheMaze+1","floor":14},{"not_picked":["ClowCardTheLibra","ClowCardTheArrow"],"picked":"ClowCardTheDream","floor":14}],"player_experience":172393,"relics_obtained":[{"floor":9,"key":"War Paint"},{"floor":11,"key":"Oddly Smooth Stone"}],"event_choices":[],"is_beta":false,"boss_relics":[],"items_purged_floors":[],"is_endless":false,"potions_floor_spawned":[3,7,10,14],"killed_by":"Gensokyo:Reimu","ascension_level":1}}