{"host":"xltl1aroowo69o4n","time":1612920435,"event":{"mods":["BaseMod","Colored Map","Colored Powertips","Downfall","Marisa????????","Minty Spire (QoL Compilation)","Replay The Spire","StSLib","The Cursed","The Hierophant","The Mystic","The Necromancer","The Servant 0.9.4"],"gold_per_floor":[19,36,54,65,65,65,96,96,96,106,106,119,119,178,178,280,280,294,294,94,94,107,107,136,155,203,203,217,317,317,346,346,446,446,462,462,135,147,157,157,185,199,199,131,131,144,71,105,105,105],"floor_reached":51,"language":"ENG","playtime":3736,"items_purged":[],"score":795,"play_id":"3b9b2a57-f86b-41a8-9d81-a98be026256c","local_time":"20210209202715","is_ascension_mode":false,"campfire_choices":[{"floor":6,"key":"REST"},{"data":"TheCursedMod:EmpowerCircles","floor":8,"key":"SMITH"},{"floor":15,"key":"REST"},{"floor":23,"key":"REST"},{"data":"TheCursedMod:StingEye","floor":27,"key":"SMITH"},{"floor":30,"key":"REST"},{"data":"TheCursedMod:CircleOfFocus","floor":32,"key":"SMITH"},{"floor":40,"key":"REST"},{"floor":45,"key":"REST"},{"floor":49,"key":"REST"}],"circlet_count":0,"master_deck":["TheCursedMod:Strike_TheCursed+1","TheCursedMod:Strike_TheCursed+1","TheCursedMod:Strike_TheCursed+1","TheCursedMod:Strike_TheCursed+1","TheCursedMod:Defend_TheCursed+1","TheCursedMod:Defend_TheCursed+1","TheCursedMod:Defend_TheCursed+1","TheCursedMod:Defend_TheCursed+1","TheCursedMod:CursedWand+1","TheCursedMod:CleanUpWorkshop","TheCursedMod:Dregs","TheCursedMod:SoulCrush","TheCursedMod:SpreadPlague","TheCursedMod:CircleOfCorruption","TheCursedMod:DoubleShield","TheCursedMod:EmpowerCircles+1","TheCursedMod:AntiAging+1","TheCursedMod:SoulReap+1","Hallucinations","TheCursedMod:SpitefulStrike+1","TheCursedMod:ForbiddenAlchemy","TheCursedMod:HellfireBreathing","TheCursedMod:CircleOfFlame","TheCursedMod:SurpriseAttack+1","TheCursedMod:OutForBlood","TheCursedMod:StunningStrike","TheCursedMod:RapidMovement","TheCursedMod:Torture","TheCursedMod:Neurasthenia","TheCursedMod:StingEye+1","TheCursedMod:WearCloak+1","TheCursedMod:SmokeScreen","TheCursedMod:DarkBarrier","TheCursedMod:CircleOfFocus+1","TheCursedMod:StunningStrike","TheCursedMod:SoulReap+1","TheCursedMod:AbyssShockwave","TheCursedMod:CircleOfAmplification","TheCursedMod:CursedShiv+1","TheCursedMod:TacticalStrike+1","TheCursedMod:Obscuration+1","TheCursedMod:BloodBarrier","TheCursedMod:Stigma+1","TheCursedMod:SpitefulPray"],"relics":["TheCursedMod:BlackMagic101","Garlic","Iron Hammer","Mirror","ReplayTheSpireMod:Ring of Collecting","Centennial Puzzle","SlaversCollar","Orrery","Oddly Smooth Stone","Juzu Bracelet","ReplayTheSpireMod:Ring of Addiction","White Beast Statue","Toy Ornithopter","Pocketwatch","Quantum Egg","Whetstone","Ring of Chaos","ReplayTheSpireMod:Ninjato","TheCursedMod:MagicCandle","Blood Vial","Ring of Peace","Question Card"],"acts_visited":["Exordium","TheCity","TheBeyond"],"potions_floor_usage":[14,14,14,16,18,18,18,28,29,33,35,35,35,38,39,39,42,46,48,48,48,48,50,50],"damage_taken":[{"damage":7,"enemies":"Cultist","floor":1,"turns":5},{"damage":0,"enemies":"Small Slimes","floor":2,"turns":2},{"damage":6,"enemies":"Jaw Worm","floor":3,"turns":4},{"damage":5,"enemies":"Large Slime","floor":4,"turns":6},{"damage":15,"enemies":"Replay:BlueRogue","floor":7,"turns":11},{"damage":14,"enemies":"Lots of Slimes","floor":10,"turns":4},{"damage":2,"enemies":"Looter","floor":12,"turns":3},{"damage":8,"enemies":"Lagavulin Event","floor":14,"turns":5},{"damage":29,"enemies":"The Guardian","floor":16,"turns":13},{"damage":15,"enemies":"Chosen","floor":18,"turns":8},{"damage":21,"enemies":"2 Thieves","floor":22,"turns":4},{"damage":0,"enemies":"Replay:Snechameleon","floor":24,"turns":3},{"damage":9,"enemies":"Snake Plant","floor":25,"turns":4},{"damage":17,"enemies":"3 Cultists","floor":28,"turns":5},{"damage":7,"enemies":"Colosseum Slavers","floor":29,"turns":5},{"damage":17,"enemies":"Colosseum Nobs","floor":29,"turns":5},{"damage":9,"enemies":"Book of Stabbing","floor":31,"turns":5},{"damage":36,"enemies":"Champ","floor":33,"turns":11},{"damage":31,"enemies":"3 Shapes","floor":35,"turns":3},{"damage":7,"enemies":"Orb Walker","floor":38,"turns":2},{"damage":67,"enemies":"Transient","floor":39,"turns":5},{"damage":7,"enemies":"Nemesis","floor":41,"turns":7},{"damage":34,"enemies":"4 Shapes","floor":42,"turns":8},{"damage":49,"enemies":"Jaw Worm Horde","floor":46,"turns":8},{"damage":18,"enemies":"R_Hoarder","floor":48,"turns":11},{"damage":136,"enemies":"Donu and Deca","floor":50,"turns":12}],"seed_played":"8114874964113695793","potions_obtained":[{"floor":2,"key":"Weak Potion"},{"floor":10,"key":"Fire Potion"},{"floor":12,"key":"Energy Potion"},{"floor":14,"key":"Weak Potion"},{"floor":16,"key":"SkillPotion"},{"floor":18,"key":"Death Potion"},{"floor":26,"key":"SkillPotion"},{"floor":28,"key":"SteroidPotion"},{"floor":29,"key":"Venom Potion"},{"floor":33,"key":"Adrenaline Potion"},{"floor":35,"key":"Fire Potion"},{"floor":38,"key":"PowerPotion"},{"floor":39,"key":"Elixir"},{"floor":41,"key":"SpeedPotion"},{"floor":48,"key":"Energy Potion"}],"is_trial":false,"path_per_floor":["M","M","M","M","?","R","E","R","T","M","?","M","?","?","R","B",null,"M","?","$","?","M","R","E","M","T","R","M","?","R","E","R","B",null,"M","?","$","M","M","R","E","M","T","$","R","M","$","E","R","B",null],"character_chosen":"THE_CURSED","items_purchased":["TheCursedMod:CircleOfFlame","Orrery","ReplayTheSpireMod:Ninjato","TheCursedMod:AbyssShockwave","TheCursedMod:BloodBarrier","LifebloodPotion"],"campfire_rested":7,"item_purchase_floors":[20,20,37,37,44,47],"current_hp_per_floor":[82,82,76,71,59,85,70,70,70,56,38,36,36,37,64,43,95,86,86,86,86,72,98,98,97,97,97,87,80,104,103,103,81,108,93,93,93,108,54,87,107,92,92,92,117,81,81,104,121,36],"gold":105,"neow_bonus":"TWENTY_PERCENT_HP_BONUS","is_daily":false,"chose_seed":false,"campfire_upgraded":3,"win_rate":0.0,"timestamp":1612920435,"path_taken":["M","M","?","M","?","R","E","R","T","M","?","M","?","?","R","BOSS","M","?","$","?","M","R","E","?","T","R","M","?","R","E","R","BOSS","M","?","$","M","M","R","E","M","T","$","R","M","$","E","R","BOSS"],"items_purchased_type":["Card","Relic","Relic","Card","Card","Potion"],"build_version":"2020-12-13","purchased_purges":0,"victory":true,"max_hp_per_floor":[89,89,89,89,89,89,89,89,89,89,89,89,89,92,92,95,95,98,98,98,98,98,98,98,101,101,101,104,104,104,107,107,108,108,108,108,108,108,111,111,114,117,117,117,117,118,118,121,121,121],"card_choices":[{"not_picked":["TheCursedMod:CursedMace","TheCursedMod:WearCloak"],"picked":"TheCursedMod:SoulCrush","floor":1},{"not_picked":["TheCursedMod:TacticalStrike","TheCursedMod:FleshFromBone"],"picked":"TheCursedMod:SpreadPlague","floor":2},{"not_picked":["TheCursedMod:SurpriseAttack","TheCursedMod:SpreadPlague"],"picked":"TheCursedMod:CircleOfCorruption","floor":3},{"not_picked":["TheCursedMod:SoulReap","TheCursedMod:LuckyCharm"],"picked":"TheCursedMod:DoubleShield","floor":4},{"not_picked":["TheCursedMod:Obscuration","TheCursedMod:Stigma"],"picked":"TheCursedMod:EmpowerCircles","floor":7},{"not_picked":["TheCursedMod:CursedAmulet","TheCursedMod:StingEye"],"picked":"TheCursedMod:AntiAging","floor":10},{"not_picked":["TheCursedMod:VitalStrike","TheCursedMod:WearCloak"],"picked":"TheCursedMod:SoulReap","floor":12},{"not_picked":["TheCursedMod:SpreadPlague","TheCursedMod:Wield"],"picked":"TheCursedMod:SpitefulStrike","floor":14},{"not_picked":["TheCursedMod:CursedRelics","TheCursedMod:UltimatePain"],"picked":"TheCursedMod:ForbiddenAlchemy","floor":16},{"not_picked":["TheCursedMod:SpitefulStrike+1","TheCursedMod:Stretching+1"],"picked":"TheCursedMod:HellfireBreathing","floor":18},{"not_picked":["TheCursedMod:SpitefulPray","TheCursedMod:SpreadPlague"],"picked":"TheCursedMod:SurpriseAttack+1","floor":20},{"not_picked":["TheCursedMod:AbyssShockwave+1","TheCursedMod:Stretching+1"],"picked":"TheCursedMod:OutForBlood","floor":20},{"not_picked":["TheCursedMod:ReleasedStrength","TheCursedMod:SoulCrush"],"picked":"TheCursedMod:StunningStrike","floor":20},{"not_picked":["TheCursedMod:HellsGateOpen","TheCursedMod:SurpriseAttack"],"picked":"TheCursedMod:RapidMovement","floor":20},{"not_picked":["TheCursedMod:SpitefulStrike","TheCursedMod:SmokeScreen"],"picked":"TheCursedMod:Torture","floor":20},{"not_picked":["TheCursedMod:SmokeScreen","TheCursedMod:SpitefulPlan"],"picked":"TheCursedMod:Neurasthenia","floor":22},{"not_picked":["TheCursedMod:SpreadPlague","TheCursedMod:CursedBlade+1"],"picked":"TheCursedMod:StingEye","floor":24},{"not_picked":["TheCursedMod:SmokeScreen","TheCursedMod:CircleOfCorruption"],"picked":"TheCursedMod:WearCloak+1","floor":25},{"not_picked":["TheCursedMod:RavingStaff","TheCursedMod:SpitefulStrike"],"picked":"TheCursedMod:SmokeScreen","floor":28},{"not_picked":["TheCursedMod:CursedAmulet","TheCursedMod:SoulReap"],"picked":"TheCursedMod:DarkBarrier","floor":29},{"not_picked":["TheCursedMod:StingEye","TheCursedMod:Stretching"],"picked":"TheCursedMod:CircleOfFocus","floor":31},{"not_picked":["TheCursedMod:DarkBarrier","TheCursedMod:CursedRelics"],"picked":"TheCursedMod:StunningStrike","floor":33},{"not_picked":["TheCursedMod:CursedBlade","TheCursedMod:Evocation"],"picked":"TheCursedMod:SoulReap+1","floor":35},{"not_picked":["TheCursedMod:RapidMovement+1","TheCursedMod:Wield"],"picked":"TheCursedMod:CircleOfAmplification","floor":38},{"not_picked":["TheCursedMod:TacticalStrike+1","TheCursedMod:SmokeScreen+1"],"picked":"TheCursedMod:CursedShiv+1","floor":39},{"not_picked":["TheCursedMod:VitalStrike","TheCursedMod:RapidMovement+1"],"picked":"TheCursedMod:TacticalStrike+1","floor":41},{"not_picked":["TheCursedMod:Grudge+1","TheCursedMod:RapidMovement"],"picked":"TheCursedMod:Obscuration+1","floor":42},{"not_picked":["TheCursedMod:VitalStrike+1","TheCursedMod:OutForBlood"],"picked":"TheCursedMod:Stigma+1","floor":46},{"not_picked":["TheCursedMod:CursedBlade","TheCursedMod:BlessingInDisguise"],"picked":"TheCursedMod:SpitefulPray","floor":48}],"player_experience":171989,"relics_obtained":[{"floor":7,"key":"Iron Hammer"},{"floor":9,"key":"Mirror"},{"floor":13,"key":"ReplayTheSpireMod:Ring of Collecting"},{"floor":24,"key":"Oddly Smooth Stone"},{"floor":26,"key":"Juzu Bracelet"},{"floor":26,"key":"ReplayTheSpireMod:Ring of Addiction"},{"floor":26,"key":"White Beast Statue"},{"floor":26,"key":"Toy Ornithopter"},{"floor":29,"key":"Pocketwatch"},{"floor":29,"key":"Quantum Egg"},{"floor":31,"key":"Whetstone"},{"floor":41,"key":"TheCursedMod:MagicCandle"},{"floor":43,"key":"Blood Vial"},{"floor":43,"key":"Ring of Peace"},{"floor":48,"key":"Question Card"}],"event_choices":[{"damage_healed":0,"gold_gain":0,"player_choice":"Success","damage_taken":12,"relics_obtained":["Garlic"],"max_hp_gain":0,"max_hp_loss":0,"event_name":"Scrap Ooze","floor":5,"gold_loss":0},{"damage_healed":0,"gold_gain":0,"player_choice":"Entered Light","damage_taken":18,"max_hp_gain":0,"max_hp_loss":0,"event_name":"Shining Light","floor":11,"gold_loss":0,"cards_upgraded":["TheCursedMod:AntiAging","TheCursedMod:CursedWand"]},{"damage_healed":0,"gold_gain":30,"player_choice":"Searched \u00273\u0027 times","damage_taken":0,"relics_obtained":["Centennial Puzzle"],"max_hp_gain":0,"max_hp_loss":0,"event_name":"Dead Adventurer","floor":14,"gold_loss":0},{"damage_healed":0,"gold_gain":0,"player_choice":"Simplicity","damage_taken":0,"max_hp_gain":0,"max_hp_loss":0,"event_name":"Back to Basics","floor":19,"gold_loss":0,"cards_upgraded":["TheCursedMod:Strike_TheCursed","TheCursedMod:Strike_TheCursed","TheCursedMod:Strike_TheCursed","TheCursedMod:Strike_TheCursed","TheCursedMod:Defend_TheCursed","TheCursedMod:Defend_TheCursed","TheCursedMod:Defend_TheCursed","TheCursedMod:Defend_TheCursed"]},{"damage_healed":0,"gold_gain":0,"player_choice":"Bought 0 Potions","damage_taken":0,"max_hp_gain":0,"max_hp_loss":0,"event_name":"The Woman in Blue","floor":21,"gold_loss":0},{"damage_healed":0,"gold_gain":0,"player_choice":"Fight","damage_taken":0,"max_hp_gain":0,"max_hp_loss":0,"event_name":"Colosseum","floor":29,"gold_loss":0},{"damage_healed":0,"gold_gain":0,"player_choice":"Fought Nobs","damage_taken":0,"max_hp_gain":0,"max_hp_loss":0,"event_name":"Colosseum","floor":29,"gold_loss":0},{"damage_healed":0,"gold_gain":0,"player_choice":"Ignored","damage_taken":0,"max_hp_gain":0,"max_hp_loss":0,"event_name":"Tomb of Lord Red Mask","floor":36,"gold_loss":0}],"is_beta":false,"boss_relics":[{"not_picked":["Astrolabe","Runic Pyramid"],"picked":"SlaversCollar"},{"not_picked":["Runic Dome","ChewingGum"],"picked":"Ring of Chaos"}],"items_purged_floors":[],"is_endless":false,"potions_floor_spawned":[2,10,12,14,16,18,25,28,29,29,31,33,35,38,39,41,42,46,48],"ascension_level":0}}