{"host":"815dqs41i1y8uxms","time":1612988224,"event":{"mods":["A Penny For Your Troubles","Act Like it!","BaseMod","Elementarium","GungeonMod","Minty Spire (QoL Compilation)","Rare Cards Sparkle","Shop Mod","Spire Arcade","StSLib"],"gold_per_floor":[365,365,377,377,439,470,488,488,542,579,579,609,634,594,594,594,594],"floor_reached":16,"language":"ENG","playtime":1336,"items_purged":[],"score":120,"play_id":"f50fa3c4-d476-4245-8a9f-d583f623112b","local_time":"20210210211704","is_ascension_mode":false,"campfire_choices":[{"floor":8,"key":"REST"},{"floor":11,"key":"REST"},{"floor":15,"key":"REST"}],"circlet_count":0,"master_deck":["DemoMod:Strike_Huntress","DemoMod:Strike_Huntress","DemoMod:Strike_Huntress+1","DemoMod:Defend_Huntress","DemoMod:Defend_Huntress","DemoMod:Defend_Huntress","DemoMod:Defend_Huntress","DemoMod:Roll","DemoMod:ManualReload","DemoMod:RustySidearm","DemoMod:CrossBow+1","DemoMod:ZorGun","DemoMod:Casey","Pain","DemoMod:MachoBrace","DemoMod:DoubleSwitch","DemoMod:LifeOrb","DemoMod:HuntsMan","DemoMod:GunShield","DemoMod:MachoBrace","DemoMod:PotionOfGunFriendShip","DemoMod:Gungine","DemoMod:Evolver"],"relics":["DemoMod:Dog","WarpedTongs","Dream Catcher","DemoMod:LamentConfigurum","DemoMod:RedGuonStone","Whetstone"],"acts_visited":["Exordium"],"potions_floor_usage":[13,13,16,16],"damage_taken":[{"damage":4,"enemies":"2 Louse","floor":1,"turns":6},{"damage":11,"enemies":"Cultist","floor":3,"turns":5},{"damage":1,"enemies":"Small Slimes","floor":5,"turns":2},{"damage":24,"enemies":"3 Sentries","floor":6,"turns":13},{"damage":8,"enemies":"Red Slaver","floor":7,"turns":2},{"damage":33,"enemies":"Gremlin Nob","floor":10,"turns":4},{"damage":2,"enemies":"Large Slime","floor":12,"turns":4},{"damage":19,"enemies":"Lagavulin","floor":13,"turns":5},{"damage":33,"enemies":"Hexaghost","floor":16,"turns":9}],"seed_played":"4576368388455838389","potions_obtained":[{"floor":6,"key":"LiquidMemories"},{"floor":10,"key":"LiquidMemories"},{"floor":12,"key":"Strength Potion"},{"floor":13,"key":"GamblersBrew"}],"is_trial":false,"path_per_floor":["M","?","M","?","M","E","M","R","T","E","R","M","E","?","R","B"],"character_chosen":"HUNTRESS","items_purchased":[],"campfire_rested":3,"item_purchase_floors":[],"current_hp_per_floor":[66,66,55,55,54,30,22,43,43,10,31,29,10,10,31,0,0],"gold":594,"neow_bonus":"TWO_FIFTY_GOLD","is_daily":false,"chose_seed":false,"campfire_upgraded":0,"win_rate":0.0,"timestamp":1612988224,"path_taken":["M","?","M","?","M","E","?","R","T","E","R","M","E","?","R","BOSS"],"items_purchased_type":[],"build_version":"2020-12-22","purchased_purges":0,"victory":false,"max_hp_per_floor":[70,70,70,70,70,70,70,70,70,70,70,70,70,70,70,70,70],"card_choices":[{"not_picked":["DemoMod:AC15","DemoMod:MachoBrace"],"picked":"DemoMod:Purify","floor":1},{"not_picked":["DemoMod:BulletBore","DemoMod:FeignSurrender"],"picked":"DemoMod:ZorGun","floor":3},{"not_picked":["DemoMod:Camera","DemoMod:SAA"],"picked":"DemoMod:Casey","floor":3},{"not_picked":["DemoMod:HighKaliber","DemoMod:HardPowerCard"],"picked":"DemoMod:MachoBrace","floor":5},{"not_picked":["DemoMod:Replace","DemoMod:SAA"],"picked":"DemoMod:DoubleSwitch","floor":6},{"not_picked":["DemoMod:ConditionalReflex","DemoMod:Ejector"],"picked":"DemoMod:LifeOrb","floor":7},{"not_picked":["DemoMod:Unmoved","DemoMod:Ejector"],"picked":"DemoMod:HuntsMan","floor":8},{"not_picked":["DemoMod:ShadowBullets","DemoMod:PracticeMakesPerfect"],"picked":"DemoMod:GunShield","floor":10},{"not_picked":["DemoMod:AC15","DemoMod:Unmoved"],"picked":"DemoMod:MachoBrace","floor":11},{"not_picked":["DemoMod:Ejector","DemoMod:DoubleSwitch"],"picked":"DemoMod:PotionOfGunFriendShip","floor":12},{"not_picked":["DemoMod:Casey","DemoMod:SAA"],"picked":"DemoMod:Gungine","floor":13},{"not_picked":["DemoMod:ZorGun","DemoMod:MachoBrace"],"picked":"DemoMod:Evolver","floor":15}],"player_experience":3771005,"relics_obtained":[{"floor":6,"key":"Dream Catcher"},{"floor":9,"key":"DemoMod:LamentConfigurum"},{"floor":10,"key":"DemoMod:RedGuonStone"},{"floor":13,"key":"Whetstone"}],"event_choices":[{"damage_healed":0,"gold_gain":0,"player_choice":"Grow","damage_taken":0,"max_hp_gain":0,"max_hp_loss":0,"event_name":"Living Wall","floor":2,"gold_loss":0,"cards_upgraded":["DemoMod:Purify"]},{"damage_healed":0,"gold_gain":0,"player_choice":"Rummage","damage_taken":0,"relics_obtained":["WarpedTongs"],"max_hp_gain":0,"max_hp_loss":0,"event_name":"Accursed Blacksmith","floor":4,"gold_loss":0,"cards_obtained":["Pain"]}],"is_beta":false,"boss_relics":[],"items_purged_floors":[],"is_endless":false,"potions_floor_spawned":[6,10,12,13],"killed_by":"Hexaghost","ascension_level":0}}