{"host":"8d3fefv2347kqkpz","time":1612986329,"event":{"mods":["AchievementEnabler","Act Like it!","BaseMod","Better Vampires","Colored Map","Colored Powertips","Downfall","GifTheSpireLib","Highlight Path","Minty Spire (QoL Compilation)","Quick Restart","Rare Cards Sparkle","Relic Stats","Replay The Spire","Spicy Shops","StSLib","Waifu the Spire"],"gold_per_floor":[15,15,31,51,61,61,92,92,92,117,117,149,149,160,160,257,257,270,24,24,24,24],"floor_reached":21,"language":"ZHS","playtime":1251,"items_purged":["Defend_G"],"score":187,"play_id":"7c72860b-b94d-4949-ad9a-9a1d4271a346","local_time":"20210211034529","is_ascension_mode":false,"campfire_choices":[{"data":"Neutralize","floor":6,"key":"SMITH"},{"floor":13,"key":"REST"},{"data":"ReplayTheSpireMod:Exploit Weakness","floor":15,"key":"SMITH"}],"circlet_count":0,"master_deck":["Strike_G","Strike_G","Strike_G","Defend_G+1","Defend_G","Defend_G","Survivor","Neutralize+1","Leg Sweep","Heel Hook","Well Laid Plans","ReplayTheSpireMod:Exploit Weakness+1","Bullet Time+1","Dagger Spray"],"relics":["Ring of the Snake","Vajra","Eternal Feather","Regal Pillow","Pantograph","Ring of Chaos","War Paint"],"acts_visited":["Exordium","TheCity"],"potions_floor_usage":[16],"damage_taken":[{"damage":0,"enemies":"Jaw Worm","floor":1,"turns":4},{"damage":0,"enemies":"Cultist","floor":3,"turns":5},{"damage":0,"enemies":"Small Slimes","floor":4,"turns":3},{"damage":1,"enemies":"Exordium Wildlife","floor":5,"turns":8},{"damage":41,"enemies":"Gremlin Nob","floor":7,"turns":7},{"damage":15,"enemies":"Lagavulin","floor":12,"turns":11},{"damage":0,"enemies":"2 Fungi Beasts","floor":14,"turns":4},{"damage":48,"enemies":"Fading Forest","floor":16,"turns":11},{"damage":15,"enemies":"3 Byrds","floor":18,"turns":15},{"damage":5,"enemies":"Spheric Guardian","floor":21,"turns":3}],"seed_played":"5054732336400471360","potions_obtained":[{"floor":4,"key":"LiquidBronze"},{"floor":5,"key":"Weak Potion"},{"floor":12,"key":"GamblersBrew"},{"floor":14,"key":"Poison Potion"},{"floor":18,"key":"Regen Potion"}],"is_trial":false,"path_per_floor":["M","?","M","M","M","R","E","?","T","T","?","E","R","M","R","B",null,"M","$","?","M"],"character_chosen":"THE_SILENT","items_purchased":["Dagger Spray","War Paint"],"campfire_rested":1,"item_purchase_floors":[19,19],"current_hp_per_floor":[70,70,70,70,69,69,28,28,28,28,28,13,55,55,61,22,70,55,55,55,50,50],"gold":24,"neow_bonus":"REMOVE_TWO","is_daily":false,"chose_seed":false,"campfire_upgraded":2,"win_rate":0.0,"timestamp":1612986329,"path_taken":["M","?","M","?","M","R","E","?","T","?","?","E","R","M","R","BOSS","M","$","?","M"],"items_purchased_type":["Card","Relic"],"build_version":"2020-12-22","purchased_purges":1,"victory":false,"max_hp_per_floor":[70,70,70,70,70,70,70,70,70,70,70,70,70,70,70,70,70,70,70,70,70,70],"relic_stats":{"Regal Pillow":15,"counters":[10,71],"Pantograph":9,"Eternal Feather":12,"War Paint":["Defend_G","Bullet Time"],"obtain_stats":[{"Regal Pillow":10,"Pantograph":12,"Vajra":7,"Eternal Feather":9,"Ring of Chaos":17,"War Paint":19,"Ring of the Snake":0},{"Regal Pillow":5,"Pantograph":6,"Vajra":5,"Eternal Feather":5,"Ring of Chaos":8,"War Paint":9,"Ring of the Snake":0},{"Regal Pillow":27,"Pantograph":38,"Vajra":27,"Eternal Feather":27,"Ring of Chaos":53,"War Paint":68,"Ring of the Snake":0}],"Ring of the Snake":[20]},"card_choices":[{"not_picked":["Prepared","Catalyst"],"picked":"Leg Sweep","floor":1},{"not_picked":["Setup","Draining Mist"],"picked":"Well Laid Plans","floor":3},{"not_picked":["Poisoned Stab","Dodge and Roll","Outmaneuver"],"picked":"SKIP","floor":4},{"not_picked":["PiercingWail","Blur","Masterful Stab"],"picked":"SKIP","floor":5},{"not_picked":["Bane","Backflip","Blade Dance"],"picked":"SKIP","floor":7},{"not_picked":["Catalyst","Deadly Poison","A Thousand Cuts"],"picked":"SKIP","floor":12},{"not_picked":["ReplayTheSpireMod:Tripwire","Expertise"],"picked":"ReplayTheSpireMod:Exploit Weakness","floor":14},{"not_picked":["Phantasmal Killer","Wraith Form v2"],"picked":"Bullet Time","floor":16},{"not_picked":["Fluid Movement","Backflip","Dagger Throw"],"picked":"SKIP","floor":18}],"player_experience":338471,"relics_obtained":[{"floor":7,"key":"Vajra"},{"floor":9,"key":"Eternal Feather"},{"floor":10,"key":"Regal Pillow"},{"floor":12,"key":"Pantograph"}],"event_choices":[{"damage_healed":0,"gold_gain":0,"cards_transformed":["Strike_G"],"player_choice":"Transformed","damage_taken":0,"max_hp_gain":0,"max_hp_loss":0,"event_name":"Transmorgrifier","floor":2,"gold_loss":0,"cards_obtained":["Heel Hook"]},{"damage_healed":0,"gold_gain":0,"player_choice":"Ignored","damage_taken":0,"max_hp_gain":0,"max_hp_loss":0,"event_name":"Shining Light","floor":8,"gold_loss":0},{"damage_healed":0,"gold_gain":0,"player_choice":"Ignored","damage_taken":0,"max_hp_gain":0,"max_hp_loss":0,"event_name":"Liars Game","floor":11,"gold_loss":0}],"is_beta":false,"boss_relics":[{"not_picked":["SacredBark","Replay:Ancient Bell"],"picked":"Ring of Chaos"}],"items_purged_floors":[19],"is_endless":false,"potions_floor_spawned":[4,5,12,14,18],"killed_by":"Spheric Guardian","ascension_level":0}}