{"host":"7hyhwvsa82ta6oxf","time":1612926183,"event":{"mods":["2.2 Compatiblity","Act Like it!","AlwaysNeverKeys","Arknights","BaseMod","Better Vampires","Downfall","Friendly Minions","Minty Spire (QoL Compilation)","MostiFishMod","READ ME - Guardian Mod","Spicy Shops","StSLib","Td1madao Mod","TestMod","The Servant 0.9.4","UnlockEverythingMod","Waifu the Spire","WarShipGirlsR/战舰少女R mod","Yuri Mod","【功能Mod】混沌之环修复补丁","残留之物"],"gold_per_floor":[111,111,126,145,145,174,187,199,276,276,120,131,31,49,49,151,151,161,36,71,85,98,130,130,161,213,63,98,113,113,148,148,255,255,270,294,45,45,59,102,102,159,159,187,187,220,245,108,108,123,123,123,123,162,172],"floor_reached":56,"language":"ZHS","playtime":1919,"items_purged":["ats:Strike G","ats:Strike V","ats:Defend","ats:Defend","ats:Strike S"],"score":1712,"play_id":"b45525dc-cf07-4217-915c-ca2889d2ddbd","local_time":"20210210110303","is_ascension_mode":false,"campfire_choices":[{"data":"ats:Rapid Magazine","floor":15,"key":"SMITH"},{"data":"ats:Absolute Focus","floor":30,"key":"SMITH"},{"data":"ats:Soul Absorption","floor":32,"key":"SMITH"},{"data":"ats:Shadow Assault","floor":41,"key":"SMITH"},{"data":"ats:Durian","floor":45,"key":"SMITH"},{"data":"ats:Emotion Absorption","floor":49,"key":"PURGE"},{"data":"ats:Powerful Strike","floor":52,"key":"SMITH"}],"circlet_count":0,"master_deck":["ats:Armor Crushing Shot","ats:Defend","ats:Closed Bolt Burst Fire+1","ats:Consecutive Shot Auto","ats:Assault Order+1","ats:Apocalypse","ats:Neurotoxin","ats:Healing Drone","ats:Rapid Magazine+1","ats:Powerful Strike+1","ats:Shadow Assault+1","ats:Explosion Area Strengthen","ats:Charging Defense+1","ats:Absolute Focus","ats:Charging Defense","ats:Flexible Camouflage","ats:Thorns","ats:Absolute Focus+1","ats:Soul Absorption+1","ats:Durian+1","ats:Literary Storm+1","ats:Poison Spread","ats:Composite Medical Shells+1","ats:Apocalypse"],"relics":["ats:Sanity","testmod-TestBox","DaveBox","PatriotShield","testmod-TimeTraveler","NeowsBlessing","SynthV:TestCard","ats:Originium","testmod-Hope","Black Star","Red Mask","testmod-Acrobat","Du-Vu Doll","testmod-ArcanaOfDestiny","ats:Rhine Circuitry","Nunchaku","Lantern","Bag of Preparation","Happy Flower","Strawberry","xbg","Peace Pipe","Slimebound:StickyStick","Matryoshka","SentryEyes","Bottled Lightning","HornCleat","MawBank","testmod-Antiphasic","Lee\u0027s Waffle","Blood Vial","testmod-Nyarlathotep"],"acts_visited":["Exordium","TheCity","TheBeyond","TheEnding"],"potions_floor_usage":[12,16,16,18,20,33],"damage_taken":[{"damage":0,"enemies":"ats:Genji","floor":1,"turns":1},{"damage":0,"enemies":"Small Slimes","floor":3,"turns":1},{"damage":0,"enemies":"Cultist","floor":4,"turns":1},{"damage":0,"enemies":"Gremlin Nob","floor":6,"turns":2},{"damage":0,"enemies":"Blue Slaver","floor":7,"turns":1},{"damage":0,"enemies":"2 Fungi Beasts","floor":8,"turns":2},{"damage":0,"enemies":"3 Louse","floor":12,"turns":2},{"damage":0,"enemies":"Large Slime","floor":14,"turns":3},{"damage":0,"enemies":"Slime Boss","floor":16,"turns":3},{"damage":0,"enemies":"2 Thieves","floor":18,"turns":1},{"damage":0,"enemies":"Masked Bandits","floor":20,"turns":2},{"damage":0,"enemies":"Spheric Guardian","floor":21,"turns":2},{"damage":0,"enemies":"Shelled Parasite and Fungi","floor":22,"turns":2},{"damage":0,"enemies":"Book of Stabbing","floor":23,"turns":3},{"damage":8,"enemies":"Slavers","floor":25,"turns":2},{"damage":0,"enemies":"Book of Stabbing","floor":28,"turns":3},{"damage":0,"enemies":"Snecko","floor":29,"turns":2},{"damage":0,"enemies":"Slavers","floor":31,"turns":2},{"damage":0,"enemies":"Automaton","floor":33,"turns":1},{"damage":0,"enemies":"3 Darklings","floor":35,"turns":1},{"damage":0,"enemies":"Orb Walker","floor":36,"turns":2},{"damage":0,"enemies":"Jaw Worm Horde","floor":39,"turns":1},{"damage":10,"enemies":"Giant Head","floor":40,"turns":4},{"damage":10,"enemies":"Mind Bloom Boss Battle","floor":42,"turns":2},{"damage":15,"enemies":"Maw","floor":44,"turns":2},{"damage":15,"enemies":"Nemesis","floor":46,"turns":1},{"damage":21,"enemies":"4 Shapes","floor":47,"turns":1},{"damage":49,"enemies":"Awakened One","floor":50,"turns":6},{"damage":23,"enemies":"Shield and Spear","floor":54,"turns":1},{"damage":0,"enemies":"The Heart","floor":55,"turns":2}],"seed_played":"-1535212539008729762","potions_obtained":[{"floor":3,"key":"BlessingOfTheForge"},{"floor":8,"key":"Energy Potion"},{"floor":12,"key":"Fruit Juice"},{"floor":14,"key":"SteroidPotion"},{"floor":18,"key":"SkillPotion"},{"floor":21,"key":"FearPotion"},{"floor":25,"key":"Energy Potion"},{"floor":29,"key":"Fire Potion"},{"floor":33,"key":"ats:Burn Small Potion"}],"is_trial":false,"path_per_floor":["M","?","M","M","?","E","M","M","T","?","$","M","$","M","R","B",null,"M","$","?","M","M","E","?","E","T","$","E","M","R","E","R","B",null,"M","M","$","?","M","E","R","?","T","M","R","E","M","$","R","B",null,"R","$","E","B",null],"character_chosen":"DOCTOR_CLASS","items_purchased":["ats:Rapid Magazine","Peace Pipe","Lee\u0027s Waffle"],"campfire_rested":0,"item_purchase_floors":[11,37,48],"current_hp_per_floor":[72,58,58,58,58,58,58,58,58,58,58,63,63,73,73,77,77,77,77,77,77,77,77,77,69,69,69,69,69,69,76,76,76,84,84,84,84,84,84,84,84,74,74,63,63,52,31,91,91,61,96,96,96,96,96],"gold":172,"neow_bonus":"THREE_ENEMY_KILL","is_daily":false,"chose_seed":false,"campfire_upgraded":6,"win_rate":0.0,"timestamp":1612926183,"path_taken":["M","?","M","M","?","E","?","M","T","?","$","M","$","M","R","BOSS","M","$","?","M","M","E","?","E","T","?","E","M","R","E","R","BOSS","M","M","$","?","M","E","R","?","T","M","R","E","M","?","R","BOSS","R","$","E","BOSS"],"items_purchased_type":["Card","Relic","Relic"],"build_version":"2020-12-22","purchased_purges":5,"victory":true,"max_hp_per_floor":[72,72,72,72,72,72,72,72,72,72,72,77,77,77,77,77,77,77,77,77,77,77,77,77,77,77,77,77,77,77,84,84,84,84,84,84,84,84,84,84,84,84,84,84,84,84,84,91,91,96,96,96,96,96,96],"card_choices":[{"not_picked":["ats:Poison Spread","ats:Shell Defense"],"picked":"ats:Closed Bolt Burst Fire","floor":1},{"not_picked":["ats:Chain Hook","ats:Directed Diagnosis","ats:Blood Oath","ats:Steam Pump"],"picked":"ats:Consecutive Shot Auto","floor":3},{"not_picked":["ats:Absolute Focus","ats:Song Of Battle","ats:Blood Oath","ats:Hook Shot"],"picked":"ats:Assault Order","floor":4},{"not_picked":["ats:Leaping Hammer","ats:Wolf Pack","ats:Poison Spread","ats:Hook Shot"],"picked":"ats:Apocalypse","floor":6},{"not_picked":["ats:Support Order","ats:Very Hot Blade","ats:Ignite","ats:Shell Defense"],"picked":"ats:Neurotoxin","floor":7},{"not_picked":["ats:Healing Strengthening","ats:Closed Bolt Burst Fire","ats:Assault Order","ats:Very Hot Blade"],"picked":"ats:Healing Drone","floor":8},{"not_picked":["ats:Serious Mode","ats:Absolute Focus","ats:Encircling Forest","ats:Collapsing Strike"],"picked":"ats:Powerful Strike","floor":12},{"not_picked":["ats:Soul Rend","ats:Guard Mode","ats:Absolute Focus","ats:Leaping Hammer","ats:Magnetic Hammer"],"picked":"SKIP","floor":14},{"not_picked":["ats:Nebulous Foxfire","ats:Dogmatic Field","ats:True Silver Slash","ats:Wolf Pack"],"picked":"ats:Shadow Assault","floor":16},{"not_picked":["ats:Guard Mode","ats:Rapid Magazine","ats:Collapsing Strike+1","ats:LN2 Cannon"],"picked":"ats:Explosion Area Strengthen","floor":18},{"not_picked":["ats:Sword Rain","ats:Assault Order","ats:Directed Diagnosis+1","ats:Leaping Hammer"],"picked":"ats:Charging Defense+1","floor":20},{"not_picked":["ats:Demon Strength","ats:Revitalization","ats:Cat Scratch","ats:Explosion Area Strengthen"],"picked":"ats:Absolute Focus","floor":21},{"not_picked":["ats:Demon Strength+1","ats:Hammer On","ats:Very Hot Blade","ats:Assault Order+1"],"picked":"ats:Charging Defense","floor":22},{"not_picked":["ats:Fractured Body","ats:LN2 Cannon","ats:Curse Doll","ats:Revitalization","ats:Closed Bolt Burst Fire"],"picked":"SKIP","floor":23},{"not_picked":["ats:Sashimi Platter","ats:Ignite","ats:Rapid Magazine","ats:Closed Bolt Burst Fire"],"picked":"ats:Flexible Camouflage","floor":25},{"not_picked":["ats:Automatic Cover+1","ats:Neurotoxin","ats:Leaping Hammer","ats:Dogmatic Field"],"picked":"ats:Thorns","floor":28},{"not_picked":["ats:LN2 Cannon","ats:Apocalypse+1","ats:Leaping Hammer","ats:Shell Defense"],"picked":"ats:Absolute Focus","floor":29},{"not_picked":["ats:Directed Diagnosis","ats:Very Hot Blade+1","ats:Curse Doll","ats:Fractured Body"],"picked":"ats:Soul Absorption","floor":31},{"not_picked":["ats:Rat Pack","ats:Shadow Assault","ats:Dogmatic Field","ats:Volcano"],"picked":"ats:Durian","floor":33},{"not_picked":["ats:Guard Mode+1","ats:Soul Absorption+1","ats:Directed Diagnosis","ats:Cat Scratch","ats:Curse Doll+1"],"picked":"SKIP","floor":35},{"not_picked":["ats:Part Time Job+1","ats:Thermite Blade","ats:Consecutive Shot Auto","ats:Cat Scratch","ats:Revitalization"],"picked":"SKIP","floor":36},{"not_picked":["ats:Revitalization","ats:Absolute Focus","ats:Blood Oath+1","ats:Chain Hook","ats:Hammer On"],"picked":"SKIP","floor":39},{"not_picked":["ats:Hook Shot+1","ats:Powerful Strike","ats:Composite Medical Shells+1","ats:Magnetic Hammer+1"],"picked":"ats:Literary Storm+1","floor":40},{"not_picked":["ats:Leaping Hammer","ats:Blood Oath","ats:Sunburst","ats:Assault Order"],"picked":"ats:Poison Spread","floor":42},{"not_picked":["ats:Absolute Focus","ats:Poison Spread+1","ats:Blood Oath","ats:Guardian Obelisk+1","ats:Consecutive Shot Auto+1"],"picked":"SKIP","floor":44},{"not_picked":["ats:Consecutive Shot Auto","ats:Literary Storm","ats:Dogmatic Field","ats:Support Order+1"],"picked":"ats:Composite Medical Shells+1","floor":46},{"not_picked":["ats:Hook Shot","ats:Ignite+1","ats:Shell Defense","ats:Poison Spread"],"picked":"ats:Apocalypse","floor":47},{"not_picked":["ats:Wolf Pack","ats:LN2 Cannon","ats:Flexible Camouflage+1","ats:Explosion Area Strengthen","ats:Cat Scratch+1"],"picked":"SKIP","floor":54}],"player_experience":294981,"relics_obtained":[{"floor":1,"key":"SynthV:TestCard"},{"floor":6,"key":"ats:Originium"},{"floor":9,"key":"testmod-Hope"},{"floor":20,"key":"Red Mask"},{"floor":23,"key":"ats:Originium"},{"floor":23,"key":"testmod-Acrobat"},{"floor":23,"key":"Du-Vu Doll"},{"floor":25,"key":"ats:Originium"},{"floor":25,"key":"testmod-ArcanaOfDestiny"},{"floor":25,"key":"ats:Rhine Circuitry"},{"floor":26,"key":"Nunchaku"},{"floor":28,"key":"ats:Originium"},{"floor":28,"key":"Lantern"},{"floor":28,"key":"Bag of Preparation"},{"floor":31,"key":"Happy Flower"},{"floor":31,"key":"Strawberry"},{"floor":40,"key":"Slimebound:StickyStick"},{"floor":40,"key":"Matryoshka"},{"floor":42,"key":"SentryEyes"},{"floor":43,"key":"Bottled Lightning"},{"floor":43,"key":"HornCleat"},{"floor":46,"key":"MawBank"},{"floor":46,"key":"testmod-Antiphasic"},{"floor":54,"key":"Blood Vial"},{"floor":54,"key":"testmod-Nyarlathotep"}],"event_choices":[{"damage_healed":0,"gold_gain":0,"player_choice":"Entered Light","damage_taken":14,"max_hp_gain":0,"max_hp_loss":0,"event_name":"Shining Light","floor":2,"gold_loss":0,"cards_upgraded":["ats:Closed Bolt Burst Fire","ats:Defend"]},{"damage_healed":0,"gold_gain":0,"player_choice":"Upgraded","damage_taken":0,"max_hp_gain":0,"max_hp_loss":0,"event_name":"Upgrade Shrine","floor":5,"gold_loss":0,"cards_upgraded":["ats:Assault Order"]},{"cards_removed":["ats:Strike C"],"damage_healed":0,"gold_gain":0,"player_choice":"Forget","damage_taken":0,"max_hp_gain":0,"max_hp_loss":0,"event_name":"Living Wall","floor":10,"gold_loss":0},{"damage_healed":0,"gold_gain":0,"player_choice":"Fought Bandits","damage_taken":0,"max_hp_gain":0,"max_hp_loss":0,"event_name":"Masked Bandits","floor":20,"gold_loss":0},{"damage_healed":0,"gold_gain":0,"player_choice":"Ignored","damage_taken":0,"max_hp_gain":0,"max_hp_loss":0,"event_name":"Vampires","floor":24,"gold_loss":0},{"cards_removed":["ats:Defend"],"damage_healed":0,"gold_gain":0,"player_choice":"Removed Skill","damage_taken":0,"max_hp_gain":0,"max_hp_loss":0,"event_name":"Falling","floor":38,"gold_loss":0},{"damage_healed":0,"gold_gain":0,"player_choice":"Fight","damage_taken":0,"max_hp_gain":0,"max_hp_loss":0,"event_name":"MindBloom","floor":42,"gold_loss":0}],"is_beta":false,"boss_relics":[{"not_picked":["bronze:MakeshiftBattery","SacredBark"],"picked":"Black Star"},{"not_picked":["NightmareShop","HereWithMe"],"picked":"xbg"}],"items_purged_floors":[11,13,19,27,37],"is_endless":false,"potions_floor_spawned":[3,8,12,14,18,21,25,28,29,33,35,47],"ascension_level":0}}