{"host":"9n6i2vl93jt4o42q","time":1612950544,"event":{"mods":["BaseMod","Minty Spire (QoL Compilation)","Relic Stats"],"gold_per_floor":[109,128,42,54,54,54,84,84,84,98,112,142,142,154,154,231,231,243,258,258,271,283,283,318,318,365,391,391,34,50,65,65,65,65],"floor_reached":33,"language":"ENG","playtime":1397,"items_purged":[],"score":698,"play_id":"2031acb0-73d0-4c4e-a803-5b4550eafa56","local_time":"20210210104903","is_ascension_mode":true,"campfire_choices":[{"data":"Whirlwind","floor":6.0,"key":"SMITH"},{"data":"Flex","floor":8.0,"key":"SMITH"},{"data":"Evolve","floor":13.0,"key":"SMITH"},{"data":"Bash","floor":15.0,"key":"SMITH"},{"data":"Armaments","floor":23.0,"key":"SMITH"},{"floor":25.0,"key":"REST"},{"data":"True Grit","floor":28.0,"key":"SMITH"},{"floor":32.0,"key":"REST"}],"circlet_count":0,"master_deck":["AscendersBane","Strike_R","Strike_R","Strike_R","Strike_R","Strike_R","Defend_R","Defend_R","Defend_R","Defend_R","Bash+1","Twin Strike","Whirlwind+1","Inflame","Evolve+1","Flex+1","Anger","True Grit+1","Battle Trance","Wild Strike","Exhume","Armaments+1","Dropkick","Spot Weakness","Reckless Charge","Shrug It Off","Offering","Burning Pact","Second Wind"],"relics":["Burning Blood","Centennial Puzzle","Torii","Bag of Preparation","Shuriken","Happy Flower","Sozu","InkBottle","Red Skull","Letter Opener","Kunai"],"acts_visited":["Exordium","TheCity"],"potions_floor_usage":[33],"damage_taken":[{"damage":6.0,"enemies":"Cultist","floor":1.0,"turns":3.0},{"damage":7.0,"enemies":"Jaw Worm","floor":2.0,"turns":3.0},{"damage":8.0,"enemies":"2 Louse","floor":4.0,"turns":2.0},{"damage":11.0,"enemies":"3 Sentries","floor":7.0,"turns":3.0},{"damage":0.0,"enemies":"Lots of Slimes","floor":10.0,"turns":1.0},{"damage":9.0,"enemies":"Large Slime","floor":11.0,"turns":5.0},{"damage":32.0,"enemies":"Gremlin Nob","floor":12.0,"turns":4.0},{"damage":0.0,"enemies":"Exordium Wildlife","floor":14.0,"turns":1.0},{"damage":0.0,"enemies":"Slime Boss","floor":16.0,"turns":5.0},{"damage":0.0,"enemies":"3 Byrds","floor":18.0,"turns":2.0},{"damage":0.0,"enemies":"Chosen","floor":19.0,"turns":2.0},{"damage":42.0,"enemies":"Snecko","floor":21.0,"turns":5.0},{"damage":8.0,"enemies":"Centurion and Healer","floor":22.0,"turns":4.0},{"damage":18.0,"enemies":"Slavers","floor":24.0,"turns":5.0},{"damage":25.0,"enemies":"Book of Stabbing","floor":27.0,"turns":4.0},{"damage":9.0,"enemies":"Snake Plant","floor":30.0,"turns":3.0},{"damage":6.0,"enemies":"3 Cultists","floor":31.0,"turns":3.0},{"damage":57,"enemies":"Automaton","floor":33,"turns":6}],"seed_played":"-2252970792606221350","potions_obtained":[{"floor":2.0,"key":"Energy Potion"},{"floor":4.0,"key":"SkillPotion"},{"floor":11.0,"key":"EssenceOfSteel"},{"floor":14.0,"key":"Fruit Juice"}],"is_trial":false,"path_per_floor":["M","M","$","M","T","R","E","R","T","M","M","E","R","M","R","B",null,"M","M","?","M","M","R","E","R","T","E","R","$","M","M","R","B"],"character_chosen":"IRONCLAD","items_purchased":["Inflame","Kunai","Offering"],"campfire_rested":2,"item_purchase_floors":[3,29,29],"current_hp_per_floor":[68,67,67,65,65,65,60,60,60,66,63,37,37,43,43,49,69,75,75,75,39,37,37,25,47,47,28,28,28,25,25,47,0,0],"gold":65,"neow_bonus":"RANDOM_COMMON_RELIC","is_daily":false,"chose_seed":false,"campfire_upgraded":6,"win_rate":0.0,"timestamp":1612950543,"path_taken":["M","M","?","M","?","R","E","R","T","M","M","E","R","M","R","BOSS","M","M","?","?","M","R","E","R","T","E","R","$","M","M","R","BOSS"],"items_purchased_type":["Card","Relic","Card"],"build_version":"2020-12-22","purchased_purges":0,"victory":false,"max_hp_per_floor":[75,75,75,75,75,75,75,75,75,75,75,75,75,75,75,75,75,75,75,75,75,75,75,75,75,75,75,75,75,75,75,75,80,80],"relic_stats":{"Sozu":5,"Centennial Puzzle":[39],"Torii":13,"Happy Flower":[13],"counters":[18,61],"Shuriken":[19],"Bag of Preparation":[28],"Letter Opener":[35],"Kunai":[6],"obtain_stats":[{"Sozu":17,"Centennial Puzzle":0,"Torii":5,"Happy Flower":12,"Shuriken":9,"Bag of Preparation":7,"Letter Opener":27,"Kunai":29,"Burning Blood":0,"InkBottle":24,"Red Skull":26},{"Sozu":9,"Centennial Puzzle":0,"Torii":3,"Happy Flower":7,"Shuriken":4,"Bag of Preparation":4,"Letter Opener":15,"Kunai":15,"Burning Blood":0,"InkBottle":14,"Red Skull":14},{"Sozu":27,"Centennial Puzzle":0,"Torii":8,"Happy Flower":21,"Shuriken":11,"Bag of Preparation":11,"Letter Opener":49,"Kunai":49,"Burning Blood":0,"InkBottle":45,"Red Skull":45}],"Burning Blood":96,"InkBottle":[5]},"card_choices":[{"not_picked":["Havoc","Iron Wave"],"picked":"Twin Strike","floor":1.0},{"not_picked":["Pommel Strike","Thunderclap"],"picked":"Whirlwind","floor":2.0},{"not_picked":["Second Wind","Blood for Blood"],"picked":"Evolve","floor":4.0},{"not_picked":["Whirlwind","Hemokinesis"],"picked":"Flex","floor":7.0},{"not_picked":["Shrug It Off","Blood for Blood"],"picked":"Anger","floor":10.0},{"not_picked":["Warcry","Hemokinesis"],"picked":"True Grit","floor":11.0},{"not_picked":["Rage","Headbutt"],"picked":"Battle Trance","floor":12.0},{"not_picked":["Juggernaut","Heavy Blade"],"picked":"Wild Strike","floor":14.0},{"not_picked":["Juggernaut","Corruption"],"picked":"Exhume","floor":16.0},{"not_picked":["True Grit","Clothesline"],"picked":"Armaments","floor":18.0},{"not_picked":["Entrench","Clash"],"picked":"Dropkick","floor":19.0},{"not_picked":["Rampage","Warcry","Metallicize"],"picked":"SKIP","floor":21.0},{"not_picked":["Carnage","Inflame"],"picked":"Reckless Charge","floor":22.0},{"not_picked":["Evolve+1","Body Slam"],"picked":"Shrug It Off","floor":24.0},{"not_picked":["Wild Strike","Metallicize","Perfected Strike"],"picked":"SKIP","floor":27.0},{"not_picked":["Anger","Heavy Blade"],"picked":"Burning Pact","floor":30.0},{"not_picked":["Hemokinesis","Clash"],"picked":"Second Wind","floor":31.0}],"player_experience":2551094,"relics_obtained":[{"floor":5.0,"key":"Torii"},{"floor":7.0,"key":"Bag of Preparation"},{"floor":9.0,"key":"Shuriken"},{"floor":12.0,"key":"Happy Flower"},{"floor":24.0,"key":"InkBottle"},{"floor":26.0,"key":"Red Skull"},{"floor":27.0,"key":"Letter Opener"}],"event_choices":[{"damage_healed":0.0,"max_hp_gain":0.0,"max_hp_loss":0.0,"gold_gain":0.0,"event_name":"Match and Keep!","player_choice":"1 cards matched","floor":20.0,"gold_loss":0.0,"damage_taken":0.0,"cards_obtained":["Spot Weakness"]}],"is_beta":false,"boss_relics":[{"not_picked":["Tiny House","Philosopher\u0027s Stone"],"picked":"Sozu"}],"items_purged_floors":[],"is_endless":false,"potions_floor_spawned":[2,4,11,14,19,21,24,30,31],"killed_by":"Automaton","ascension_level":20}}