{"host":"c2ypwvkuo6d4slur","time":1612940894,"event":{"mods":["BaseMod","Colored Map","Minty Spire (QoL Compilation)","StSLib","Together in Spire"],"gold_per_floor":[118,133,153,6,16,51,51,51,51,51,21,46,46,66,66,162,162,176,251,268,268,286,320,330,342,342,374,385,385,419,439,439,544,544,563,583,583,619,619,663,275,317,317,338,347,378,378,398,398,398,398,398,28,63,63],"floor_reached":56,"language":"ENG","playtime":3434,"items_purged":["Strike_B","Strike_B+1"],"score":1534,"play_id":"69258a6a-ebb3-4cb9-927c-86f9d031a3de","local_time":"20210209230814","is_ascension_mode":false,"campfire_choices":[{"data":"Sunder","floor":8,"key":"SMITH"},{"data":"Loop","floor":10,"key":"SMITH"},{"data":"Glacier","floor":13,"key":"SMITH"},{"data":"Sweeping Beam","floor":15,"key":"SMITH"},{"data":"Pain","floor":29,"key":"PURGE"},{"data":"Darkness","floor":32,"key":"SMITH"},{"data":"Strike_B","floor":47,"key":"PURGE"},{"data":"Consume","floor":49,"key":"SMITH"},{"data":"Multi-Cast","floor":52,"key":"SMITH"}],"circlet_count":0,"master_deck":["Defend_B","Defend_B","Defend_B","Defend_B","Zap","Dualcast","Buffer+1","Sweeping Beam+1","Glacier+1","Sunder+1","Loop+1","Ball Lightning","Storm+1","Storm+1","Compile Driver+1","Darkness+1","Conserve Battery","Chill","Multi-Cast+1","Redo+1","Doom and Gloom+1","Electrodynamics","Undo+1","Consume+1","Chill+1","Cold Snap+1","Dark Shackles","Conserve Battery+1","Creative AI","Darkness+1","Redo+1"],"relics":["Cracked Core","Membership Card","Pantograph","FossilizedHelix","Thread and Needle","SlaversCollar","WarpedTongs","Potion Belt","Peace Pipe","Girya","CeramicFish","Cursed Key","MealTicket","ClockworkSouvenir","Pear","Bronze Scales","Symbiotic Virus","Blue Candle","Calipers","DollysMirror","Unceasing Top"],"acts_visited":["Exordium","TheCity","TheBeyond","TheEnding"],"potions_floor_usage":[23,27,50,55,55,55,55,55],"damage_taken":[{"damage":0,"enemies":"Jaw Worm","floor":1,"turns":1},{"damage":0,"enemies":"Small Slimes","floor":2,"turns":2},{"damage":0,"enemies":"Cultist","floor":3,"turns":3},{"damage":0,"enemies":"Blue Slaver","floor":5,"turns":2},{"damage":4,"enemies":"3 Sentries","floor":6,"turns":2},{"damage":0,"enemies":"Gremlin Nob","floor":12,"turns":2},{"damage":0,"enemies":"Lots of Slimes","floor":14,"turns":1},{"damage":0,"enemies":"Hexaghost","floor":16,"turns":4},{"damage":0,"enemies":"3 Byrds","floor":18,"turns":2},{"damage":0,"enemies":"Chosen","floor":20,"turns":3},{"damage":2,"enemies":"Snecko","floor":22,"turns":1},{"damage":16,"enemies":"Gremlin Leader","floor":23,"turns":3},{"damage":0,"enemies":"3 Cultists","floor":24,"turns":2},{"damage":0,"enemies":"Sentry and Sphere","floor":25,"turns":2},{"damage":3,"enemies":"Slavers","floor":27,"turns":2},{"damage":0,"enemies":"Snecko","floor":28,"turns":2},{"damage":0,"enemies":"Gremlin Leader","floor":30,"turns":3},{"damage":0,"enemies":"Centurion and Healer","floor":31,"turns":2},{"damage":1,"enemies":"Champ","floor":33,"turns":4},{"damage":0,"enemies":"3 Darklings","floor":35,"turns":2},{"damage":0,"enemies":"3 Shapes","floor":36,"turns":3},{"damage":0,"enemies":"Writhing Mass","floor":38,"turns":3},{"damage":0,"enemies":"Giant Head","floor":40,"turns":4},{"damage":0,"enemies":"Nemesis","floor":42,"turns":1},{"damage":0,"enemies":"Jaw Worm Horde","floor":44,"turns":3},{"damage":0,"enemies":"Reptomancer","floor":46,"turns":4},{"damage":0,"enemies":"Sphere and 2 Shapes","floor":48,"turns":3},{"damage":0,"enemies":"Awakened One","floor":50,"turns":7},{"damage":20,"enemies":"Shield and Spear","floor":54,"turns":3},{"damage":63,"enemies":"The Heart","floor":55,"turns":5}],"seed_played":"5793510106607646526","potions_obtained":[{"floor":2,"key":"FocusPotion"},{"floor":3,"key":"DuplicationPotion"},{"floor":11,"key":"PotionOfCapacity"},{"floor":23,"key":"Strength Potion"},{"floor":24,"key":"Strength Potion"},{"floor":25,"key":"FocusPotion"},{"floor":33,"key":"SpeedPotion"},{"floor":36,"key":"Explosive Potion"}],"is_trial":false,"path_per_floor":["M","M","M","$","M","E","?","R","T","R","?","E","R","M","R","B",null,"M","?","M","?","M","E","M","M","T","E","M","R","E","M","R","B",null,"M","M","?","M","?","E","$","E","T","M","?","E","R","M","R","B",null,"R","$","E","B",null],"character_chosen":"DEFECT","items_purchased":["Membership Card","ClockworkSouvenir","Pear","Bronze Scales","Consume","PotionOfCapacity","Calipers","Creative AI","GamblersBrew","DollysMirror"],"campfire_rested":0,"item_purchase_floors":[4,41,41,41,41,41,53,53,53,53],"current_hp_per_floor":[75,75,75,75,75,71,56,56,56,56,56,56,56,56,56,75,75,75,68,68,68,66,50,50,50,50,47,47,47,47,47,47,71,75,75,75,75,75,75,75,85,85,85,85,85,85,85,85,85,85,85,85,85,65,22],"gold":63,"neow_bonus":"ONE_RANDOM_RARE_CARD","is_daily":false,"chose_seed":false,"campfire_upgraded":7,"win_rate":0.0,"timestamp":1612940894,"path_taken":["M","M","M","$","M","E","?","R","T","R","?","E","R","?","R","BOSS","M","?","?","?","M","E","M","M","T","E","?","R","E","M","R","BOSS","M","M","?","M","?","E","$","E","T","M","?","E","R","M","R","BOSS","R","$","E","BOSS"],"items_purchased_type":["Relic","Relic","Relic","Relic","Card","Potion","Relic","Card","Potion","Relic"],"build_version":"2020-12-22","purchased_purges":2,"victory":true,"max_hp_per_floor":[75,75,75,75,75,75,75,75,75,75,75,75,75,75,75,75,75,75,75,75,75,75,75,75,75,75,75,75,75,75,75,75,75,75,75,75,75,75,75,75,85,85,85,85,85,85,85,85,85,85,85,85,85,85,85],"card_choices":[{"not_picked":["Self Repair","Steam Power"],"picked":"Sweeping Beam","floor":1},{"not_picked":["Gash","Conserve Battery"],"picked":"Glacier","floor":2},{"not_picked":["Redo","Self Repair"],"picked":"Sunder","floor":3},{"not_picked":["Reprogram","Sweeping Beam","Sunder"],"picked":"SKIP","floor":5},{"not_picked":["Stack","Redo"],"picked":"Loop","floor":6},{"not_picked":["Reprogram","Conserve Battery"],"picked":"Ball Lightning","floor":12},{"not_picked":["Rip and Tear","Gash","Sweeping Beam"],"picked":"SKIP","floor":14},{"not_picked":["Ball Lightning","Glacier"],"picked":"Storm+1","floor":18},{"not_picked":["Gash","Leap","Sweeping Beam"],"picked":"SKIP","floor":20},{"not_picked":["Barrage","Sweeping Beam+1"],"picked":"Storm+1","floor":22},{"not_picked":["Gash","Creative AI"],"picked":"Compile Driver+1","floor":23},{"not_picked":["Gash","Sweeping Beam+1"],"picked":"Darkness","floor":24},{"not_picked":["Redo","Loop"],"picked":"Conserve Battery","floor":25},{"not_picked":["Rebound","Barrage","Fusion"],"picked":"SKIP","floor":27},{"not_picked":["Streamline","Turbo+1"],"picked":"Chill","floor":28},{"not_picked":["Sweeping Beam+1","Steam+1","Turbo"],"picked":"SKIP","floor":30},{"not_picked":["Barrage","Stack","Gash"],"picked":"SKIP","floor":31},{"not_picked":["Hyperbeam","Meteor Strike"],"picked":"Multi-Cast","floor":33},{"not_picked":["Turbo+1","Steam Power"],"picked":"Redo+1","floor":35},{"not_picked":["Stack","Hologram"],"picked":"Doom and Gloom+1","floor":36},{"not_picked":["Cold Snap","Streamline+1"],"picked":"Electrodynamics","floor":38},{"not_picked":["Tempest+1","Barrage"],"picked":"Undo+1","floor":40},{"not_picked":["Redo","Auto Shields+1"],"picked":"Chill+1","floor":42},{"not_picked":["Aggregate","Recycle+1"],"picked":"Cold Snap+1","floor":44},{"not_picked":["Madness","Violence"],"picked":"Dark Shackles","floor":45},{"not_picked":["Streamline","Sweeping Beam+1","Gash+1"],"picked":"SKIP","floor":46},{"not_picked":["Streamline","Sweeping Beam+1","Gash+1"],"picked":"SKIP","floor":46},{"not_picked":["Rip and Tear+1","Recycle"],"picked":"Conserve Battery+1","floor":48},{"not_picked":["Cold Snap+1","BootSequence+1"],"picked":"Redo+1","floor":54}],"player_experience":40278,"relics_obtained":[{"floor":6,"key":"Pantograph"},{"floor":9,"key":"FossilizedHelix"},{"floor":12,"key":"Thread and Needle"},{"floor":23,"key":"Potion Belt"},{"floor":26,"key":"Peace Pipe"},{"floor":27,"key":"Girya"},{"floor":30,"key":"CeramicFish"},{"floor":40,"key":"MealTicket"},{"floor":42,"key":"Symbiotic Virus"},{"floor":46,"key":"Blue Candle"},{"floor":54,"key":"Unceasing Top"}],"event_choices":[{"damage_healed":0,"gold_gain":0,"player_choice":"Entered Light","damage_taken":15,"max_hp_gain":0,"max_hp_loss":0,"event_name":"Shining Light","floor":7,"gold_loss":0,"cards_upgraded":["Buffer","Strike_B"]},{"damage_healed":0,"gold_gain":0,"player_choice":"Bought 2 Potions","damage_taken":0,"max_hp_gain":0,"max_hp_loss":0,"event_name":"The Woman in Blue","floor":11,"gold_loss":0},{"damage_healed":0,"gold_gain":75,"player_choice":"Touch","damage_taken":7,"max_hp_gain":0,"max_hp_loss":0,"event_name":"FaceTrader","floor":19,"gold_loss":0},{"damage_healed":0,"gold_gain":0,"player_choice":"Rummage","damage_taken":0,"relics_obtained":["WarpedTongs"],"max_hp_gain":0,"max_hp_loss":0,"event_name":"Accursed Blacksmith","floor":21,"gold_loss":0,"cards_obtained":["Pain"]},{"cards_removed":["Strike_B"],"damage_healed":0,"gold_gain":0,"player_choice":"Removed Attack","damage_taken":0,"max_hp_gain":0,"max_hp_loss":0,"event_name":"Falling","floor":37,"gold_loss":0},{"damage_healed":0,"gold_gain":0,"player_choice":"Ignored","damage_taken":0,"max_hp_gain":0,"max_hp_loss":0,"event_name":"Tomb of Lord Red Mask","floor":39,"gold_loss":0},{"damage_healed":0,"gold_gain":0,"player_choice":"Memory 1","damage_taken":0,"max_hp_gain":0,"max_hp_loss":0,"event_name":"SensoryStone","floor":45,"gold_loss":0}],"is_beta":false,"boss_relics":[{"not_picked":["Coffee Dripper","Runic Dome"],"picked":"SlaversCollar"},{"not_picked":["Busted Crown","FrozenCore"],"picked":"Cursed Key"}],"items_purged_floors":[41,53],"is_endless":false,"potions_floor_spawned":[2,3,16,18,23,24,25,33,36,40,48],"ascension_level":0}}