{"host":"qxeepl7ydvsgmfdb","time":1612958862,"event":{"mods":["AchievementEnabler","BaseMod","Colored Powertips","Minty Spire (QoL Compilation)","Quick Restart","slay the spire mod where everything is the same but ironclad has a cowboy hat"],"gold_per_floor":[115,290,290,290,22,22,22],"floor_reached":6,"language":"ENG","playtime":193,"items_purged":[],"score":51,"play_id":"9ff11c07-abb1-4dce-b678-59abb8d9d3c4","local_time":"20210210070742","is_ascension_mode":true,"campfire_choices":[],"circlet_count":0,"master_deck":["AscendersBane","Strike_G","Strike_G+1","Strike_G","Strike_G","Strike_G","Defend_G+1","Defend_G+1","Defend_G+1","Defend_G","Defend_G","Survivor","Neutralize","CurseOfTheBell","Backflip","Doubt"],"relics":["Calling Bell","War Paint","Shuriken","Girya","Art of War","Membership Card","Matryoshka"],"acts_visited":["Exordium"],"potions_floor_usage":[],"damage_taken":[{"damage":13,"enemies":"Cultist","floor":1,"turns":6},{"damage":15,"enemies":"3 Sentries","floor":6,"turns":4}],"seed_played":"3748911147221857824","potions_obtained":[{"floor":1,"key":"Energy Potion"}],"is_trial":false,"path_per_floor":["M","?","?","?","$","E"],"character_chosen":"THE_SILENT","items_purchased":["Membership Card","Matryoshka"],"campfire_rested":0,"item_purchase_floors":[5,5],"current_hp_per_floor":[50,50,38,24,24,9,9],"gold":22,"neow_bonus":"BOSS_RELIC","is_daily":false,"chose_seed":false,"campfire_upgraded":0,"win_rate":0.0,"timestamp":1612958862,"path_taken":["M","?","?","?","?","E"],"items_purchased_type":["Relic","Relic"],"build_version":"2020-12-22","purchased_purges":0,"victory":false,"max_hp_per_floor":[70,70,70,70,70,70,70],"card_choices":[{"not_picked":["Riddle With Holes","Bane"],"picked":"Backflip","floor":1}],"player_experience":150739,"relics_obtained":[{"floor":0,"key":"War Paint"},{"floor":0,"key":"Shuriken"},{"floor":0,"key":"Girya"}],"event_choices":[{"damage_healed":0,"gold_gain":175,"player_choice":"AGREE","damage_taken":0,"max_hp_gain":0,"max_hp_loss":0,"event_name":"Liars Game","floor":2,"gold_loss":0,"cards_obtained":["Doubt"]},{"damage_healed":0,"gold_gain":0,"player_choice":"Success","damage_taken":12,"relics_obtained":["Art of War"],"max_hp_gain":0,"max_hp_loss":0,"event_name":"Scrap Ooze","floor":3,"gold_loss":0},{"damage_healed":0,"gold_gain":0,"player_choice":"Entered Light","damage_taken":14,"max_hp_gain":0,"max_hp_loss":0,"event_name":"Shining Light","floor":4,"gold_loss":0,"cards_upgraded":["Strike_G","Defend_G"]}],"is_beta":false,"boss_relics":[],"items_purged_floors":[],"is_endless":false,"potions_floor_spawned":[1],"killed_by":"3 Sentries","ascension_level":12}}