{"host":"8n3a40idg6eftpiu","time":1612942915,"event":{"mods":["AchievementEnabler","Act Like it!","BaseMod","BetterRewards","Block Reminder","Colored Map","Colored Powertips","Conspire","DeckTracker","Energized Spire","GungeonMod","Hallownest","Highlight Path","Hubris","Minty Spire (QoL Compilation)","Quick Restart","Relic Filter Mod","Reliquary","StS++","StSLib","The Blue Laboratory","The Bug Knight","The Necromancer","Wandering Minibosses"],"gold_per_floor":[115,130,130,140,151,151,74,104,151,151,81,81,101,129,129,228,228,243,67,67,77,90,124,124,143,223,243,158,158,158,177,177,273,273,286,286,98,114,127,158,158,158,206,206,206,231,231,231],"floor_reached":47,"language":"POL","playtime":2184,"items_purged":[],"score":738,"play_id":"8d3af50a-c58b-4100-8def-5020f7e95082","local_time":"20210210084155","is_ascension_mode":false,"campfire_choices":[{"floor":6.0,"key":"RECALL"},{"data":"Summon_Undead","floor":10.0,"key":"SMITH"},{"data":"Summon_Undead_Army","floor":12.0,"key":"SMITH"},{"data":"Summon_Undead_Army","floor":15.0,"key":"SMITH"},{"data":"Summon_Vampire_Lady","floor":24.0,"key":"SMITH"},{"data":"Summon_Vampire_Lady","floor":30.0,"key":"SMITH"},{"data":"Summon_Undead","floor":32.0,"key":"SMITH"},{"data":"Summon_Death_Knight","floor":41.0,"key":"SMITH"},{"data":"Summon_Undead_Army","floor":45.0,"key":"SMITH"}],"circlet_count":0,"master_deck":["Strike_W+1","Strike_W+1","Strike_W+1","Strike_W+1","Defend_W+1","Defend_W+1","Defend_W+1","Defend_W+1","Bone_Wall","Summon_Undead_Army+1","Bone_Armor","Negative_Energy_Sphere","Vampiric_Strike","Summon_Lich+1","Summon_Undead+1","Summon_Undead_Army+1","Negative_Energy_Javelin","Bone_Armor","Summon_Death_Knight+1","CurseOfTheBell","Summon_Vampire_Lady+1","Bone_Spikes+1","Vampiric_Strike","Life_Drain","Summon_Undead+1","Summon_Vampire_Lady+1","Vampiric_Strike","Bones_to_Steel","Life_Tap","Summon_Undead_Army+1","Vampiric_Strike"],"relics":["Vampire_Amulet","Lee\u0027s Waffle","Ice Cream","Mango","HollowMod:PaleOreRelic","Calling Bell","DemoMod:MonsterBlood","conspire:GiftBox","reliquary:FeatherDuster","reliquary:FerryPass","Thread and Needle","Pear","Gremlin Horn","DemoMod:JetPack","Busted Crown","Membership Card","wanderingMiniBosses:Inkheart","reliquary:ExpiredCoupon","reliquary:Boomerang","Juzu Bracelet"],"acts_visited":["Exordium","TheCity","TheBeyond"],"potions_floor_usage":[46],"damage_taken":[{"damage":9.0,"enemies":"2 Louse","floor":1.0,"turns":3.0},{"damage":2.0,"enemies":"Jaw Worm","floor":2.0,"turns":4.0},{"damage":4.0,"enemies":"Small Slimes","floor":4.0,"turns":4.0},{"damage":7.0,"enemies":"conspire:2 RoseBushes","floor":5.0,"turns":5.0},{"damage":19.0,"enemies":"Lagavulin","floor":8.0,"turns":8.0},{"damage":9.0,"enemies":"Large Slime","floor":13.0,"turns":5.0},{"damage":16.0,"enemies":"HollowMod:MossKnight","floor":14.0,"turns":6.0},{"damage":47.0,"enemies":"Hexaghost","floor":16.0,"turns":8.0},{"damage":17.0,"enemies":"2 Thieves","floor":18.0,"turns":4.0},{"damage":41.0,"enemies":"conspire:FuzzyDice","floor":21.0,"turns":4.0},{"damage":27.0,"enemies":"3 Cultists","floor":22.0,"turns":5.0},{"damage":12.0,"enemies":"HollowMod:Nosk","floor":23.0,"turns":7.0},{"damage":14.0,"enemies":"Cultist and Chosen","floor":25.0,"turns":5.0},{"damage":30.0,"enemies":"Chosen and Byrds","floor":27.0,"turns":6.0},{"damage":23.0,"enemies":"Centurion and Healer","floor":31.0,"turns":6.0},{"damage":74.0,"enemies":"hubris:MusketHawk","floor":33.0,"turns":9.0},{"damage":46.0,"enemies":"3 Darklings","floor":35.0,"turns":6.0},{"damage":11.0,"enemies":"3 Shapes","floor":38.0,"turns":4.0},{"damage":41.0,"enemies":"Writhing Mass","floor":39.0,"turns":4.0},{"damage":71.0,"enemies":"HollowMod:StalkingDevout","floor":40.0,"turns":6.0},{"damage":56,"enemies":"Nemesis","floor":46,"turns":5},{"damage":65,"enemies":"Spire Growth","floor":47,"turns":5}],"seed_played":"-6914902410588980147","potions_obtained":[{"floor":2.0,"key":"Fire Potion"},{"floor":4.0,"key":"blueLaboratory:EnragingPotion"},{"floor":13.0,"key":"SkillPotion"},{"floor":25.0,"key":"blueLaboratory:PolymorphPotion"},{"floor":31.0,"key":"SpeedPotion"},{"floor":33.0,"key":"StSpp:SecondWindPotion"}],"is_trial":false,"path_per_floor":["M","M","?","M","M","R","$","E","T","R","$","R","M","E","R","B",null,"M","$","?","M","M","E","R","M","T","M","?","T","R","M","R","B",null,"M","?","$","M","M","E","R","?","T","?","R","E","M"],"character_chosen":"NECROMANCER","items_purchased":["Lee\u0027s Waffle","Ice Cream","Summon_Undead_Army","Summon_Lich","Summon_Undead_Army","reliquary:FerryPass","Vampiric_Strike","Membership Card","Summon_Undead_Army"],"campfire_rested":0,"item_purchase_floors":[0,0,0,7,11,19,19,37,37],"current_hp_per_floor":[77,77,77,77,74,74,74,73,73,73,73,73,68,57,57,35,103,99,99,99,71,68,71,71,84,94,84,84,84,84,110,110,86,113,99,99,99,105,86,62,62,62,62,62,62,38,0,0],"gold":231,"neow_bonus":"","is_daily":false,"chose_seed":false,"campfire_upgraded":8,"win_rate":0.0,"timestamp":1612942915,"path_taken":["M","M","?","M","M","R","$","E","T","R","$","R","M","E","R","BOSS","M","$","?","M","M","E","R","M","T","M","?","?","R","M","R","BOSS","M","?","$","?","M","E","R","?","T","?","R","E","M"],"items_purchased_type":["Relic","Relic","Card","Card","Card","Relic","Card","Relic","Card"],"build_version":"2020-12-22","purchased_purges":0,"victory":false,"max_hp_per_floor":[82,82,82,82,82,82,82,96,96,96,96,96,96,96,96,96,103,103,103,103,103,103,103,103,103,113,113,113,113,113,113,113,113,113,113,113,113,113,113,113,113,113,113,113,113,113,113,113],"card_choices":[{"not_picked":["Bone_Prison","Toxic_Smoke_Screen"],"picked":"Bone_Armor","floor":1.0},{"not_picked":["Plague_Bolt","Vampiric_Strike"],"picked":"Negative_Energy_Sphere","floor":2.0},{"not_picked":["Flesh_Made_Foul","Slay_Living","Violent_Necrosis"],"picked":"SKIP","floor":4.0},{"not_picked":["Requiem","Epidemic"],"picked":"Vampiric_Strike","floor":5.0},{"not_picked":["Bone_Bullets","Exploit"],"picked":"Summon_Undead","floor":8.0},{"not_picked":["Shackles_Of_Pain","Toxic_Smoke_Screen"],"picked":"Negative_Energy_Javelin","floor":13.0},{"not_picked":["Necromantic_Selection","Negative_Energy_Bomb"],"picked":"Bone_Armor","floor":14.0},{"not_picked":["Negative_Energy_Bomb","Hellfire"],"picked":"Summon_Death_Knight","floor":16.0},{"not_picked":["Negative_Energy_Bomb","Hellfire"],"picked":"Summon_Vampire_Lady","floor":17.0},{"not_picked":["Finger_Of_Death","Reap_The_Weak"],"picked":"Bone_Spikes+1","floor":18.0},{"not_picked":["Blood_Shield+1","Death_March_Dance"],"picked":"Life_Drain","floor":21.0},{"not_picked":["Toxic_Smoke_Screen","Strike_from_Beyond"],"picked":"Summon_Undead","floor":22.0},{"not_picked":["Bone_Armory","Bones_to_Steel+1"],"picked":"Summon_Vampire_Lady","floor":23.0},{"not_picked":["Death_Coil","Negative_Energy_Shield+1"],"picked":"Vampiric_Strike","floor":25.0},{"not_picked":["Necrotic_Claws","Blood_Curse+1"],"picked":"Bones_to_Steel","floor":27.0},{"not_picked":["Bone_Spikes","Corrupt+1"],"picked":"Life_Tap","floor":31.0},{"not_picked":["Violent_Necrosis"],"picked":"SKIP","floor":35.0},{"not_picked":["Bone_Shift"],"picked":"SKIP","floor":38.0},{"not_picked":[],"picked":"Vampiric_Strike","floor":39.0},{"not_picked":["Blood_Wake"],"picked":"SKIP","floor":40.0},{"not_picked":["Stop_Heart+1"],"picked":"SKIP","floor":46}],"player_experience":257249,"relics_obtained":[{"floor":8.0,"key":"Mango"},{"floor":14.0,"key":"HollowMod:PaleOreRelic"},{"floor":17.0,"key":"DemoMod:MonsterBlood"},{"floor":17.0,"key":"conspire:GiftBox"},{"floor":17.0,"key":"reliquary:FeatherDuster"},{"floor":23.0,"key":"Thread and Needle"},{"floor":26.0,"key":"Pear"},{"floor":29.0,"key":"DemoMod:JetPack"},{"floor":38.0,"key":"wanderingMiniBosses:Inkheart"},{"floor":40.0,"key":"reliquary:ExpiredCoupon"},{"floor":43.0,"key":"reliquary:Boomerang"},{"floor":46,"key":"Juzu Bracelet"}],"event_choices":[{"damage_healed":0.0,"max_hp_gain":0.0,"max_hp_loss":0.0,"gold_gain":0.0,"event_name":"conspire:LoneGhost","player_choice":"Disagree","floor":3.0,"gold_loss":0.0,"damage_taken":0.0},{"damage_healed":0.0,"max_hp_gain":0.0,"max_hp_loss":0.0,"gold_gain":0.0,"event_name":"Back to Basics","player_choice":"Simplicity","floor":20.0,"gold_loss":0.0,"damage_taken":0.0,"cards_upgraded":["Strike_W","Strike_W","Strike_W","Strike_W","Defend_W","Defend_W","Defend_W","Defend_W"]},{"damage_healed":0.0,"max_hp_gain":0.0,"max_hp_loss":0.0,"gold_gain":0.0,"event_name":"Addict","player_choice":"Obtained Relic","floor":28.0,"gold_loss":85.0,"damage_taken":0.0,"relics_obtained":["Gremlin Horn"]},{"damage_healed":0.0,"max_hp_gain":0.0,"max_hp_loss":0.0,"gold_gain":0.0,"event_name":"Upgrade Shrine","player_choice":"Upgraded","floor":36.0,"gold_loss":0.0,"damage_taken":0.0,"cards_upgraded":["Summon_Lich"]},{"damage_healed":0.0,"max_hp_gain":0.0,"max_hp_loss":0.0,"gold_gain":0.0,"event_name":"Mysterious Sphere","player_choice":"Ignored","floor":42.0,"gold_loss":0.0,"damage_taken":0.0},{"damage_healed":0.0,"max_hp_gain":0.0,"max_hp_loss":0.0,"gold_gain":0.0,"event_name":"Match and Keep!","player_choice":"0 cards matched","floor":44.0,"gold_loss":0.0,"damage_taken":0.0,"cards_obtained":[]}],"is_beta":false,"boss_relics":[{"not_picked":["reliquary:KinkedSpring","SacredBark"],"picked":"Calling Bell"},{"not_picked":["energizedSpire:RedRose","hubris:HollowSoul"],"picked":"Busted Crown"}],"items_purged_floors":[],"is_endless":false,"potions_floor_spawned":[2,4,13,16,25,27,31,33,39,40],"killed_by":"Spire Growth","ascension_level":0}}