{"host":"pfy6u49v5s5r680p","time":1612965619,"event":{"mods":["BaseMod","Colored Map","DeckTracker","Highlight Path","Keyboard Shortcuts","Minty Spire (QoL Compilation)","Permanent Neow","Quick Restart","StSLib","SuperFastMode","everything is the same but u backflip on backflip"],"gold_per_floor":[117,46,56,56,56,88,88,117,117,152,152,185,260,118,118,118,118],"floor_reached":16,"language":"KOR","playtime":274,"items_purged":["Strike_P"],"score":201,"play_id":"923309a0-a296-4331-aaf9-ae98e6c4b23c","local_time":"20210210230019","is_ascension_mode":true,"campfire_choices":[{"data":"Blasphemy","floor":7.0,"key":"SMITH"},{"data":"Vigilance","floor":11.0,"key":"SMITH"},{"floor":15.0,"key":"REST"}],"circlet_count":0,"master_deck":["Strike_P","Strike_P","Strike_P","Defend_P","Defend_P","Defend_P","Defend_P","Eruption","Vigilance+1","Blasphemy+1","MentalFortress","Consecrate","Adaptation"],"relics":["PureWater","Ginger","Centennial Puzzle","Tiny Chest","HornCleat","Ancient Tea Set","Toxic Egg 2"],"acts_visited":["Exordium"],"potions_floor_usage":[],"damage_taken":[{"damage":0.0,"enemies":"Small Slimes","floor":1.0,"turns":2.0},{"damage":0.0,"enemies":"Jaw Worm","floor":3.0,"turns":2.0},{"damage":16.0,"enemies":"Gremlin Nob","floor":6.0,"turns":3.0},{"damage":18.0,"enemies":"3 Sentries","floor":8.0,"turns":5.0},{"damage":0.0,"enemies":"Gremlin Nob","floor":10.0,"turns":2.0},{"damage":10.0,"enemies":"Lagavulin","floor":12.0,"turns":7.0},{"damage":0,"enemies":"The Guardian","floor":16,"turns":1}],"seed_played":"8413356564915997178","potions_obtained":[{"floor":1.0,"key":"Fire Potion"},{"floor":6.0,"key":"PowerPotion"},{"floor":8.0,"key":"Fire Potion"}],"is_trial":false,"path_per_floor":["M","$","M","?","$","E","R","E","T","E","R","E","?","$","R","B"],"character_chosen":"WATCHER","items_purchased":["MentalFortress","Adaptation"],"campfire_rested":1,"item_purchase_floors":[2,14],"current_hp_per_floor":[65,65,65,58,58,42,42,24,24,24,24,14,3,3,22,22,22],"gold":118,"neow_bonus":"THREE_RARE_CARDS","is_daily":false,"chose_seed":false,"campfire_upgraded":2,"win_rate":0.0,"timestamp":1612965619,"path_taken":["M","$","M","?","$","E","R","E","T","E","R","E","?","$","R","BOSS"],"items_purchased_type":["Card","Card"],"build_version":"2020-12-22","purchased_purges":1,"victory":false,"max_hp_per_floor":[65,65,65,65,65,65,65,65,65,65,65,65,65,65,65,65,65],"card_choices":[{"not_picked":["Omniscience","MasterReality"],"picked":"Blasphemy","floor":0.0},{"not_picked":["Sanctity","Crescendo","CutThroughFate"],"picked":"SKIP","floor":1.0},{"not_picked":["Weave","EmptyFist","Fasting2"],"picked":"SKIP","floor":3.0},{"not_picked":["WreathOfFlame","Prostrate","Wallop"],"picked":"SKIP","floor":6.0},{"not_picked":["Indignation","FollowUp"],"picked":"Consecrate","floor":8.0},{"not_picked":["MasterReality","EmptyFist","Consecrate"],"picked":"SKIP","floor":10.0},{"not_picked":["Worship+1","Fasting2","SashWhip"],"picked":"SKIP","floor":12.0}],"player_experience":175494,"relics_obtained":[{"floor":6.0,"key":"Centennial Puzzle"},{"floor":8.0,"key":"Tiny Chest"},{"floor":9.0,"key":"HornCleat"},{"floor":10.0,"key":"Ancient Tea Set"},{"floor":12.0,"key":"Toxic Egg 2"}],"event_choices":[{"damage_healed":0.0,"max_hp_gain":0.0,"max_hp_loss":0.0,"gold_gain":0.0,"event_name":"Scrap Ooze","player_choice":"Success","floor":4.0,"gold_loss":0.0,"damage_taken":7.0,"relics_obtained":["Ginger"]},{"damage_healed":0.0,"max_hp_gain":0.0,"max_hp_loss":0.0,"gold_gain":75.0,"event_name":"World of Goop","player_choice":"Gather Gold","floor":13.0,"gold_loss":0.0,"damage_taken":11.0}],"is_beta":false,"boss_relics":[],"items_purged_floors":[14],"is_endless":false,"potions_floor_spawned":[1,6,8],"killed_by":"The Guardian","ascension_level":7}}