{"host":"83h5c79dzf5zv2a9","time":1612952801,"event":{"mods":["2.2 Compatiblity","BaseMod","Bestiary","Colored Map","Colored Powertips","Curses Come First","Highlight Path","Keyboard Shortcuts","Minty Spire (QoL Compilation)","Relic Stats","Slay the Relics Exporter","StSLib","SuperFastMode"],"gold_per_floor":[114,42,42,62,162,162,195,206,206,226,238,252,252,272,272,372,372,382,160,148,160,4,4,4],"floor_reached":23,"language":"ENG","playtime":1109,"items_purged":[],"score":220,"play_id":"dddcc0d1-df6c-4531-95af-3034ade84d44","local_time":"20210210112641","is_ascension_mode":false,"campfire_choices":[{"data":"Beam Cell","floor":6,"key":"SMITH"},{"floor":15,"key":"REST"}],"circlet_count":0,"master_deck":["Strike_B","Strike_B","Strike_B","Strike_B","Defend_B","Defend_B","Defend_B","Defend_B","Zap","Dualcast","Beam Cell+1","Ball Lightning","Coolheaded","Compile Driver","Genetic Algorithm","Blizzard","Reinforced Body","White Noise","Tempest","Rainbow","Reboot","Static Discharge","Rip and Tear","Redo","Darkness","Lockon+1","Machine Learning","Redo","Capacitor+1","Stack"],"relics":["Cracked Core","NeowsBlessing","Gremlin Horn","Meat on the Bone","Black Star","Orichalcum","Orrery"],"acts_visited":["Exordium","TheCity"],"potions_floor_usage":[],"damage_taken":[{"damage":0,"enemies":"Cultist","floor":1,"turns":1},{"damage":0,"enemies":"Jaw Worm","floor":4,"turns":1},{"damage":0,"enemies":"Gremlin Nob","floor":7,"turns":1},{"damage":0,"enemies":"2 Louse","floor":8,"turns":2},{"damage":13,"enemies":"Blue Slaver","floor":10,"turns":3},{"damage":5,"enemies":"Looter","floor":11,"turns":4},{"damage":34,"enemies":"Gremlin Gang","floor":12,"turns":6},{"damage":0,"enemies":"Red Slaver","floor":14,"turns":3},{"damage":90,"enemies":"The Guardian","floor":16,"turns":10},{"damage":29,"enemies":"3 Byrds","floor":18,"turns":5},{"damage":16,"enemies":"2 Thieves","floor":20,"turns":4},{"damage":39,"enemies":"Shelled Parasite and Fungi","floor":21,"turns":7}],"seed_played":"-7510409267005890051","potions_obtained":[{"floor":4,"key":"SteroidPotion"},{"floor":12,"key":"FocusPotion"},{"floor":13,"key":"FairyPotion"},{"floor":13,"key":"Dexterity Potion"},{"floor":21,"key":"FearPotion"}],"is_trial":false,"path_per_floor":["M","$","$","M","?","R","E","M","T","M","M","M","?","M","R","B",null,"M","$","M","M","$","?"],"character_chosen":"DEFECT","items_purchased":["Ball Lightning","Coolheaded","Orichalcum","Rip and Tear","Orrery"],"campfire_rested":1,"item_purchase_floors":[2,2,19,19,22],"current_hp_per_floor":[75,75,75,75,75,75,75,75,75,62,57,35,35,47,69,17,75,46,46,42,15,15,0,0],"gold":4,"neow_bonus":"THREE_ENEMY_KILL","is_daily":false,"chose_seed":false,"campfire_upgraded":1,"win_rate":0.0,"timestamp":1612952801,"path_taken":["M","?","$","M","?","R","E","M","T","M","M","?","?","M","R","BOSS","M","?","M","M","$","?"],"items_purchased_type":["Card","Card","Relic","Card","Relic"],"build_version":"2020-12-22","purchased_purges":0,"victory":false,"max_hp_per_floor":[75,75,75,75,75,75,75,75,75,75,75,75,75,75,75,75,75,75,75,75,75,75,75,75],"relic_stats":{"Gremlin Horn":[8,8],"counters":[12,47],"Black Star":0,"Orichalcum":[24],"obtain_stats":[{"NeowsBlessing":0,"Gremlin Horn":7,"Orrery":22,"Black Star":17,"Orichalcum":19,"Cracked Core":0,"Meat on the Bone":9},{"NeowsBlessing":0,"Gremlin Horn":3,"Orrery":12,"Black Star":9,"Orichalcum":10,"Cracked Core":0,"Meat on the Bone":4},{"NeowsBlessing":0,"Gremlin Horn":3,"Orrery":47,"Black Star":31,"Orichalcum":36,"Cracked Core":0,"Meat on the Bone":5}],"Meat on the Bone":60},"card_choices":[{"not_picked":["Streamline","Hologram"],"picked":"Beam Cell","floor":1},{"not_picked":["Coolheaded","Gash"],"picked":"Compile Driver","floor":4},{"not_picked":["Hello World","Loop"],"picked":"Genetic Algorithm","floor":7},{"not_picked":["Ball Lightning","Cold Snap"],"picked":"Blizzard","floor":8},{"not_picked":["Melter","Redo"],"picked":"Reinforced Body","floor":10},{"not_picked":["Skim","Leap"],"picked":"White Noise","floor":11},{"not_picked":["Sweeping Beam","Streamline"],"picked":"Tempest","floor":12},{"not_picked":["Sweeping Beam","Beam Cell"],"picked":"Rainbow","floor":14},{"not_picked":["Multi-Cast","Fission"],"picked":"Reboot","floor":16},{"not_picked":["Ball Lightning","Genetic Algorithm"],"picked":"Static Discharge","floor":18},{"not_picked":["Fusion","Barrage+1"],"picked":"Redo","floor":20},{"not_picked":["Hello World+1","Genetic Algorithm"],"picked":"Darkness","floor":21},{"not_picked":["Skim","Compile Driver+1"],"picked":"Lockon+1","floor":22},{"not_picked":["Sweeping Beam","Gash"],"picked":"Machine Learning","floor":22},{"not_picked":["Coolheaded","Steam"],"picked":"Redo","floor":22},{"not_picked":["Ball Lightning","Blizzard"],"picked":"Capacitor+1","floor":22},{"not_picked":["Cold Snap+1","Leap+1"],"picked":"Stack","floor":22}],"player_experience":14784,"relics_obtained":[{"floor":7,"key":"Gremlin Horn"},{"floor":9,"key":"Meat on the Bone"}],"event_choices":[{"damage_healed":0,"gold_gain":100,"player_choice":"Pray","damage_taken":0,"max_hp_gain":0,"max_hp_loss":0,"event_name":"Golden Shrine","floor":5,"gold_loss":0},{"damage_healed":0,"gold_gain":0,"player_choice":"Got Potions","damage_taken":0,"max_hp_gain":0,"max_hp_loss":0,"event_name":"Lab","floor":13,"gold_loss":0}],"is_beta":false,"boss_relics":[{"not_picked":["Ectoplasm","Empty Cage"],"picked":"Black Star"}],"items_purged_floors":[],"is_endless":false,"potions_floor_spawned":[4,12,14,16,18,21],"ascension_level":0}}