{"host":"6xsbn6ynqlzwllfm","time":1612977935,"event":{"mods":["2.2 Compatiblity","BaseMod","Bestiary","Colored Map","Colored Powertips","Curses Come First","Highlight Path","Keyboard Shortcuts","Minty Spire (QoL Compilation)","Relic Stats","Slay the Relics Exporter","StSLib","SuperFastMode"],"gold_per_floor":[111,127,143,155,155,155,186,186,186,236,271,283,334,79,79,167,167,189,189,189],"floor_reached":19,"language":"ENG","playtime":851,"items_purged":["Strike_B"],"score":374,"play_id":"703fa4b8-1091-4b00-b423-308309462824","local_time":"20210210122535","is_ascension_mode":true,"campfire_choices":[{"data":"Defragment","floor":6,"key":"SMITH"},{"floor":8,"key":"REST"},{"floor":12,"key":"REST"},{"data":"Barrage","floor":15,"key":"SMITH"}],"circlet_count":0,"master_deck":["AscendersBane","Strike_B","Strike_B","Strike_B","Defend_B","Defend_B","Defend_B","Defend_B","Zap","Dualcast","Rebound","Capacitor","Defragment+1","Barrage+1","Coolheaded","Melter","Ball Lightning","Cold Snap","Capacitor","Reboot","Static Discharge"],"relics":["Cracked Core","NeowsBlessing","Regal Pillow","Darkstone Periapt","MawBank","CeramicFish","Ginger","Medical Kit","Black Star"],"acts_visited":["Exordium","TheCity"],"potions_floor_usage":[11,16],"damage_taken":[{"damage":0,"enemies":"Cultist","floor":1,"turns":1},{"damage":0,"enemies":"Small Slimes","floor":2,"turns":1},{"damage":0,"enemies":"Jaw Worm","floor":3,"turns":1},{"damage":13,"enemies":"3 Louse","floor":4,"turns":4},{"damage":30,"enemies":"3 Sentries","floor":7,"turns":6},{"damage":12,"enemies":"Lagavulin","floor":10,"turns":7},{"damage":20,"enemies":"Exordium Wildlife","floor":11,"turns":6},{"damage":32,"enemies":"Gremlin Nob","floor":13,"turns":4},{"damage":17,"enemies":"Slime Boss","floor":16,"turns":8},{"damage":43,"enemies":"2 Thieves","floor":18,"turns":4},{"damage":21,"enemies":"3 Byrds","floor":19,"turns":2}],"seed_played":"5810752386108107865","potions_obtained":[{"floor":2,"key":"SkillPotion"},{"floor":3,"key":"FocusPotion"},{"floor":4,"key":"PotionOfCapacity"},{"floor":7,"key":"Explosive Potion"},{"floor":13,"key":"SkillPotion"}],"is_trial":false,"path_per_floor":["M","M","M","M","?","R","E","R","T","E","M","R","E","$","R","B",null,"M","M"],"character_chosen":"DEFECT","items_purchased":["Capacitor","Medical Kit"],"campfire_rested":2,"item_purchase_floors":[14,14],"current_hp_per_floor":[64,64,64,51,51,51,21,57,57,45,25,61,29,29,29,12,56,13,0,0],"gold":189,"neow_bonus":"THREE_ENEMY_KILL","is_daily":false,"chose_seed":false,"campfire_upgraded":2,"win_rate":0.0,"timestamp":1612977935,"path_taken":["M","?","M","M","?","R","E","R","T","E","M","R","E","?","R","BOSS","M","M"],"items_purchased_type":["Card","Relic"],"build_version":"2020-12-22","purchased_purges":1,"victory":false,"max_hp_per_floor":[71,71,71,71,71,71,71,71,71,71,71,71,71,71,71,71,71,71,71,71],"relic_stats":{"Darkstone Periapt":0,"Regal Pillow":30,"counters":[11,44],"CeramicFish":54,"Black Star":0,"Ginger":[0],"MawBank":60,"Medical Kit":[0],"obtain_stats":[{"Darkstone Periapt":7,"Regal Pillow":5,"NeowsBlessing":0,"CeramicFish":10,"Black Star":17,"Ginger":13,"Cracked Core":0,"MawBank":9,"Medical Kit":14},{"Darkstone Periapt":5,"Regal Pillow":4,"NeowsBlessing":0,"CeramicFish":6,"Black Star":9,"Ginger":8,"Cracked Core":0,"MawBank":5,"Medical Kit":8},{"Darkstone Periapt":13,"Regal Pillow":7,"NeowsBlessing":0,"CeramicFish":20,"Black Star":38,"Ginger":30,"Cracked Core":0,"MawBank":13,"Medical Kit":30}]},"card_choices":[{"not_picked":["Turbo","Leap"],"picked":"Rebound","floor":1},{"not_picked":["Lockon","Tempest"],"picked":"Capacitor","floor":2},{"not_picked":["Leap","Compile Driver"],"picked":"Defragment","floor":3},{"not_picked":["Doom and Gloom","Stack"],"picked":"Barrage","floor":4},{"not_picked":["Skim","Leap"],"picked":"Coolheaded","floor":7},{"not_picked":["Conserve Battery","All For One"],"picked":"Melter","floor":10},{"not_picked":["Beam Cell","Leap"],"picked":"Ball Lightning","floor":11},{"not_picked":["Leap","Meteor Strike"],"picked":"Cold Snap","floor":13},{"not_picked":["Machine Learning","Multi-Cast"],"picked":"Reboot","floor":16},{"not_picked":["Coolheaded","Turbo"],"picked":"Static Discharge","floor":18}],"player_experience":1433420,"relics_obtained":[{"floor":7,"key":"Darkstone Periapt"},{"floor":9,"key":"MawBank"},{"floor":10,"key":"CeramicFish"},{"floor":13,"key":"Ginger"}],"event_choices":[{"damage_healed":0,"gold_gain":0,"player_choice":"Gave Potion","damage_taken":0,"relics_obtained":["Regal Pillow"],"max_hp_gain":0,"max_hp_loss":0,"event_name":"WeMeetAgain","floor":5,"gold_loss":0}],"is_beta":false,"boss_relics":[{"not_picked":["Velvet Choker","SlaversCollar"],"picked":"Black Star"}],"items_purged_floors":[14],"is_endless":false,"potions_floor_spawned":[2,3,4,7,13],"killed_by":"3 Byrds","ascension_level":20}}