{"host":"yans4pr1zf0lm9bx","time":1612986867,"event":{"mods":["AchievementEnabler","BaseMod","Minty Spire (QoL Compilation)","Replay The Spire","StSLib","SuperFastMode","slay the spire mod where everything is the same but ironclad has a cowboy hat"],"gold_per_floor":[116,116,116,41,54,54,74,74,122,139,167,67,101,29,29,124,124,135,10,20,20,31,31,66,80,158,183,196,196,206,4,4,104,104,114,114,132,146,165,165,195,195,195,20,39,53,71,85,85,85,85,85,85,112,112],"floor_reached":56,"language":"ENG","playtime":2419,"items_purged":["Strike_R","Strike_R","Anger+1","Bash","Armaments+1"],"score":1716,"play_id":"f825cf53-ec08-4f19-bc11-5dd2074d8e8f","local_time":"20210210145427","is_ascension_mode":true,"campfire_choices":[{"data":"Anger","floor":6,"key":"SMITH"},{"data":"Evolve","floor":8,"key":"SMITH"},{"floor":15,"key":"REST"},{"data":"Barricade","floor":23,"key":"SMITH"},{"data":"ReplayReversal","floor":29,"key":"SMITH"},{"data":"Body Slam","floor":32,"key":"SMITH"},{"floor":40,"key":"RECALL"},{"data":"Defend_R","floor":42,"key":"SMITH"},{"floor":49,"key":"DIG"},{"data":"Defend_R","floor":52,"key":"SMITH"}],"circlet_count":0,"master_deck":["Defend_R","Defend_R+1","Defend_R+1","Evolve+1","Pommel Strike+1","ReplayReversal+1","Barricade+1","Iron Wave+1","Body Slam+1","Body Slam+1","Demonic Infusion+1","Battle Trance+1","Shrug It Off+1","Entrench+1"],"relics":["Painkiller Herb","Omamori","Nunchaku","Gremlin Food","Replay:Grab Bag","ReplayTheSpireMod:DimensionalGlitch","Cursed Key","Replay:Drink Me","Oddly Smooth Stone","Toxic Egg 2","Replay:Bronze Core","Replay:Rubber Ducky","InkBottle","Orichalcum","Replay:Kaleidoscope"],"acts_visited":["Exordium","TheCity","TheBeyond","TheEnding"],"potions_floor_usage":[11,13],"damage_taken":[{"damage":7,"enemies":"Small Slimes","floor":1,"turns":3},{"damage":1,"enemies":"Cultist","floor":5,"turns":3},{"damage":7,"enemies":"Jaw Worm","floor":7,"turns":2},{"damage":8,"enemies":"Red Slaver","floor":10,"turns":3},{"damage":20,"enemies":"3 Sentries","floor":11,"turns":6},{"damage":20,"enemies":"Lagavulin","floor":13,"turns":6},{"damage":34,"enemies":"Slime Boss","floor":16,"turns":10},{"damage":0,"enemies":"Chosen","floor":18,"turns":4},{"damage":0,"enemies":"Shell Parasite","floor":20,"turns":6},{"damage":0,"enemies":"Cultist and Chosen","floor":22,"turns":7},{"damage":0,"enemies":"Book of Stabbing","floor":24,"turns":5},{"damage":0,"enemies":"Snake Plant","floor":25,"turns":2},{"damage":0,"enemies":"Replay:Snechameleon","floor":27,"turns":5},{"damage":0,"enemies":"Snecko","floor":28,"turns":3},{"damage":0,"enemies":"Centurion and Healer","floor":30,"turns":4},{"damage":0,"enemies":"Automaton","floor":33,"turns":6},{"damage":0,"enemies":"3 Darklings","floor":35,"turns":4},{"damage":0,"enemies":"Orb Walker","floor":37,"turns":2},{"damage":0,"enemies":"Maw","floor":38,"turns":4},{"damage":0,"enemies":"Spire Growth","floor":39,"turns":2},{"damage":0,"enemies":"Reptomancer","floor":41,"turns":4},{"damage":0,"enemies":"Sphere and 2 Shapes","floor":45,"turns":3},{"damage":0,"enemies":"3 Darklings","floor":46,"turns":3},{"damage":0,"enemies":"Jaw Worm Horde","floor":47,"turns":3},{"damage":0,"enemies":"Maw","floor":48,"turns":3},{"damage":0,"enemies":"Time Eater","floor":50,"turns":5},{"damage":0,"enemies":"Shield and Spear","floor":54,"turns":2},{"damage":0,"enemies":"The Heart","floor":55,"turns":5}],"seed_played":"7349739651763606248","potions_obtained":[{"floor":1,"key":"ColorlessPotion"},{"floor":7,"key":"Weak Potion"},{"floor":16,"key":"BlessingOfTheForge"},{"floor":20,"key":"Weak Potion"},{"floor":24,"key":"GamblersBrew"},{"floor":27,"key":"Fire Potion"},{"floor":30,"key":"Block Potion"},{"floor":37,"key":"SpeedPotion"},{"floor":38,"key":"Adrenaline Potion"}],"is_trial":false,"path_per_floor":["?","?","?","T","?","T","?","T","T","?","E","T","E","T","T","B",null,"?","T","?","T","?","T","E","?","T","E","?","T","?","T","T","B",null,"?","?","?","?","?","T","E","T","T","T","?","?","?","?","T","B",null,"T","T","E","B",null],"character_chosen":"IRONCLAD","items_purchased":["ReplayReversal","Armaments+1"],"campfire_rested":1,"item_purchase_floors":[14,31],"current_hp_per_floor":[73,73,73,73,72,72,65,65,65,57,37,37,17,17,41,7,60,60,60,60,60,60,60,60,60,60,60,60,60,60,60,60,60,60,60,70,70,70,70,70,70,70,70,70,70,70,70,70,70,70,70,70,70,70,70],"gold":112,"neow_bonus":"BOSS_RELIC","is_daily":false,"chose_seed":false,"campfire_upgraded":7,"win_rate":0.0,"timestamp":1612986867,"path_taken":["?","?","?","T","?","T","?","T","T","?","E","?","E","T","T","BOSS","?","?","?","T","?","T","E","?","T","E","?","T","?","T","T","BOSS","?","?","?","?","?","T","E","T","T","T","?","?","?","?","T","BOSS","T","T","E","BOSS"],"items_purchased_type":["Card","Card"],"build_version":"2020-12-22","purchased_purges":5,"victory":true,"max_hp_per_floor":[80,80,80,80,80,80,80,80,80,80,80,80,80,80,80,80,60,60,60,60,60,60,60,60,60,60,60,60,60,60,60,60,60,60,60,70,70,70,70,70,70,70,70,70,70,70,70,70,70,70,70,70,70,70,70],"card_choices":[{"not_picked":["Whirlwind","Defy Death"],"picked":"Evolve","floor":1},{"not_picked":["Spot Weakness","Searing Blow"],"picked":"Anger","floor":5},{"not_picked":["Life Link","Bloodletting","Replay:Undeath\u0027s Touch"],"picked":"SKIP","floor":7},{"not_picked":["Perfected Strike","Cleave","Carnage"],"picked":"SKIP","floor":10},{"not_picked":["Wild Strike","Sever Soul"],"picked":"Exhume","floor":11},{"not_picked":["Clothesline","Second Wind"],"picked":"Pommel Strike","floor":13},{"not_picked":["Immolate","Demonic Infusion"],"picked":"Barricade","floor":16},{"not_picked":["Twin Strike","Entrench"],"picked":"Iron Wave+1","floor":18},{"not_picked":["Anger","Replay:Undeath\u0027s Touch","Run Through"],"picked":"SKIP","floor":20},{"not_picked":["Cleave","Barricade"],"picked":"Body Slam+1","floor":22},{"not_picked":["Carnage","ReplayTheSpireMod:Limb From Limb","Sword Boomerang"],"picked":"SKIP","floor":24},{"not_picked":["Life Link+1","Clash","ReplayTheSpireMod:Corrosion Curse"],"picked":"SKIP","floor":25},{"not_picked":["Spot Weakness+1","Uppercut+1","Sword Boomerang"],"picked":"SKIP","floor":27},{"not_picked":["Havoc+1","Clash+1","Intimidate+1"],"picked":"SKIP","floor":28},{"not_picked":["Defy Death+1","Berserk"],"picked":"Body Slam","floor":30},{"not_picked":["Reaper","Immolate"],"picked":"Demonic Infusion+1","floor":33},{"not_picked":["Armaments+1","Perfected Strike+1","Flex+1"],"picked":"SKIP","floor":35},{"not_picked":["Clash","Massacre+1"],"picked":"Battle Trance+1","floor":37},{"not_picked":["Sever Soul","Headbutt","Clash"],"picked":"SKIP","floor":38},{"not_picked":["Twin Strike","Abandon+1","Clash+1"],"picked":"SKIP","floor":39},{"not_picked":["Clothesline+1","Double Tap+1"],"picked":"Shrug It Off+1","floor":41},{"not_picked":["Iron Wave","Cleave+1","Twin Strike"],"picked":"SKIP","floor":45},{"not_picked":["Rampage","Reckless Charge","Body Slam"],"picked":"SKIP","floor":46},{"not_picked":["Clothesline","Armaments+1","True Grit+1"],"picked":"SKIP","floor":47},{"not_picked":["Sentinel+1","Thunderclap+1","Power Through+1"],"picked":"SKIP","floor":48},{"not_picked":["Massacre","Second Wind+1"],"picked":"Entrench+1","floor":54}],"player_experience":254570,"relics_obtained":[{"floor":9,"key":"Omamori"},{"floor":11,"key":"Nunchaku"},{"floor":13,"key":"Gremlin Food"},{"floor":24,"key":"Oddly Smooth Stone"},{"floor":27,"key":"Toxic Egg 2"},{"floor":41,"key":"Replay:Rubber Ducky"},{"floor":43,"key":"InkBottle"},{"floor":49,"key":"Orichalcum"},{"floor":54,"key":"Replay:Kaleidoscope"}],"event_choices":[{"cards_removed":["Defy Death"],"damage_healed":0,"gold_gain":0,"player_choice":"Purged","damage_taken":0,"max_hp_gain":0,"max_hp_loss":0,"event_name":"Purifier","floor":3,"gold_loss":0},{"cards_removed":["Exhume"],"damage_healed":0,"gold_gain":0,"player_choice":"Offered Rare","damage_taken":0,"max_hp_gain":10,"max_hp_loss":0,"event_name":"Bonfire Elementals","floor":36,"gold_loss":0}],"is_beta":false,"boss_relics":[{"not_picked":["Busted Crown","Replay:Wanted Poster"],"picked":"Replay:Grab Bag"},{"not_picked":["Sozu","Mark of Pain"],"picked":"ReplayTheSpireMod:DimensionalGlitch"},{"not_picked":["Electric Blood","Philosopher\u0027s Stone"],"picked":"Cursed Key"},{"not_picked":["SlaversCollar","Pandora\u0027s Box"],"picked":"Replay:Drink Me"},{"not_picked":["Abe\u0027s Treasure","Runic Cube"],"picked":"Replay:Bronze Core"}],"items_purged_floors":[4,12,19,31,44],"is_endless":false,"potions_floor_spawned":[1,7,16,20,24,27,30,37,38,46,47,48,54],"ascension_level":3}}