{"host":"vlqejv0notyktumz","time":1612985594,"event":{"mods":["AchievementEnabler","BaseMod","Colored Map","Colored Powertips","Downfall","Googly Eyes","Minty Spire (QoL Compilation)","StSLib"],"gold_per_floor":[110,60,60,12,12,12,46,46,46,60,60,60,78,88,88,186,186,199,124,42,42,54,54,54,54],"floor_reached":24,"language":"ENG","playtime":447,"items_purged":[],"score":298,"play_id":"2b99acb3-269f-4cee-9551-6c18dd525d81","local_time":"20210210133314","is_ascension_mode":true,"campfire_choices":[{"data":"Beam Cell","floor":6,"key":"SMITH"},{"data":"Reinforced Body","floor":8,"key":"SMITH"},{"data":"Steam","floor":11,"key":"SMITH"},{"floor":15,"key":"REST"},{"data":"Creative AI","floor":23,"key":"SMITH"}],"circlet_count":0,"master_deck":["AscendersBane","Zap+1","Dualcast","Streamline+1","Beam Cell+1","Reinforced Body+1","Steam+1","Beam Cell","FTL","Creative AI+1","Redo","Amplify","Echo Form","Ball Lightning","Capacitor","Core Surge","Coolheaded+1","Bandage Up","Self Repair"],"relics":["Cracked Core","Juzu Bracelet","HornCleat","Shuriken","Pandora\u0027s Box"],"acts_visited":["Exordium","TheCity"],"potions_floor_usage":[16,18,24],"damage_taken":[{"damage":2,"enemies":"Jaw Worm","floor":1,"turns":3},{"damage":35,"enemies":"Gremlin Nob","floor":7,"turns":4},{"damage":0,"enemies":"Cultist","floor":10,"turns":3},{"damage":0,"enemies":"Small Slimes","floor":13,"turns":3},{"damage":6,"enemies":"Looter","floor":14,"turns":3},{"damage":19,"enemies":"The Guardian","floor":16,"turns":10},{"damage":12,"enemies":"3 Byrds","floor":18,"turns":5},{"damage":8,"enemies":"2 Thieves","floor":22,"turns":4},{"damage":32,"enemies":"Gremlin Leader","floor":24,"turns":6}],"seed_played":"-245503531822934875","potions_obtained":[{"floor":13,"key":"FocusPotion"},{"floor":14,"key":"Guardian:BlockOnCardUsePotion"},{"floor":16,"key":"Dexterity Potion"}],"is_trial":false,"path_per_floor":["M","?","?","$","?","R","E","R","T","M","R","?","M","M","R","B",null,"M","?","$","?","M","R","E"],"character_chosen":"DEFECT","items_purchased":["Beam Cell","Bandage Up"],"campfire_rested":1,"item_purchase_floors":[4,20],"current_hp_per_floor":[66,66,66,66,66,66,31,31,31,31,31,31,31,25,47,28,63,51,51,51,45,41,41,13,13],"gold":54,"neow_bonus":"RANDOM_COMMON_RELIC","is_daily":false,"chose_seed":false,"campfire_upgraded":4,"win_rate":0.0,"timestamp":1612985594,"path_taken":["M","?","?","$","?","R","E","R","T","M","R","?","M","M","R","BOSS","M","?","$","?","M","R","E"],"items_purchased_type":["Card","Card"],"build_version":"2020-12-22","purchased_purges":0,"victory":false,"max_hp_per_floor":[75,75,75,75,75,75,75,75,75,75,75,75,75,75,75,75,75,75,75,75,75,75,75,75,75],"card_choices":[{"not_picked":["Stack","Go for the Eyes"],"picked":"Streamline","floor":1},{"not_picked":["Sweeping Beam","Capacitor"],"picked":"Reinforced Body","floor":7},{"not_picked":["Compile Driver","Steam Power"],"picked":"Steam","floor":10},{"not_picked":["Reprogram","BootSequence"],"picked":"Beam Cell","floor":13},{"not_picked":["Double Energy","Steam Power"],"picked":"FTL","floor":14},{"not_picked":["All For One","Machine Learning"],"picked":"Creative AI","floor":16},{"not_picked":["Auto Shields+1","Genetic Algorithm"],"picked":"Coolheaded+1","floor":18},{"not_picked":["Skim","Leap+1"],"picked":"Self Repair","floor":22}],"player_experience":415227,"relics_obtained":[{"floor":7,"key":"HornCleat"},{"floor":9,"key":"Shuriken"}],"event_choices":[{"cards_removed":["Strike_B"],"damage_healed":0,"gold_gain":0,"player_choice":"Card Removal","damage_taken":0,"max_hp_gain":0,"max_hp_loss":0,"event_name":"The Cleric","floor":2,"gold_loss":50},{"damage_healed":0,"gold_gain":0,"player_choice":"Upgraded","damage_taken":0,"max_hp_gain":0,"max_hp_loss":0,"event_name":"Upgrade Shrine","floor":3,"gold_loss":0,"cards_upgraded":["Streamline"]},{"damage_healed":0,"gold_gain":0,"player_choice":"Ignored","damage_taken":0,"max_hp_gain":0,"max_hp_loss":0,"event_name":"Liars Game","floor":5,"gold_loss":0},{"damage_healed":0,"gold_gain":0,"player_choice":"Grow","damage_taken":0,"max_hp_gain":0,"max_hp_loss":0,"event_name":"Living Wall","floor":12,"gold_loss":0,"cards_upgraded":["Zap"]},{"cards_removed":["Rainbow"],"damage_healed":0,"gold_gain":0,"player_choice":"Gave Gold","damage_taken":0,"max_hp_gain":0,"max_hp_loss":0,"event_name":"Beggar","floor":19,"gold_loss":75},{"damage_healed":0,"gold_gain":0,"player_choice":"","damage_taken":6,"max_hp_gain":0,"max_hp_loss":0,"event_name":"Knowing Skull","floor":21,"potions_obtained":[],"gold_loss":0,"cards_obtained":[]}],"is_beta":false,"boss_relics":[{"not_picked":["Astrolabe","Coffee Dripper"],"picked":"Pandora\u0027s Box"}],"items_purged_floors":[],"is_endless":false,"potions_floor_spawned":[13,14,16],"killed_by":"Gremlin Leader","ascension_level":11}}