{"host":"gc0hqzwg2gd3zszy","time":1612951105,"event":{"mods":["BaseMod","DeckTracker","Minty Spire (QoL Compilation)","Relic Stats","SuperFastMode"],"gold_per_floor":[109,123,137,154,173,203,203,203,228,255,265,291,306,4,4,77,77,96,116,87,87,87],"floor_reached":21,"language":"KOR","playtime":814,"items_purged":["Zap"],"score":456,"play_id":"8fe7a0a3-18bc-42be-8ee9-792ad5aa8e42","local_time":"20210210185825","is_ascension_mode":true,"campfire_choices":[{"floor":7.0,"key":"REST"},{"data":"Hello World","floor":15.0,"key":"SMITH"}],"circlet_count":0,"master_deck":["AscendersBane","Strike_B","Strike_B","Strike_B","Strike_B","Defend_B","Defend_B","Defend_B","Defend_B","Dualcast","Compile Driver","Rebound","Conserve Battery","Hyperbeam+1","Go for the Eyes","Steam","Gash","Streamline","Scrape","Conserve Battery","Rebound","Hello World+1","Leap","Gash","Seek","Conserve Battery","Defragment","Hologram"],"relics":["Cracked Core","Du-Vu Doll","PreservedInsect","Strawberry","Bag of Marbles","Black Star"],"acts_visited":["Exordium","TheCity"],"potions_floor_usage":[16,16,19,21],"damage_taken":[{"damage":0.0,"enemies":"Cultist","floor":1.0,"turns":3.0},{"damage":4.0,"enemies":"Jaw Worm","floor":2.0,"turns":3.0},{"damage":5.0,"enemies":"Small Slimes","floor":3.0,"turns":3.0},{"damage":24.0,"enemies":"Exordium Thugs","floor":4.0,"turns":4.0},{"damage":1.0,"enemies":"Exordium Wildlife","floor":5.0,"turns":2.0},{"damage":26.0,"enemies":"Lagavulin","floor":6.0,"turns":7.0},{"damage":0.0,"enemies":"Gremlin Nob","floor":10.0,"turns":2.0},{"damage":0.0,"enemies":"Blue Slaver","floor":11.0,"turns":2.0},{"damage":15.0,"enemies":"Lagavulin","floor":12.0,"turns":4.0},{"damage":1.0,"enemies":"Looter","floor":13.0,"turns":2.0},{"damage":23,"enemies":"The Guardian","floor":16,"turns":12},{"damage":21,"enemies":"Shell Parasite","floor":18,"turns":6},{"damage":15,"enemies":"2 Thieves","floor":19,"turns":3},{"damage":31,"enemies":"Chosen and Byrds","floor":21,"turns":5}],"seed_played":"-2032320521947716878","potions_obtained":[{"floor":4.0,"key":"SteroidPotion"},{"floor":5.0,"key":"Dexterity Potion"},{"floor":13.0,"key":"BlessingOfTheForge"},{"floor":16,"key":"ColorlessPotion"},{"floor":18,"key":"Strength Potion"},{"floor":19,"key":"SpeedPotion"}],"is_trial":false,"path_per_floor":["M","M","M","M","M","E","R","?","T","E","M","E","M","$","R","B",null,"M","M","$","M"],"character_chosen":"DEFECT","items_purchased":["Hello World","Leap","Regen Potion","Gash","Hologram"],"campfire_rested":1,"item_purchase_floors":[14,14,14,14,20],"current_hp_per_floor":[64,60,55,31,30,4,25,25,25,32,32,17,16,16,16,8,61,40,25,25,0,0],"gold":87,"neow_bonus":"THREE_CARDS","is_daily":false,"chose_seed":false,"campfire_upgraded":1,"win_rate":0.0,"timestamp":1612951105,"path_taken":["M","M","M","M","?","E","R","?","T","E","M","E","M","$","R","BOSS","M","M","$","M"],"items_purchased_type":["Card","Card","Potion","Card","Card"],"build_version":"2020-12-22","purchased_purges":1,"victory":false,"max_hp_per_floor":[71,71,71,71,71,71,71,71,71,78,78,78,78,78,78,78,78,78,78,78,78,78],"relic_stats":{"counters":[14,58],"PreservedInsect":51,"Black Star":0,"obtain_stats":[{"Du-Vu Doll":6,"Strawberry":10,"PreservedInsect":9,"Bag of Marbles":12,"Black Star":17,"Cracked Core":0},{"Du-Vu Doll":6,"Strawberry":7,"PreservedInsect":6,"Bag of Marbles":9,"Black Star":11,"Cracked Core":0},{"Du-Vu Doll":22,"Strawberry":24,"PreservedInsect":22,"Bag of Marbles":30,"Black Star":44,"Cracked Core":0}]},"card_choices":[{"not_picked":["Darkness","Conserve Battery"],"picked":"Compile Driver","floor":0.0},{"not_picked":["Redo","Streamline"],"picked":"Rebound","floor":1.0},{"not_picked":["Streamline","Compile Driver"],"picked":"Conserve Battery","floor":2.0},{"not_picked":["Streamline","Consume"],"picked":"Hyperbeam","floor":3.0},{"not_picked":["Chaos","Barrage"],"picked":"Go for the Eyes","floor":4.0},{"not_picked":["Static Discharge","Force Field"],"picked":"Steam","floor":5.0},{"not_picked":["Steam","Melter"],"picked":"Gash","floor":6.0},{"not_picked":["Barrage","Ball Lightning"],"picked":"Streamline","floor":10.0},{"not_picked":["Heatsinks","Blizzard"],"picked":"Scrape","floor":11.0},{"not_picked":["Genetic Algorithm","Self Repair"],"picked":"Conserve Battery","floor":12.0},{"not_picked":["Genetic Algorithm","Ball Lightning"],"picked":"Rebound","floor":13.0},{"not_picked":["Buffer","Fission"],"picked":"Seek","floor":16},{"not_picked":["Barrage+1","Cold Snap"],"picked":"Conserve Battery","floor":18},{"not_picked":["Loop","Redo+1"],"picked":"Defragment","floor":19}],"player_experience":1389428,"relics_obtained":[{"floor":6.0,"key":"Du-Vu Doll"},{"floor":9.0,"key":"PreservedInsect"},{"floor":10.0,"key":"Strawberry"},{"floor":12.0,"key":"Bag of Marbles"}],"event_choices":[{"damage_healed":0.0,"max_hp_gain":0.0,"max_hp_loss":0.0,"gold_gain":0.0,"event_name":"Living Wall","player_choice":"Grow","floor":8.0,"gold_loss":0.0,"damage_taken":0.0,"cards_upgraded":["Hyperbeam"]}],"is_beta":false,"boss_relics":[{"not_picked":["Empty Cage","Coffee Dripper"],"picked":"Black Star"}],"items_purged_floors":[14],"is_endless":false,"potions_floor_spawned":[4,5,13,16,18,19],"killed_by":"Chosen and Byrds","ascension_level":20}}