{"host":"36t3qd3wjvajtu1z","time":1612997178,"event":{"mods":["2.2 Compatiblity","AchievementEnabler","BaseMod","Bestiary","Block Reminder","Colored Powertips","Curses Come First","Highlight Path","Minty Spire (QoL Compilation)","Permanent Neow","Quick Restart","Random Character Button","Rare Cards Sparkle","Relic Stats","Slay-I","StSLib","Unknown Chances"],"gold_per_floor":[115,115,133,152,167,167,201,201,201,201,126,126,146,158,158,234,234,252,54,70,70,70,95,95,109,109,143,46,46,46,56,56,134,134,147,198,198,223,236,236,271,290,290,21,21,21,21,52,52,52,52,52],"floor_reached":51,"language":"ENG","playtime":3040,"items_purged":["Defend_G"],"score":1482,"play_id":"bff9e175-dbd7-450e-ab1d-be3b59379029","local_time":"20210210144618","is_ascension_mode":true,"campfire_choices":[{"data":"Neutralize","floor":6.0,"key":"SMITH"},{"floor":12.0,"key":"REST"},{"floor":15.0,"key":"REST"},{"data":"Apotheosis","floor":24.0,"key":"SMITH"},{"data":"Enlightenment","floor":29.0,"key":"SMITH"},{"floor":32.0,"key":"REST"},{"floor":40.0,"key":"REST"},{"data":"Setup","floor":46.0,"key":"SMITH"},{"data":"Night Terror","floor":49.0,"key":"SMITH"}],"circlet_count":0,"master_deck":["AscendersBane","Strike_G+1","Defend_G","Defend_G","Defend_G","Survivor","Neutralize+1","Bouncing Flask","Adrenaline+1","Quick Slash","Blade Dance","Dagger Throw","Eviscerate","Underhanded Strike","PiercingWail","Burst","Accuracy","Apotheosis+1","Calculated Gamble","Tactician","Eviscerate","Predator","Setup+1","Acrobatics","Enlightenment+1","Catalyst","Die Die Die","Acrobatics+1","Infinite Blades","Venomology","Catalyst","Blade Dance","Night Terror+1"],"relics":["Ring of the Snake","Anchor","Letter Opener","Juzu Bracelet","Cursed Key","Tingsha","Incense Burner","WristBlade","Unceasing Top","Thread and Needle","MealTicket","Lee\u0027s Waffle","Happy Flower"],"acts_visited":["Exordium","TheCity","TheBeyond"],"potions_floor_usage":[51,51],"damage_taken":[{"damage":0.0,"enemies":"Jaw Worm","floor":1.0,"turns":3.0},{"damage":0.0,"enemies":"2 Louse","floor":3.0,"turns":2.0},{"damage":4.0,"enemies":"Small Slimes","floor":4.0,"turns":2.0},{"damage":0.0,"enemies":"Looter","floor":5.0,"turns":3.0},{"damage":15.0,"enemies":"Lagavulin","floor":7.0,"turns":4.0},{"damage":4.0,"enemies":"Blue Slaver","floor":13.0,"turns":3.0},{"damage":0.0,"enemies":"2 Fungi Beasts","floor":14.0,"turns":2.0},{"damage":15.0,"enemies":"The Guardian","floor":16.0,"turns":9.0},{"damage":1.0,"enemies":"Shell Parasite","floor":18.0,"turns":3.0},{"damage":0.0,"enemies":"Spheric Guardian","floor":20.0,"turns":1.0},{"damage":6.0,"enemies":"Slavers","floor":23.0,"turns":6.0},{"damage":0.0,"enemies":"Snake Plant","floor":25.0,"turns":2.0},{"damage":17.0,"enemies":"Gremlin Leader","floor":27.0,"turns":5.0},{"damage":18.0,"enemies":"Sentry and Sphere","floor":31.0,"turns":4.0},{"damage":12.0,"enemies":"Champ","floor":33.0,"turns":5.0},{"damage":0.0,"enemies":"3 Darklings","floor":35.0,"turns":2.0},{"damage":13.0,"enemies":"2 Orb Walkers","floor":36.0,"turns":3.0},{"damage":10.0,"enemies":"Mind Bloom Boss Battle","floor":38.0,"turns":4.0},{"damage":0.0,"enemies":"Orb Walker","floor":39.0,"turns":2.0},{"damage":10.0,"enemies":"Nemesis","floor":41.0,"turns":3.0},{"damage":0.0,"enemies":"Transient","floor":42.0,"turns":6.0},{"damage":1.0,"enemies":"Giant Head","floor":48.0,"turns":4.0},{"damage":27.0,"enemies":"Awakened One","floor":50.0,"turns":7.0},{"damage":26,"enemies":"Time Eater","floor":51,"turns":5}],"seed_played":"5851266608396300754","potions_obtained":[{"floor":5.0,"key":"DuplicationPotion"},{"floor":7.0,"key":"Poison Potion"},{"floor":14.0,"key":"Swift Potion"},{"floor":16.0,"key":"Block Potion"},{"floor":20.0,"key":"LiquidBronze"},{"floor":25.0,"key":"DistilledChaos"},{"floor":27.0,"key":"EssenceOfSteel"},{"floor":33.0,"key":"Swift Potion"},{"floor":35.0,"key":"Poison Potion"},{"floor":36.0,"key":"CunningPotion"},{"floor":41.0,"key":"DistilledChaos"}],"is_trial":false,"path_per_floor":["M","?","M","M","M","R","E","?","T","?","?","R","M","M","R","B",null,"M","$","M","?","?","E","R","M","T","E","$","R","?","M","R","B",null,"M","?","?","?","M","R","E","M","T","$","?","R","$","E","R","B","B"],"character_chosen":"THE_SILENT","items_purchased":["Apotheosis","Enlightenment","Lee\u0027s Waffle","Blade Dance"],"campfire_rested":4,"item_purchase_floors":[19,28,44,44],"current_hp_per_floor":[59,41,41,37,37,37,22,4,4,4,4,22,18,18,36,21,50,49,49,49,49,49,43,43,43,43,26,26,26,26,8,26,14,49,49,36,36,26,26,44,34,34,34,67,64,64,64,63,63,36,10,10],"gold":52,"neow_bonus":"TRANSFORM_TWO_CARDS","is_daily":false,"chose_seed":false,"campfire_upgraded":5,"win_rate":0.0,"timestamp":1612997178,"path_taken":["M","?","M","M","M","R","E","?","T","?","?","R","M","M","R","BOSS","M","$","M","?","?","E","R","M","T","E","$","R","?","M","R","BOSS","M","?","?","?","M","R","E","M","T","?","?","R","$","E","R","BOSS","BOSS"],"items_purchased_type":["Card","Card","Relic","Card"],"build_version":"2020-12-22","purchased_purges":1,"victory":false,"max_hp_per_floor":[60,60,60,60,60,60,60,60,60,60,60,60,60,60,60,60,60,60,60,60,60,60,60,60,60,60,60,60,60,60,60,60,60,60,60,60,60,60,60,60,60,60,60,67,64,64,64,64,64,64,64,64],"relic_stats":{"Lee\u0027s Waffle":18,"Happy Flower":[4],"counters":[24,90],"Tingsha":[286],"MealTicket":15,"Juzu Bracelet":2,"Letter Opener":[357],"Cursed Key":0,"obtain_stats":[{"Lee\u0027s Waffle":44,"Happy Flower":48,"Tingsha":23,"Thread and Needle":38,"Juzu Bracelet":9,"Incense Burner":27,"Letter Opener":8,"Cursed Key":17,"Anchor":7,"WristBlade":34,"MealTicket":41,"Unceasing Top":36,"Ring of the Snake":0},{"Lee\u0027s Waffle":21,"Happy Flower":22,"Tingsha":11,"Thread and Needle":18,"Juzu Bracelet":5,"Incense Burner":13,"Letter Opener":5,"Cursed Key":8,"Anchor":5,"WristBlade":15,"MealTicket":20,"Unceasing Top":17,"Ring of the Snake":0},{"Lee\u0027s Waffle":74,"Happy Flower":78,"Tingsha":38,"Thread and Needle":63,"Juzu Bracelet":14,"Incense Burner":45,"Letter Opener":14,"Cursed Key":28,"Anchor":14,"WristBlade":54,"MealTicket":68,"Unceasing Top":59,"Ring of the Snake":0}],"Unceasing Top":[13],"Ring of the Snake":[48]},"card_choices":[{"not_picked":["Backflip","Flying Knee"],"picked":"Quick Slash","floor":1.0},{"not_picked":["Bane","Blur"],"picked":"Blade Dance","floor":3.0},{"not_picked":["Underhanded Strike","Bouncing Flask","Heel Hook"],"picked":"SKIP","floor":4.0},{"not_picked":["Quick Slash","Endless Agony"],"picked":"Dagger Throw","floor":5.0},{"not_picked":["Acrobatics","Dagger Throw"],"picked":"Eviscerate","floor":7.0},{"not_picked":["Sucker Punch","Flying Knee"],"picked":"Underhanded Strike","floor":13.0},{"not_picked":["Masterful Stab","Underhanded Strike"],"picked":"PiercingWail","floor":14.0},{"not_picked":["Night Terror","Malaise"],"picked":"Burst","floor":16.0},{"not_picked":["Endless Agony","Choke"],"picked":"Accuracy","floor":18.0},{"not_picked":["Blur","Caltrops"],"picked":"Calculated Gamble","floor":20.0},{"not_picked":["Bane","Skewer"],"picked":"Predator","floor":23.0},{"not_picked":["Bouncing Flask","Heel Hook"],"picked":"Setup","floor":25.0},{"not_picked":["Masterful Stab+1","Dagger Throw"],"picked":"Acrobatics","floor":27.0},{"not_picked":["Predator","Blade Dance"],"picked":"Catalyst","floor":31.0},{"not_picked":["Glass Knife","Burst"],"picked":"Die Die Die","floor":33.0},{"not_picked":["Deadly Poison","Poisoned Stab","Dagger Spray"],"picked":"SKIP","floor":35.0},{"not_picked":["PiercingWail+1","Deflect"],"picked":"Acrobatics+1","floor":36.0},{"not_picked":["Deadly Poison","Noxious Fumes"],"picked":"Infinite Blades","floor":39.0},{"not_picked":["Choke","Dodge and Roll"],"picked":"Venomology","floor":41.0},{"not_picked":["PiercingWail","Prepared"],"picked":"Catalyst","floor":42.0},{"not_picked":["Quick Slash","Prepared+1"],"picked":"Night Terror","floor":48.0}],"player_experience":467299,"relics_obtained":[{"floor":7.0,"key":"Anchor"},{"floor":9.0,"key":"Juzu Bracelet"},{"floor":23.0,"key":"Tingsha"},{"floor":27.0,"key":"Incense Burner"},{"floor":36.0,"key":"Unceasing Top"},{"floor":38.0,"key":"Thread and Needle"},{"floor":41.0,"key":"MealTicket"},{"floor":48.0,"key":"Happy Flower"}],"event_choices":[{"damage_healed":0.0,"max_hp_gain":0.0,"max_hp_loss":0.0,"gold_gain":0.0,"event_name":"Shining Light","player_choice":"Entered Light","floor":2.0,"gold_loss":0.0,"damage_taken":18.0,"cards_upgraded":["Adrenaline","Strike_G"]},{"damage_healed":0.0,"max_hp_gain":0.0,"max_hp_loss":0.0,"gold_gain":0.0,"event_name":"Scrap Ooze","player_choice":"Success","floor":8.0,"gold_loss":0.0,"damage_taken":18.0,"relics_obtained":["Letter Opener"]},{"damage_healed":0.0,"max_hp_gain":0.0,"max_hp_loss":0.0,"gold_gain":0.0,"event_name":"Dead Adventurer","player_choice":"Searched \u00270\u0027 times","floor":10.0,"gold_loss":0.0,"damage_taken":0.0},{"cards_removed":["Strike_G"],"damage_healed":0.0,"max_hp_gain":0.0,"max_hp_loss":0.0,"gold_gain":0.0,"event_name":"The Cleric","player_choice":"Card Removal","floor":11.0,"gold_loss":75.0,"damage_taken":0.0},{"damage_healed":0.0,"max_hp_gain":0.0,"max_hp_loss":0.0,"gold_gain":0.0,"cards_transformed":["Strike_G","Defend_G"],"event_name":"Drug Dealer","player_choice":"Became Test Subject","floor":21.0,"gold_loss":0.0,"damage_taken":0.0,"cards_obtained":["Tactician","Eviscerate"]},{"damage_healed":0.0,"max_hp_gain":0.0,"max_hp_loss":0.0,"gold_gain":0.0,"event_name":"Vampires","player_choice":"Ignored","floor":30.0,"gold_loss":0.0,"damage_taken":0.0},{"damage_healed":0.0,"max_hp_gain":0.0,"max_hp_loss":0.0,"gold_gain":0.0,"event_name":"Mysterious Sphere","player_choice":"Fight","floor":36.0,"gold_loss":0.0,"damage_taken":0.0},{"damage_healed":0.0,"max_hp_gain":0.0,"max_hp_loss":0.0,"gold_gain":0.0,"event_name":"SensoryStone","player_choice":"Memory 1","floor":37.0,"gold_loss":0.0,"damage_taken":0.0},{"damage_healed":0.0,"max_hp_gain":0.0,"max_hp_loss":0.0,"gold_gain":0.0,"event_name":"MindBloom","player_choice":"Fight","floor":38.0,"gold_loss":0.0,"damage_taken":0.0},{"damage_healed":0.0,"max_hp_gain":0.0,"max_hp_loss":3.0,"gold_gain":0.0,"event_name":"Winding Halls","player_choice":"Max HP","floor":45.0,"gold_loss":0.0,"damage_taken":0.0}],"is_beta":false,"boss_relics":[{"not_picked":["Sozu","Ectoplasm"],"picked":"Cursed Key"},{"not_picked":["Runic Dome","Empty Cage"],"picked":"WristBlade"}],"items_purged_floors":[44],"is_endless":false,"potions_floor_spawned":[5,7,14,16,20,25,27,33,35,36,41,48],"killed_by":"Time Eater","ascension_level":20}}