{"host":"qs9tt0idvebcxhcs","time":1612917026,"event":{"mods":["BaseMod","Downfall","Friendly Minions","Highlight Path","Minty Spire (QoL Compilation)","StSLib","Synergy Search","The Administrix"],"gold_per_floor":[99,99,99,99,99,149,449,51,51,70,83,133,265,278,288,390,390,390,405,455,517,534,566,566,595,595,654,704,724,724,746,767,767,767,767],"floor_reached":33,"language":"ENG","playtime":2796,"items_purged":[],"score":282,"play_id":"27b985fd-b9f5-4120-8f9a-a1900f28ec42","local_time":"20210210103026","is_ascension_mode":false,"campfire_choices":[{"data":"Slimebound:Split","floor":1.0,"key":"SMITH"},{"data":"Slimebound:GoopSpray","floor":9.0,"key":"SMITH"},{"data":"Slimebound:OozeBath","floor":18.0,"key":"SMITH"},{"data":"Slimebound:GoopTackle","floor":26.0,"key":"SMITH"},{"floor":30,"key":"REST"}],"circlet_count":0,"master_deck":["Slimebound:Strike_Slimebound","Slimebound:Strike_Slimebound+1","Slimebound:Strike_Slimebound","Slimebound:Tackle","Slimebound:Defend_Slimebound","Slimebound:Defend_Slimebound","Slimebound:Defend_Slimebound+1","Slimebound:Defend_Slimebound","Slimebound:Split+1","Slimebound:CorrosiveSpit","Slimebound:LeadByExample","Slimebound:GoopTackle+1","Slimebound:Dissolve","Slimebound:Schlurp","Slimebound:GoopSpray+1","Slimebound:LivingWall+1","Slimebound:ForwardTackle","Slimebound:Split+1","Slimebound:ProtectTheBoss","Slimebound:AcidTongue","downfall:Malfunctioning","Slimebound:LeechingTouch","Slimebound:SplitLeeching","Slimebound:OozeBath+1","Slimebound:LeechingTouch+1","Slimebound:HauntingLick","Slimebound:ComboTackle","Slimebound:AcidTongue","Slimebound:Replication+1","Slimebound:CheckThePlaybook","Slimebound:RallyTheTroops","Slimebound:SamplingLick+1","Slimebound:ViciousTackle"],"relics":["Slimebound:AbsorbEndCombat","downfall:HeartsMalice","SsserpentHead","Old Coin","DollysMirror","Lantern","Runic Pyramid","Smiling Mask","CeramicFish"],"acts_visited":["Exordium","TheCity"],"potions_floor_usage":[32],"damage_taken":[{"damage":0.0,"enemies":"Jaw Worm","floor":2.0,"turns":1.0},{"damage":0.0,"enemies":"Small Slimes","floor":3.0,"turns":1.0},{"damage":0.0,"enemies":"Cultist","floor":6.0,"turns":1.0},{"damage":25.0,"enemies":"downfall:FleeingMerchant","floor":8.0,"turns":4.0},{"damage":9.0,"enemies":"Lots of Slimes","floor":10.0,"turns":2.0},{"damage":11.0,"enemies":"3 Louse","floor":11.0,"turns":3.0},{"damage":5.0,"enemies":"Blue Slaver","floor":14.0,"turns":4.0},{"damage":1.0,"enemies":"2 Fungi Beasts","floor":15.0,"turns":4.0},{"damage":44.0,"enemies":"DF_ARCHETYPE_STREAMLINE","floor":16.0,"turns":9.0},{"damage":0.0,"enemies":"Chosen","floor":19.0,"turns":4.0},{"damage":4.0,"enemies":"3 Byrds","floor":21.0,"turns":4.0},{"damage":34.0,"enemies":"Sentry and Sphere","floor":22.0,"turns":5.0},{"damage":5.0,"enemies":"Book of Stabbing","floor":23.0,"turns":6.0},{"damage":12.0,"enemies":"Chosen and Byrds","floor":25.0,"turns":6.0},{"damage":13,"enemies":"Shelled Parasite and Fungi","floor":29,"turns":6},{"damage":3,"enemies":"Centurion and Healer","floor":31,"turns":9},{"damage":4,"enemies":"Snake Plant","floor":32,"turns":5},{"damage":46,"enemies":"WA_ARCHETYPE_CALM","floor":33,"turns":5}],"seed_played":"-8959512605190686892","potions_obtained":[{"floor":10.0,"key":"Swift Potion"},{"floor":11.0,"key":"EssenceOfSteel"},{"floor":15.0,"key":"Slimebound:SlimedPotion"},{"floor":16.0,"key":"AttackPotion"},{"floor":23.0,"key":"Slimebound:ThreeZeroPotion"},{"floor":25.0,"key":"Fruit Juice"},{"floor":29,"key":"SteroidPotion"}],"is_trial":false,"path_per_floor":["R","M","M","?","?","M","T","$","R","M","M","?","T","M","M","B",null,"R","M","?","M","M","E","T","M","R","?","?","M","R","M","M","B"],"character_chosen":"SLIMEBOUND","items_purchased":["Slimebound:GoopSpray","Slimebound:LivingWall","Slimebound:ForwardTackle","DollysMirror","Lantern"],"campfire_rested":1,"item_purchase_floors":[8,8,8,8,8],"current_hp_per_floor":[65,65,65,70,70,70,70,53,53,46,41,41,41,38,45,9,70,70,70,70,70,40,41,41,42,42,16,16,11,33,38,40,0,0,0],"gold":767,"neow_bonus":"THREE_ENEMY_KILL","is_daily":false,"chose_seed":false,"campfire_upgraded":4,"win_rate":0.0,"timestamp":1612917026,"path_taken":["R","M","M","?","?","?","T","?","R","M","M","?","?","M","M","BOSS","R","M","?","?","M","E","T","M","R","?","?","M","R","M","M","BOSS"],"items_purchased_type":["Card","Card","Card","Relic","Relic"],"build_version":"2020-12-22","purchased_purges":0,"victory":false,"max_hp_per_floor":[65,65,65,70,70,70,70,70,70,70,70,70,70,70,70,70,70,70,70,70,70,70,70,70,75,75,75,75,75,75,75,75,75,75,75],"card_choices":[{"not_picked":["Slimebound:LeechEnergy","Slimebound:PressTheAttack"],"picked":"Slimebound:LeadByExample","floor":2.0},{"not_picked":["Slimebound:LeadByExample","Slimebound:LevelUp"],"picked":"Slimebound:GoopTackle","floor":3.0},{"not_picked":["Slimebound:Equalize","Slimebound:RollThrough"],"picked":"Slimebound:Dissolve","floor":6.0},{"not_picked":["Slimebound:Gluttony","Slimebound:FirmFortitude"],"picked":"Slimebound:Schlurp","floor":8.0},{"not_picked":["Slimebound:FinishingTackle","Slimebound:SplitMire"],"picked":"Slimebound:ProtectTheBoss","floor":10.0},{"not_picked":["Slimebound:SplitBruiser","Slimebound:ProtectTheBoss"],"picked":"Slimebound:AcidTongue","floor":11.0},{"not_picked":["Slimebound:SamplingLick","Slimebound:Dissolve"],"picked":"Slimebound:LeechingTouch","floor":14.0},{"not_picked":["Slimebound:SlimeSpikes","Slimebound:SplitAcid"],"picked":"Slimebound:SplitLeeching","floor":15.0},{"not_picked":["Slimebound:MassRepurpose","Slimebound:DouseInSlime"],"picked":"Slimebound:OozeBath","floor":16.0},{"not_picked":["Slimebound:FinishingTackle","Slimebound:ItLooksTasty"],"picked":"Slimebound:LeechingTouch+1","floor":19.0},{"not_picked":["Slimebound:SplitAcid","Slimebound:SplitLeeching"],"picked":"Slimebound:HauntingLick","floor":21.0},{"not_picked":["Slimebound:GoopTackle","Slimebound:RollThrough"],"picked":"Slimebound:ComboTackle","floor":22.0},{"not_picked":["Slimebound:Grow","Slimebound:Schlurp"],"picked":"Slimebound:AcidTongue","floor":23.0},{"not_picked":["Slimebound:SplitMire","Slimebound:SamplingLick"],"picked":"Slimebound:Replication+1","floor":25.0},{"not_picked":["Slimebound:Equalize","Slimebound:ItLooksTasty"],"picked":"Slimebound:RallyTheTroops","floor":29},{"not_picked":["Slimebound:Prepare","Slimebound:SplitMire"],"picked":"Slimebound:SamplingLick+1","floor":31},{"not_picked":["Slimebound:RejuvenatingLick","Slimebound:ForwardTackle"],"picked":"Slimebound:ViciousTackle","floor":32}],"player_experience":366501,"relics_obtained":[{"floor":7.0,"key":"Old Coin"},{"floor":23.0,"key":"Smiling Mask"},{"floor":24.0,"key":"CeramicFish"}],"event_choices":[{"damage_healed":0.0,"max_hp_gain":5.0,"max_hp_loss":0.0,"gold_gain":0.0,"event_name":"Big Fish","player_choice":"Donut","floor":4.0,"gold_loss":0.0,"damage_taken":0.0},{"damage_healed":0.0,"max_hp_gain":0.0,"max_hp_loss":0.0,"gold_gain":0.0,"event_name":"FaceTrader","player_choice":"Trade","floor":5.0,"gold_loss":0.0,"damage_taken":0.0,"relics_obtained":["SsserpentHead"]},{"damage_healed":0.0,"max_hp_gain":0.0,"max_hp_loss":0.0,"gold_gain":0.0,"event_name":"Vampires","player_choice":"Ignored","floor":28.0,"gold_loss":0.0,"damage_taken":0.0}],"is_beta":false,"boss_relics":[{"not_picked":["SacredBark","Runic Dome"],"picked":"Runic Pyramid"}],"items_purged_floors":[],"is_endless":false,"potions_floor_spawned":[10,11,15,16,19,23,25,29],"killed_by":"WA_ARCHETYPE_CALM","ascension_level":0}}