{"host":"cijem1szy7pmmjx6","time":1612953321,"event":{"mods":["Act Like it!","Arknights","BaseMod","BetterRewards","Downfall","Marisa????????","Minty Spire (QoL Compilation)","Reimu??????","StSLib","The Bug Knight","The Senshi","The Servant 0.9.4"],"gold_per_floor":[116,116,116,116,135,135,148,148,173,253,253,268,3,22,22,143,143,134,134,134,147,165,165,125,125,148,164,144,159,184,184,184],"floor_reached":31,"language":"ZHS","playtime":2845,"items_purged":["Injury"],"score":227,"play_id":"6423606e-05e4-4d0c-8014-b5717d8b9d1a","local_time":"20210210053521","is_ascension_mode":false,"campfire_choices":[{"data":"theSenshi:MoonlightKnight","floor":6,"key":"SMITH"},{"data":"theSenshi:MoonPrincessHalation","floor":8,"key":"SMITH"},{"floor":11,"key":"REST"},{"floor":15,"key":"REST"},{"floor":23,"key":"REST"}],"circlet_count":0,"master_deck":["theSenshi:SailorKick","theSenshi:SailorKick","theSenshi:SailorKick","theSenshi:SailorKick","theSenshi:SailorBlock","theSenshi:SailorBlock","theSenshi:SailorBlock","theSenshi:SailorBlock","theSenshi:RoseThrow","theSenshi:MoonPrismPowerMakeUp","theSenshi:MoonPunch","theSenshi:MoonlightKnight+1","theSenshi:MoonPrincessHalation+1","theSenshi:TuxedoMaskAssists","theSenshi:NeptunesGrace","theSenshi:MoonCrisisMakeUp","theSenshi:SailorMercuryAssists","theSenshi:ChibiMoonsLove","CurseOfTheBell","theSenshi:SailorChibiMoonAssists+1","theSenshi:MoonKick+1","theSenshi:MoonTwilightFlash+1","ZunPunch:ReiMu","theSenshi:SailorMarsAssists","theSenshi:TallSilhouette","theSenshi:InTheNameOfTheMoon"],"relics":["theSenshi:TransformationBroochRelic","NeowsBlessing","Golden Idol","Blood Vial","theSenshi:CrescentMoonWandRelic","Orichalcum","Calling Bell","HornCleat","WingedGreaves","Nilry\u0027s Codex","Lizard Tail","Strawberry"],"acts_visited":["Exordium","TheCity"],"potions_floor_usage":[16,16,22,27,29,30],"damage_taken":[{"damage":0,"enemies":"ats:Genji","floor":1,"turns":1},{"damage":0,"enemies":"2 Louse","floor":5,"turns":2},{"damage":0,"enemies":"Jaw Worm","floor":7,"turns":1},{"damage":36,"enemies":"3 Sentries","floor":10,"turns":8},{"damage":4,"enemies":"Blue Slaver","floor":12,"turns":4},{"damage":10,"enemies":"Exordium Wildlife","floor":14,"turns":3},{"damage":27,"enemies":"Slime Boss","floor":16,"turns":7},{"damage":19,"enemies":"2 Thieves","floor":18,"turns":4},{"damage":28,"enemies":"3 Cultists","floor":21,"turns":6},{"damage":50,"enemies":"Centurion and Healer","floor":22,"turns":8},{"damage":16,"enemies":"Snecko","floor":27,"turns":5},{"damage":38,"enemies":"Shelled Parasite and Fungi","floor":29,"turns":7},{"damage":0,"enemies":"Sentry and Sphere","floor":30,"turns":5},{"damage":61,"enemies":"3 Cultists","floor":31,"turns":6}],"seed_played":"-4647163672540406415","potions_obtained":[{"floor":10,"key":"Fire Potion"},{"floor":14,"key":"Fire Potion"},{"floor":16,"key":"SteroidPotion"},{"floor":21,"key":"Fire Potion"},{"floor":27,"key":"Ancient Potion"},{"floor":28,"key":"LiquidBronze"}],"is_trial":false,"path_per_floor":["M","?","?","?","M","R","M","R","T","?","R","M","$","M","R","B",null,"M","?","?","M","M","R","?","?","T","M","?","M","M","M"],"character_chosen":"THE_SENSHI","items_purchased":["theSenshi:MoonCrisisMakeUp","Orichalcum"],"campfire_rested":3,"item_purchase_floors":[13,13],"current_hp_per_floor":[75,75,75,75,75,75,75,75,75,39,61,59,59,51,73,48,75,66,50,50,24,23,45,45,70,77,63,63,27,39,0,0],"gold":184,"neow_bonus":"THREE_ENEMY_KILL","is_daily":false,"chose_seed":false,"campfire_upgraded":2,"win_rate":0.0,"timestamp":1612953321,"path_taken":["M","?","?","?","M","R","M","R","T","?","R","M","$","M","R","BOSS","M","?","?","M","M","R","?","?","T","M","?","M","?","M"],"items_purchased_type":["Card","Relic"],"build_version":"2020-12-22","purchased_purges":1,"victory":false,"max_hp_per_floor":[75,75,75,75,75,75,75,75,75,75,75,75,75,75,75,75,75,75,75,75,75,75,75,75,75,82,82,82,82,82,82,82],"card_choices":[{"not_picked":["theSenshi:SailorMarsAssists","theSenshi:SailorStarFighterAssists"],"picked":"theSenshi:MoonPunch","floor":1},{"not_picked":["theSenshi:SailorPlanetPower","theSenshi:DramaticEntrance"],"picked":"theSenshi:MoonlightKnight","floor":5},{"not_picked":["theSenshi:OdangoHead","theSenshi:MoonKick"],"picked":"theSenshi:MoonPrincessHalation","floor":7},{"not_picked":["theSenshi:SailorStarFighterAssists","theSenshi:TallSilhouette"],"picked":"theSenshi:TuxedoMaskAssists","floor":10},{"not_picked":["theSenshi:MoonPunch","theSenshi:SailorChibiMoonAssists"],"picked":"theSenshi:NeptunesGrace","floor":12},{"not_picked":["theSenshi:LunasBite","theSenshi:TuxedoSmokingBomber"],"picked":"theSenshi:SailorMercuryAssists","floor":14},{"not_picked":["theSenshi:SailorStarHealerAssists","theSenshi:MoonGorgeousMeditation"],"picked":"theSenshi:ChibiMoonsLove","floor":16},{"not_picked":["theSenshi:MoonPrincessHalation","theSenshi:KlutzyLuck"],"picked":"theSenshi:SailorChibiMoonAssists+1","floor":18},{"not_picked":["theSenshi:MoonPrincessHalation","theSenshi:MoonPunch"],"picked":"theSenshi:MoonKick+1","floor":21},{"not_picked":["theSenshi:MoonCrystalPowerMakeUp","theSenshi:MoonTiaraMagic"],"picked":"theSenshi:MoonTwilightFlash+1","floor":22},{"not_picked":["theSenshi:SchoolBag","theSenshi:TuxedoSmokingBomber"],"picked":"theSenshi:SailorMarsAssists","floor":27},{"not_picked":["theSenshi:LateForSchool","theSenshi:SailorPlanetPower"],"picked":"theSenshi:TallSilhouette","floor":29},{"not_picked":["theSenshi:MoonPunch","theSenshi:TuxedoSmokingBomber+1"],"picked":"theSenshi:InTheNameOfTheMoon","floor":30}],"player_experience":63515,"relics_obtained":[{"floor":9,"key":"Blood Vial"},{"floor":10,"key":"theSenshi:CrescentMoonWandRelic"},{"floor":17,"key":"HornCleat"},{"floor":17,"key":"WingedGreaves"},{"floor":19,"key":"Nilry\u0027s Codex"},{"floor":26,"key":"Strawberry"}],"event_choices":[{"damage_healed":25,"gold_gain":0,"player_choice":"Banana","damage_taken":0,"max_hp_gain":0,"max_hp_loss":0,"event_name":"Big Fish","floor":2,"gold_loss":0},{"damage_healed":0,"gold_gain":0,"player_choice":"Ignored","damage_taken":0,"max_hp_gain":0,"max_hp_loss":0,"event_name":"Golden Wing","floor":3,"gold_loss":0},{"damage_healed":0,"gold_gain":0,"player_choice":"Take Wound","damage_taken":0,"relics_obtained":["Golden Idol"],"max_hp_gain":0,"max_hp_loss":0,"event_name":"Golden Idol","floor":4,"gold_loss":0,"cards_obtained":["Injury"]},{"damage_healed":0,"gold_gain":0,"player_choice":"Searched \u00272\u0027 times","damage_taken":0,"max_hp_gain":0,"max_hp_loss":0,"event_name":"Dead Adventurer","floor":10,"gold_loss":0},{"damage_healed":0,"gold_gain":0,"player_choice":"Obtained Book","damage_taken":16,"max_hp_gain":0,"max_hp_loss":0,"event_name":"Cursed Tome","floor":19,"gold_loss":0},{"damage_healed":0,"gold_gain":0,"player_choice":"Opened","damage_taken":0,"relics_obtained":["Lizard Tail"],"max_hp_gain":0,"max_hp_loss":0,"event_name":"The Mausoleum","floor":20,"gold_loss":0},{"damage_healed":0,"gold_gain":0,"player_choice":"????","damage_taken":0,"max_hp_gain":0,"max_hp_loss":0,"event_name":"ZunEvent","floor":24,"relics_lost":["ZunR:ReiMu"],"gold_loss":0,"cards_obtained":["ZunPunch:ReiMu"]},{"damage_healed":25,"gold_gain":0,"player_choice":"Heal","damage_taken":0,"max_hp_gain":0,"max_hp_loss":0,"event_name":"The Library","floor":25,"gold_loss":0},{"damage_healed":0,"gold_gain":0,"player_choice":"Bought 1 Potion","damage_taken":0,"max_hp_gain":0,"max_hp_loss":0,"event_name":"The Woman in Blue","floor":28,"gold_loss":0}],"is_beta":false,"boss_relics":[{"not_picked":["Ectoplasm","RedLine:ReiMu"],"picked":"Calling Bell"}],"items_purged_floors":[13],"is_endless":false,"potions_floor_spawned":[10,14,16,21,27],"killed_by":"3 Cultists","ascension_level":0}}