{"host":"9slw7l0ws16384qq","time":1612982090,"event":{"mods":["A Penny For Your Troubles","BaseMod","Colored Map","Downfall","Evolution","Hubris","Minty Spire (QoL Compilation)","Replay The Spire","StS++","StSLib"],"gold_per_floor":[99,99,99,24,40,72,72,88,99,99,99,99,34,52,72,145,145,145,161,161,179,194,194,194,94,109,94,94,111,111,143,161,161,161,161],"floor_reached":33,"language":"FRA","playtime":2033,"items_purged":["Guardian:Defend_Guardian"],"score":482,"play_id":"ac57fa35-794a-4435-9002-b0743312c2ca","local_time":"20210210193450","is_ascension_mode":true,"campfire_choices":[{"floor":1.0,"key":"DIG"},{"floor":10,"key":"REST"},{"floor":12,"key":"REST"},{"data":"Guardian:SphericShield","floor":18,"key":"SMITH"},{"data":"Guardian:TwinSlam","floor":25,"key":"SMITH"},{"data":"Guardian:ConstructionForm","floor":28,"key":"SMITH"},{"floor":30,"key":"RECALL"}],"circlet_count":0,"master_deck":["AscendersBane","Guardian:Incinerate","Guardian:Strike_Guardian","Guardian:Strike_Guardian","Guardian:Strike_Guardian","Guardian:Defend_Guardian","Guardian:Defend_Guardian","Guardian:Defend_Guardian","Guardian:CurlUp","Guardian:TwinSlam+1","Guardian:ShieldCharger","Guardian:Gem_Cyan","Guardian:SphericShield+1","Guardian:ShieldCharger","Guardian:FierceBash+1","Guardian:Gem_Cyan","Guardian:HyperBeam_Guardian","Guardian:ConstructionForm+1","Guardian:Gem_White"],"relics":["Guardian:ModeShifter","EVO:Axolotl","downfall:HeartsMalice","Replay:Wax Seal","Replay:Bottled Steam","Sozu","downfall:RedIOU","hubris:BottledHeart","downfall:HeartBlessingBlue","hubris:Reverence"],"acts_visited":["Exordium","TheCity"],"potions_floor_usage":[9,9,14,14,14,15,15,16],"damage_taken":[{"damage":0.0,"enemies":"Cultist","floor":2.0,"turns":1.0},{"damage":0.0,"enemies":"Small Slimes","floor":3.0,"turns":1.0},{"damage":0.0,"enemies":"downfall:FleeingMerchant","floor":4.0,"turns":1.0},{"damage":4.0,"enemies":"2 Louse","floor":5.0,"turns":4.0},{"damage":44.0,"enemies":"3 Sentries","floor":6.0,"turns":14.0},{"damage":3.0,"enemies":"Blue Slaver","floor":8.0,"turns":6.0},{"damage":19,"enemies":"Large Slime","floor":9,"turns":6},{"damage":0,"enemies":"downfall:FleeingMerchant","floor":13,"turns":4},{"damage":5,"enemies":"2 Fungi Beasts","floor":14,"turns":3},{"damage":9,"enemies":"Exordium Thugs","floor":15,"turns":4},{"damage":11,"enemies":"IC_STATUS_ARCHETYPE","floor":16,"turns":13},{"damage":4,"enemies":"Chosen","floor":19,"turns":6},{"damage":3,"enemies":"3 Byrds","floor":21,"turns":4},{"damage":12,"enemies":"Centurion and Healer","floor":22,"turns":8},{"damage":0,"enemies":"Cultist and Chosen","floor":26,"turns":7},{"damage":0,"enemies":"downfall:FleeingMerchant","floor":27,"turns":4},{"damage":0,"enemies":"Snecko","floor":29,"turns":4},{"damage":0,"enemies":"Book of Stabbing","floor":31,"turns":5},{"damage":0,"enemies":"Sentry and Sphere","floor":32,"turns":4},{"damage":10,"enemies":"DF_ARCHETYPE_CLAW","floor":33,"turns":6}],"seed_played":"-8441740822570267373","potions_obtained":[{"floor":5.0,"key":"StSpp:SecondWindPotion"},{"floor":8,"key":"FearPotion"},{"floor":9,"key":"StSpp:ScatteredPotion"},{"floor":14,"key":"Fire Potion"},{"floor":15,"key":"Languid Potion"}],"is_trial":false,"path_per_floor":["R_BF","M","M","$","M","E","T","M","M","R","?","R","$","M","M","B",null,"R","M","?","M","M","?","T","R","M","$","R","M","R","E","M","B"],"character_chosen":"GUARDIAN","items_purchased":["Explosive Potion"],"campfire_rested":2,"item_purchase_floors":[13],"current_hp_per_floor":[72,72,72,72,68,24,24,21,2,26,26,50,50,45,36,25,66,66,62,62,59,47,1,1,1,1,1,1,1,1,1,1,0,0,0],"gold":161,"neow_bonus":"THREE_ENEMY_KILL","is_daily":false,"chose_seed":false,"campfire_upgraded":3,"win_rate":0.0,"timestamp":1612982090,"path_taken":["R_BF","M","M","$","?","E","T","M","M","R","?","R","?","M","M","BOSS","R","M","?","M","M","?","T","R","M","?","R","M","R","E","M","BOSS"],"items_purchased_type":["Potion"],"build_version":"2020-12-22","purchased_purges":1,"victory":false,"max_hp_per_floor":[80,80,80,80,80,80,80,80,80,80,80,80,80,80,80,80,80,80,80,80,80,80,1,1,1,1,1,1,1,1,1,1,1,1,1],"card_choices":[{"not_picked":["Guardian:ChargeCore","Guardian:DonusPower"],"picked":"Guardian:ShieldCharger","floor":2.0},{"not_picked":["Guardian:Gem_Cyan","Guardian:Recover"],"picked":"Guardian:Gem_White","floor":3.0},{"not_picked":["Guardian:Recover","Guardian:WalkerClaw"],"picked":"Guardian:Gem_Cyan","floor":4.0},{"not_picked":["Guardian:CrystalBeam","Guardian:PiercingHide"],"picked":"Guardian:SphericShield","floor":5.0},{"not_picked":["Guardian:Recover","Guardian:Reroute"],"picked":"Guardian:ShieldCharger","floor":6.0},{"not_picked":["Guardian:Gem_White","Guardian:Recover"],"picked":"Guardian:FierceBash","floor":8},{"not_picked":["Guardian:ShieldSpikes","Guardian:Gem_Purple","Guardian:Gem_Blue"],"picked":"SKIP","floor":9},{"not_picked":["Guardian:PrimingBeam","Guardian:TemporalStrike"],"picked":"Guardian:Gem_White","floor":13},{"not_picked":["Guardian:ChargeCore","Guardian:Gem_White"],"picked":"Guardian:Gem_Cyan","floor":14},{"not_picked":["Guardian:PrismaticBarrier","Guardian:Recover","Guardian:CrystalBeam"],"picked":"SKIP","floor":15},{"not_picked":["Guardian:SphericShield","Guardian:CompilePackage"],"picked":"Guardian:HyperBeam_Guardian","floor":16},{"not_picked":["Guardian:ShieldCharger","Guardian:Recover+1","Guardian:PiercingHide"],"picked":"SKIP","floor":19},{"not_picked":["Guardian:RollAttack","Guardian:Planning","Guardian:PrimingBeam"],"picked":"SKIP","floor":21},{"not_picked":["Guardian:RefractedBeam","Guardian:PolyBeam","Guardian:PrimingBeam+1"],"picked":"SKIP","floor":22},{"not_picked":["Guardian:Gem_Red","Guardian:ArmoredProtocol+1","Guardian:Suspension"],"picked":"SKIP","floor":26},{"not_picked":["Guardian:TimeBomb+1","Guardian:GatlingBeam"],"picked":"Guardian:ConstructionForm","floor":27},{"not_picked":["Guardian:MultiBeam","Guardian:PrimingBeam"],"picked":"Guardian:Gem_White","floor":29},{"not_picked":["Guardian:Clone","Guardian:TimeCapacitor","Guardian:Gem_Lightblue"],"picked":"SKIP","floor":31},{"not_picked":["Guardian:RollAttack+1","Guardian:Planning+1","Guardian:Reroute"],"picked":"SKIP","floor":32}],"player_experience":1687288,"relics_obtained":[{"floor":1.0,"key":"Blue Doll"},{"floor":6.0,"key":"Replay:Wax Seal"},{"floor":7.0,"key":"Replay:Bottled Steam"},{"floor":31,"key":"hubris:Reverence"}],"event_choices":[],"is_beta":false,"boss_relics":[{"not_picked":["Replay:Wanted Poster","Coffee Dripper"],"picked":"Sozu"}],"items_purged_floors":[4],"is_endless":false,"potions_floor_spawned":[5,8,9,14,15,19,22,26,31,32],"killed_by":"DF_ARCHETYPE_CLAW","ascension_level":13}}