{"host":"2se5dq1do2gp0x9k","time":1612929462,"event":{"mods":["AchievementEnabler","BaseMod","Block Reminder","Colored Map","Colored Powertips","Minty Spire (QoL Compilation)","Relic Stats","StSLib","SuperFastMode"],"gold_per_floor":[112,128,128,42,42,67,81,81,81,100,100,110,110,139,139,215,215,225,240,106,119,138,138,49,49,130,130,130,130,130],"floor_reached":29,"language":"ENG","playtime":937,"items_purged":["Defend_P"],"score":585,"play_id":"4490d474-fc24-44ba-a5df-a4885ac53af9","local_time":"20210209195742","is_ascension_mode":true,"campfire_choices":[{"data":"Worship","floor":11.0,"key":"SMITH"},{"data":"Eruption","floor":13.0,"key":"SMITH"},{"data":"SandsOfTime","floor":15.0,"key":"SMITH"},{"floor":23,"key":"REST"},{"data":"Scrawl","floor":25,"key":"SMITH"}],"circlet_count":0,"master_deck":["AscendersBane","Strike_P","Defend_P","Defend_P","Defend_P","Eruption+1","Vigilance","DeusExMachina","FollowUp","TalkToTheHand","SandsOfTime+1","Worship+1","Brilliance+1","Wireheading","Wallop+1","Scrawl+1","MasterReality+1","Alpha+1","DeusExMachina+1","Consecrate+1","Prostrate","ThirdEye","Nirvana","Prostrate"],"relics":["PureWater","Akabeko","Bird Faced Urn","Molten Egg 2","Ginger","Astrolabe","Matryoshka","Nilry\u0027s Codex"],"acts_visited":["Exordium","TheCity"],"potions_floor_usage":[29,29],"damage_taken":[{"damage":0.0,"enemies":"Small Slimes","floor":1.0,"turns":5.0},{"damage":0.0,"enemies":"Jaw Worm","floor":2.0,"turns":4.0},{"damage":14.0,"enemies":"3 Sentries","floor":6.0,"turns":6.0},{"damage":6.0,"enemies":"Cultist","floor":7.0,"turns":5.0},{"damage":2.0,"enemies":"Looter","floor":10.0,"turns":3.0},{"damage":9.0,"enemies":"3 Louse","floor":12.0,"turns":3.0},{"damage":0.0,"enemies":"Lagavulin","floor":14.0,"turns":5.0},{"damage":0.0,"enemies":"Slime Boss","floor":16.0,"turns":4.0},{"damage":6.0,"enemies":"Chosen","floor":18.0,"turns":5.0},{"damage":35.0,"enemies":"2 Thieves","floor":19.0,"turns":4.0},{"damage":13,"enemies":"Chosen and Byrds","floor":21,"turns":4},{"damage":9,"enemies":"Shelled Parasite and Fungi","floor":22,"turns":3},{"damage":40,"enemies":"Slavers","floor":29,"turns":3}],"seed_played":"-8384100364418843752","potions_obtained":[{"floor":2.0,"key":"AttackPotion"},{"floor":6.0,"key":"Weak Potion"},{"floor":7.0,"key":"Swift Potion"},{"floor":18.0,"key":"Regen Potion"}],"is_trial":false,"path_per_floor":["M","M","?","$","?","E","M","?","T","M","R","M","R","E","R","B",null,"M","M","$","M","M","R","$","R","T","?","?","E"],"character_chosen":"WATCHER","items_purchased":["SandsOfTime","Prostrate","Nirvana","Prostrate"],"campfire_rested":1,"item_purchase_floors":[4,20,24,24],"current_hp_per_floor":[61,61,43,43,48,34,28,28,28,26,26,17,17,19,19,21,60,60,29,29,22,17,38,38,38,38,17,17,0,0],"gold":130,"neow_bonus":"ONE_RANDOM_RARE_CARD","is_daily":false,"chose_seed":false,"campfire_upgraded":4,"win_rate":0.0,"timestamp":1612929462,"path_taken":["M","M","?","$","?","E","M","?","T","M","R","?","R","E","R","BOSS","M","M","$","M","M","R","$","R","T","?","?","E"],"items_purchased_type":["Card","Card","Card","Card"],"build_version":"2020-12-22","purchased_purges":1,"victory":false,"max_hp_per_floor":[68,68,68,68,73,73,73,73,73,73,73,73,73,73,73,73,73,73,73,73,73,73,73,73,73,73,73,73,73,73],"relic_stats":{"counters":[13,54],"Bird Faced Urn":[26],"Astrolabe":["MasterReality","Alpha","DeusExMachina"],"Ginger":[6],"obtain_stats":[{"Matryoshka":26,"Nilry\u0027s Codex":27,"Bird Faced Urn":6,"Astrolabe":17,"Molten Egg 2":9,"Ginger":14,"PureWater":0,"Akabeko":3},{"Matryoshka":12,"Nilry\u0027s Codex":12,"Bird Faced Urn":3,"Astrolabe":8,"Molten Egg 2":4,"Ginger":7,"PureWater":0,"Akabeko":2},{"Matryoshka":51,"Nilry\u0027s Codex":51,"Bird Faced Urn":15,"Astrolabe":35,"Molten Egg 2":20,"Ginger":31,"PureWater":0,"Akabeko":9}]},"card_choices":[{"not_picked":["Crescendo","SashWhip"],"picked":"FollowUp","floor":1.0},{"not_picked":["CrushJoints","Protect"],"picked":"TalkToTheHand","floor":2.0},{"not_picked":["Vengeance","SashWhip"],"picked":"Worship","floor":6.0},{"not_picked":["Protect","WindmillStrike","SandsOfTime"],"picked":"SKIP","floor":7.0},{"not_picked":["Protect","JustLucky+1"],"picked":"Brilliance+1","floor":10.0},{"not_picked":["SashWhip+1","Sanctity"],"picked":"Wireheading","floor":12.0},{"not_picked":["Protect","Study"],"picked":"Wallop+1","floor":14.0},{"not_picked":["Omniscience","ConjureBlade"],"picked":"Scrawl","floor":16.0},{"not_picked":["EmptyFist+1","Protect"],"picked":"Consecrate+1","floor":18.0},{"not_picked":["EmptyFist+1","Adaptation","Consecrate+1"],"picked":"SKIP","floor":19.0},{"not_picked":["FlyingSleeves+1","SandsOfTime+1"],"picked":"ThirdEye","floor":21},{"not_picked":["FlyingSleeves+1","SashWhip+1","Ragnarok+1"],"picked":"SKIP","floor":22}],"player_experience":4070838,"relics_obtained":[{"floor":6.0,"key":"Bird Faced Urn"},{"floor":9.0,"key":"Molten Egg 2"},{"floor":14.0,"key":"Ginger"},{"floor":26,"key":"Matryoshka"},{"floor":27,"key":"Nilry\u0027s Codex"}],"event_choices":[{"damage_healed":0.0,"max_hp_gain":0.0,"max_hp_loss":0.0,"gold_gain":0.0,"event_name":"Scrap Ooze","player_choice":"Success","floor":3.0,"gold_loss":0.0,"damage_taken":18.0,"relics_obtained":["Akabeko"]},{"damage_healed":0.0,"max_hp_gain":5.0,"max_hp_loss":0.0,"gold_gain":0.0,"event_name":"Big Fish","player_choice":"Donut","floor":5.0,"gold_loss":0.0,"damage_taken":0.0},{"damage_healed":0.0,"max_hp_gain":0.0,"max_hp_loss":0.0,"gold_gain":0.0,"event_name":"Match and Keep!","player_choice":"0 cards matched","floor":8.0,"gold_loss":0.0,"damage_taken":0.0,"cards_obtained":[]},{"damage_healed":0,"gold_gain":0,"player_choice":"Obtained Book","damage_taken":21,"max_hp_gain":0,"max_hp_loss":0,"event_name":"Cursed Tome","floor":27,"gold_loss":0},{"damage_healed":0,"gold_gain":0,"player_choice":"Ignored","damage_taken":0,"max_hp_gain":0,"max_hp_loss":0,"event_name":"The Mausoleum","floor":28,"gold_loss":0}],"is_beta":false,"boss_relics":[{"not_picked":["Philosopher\u0027s Stone","Velvet Choker"],"picked":"Astrolabe"}],"items_purged_floors":[20],"is_endless":false,"potions_floor_spawned":[2,6,7,18,21],"killed_by":"Slavers","ascension_level":18}}