{"host":"37ccm3d17clopct7","time":1612956848,"event":{"mods":["BaseMod","GungeonMod","Hermit","Lobotomy","Minty Spire (QoL Compilation)","StSLib","The Bug Knight","The Cursed","The Hierophant","The Jungle","The Runesmith"],"gold_per_floor":[119,119,129,7,27,57,57,85,85,85,100,100,110,125,125,223,223,237,248,102,102,115,115,127,127,202,77,77,91,123,46,46,143,143,155,79,79,29,47,47,47,47,47,47,67,99,99,118,118,118,118,118,118,1,26,26,26],"floor_reached":56,"language":"KOR","playtime":3109,"items_purged":["TheCursedMod:Defend_TheCursed","TheCursedMod:Strike_TheCursed"],"score":710,"play_id":"b898cfd5-4225-4ee0-9e6f-5ed4ef54ddea","local_time":"20210210203408","is_ascension_mode":false,"campfire_choices":[{"floor":7,"key":"RECALL"},{"floor":10,"key":"REST"},{"data":"TheCursedMod:Hemoplague","floor":12,"key":"SMITH"},{"data":"TheCursedMod:CursedWand","floor":15,"key":"SMITH"},{"floor":23,"key":"REST"},{"data":"TheCursedMod:WearCloak","floor":25,"key":"SMITH"},{"data":"TheCursedMod:LuckyCharm","floor":32,"key":"SMITH"},{"data":"TheCursedMod:DemonicPact","floor":40,"key":"SMITH"},{"data":"TheCursedMod:SpitefulPray","floor":42,"key":"SMITH"},{"data":"TheCursedMod:SmokeScreen","floor":44,"key":"SMITH"},{"floor":47,"key":"REST"},{"data":"Flash of Steel","floor":49,"key":"SMITH"},{"data":"TheCursedMod:Obscuration","floor":53,"key":"SMITH"}],"circlet_count":0,"master_deck":["TheCursedMod:Strike_TheCursed","TheCursedMod:Defend_TheCursed","TheCursedMod:Defend_TheCursed","TheCursedMod:CursedWand+1","TheCursedMod:CleanUpWorkshop","TheCursedMod:Dregs","TheCursedMod:FuryStrike","TheCursedMod:FleshFromBone+1","TheCursedMod:CircleOfCorruption","TheCursedMod:SurpriseAttack","TheCursedMod:Hemoplague+1","TheCursedMod:SurpriseAttack","TheCursedMod:SurpriseAttack","TheCursedMod:SurpriseAttack","TheCursedMod:CursedSpellbook","TheCursedMod:SpitefulStrike","TheCursedMod:SmokeScreen+1","TheCursedMod:TacticalStrike+1","TheCursedMod:Obscuration+1","TheCursedMod:SurpriseAttack","TheCursedMod:WearCloak+1","TheCursedMod:Stretching","TheCursedMod:SpitefulPray+1","TheCursedMod:CursedBlade","TheCursedMod:LuckyCharm+1","TheCursedMod:DemonicPact+1","TheCursedMod:WearCloak+1","TheCursedMod:HellsGateOpen","Flash of Steel+1","TheCursedMod:CursedShiv","TheCursedMod:SurpriseAttack+1","TheCursedMod:Stretching+1","TheCursedMod:SurpriseAttack+1","TheCursedMod:FleshFromBone","TheCursedMod:LuckyCharm","TheCursedMod:CollectTribute"],"relics":["TheCursedMod:BlackMagic101","Kunai","Bottled Lightning","Empty Cage","Bottled Tornado","MutagenicStrength","Red Mask","Black Star","Bottled Flame","Gremlin Horn","DemoMod:DecoyRelic","Strawberry","Letter Opener"],"acts_visited":["Exordium","TheCity","TheBeyond","TheEnding"],"potions_floor_usage":[8,33,33,33,50,50,50],"damage_taken":[{"damage":0,"enemies":"2 Louse","floor":1,"turns":2},{"damage":0,"enemies":"Cultist","floor":3,"turns":3},{"damage":0,"enemies":"Jaw Worm","floor":5,"turns":4},{"damage":17,"enemies":"3 Sentries","floor":6,"turns":10},{"damage":20,"enemies":"Lagavulin","floor":8,"turns":7},{"damage":0,"enemies":"Large Slime","floor":11,"turns":4},{"damage":0,"enemies":"Blue Slaver","floor":13,"turns":2},{"damage":0,"enemies":"3 Louse","floor":14,"turns":1},{"damage":26,"enemies":"Slime Boss","floor":16,"turns":17},{"damage":6,"enemies":"3 Byrds","floor":18,"turns":4},{"damage":12,"enemies":"2 Thieves","floor":19,"turns":4},{"damage":11,"enemies":"Snecko","floor":22,"turns":4},{"damage":0,"enemies":"Snake Plant","floor":24,"turns":4},{"damage":0,"enemies":"Sentry and Sphere","floor":29,"turns":3},{"damage":0,"enemies":"Masked Bandits","floor":30,"turns":3},{"damage":49,"enemies":"Automaton","floor":33,"turns":14},{"damage":2,"enemies":"3 Darklings","floor":35,"turns":5},{"damage":0,"enemies":"Orb Walker","floor":39,"turns":3},{"damage":1,"enemies":"Jaw Worm Horde","floor":45,"turns":4},{"damage":19,"enemies":"Nemesis","floor":46,"turns":7},{"damage":0,"enemies":"Sphere and 2 Shapes","floor":48,"turns":2},{"damage":24,"enemies":"Awakened One","floor":50,"turns":22},{"damage":19,"enemies":"Shield and Spear","floor":55,"turns":12},{"damage":71,"enemies":"The Heart","floor":56,"turns":8}],"seed_played":"-8500626222826721279","potions_obtained":[{"floor":1,"key":"DistilledChaos"},{"floor":3,"key":"GamblersBrew"},{"floor":11,"key":"Dexterity Potion"},{"floor":16,"key":"Swift Potion"},{"floor":18,"key":"LiquidMemories"},{"floor":30,"key":"EssenceOfSteel"},{"floor":33,"key":"ColorlessPotion"},{"floor":46,"key":"BlessingOfTheForge"},{"floor":48,"key":"SkillPotion"}],"is_trial":false,"path_per_floor":["M","?","M","$","M","E","R","E","T","R","M","R","M","M","R","B",null,"M","M","$","?","M","R","M","R","T","$","?","M","?","$","R","B",null,"M","$","?","$","M","R","?","R","T","R","M","E","R","M","R","B",null,null,"R","$","E","B"],"character_chosen":"THE_CURSED","items_purchased":["TheCursedMod:SurpriseAttack","TheCursedMod:Hemoplague","TheCursedMod:Obscuration","TheCursedMod:SurpriseAttack","TheCursedMod:Stretching","TheCursedMod:LuckyCharm","TheCursedMod:HellsGateOpen","TheCursedMod:CursedShiv","TheCursedMod:FleshFromBone","TheCursedMod:LuckyCharm"],"campfire_rested":3,"item_purchase_floors":[4,4,20,20,27,31,36,38,54,54],"current_hp_per_floor":[75,75,75,75,75,58,58,38,38,60,60,60,60,60,60,34,75,69,57,57,57,46,68,68,68,68,68,68,68,68,68,68,19,75,73,73,73,73,73,73,73,73,73,73,72,53,75,75,75,51,51,75,75,75,63,0,0],"gold":26,"neow_bonus":"TRANSFORM_CARD","is_daily":false,"chose_seed":false,"campfire_upgraded":9,"win_rate":0.0,"timestamp":1612956848,"path_taken":["M","?","M","$","M","E","R","E","T","R","M","R","M","?","R","BOSS","M","M","$","?","M","R","M","R","T","$","?","M","?","?","R","BOSS","M","$","?","$","M","R","?","R","T","R","M","E","R","M","R","BOSS","R","$","E","BOSS"],"items_purchased_type":["Card","Card","Card","Card","Card","Card","Card","Card","Card","Card"],"build_version":"2020-12-22","purchased_purges":2,"victory":false,"max_hp_per_floor":[75,75,75,75,75,75,75,75,75,75,75,75,75,75,75,75,75,75,75,75,75,75,75,75,75,75,75,75,75,75,75,75,75,75,75,75,75,75,75,75,75,75,75,75,75,75,75,75,75,75,75,75,75,75,82,82,82],"card_choices":[{"not_picked":["TheCursedMod:HellfireBreathing","TheCursedMod:SmokeScreen"],"picked":"TheCursedMod:FleshFromBone","floor":1},{"not_picked":["TheCursedMod:CircleOfBlood","TheCursedMod:CircleOfWindfury"],"picked":"TheCursedMod:CircleOfCorruption","floor":3},{"not_picked":["TheCursedMod:CircleOfAmplification","TheCursedMod:BlessingInDisguise"],"picked":"TheCursedMod:SurpriseAttack","floor":5},{"not_picked":["TheCursedMod:Wield","TheCursedMod:CircleOfAmplification"],"picked":"TheCursedMod:SurpriseAttack","floor":6},{"not_picked":["TheCursedMod:CursedBlade","TheCursedMod:CircleOfFlame"],"picked":"TheCursedMod:SurpriseAttack","floor":8},{"not_picked":["TheCursedMod:RapidMovement","TheCursedMod:VoidForm"],"picked":"TheCursedMod:CursedSpellbook","floor":11},{"not_picked":["TheCursedMod:FuryStrike","TheCursedMod:VitalStrike"],"picked":"TheCursedMod:SpitefulStrike","floor":13},{"not_picked":["TheCursedMod:RapidMovement","TheCursedMod:TroublousMinions"],"picked":"TheCursedMod:SmokeScreen","floor":14},{"not_picked":["TheCursedMod:RapidMovement+1","TheCursedMod:CircleOfFlame+1"],"picked":"TheCursedMod:TacticalStrike+1","floor":18},{"not_picked":["TheCursedMod:RavingStaff","TheCursedMod:Wield","TheCursedMod:SmokeScreen"],"picked":"SKIP","floor":19},{"not_picked":["TheCursedMod:CursedStaff","TheCursedMod:Torture","TheCursedMod:PrepareRite"],"picked":"SKIP","floor":22},{"not_picked":["TheCursedMod:Stretching","TheCursedMod:SpitefulPlan+1"],"picked":"TheCursedMod:WearCloak","floor":24},{"not_picked":["TheCursedMod:OutForBlood","TheCursedMod:TacticalStrike"],"picked":"TheCursedMod:SpitefulPray","floor":29},{"not_picked":["TheCursedMod:SpitefulStrike","TheCursedMod:CircleOfFocus"],"picked":"TheCursedMod:CursedBlade","floor":30},{"not_picked":["TheCursedMod:UltimatePain","TheCursedMod:AntiAging"],"picked":"TheCursedMod:DemonicPact","floor":33},{"not_picked":["TheCursedMod:CursedBlade+1","TheCursedMod:CircleOfBlood"],"picked":"TheCursedMod:WearCloak+1","floor":35},{"not_picked":["Forethought","DemoMod:Deposit"],"picked":"Flash of Steel","floor":37},{"not_picked":["TheCursedMod:Stigma","TheCursedMod:CircleOfBlood+1"],"picked":"TheCursedMod:SurpriseAttack+1","floor":39},{"not_picked":["TheCursedMod:Grudge+1","TheCursedMod:Wield+1"],"picked":"TheCursedMod:Stretching+1","floor":45},{"not_picked":["TheCursedMod:ParallelWorld","TheCursedMod:CursedStaff"],"picked":"TheCursedMod:SurpriseAttack+1","floor":46},{"not_picked":["TheCursedMod:ReleasedStrength","TheCursedMod:CircleOfWindfury","TheCursedMod:RavingStaff+1"],"picked":"SKIP","floor":48},{"not_picked":["TheCursedMod:Grudge","TheCursedMod:Torture+1"],"picked":"TheCursedMod:CollectTribute","floor":55}],"player_experience":169287,"relics_obtained":[{"floor":6,"key":"Kunai"},{"floor":8,"key":"Bottled Lightning"},{"floor":26,"key":"Bottled Tornado"},{"floor":30,"key":"Red Mask"},{"floor":43,"key":"Bottled Flame"},{"floor":46,"key":"Gremlin Horn"},{"floor":46,"key":"DemoMod:DecoyRelic"},{"floor":55,"key":"Strawberry"},{"floor":55,"key":"Letter Opener"}],"event_choices":[{"damage_healed":0,"gold_gain":0,"player_choice":"Ignored","damage_taken":0,"max_hp_gain":0,"max_hp_loss":0,"event_name":"Fountain of Cleansing","floor":2,"gold_loss":0},{"damage_healed":0,"gold_gain":0,"player_choice":"Ignored","damage_taken":0,"max_hp_gain":0,"max_hp_loss":0,"event_name":"Vampires","floor":21,"gold_loss":0},{"damage_healed":0,"gold_gain":0,"player_choice":"Inject Mutagens","damage_taken":0,"relics_obtained":["MutagenicStrength"],"max_hp_gain":0,"max_hp_loss":0,"event_name":"Drug Dealer","floor":28,"gold_loss":0},{"damage_healed":0,"gold_gain":0,"player_choice":"Fought Bandits","damage_taken":0,"max_hp_gain":0,"max_hp_loss":0,"event_name":"Masked Bandits","floor":30,"gold_loss":0},{"damage_healed":0,"gold_gain":0,"player_choice":"Memory 1","damage_taken":0,"max_hp_gain":0,"max_hp_loss":0,"event_name":"SensoryStone","floor":37,"gold_loss":0},{"damage_healed":0,"gold_gain":0,"player_choice":"Forge","damage_taken":0,"max_hp_gain":0,"max_hp_loss":0,"event_name":"Accursed Blacksmith","floor":41,"gold_loss":0,"cards_upgraded":["TheCursedMod:FleshFromBone"]}],"is_beta":false,"boss_relics":[{"not_picked":["Fusion Hammer","Cursed Key"],"picked":"Empty Cage"},{"not_picked":["Busted Crown","Coffee Dripper"],"picked":"Black Star"}],"items_purged_floors":[20,27],"is_endless":false,"potions_floor_spawned":[1,3,11,16,18,30,33,46,48],"killed_by":"The Heart","ascension_level":0}}