{"host":"c6u7e77myxvw4d0m","time":1612941139,"event":{"mods":["AchievementEnabler","BaseMod","Bestiary","Colored Map","Colored Powertips","Minty Spire (QoL Compilation)","Rare Cards Sparkle","Relic Stats","everything is the same but u backflip on backflip"],"gold_per_floor":[117,133,146,14,14,14,44,60,60,60,91,91,122,137,137,211,211,230,246,161,161,176,176,186,204,204,218,247,39,39,59,59,130,130,142,160,178,178,198,198,233,245,245,245,245,245],"floor_reached":45,"language":"ENG","playtime":3527,"items_purged":[],"score":1028,"play_id":"87ea2453-097f-4989-a9aa-8e842cf5c9ac","local_time":"20210210091219","is_ascension_mode":true,"campfire_choices":[{"data":"Riddle With Holes","floor":6,"key":"SMITH"},{"data":"Dagger Spray","floor":10,"key":"SMITH"},{"data":"Neutralize","floor":12,"key":"SMITH"},{"floor":15,"key":"REST"},{"data":"Blade Dance","floor":23,"key":"SMITH"},{"floor":32,"key":"REST"},{"data":"Catalyst","floor":40,"key":"SMITH"},{"floor":44,"key":"REST"}],"circlet_count":0,"master_deck":["AscendersBane","Survivor","Neutralize+1","Underhanded Strike","Dagger Spray+1","Poisoned Stab","Riddle With Holes+1","Infinite Blades","Escape Plan","Deadly Poison","Blade Dance+1","Bane","Corpse Explosion","Die Die Die","Malaise","Riddle With Holes","Storm of Steel","Venomology","Sucker Punch","Catalyst+1","Leg Sweep","Leg Sweep","Accuracy","Crippling Poison","Blade Dance","Infinite Blades","Bandage Up","PiercingWail","Night Terror","Calculated Gamble","Calculated Gamble+1","Dodge and Roll+1","Deadly Poison"],"relics":["Busted Crown","Blue Candle","Matryoshka","Orichalcum","Blood Vial","Pandora\u0027s Box","Gremlin Horn","Art of War","Singing Bowl","Tingsha","Snecko Eye","Oddly Smooth Stone","Bronze Scales","Du-Vu Doll"],"acts_visited":["Exordium","TheCity","TheBeyond"],"potions_floor_usage":[11,16,16,16,19,19,22,25,25,27,31,33,33,36,37,39,41],"damage_taken":[{"damage":7,"enemies":"Jaw Worm","floor":1,"turns":6},{"damage":1,"enemies":"2 Louse","floor":2,"turns":2},{"damage":9,"enemies":"Cultist","floor":3,"turns":4},{"damage":32,"enemies":"Gremlin Nob","floor":7,"turns":4},{"damage":6,"enemies":"Looter","floor":8,"turns":3},{"damage":2,"enemies":"3 Sentries","floor":11,"turns":4},{"damage":11,"enemies":"Lagavulin","floor":13,"turns":6},{"damage":0,"enemies":"2 Fungi Beasts","floor":14,"turns":2},{"damage":31,"enemies":"The Guardian","floor":16,"turns":11},{"damage":3,"enemies":"Shell Parasite","floor":18,"turns":6},{"damage":0,"enemies":"Spheric Guardian","floor":19,"turns":4},{"damage":6,"enemies":"Centurion and Healer","floor":22,"turns":4},{"damage":15,"enemies":"Snake Plant","floor":24,"turns":4},{"damage":19,"enemies":"Sentry and Sphere","floor":25,"turns":5},{"damage":0,"enemies":"Chosen and Byrds","floor":27,"turns":3},{"damage":35,"enemies":"Book of Stabbing","floor":28,"turns":5},{"damage":0,"enemies":"Centurion and Healer","floor":31,"turns":4},{"damage":27,"enemies":"Collector","floor":33,"turns":8},{"damage":0,"enemies":"3 Shapes","floor":35,"turns":5},{"damage":11,"enemies":"3 Darklings","floor":36,"turns":2},{"damage":0,"enemies":"Transient","floor":37,"turns":6},{"damage":19,"enemies":"Writhing Mass","floor":39,"turns":8},{"damage":28,"enemies":"Reptomancer","floor":41,"turns":5},{"damage":14,"enemies":"Sphere and 2 Shapes","floor":42,"turns":6},{"damage":58,"enemies":"Giant Head","floor":45,"turns":6}],"seed_played":"8940833282162725564","potions_obtained":[{"floor":2,"key":"Explosive Potion"},{"floor":13,"key":"EntropicBrew"},{"floor":14,"key":"DistilledChaos"},{"floor":16,"key":"Dexterity Potion"},{"floor":22,"key":"FearPotion"},{"floor":25,"key":"Explosive Potion"},{"floor":28,"key":"Weak Potion"},{"floor":36,"key":"GamblersBrew"}],"is_trial":false,"path_per_floor":["M","M","M","$","?","R","E","M","T","R","E","R","E","M","R","B",null,"M","M","?","?","M","R","M","M","T","M","E","$","?","M","R","B",null,"M","M","M","?","M","R","E","M","T","R","E"],"character_chosen":"THE_SILENT","items_purchased":["Poisoned Stab","Riddle With Holes","Bandage Up","PiercingWail","Strength Potion"],"campfire_rested":3,"item_purchase_floors":[4,4,29,29,29],"current_hp_per_floor":[52,51,42,42,64,64,32,26,26,26,24,24,13,15,34,5,51,50,52,52,52,48,48,35,30,30,34,3,3,17,25,46,25,60,64,59,67,67,54,54,28,20,20,41,0,0],"gold":245,"neow_bonus":"BOSS_RELIC","is_daily":false,"chose_seed":false,"campfire_upgraded":5,"win_rate":0.0,"timestamp":1612941139,"path_taken":["M","M","M","$","?","R","E","M","T","R","E","R","E","M","R","BOSS","M","M","?","?","M","R","M","M","T","?","E","$","?","M","R","BOSS","M","M","M","?","M","R","E","M","T","R","E"],"items_purchased_type":["Card","Card","Card","Card","Potion"],"build_version":"2020-12-22","purchased_purges":0,"victory":false,"max_hp_per_floor":[66,66,66,66,66,66,66,66,66,66,66,66,66,66,66,66,66,66,66,66,66,66,66,66,66,66,68,70,70,70,72,72,72,72,74,74,76,72,72,72,72,72,72,72,72,72],"relic_stats":{"Gremlin Horn":[13,13],"Singing Bowl":10,"counters":[25,123],"Blue Candle":[0],"Tingsha":[190],"Orichalcum":[300],"Blood Vial":36,"Busted Crown":48,"Bronze Scales":[9],"Snecko Eye":[71,68,80,89],"Pandora\u0027s Box":["Die Die Die","Malaise","Riddle With Holes","Storm of Steel","Venomology","Sucker Punch","Catalyst","Leg Sweep","Leg Sweep","Accuracy"],"Art of War":[7],"obtain_stats":[{"Gremlin Horn":20,"Singing Bowl":26,"Blue Candle":7,"Oddly Smooth Stone":41,"Tingsha":28,"Orichalcum":11,"Blood Vial":13,"Du-Vu Doll":43,"Busted Crown":0,"Matryoshka":9,"Bronze Scales":43,"Snecko Eye":34,"Pandora\u0027s Box":17,"Art of War":26,"Ring of the Snake":0},{"Gremlin Horn":11,"Singing Bowl":14,"Blue Candle":4,"Oddly Smooth Stone":23,"Tingsha":16,"Orichalcum":6,"Blood Vial":7,"Du-Vu Doll":24,"Busted Crown":0,"Matryoshka":5,"Bronze Scales":24,"Snecko Eye":18,"Pandora\u0027s Box":9,"Art of War":14,"Ring of the Snake":0},{"Gremlin Horn":52,"Singing Bowl":65,"Blue Candle":16,"Oddly Smooth Stone":111,"Tingsha":73,"Orichalcum":23,"Blood Vial":29,"Du-Vu Doll":117,"Busted Crown":0,"Matryoshka":19,"Bronze Scales":117,"Snecko Eye":85,"Pandora\u0027s Box":42,"Art of War":65,"Ring of the Snake":0}]},"card_choices":[{"not_picked":[],"picked":"Underhanded Strike","floor":1},{"not_picked":[],"picked":"Dagger Spray","floor":2},{"not_picked":["Slice"],"picked":"SKIP","floor":3},{"not_picked":[],"picked":"Infinite Blades","floor":7},{"not_picked":[],"picked":"Escape Plan","floor":8},{"not_picked":[],"picked":"Deadly Poison","floor":11},{"not_picked":[],"picked":"Blade Dance","floor":13},{"not_picked":[],"picked":"Bane","floor":14},{"not_picked":[],"picked":"Corpse Explosion","floor":16},{"not_picked":["Expertise"],"picked":"SKIP","floor":18},{"not_picked":[],"picked":"Crippling Poison","floor":19},{"not_picked":["Flying Knee"],"picked":"SKIP","floor":22},{"not_picked":[],"picked":"Blade Dance","floor":24},{"not_picked":[],"picked":"Infinite Blades","floor":25},{"not_picked":["Flying Knee"],"picked":"Singing Bowl","floor":27},{"not_picked":["Acrobatics"],"picked":"Singing Bowl","floor":28},{"not_picked":["Masterful Stab"],"picked":"Singing Bowl","floor":31},{"not_picked":[],"picked":"Night Terror","floor":33},{"not_picked":["Bane"],"picked":"Singing Bowl","floor":35},{"not_picked":[],"picked":"Calculated Gamble","floor":36},{"not_picked":["Tactician"],"picked":"Singing Bowl","floor":37},{"not_picked":[],"picked":"Calculated Gamble+1","floor":39},{"not_picked":[],"picked":"Dodge and Roll+1","floor":41},{"not_picked":[],"picked":"Deadly Poison","floor":42}],"player_experience":761298,"relics_obtained":[{"floor":7,"key":"Blue Candle"},{"floor":9,"key":"Matryoshka"},{"floor":11,"key":"Orichalcum"},{"floor":13,"key":"Blood Vial"},{"floor":26,"key":"Art of War"},{"floor":26,"key":"Singing Bowl"},{"floor":28,"key":"Tingsha"},{"floor":41,"key":"Oddly Smooth Stone"},{"floor":43,"key":"Bronze Scales"},{"floor":43,"key":"Du-Vu Doll"}],"event_choices":[{"damage_healed":22,"gold_gain":0,"player_choice":"Banana","damage_taken":0,"max_hp_gain":0,"max_hp_loss":0,"event_name":"Big Fish","floor":5,"gold_loss":0},{"damage_healed":0,"gold_gain":0,"player_choice":"Obtained Relic","damage_taken":0,"relics_obtained":["Gremlin Horn"],"max_hp_gain":0,"max_hp_loss":0,"event_name":"Addict","floor":20,"gold_loss":85},{"damage_healed":0,"gold_gain":0,"player_choice":"Ignored","damage_taken":0,"max_hp_gain":0,"max_hp_loss":0,"event_name":"N\u0027loth","floor":21,"gold_loss":0},{"damage_healed":14,"gold_gain":0,"player_choice":"Heal","damage_taken":0,"max_hp_gain":0,"max_hp_loss":0,"event_name":"The Library","floor":30,"gold_loss":0},{"damage_healed":0,"gold_gain":0,"player_choice":"Max HP","damage_taken":0,"max_hp_gain":0,"max_hp_loss":4,"event_name":"Winding Halls","floor":38,"gold_loss":0}],"is_beta":false,"boss_relics":[{"not_picked":["SlaversCollar","Black Star"],"picked":"Pandora\u0027s Box"},{"not_picked":["Tiny House","Velvet Choker"],"picked":"Snecko Eye"}],"items_purged_floors":[],"is_endless":false,"potions_floor_spawned":[2,13,14,16,22,25,28,36],"killed_by":"Giant Head","ascension_level":20}}