{"host":"126yiuos2nq86se7","time":1612930582,"event":{"mods":["AchievementEnabler","Act Like it!","BaseMod","BetterRewards","Colored Map","Colored Powertips","Friendly Minions","Highlight Path","Hubris","Minty Spire (QoL Compilation)","Reimu??????","Remilia??????","StSLib","SuperFastMode","Td1madao Mod","The Animator","The Mystic"],"gold_per_floor":[111,111,111,129,29,29,63,63,63,63,63,63,81,81,81,181,181,192,211,211,211,16,16,16,16,16,316,266,266],"floor_reached":28,"language":"ENG","playtime":1099,"items_purged":["Eruption","Strike_P","Parasite"],"score":326,"play_id":"e34ce539-79f8-4180-b456-e234086ae5f7","local_time":"20210210151622","is_ascension_mode":true,"campfire_choices":[{"data":"Prostrate","floor":6,"key":"SMITH"},{"floor":8,"key":"REST"},{"floor":10,"key":"REST"},{"data":"Study","floor":15,"key":"SMITH"},{"floor":24,"key":"REST"}],"circlet_count":0,"master_deck":["Strike_P","Strike_P","Strike_P","Defend_P","Defend_P","Defend_P","Defend_P","Vigilance","BattleHymn","Prostrate+1","Wireheading","Perseverance","Study+1","Omniscience","Weave","FollowUp","Study","Greed_TH"],"relics":["PureWater","Bird Faced Urn","Sling","hubris:Icosahedron","Anchor","Happy Flower","hubris:Backtick","Unceasing Top","MutagenicStrength","Eternal Feather"],"acts_visited":["Exordium","TheCity"],"potions_floor_usage":[16],"damage_taken":[{"damage":1,"enemies":"Jaw Worm","floor":1,"turns":5},{"damage":2,"enemies":"2 Louse","floor":4,"turns":3},{"damage":40,"enemies":"3 Sentries","floor":7,"turns":8},{"damage":2,"enemies":"Small Slimes","floor":13,"turns":5},{"damage":42,"enemies":"Hexaghost","floor":16,"turns":13},{"damage":54,"enemies":"Chosen","floor":18,"turns":9},{"damage":9,"enemies":"Shell Parasite","floor":19,"turns":8},{"damage":53,"enemies":"Centurion and Healer","floor":28,"turns":5}],"seed_played":"2467245615734904852","potions_obtained":[{"floor":7,"key":"BottledMiracle"},{"floor":16,"key":"SteroidPotion"},{"floor":19,"key":"LiquidMemories"}],"is_trial":false,"path_per_floor":["M","?","?","M","$","R","E","R","T","R","?","?","M","?","R","B",null,"M","M","?","?","$","$","R","$","T","?","M"],"character_chosen":"WATCHER","items_purchased":["BattleHymn","Bird Faced Urn","Sling","Study"],"campfire_rested":3,"item_purchase_floors":[0,0,0,22],"current_hp_per_floor":[52,52,52,52,52,52,16,37,37,58,63,77,75,75,75,39,77,23,20,20,20,20,20,42,42,42,42,0,0],"gold":266,"neow_bonus":"","is_daily":false,"chose_seed":false,"campfire_upgraded":2,"win_rate":0.0,"timestamp":1612930582,"path_taken":["M","?","?","M","$","R","E","R","T","R","?","?","M","?","R","BOSS","M","M","?","?","?","$","R","$","T","?","M"],"items_purchased_type":["Card","Relic","Relic","Card"],"build_version":"2020-12-22","purchased_purges":3,"victory":false,"max_hp_per_floor":[72,72,72,72,72,72,72,72,72,72,77,77,77,77,77,77,77,77,77,77,77,74,74,74,74,74,74,74,74],"card_choices":[{"not_picked":["Fasting2","ClearTheMind"],"picked":"Prostrate","floor":1},{"not_picked":["Prostrate","PathToVictory"],"picked":"Wireheading","floor":4},{"not_picked":["WreathOfFlame","ReachHeaven"],"picked":"Perseverance","floor":7},{"not_picked":["PathToVictory","CrushJoints"],"picked":"Study","floor":13},{"not_picked":["Blasphemy","DeusExMachina"],"picked":"Omniscience","floor":16},{"not_picked":["ThirdEye","EmptyBody"],"picked":"Weave","floor":18},{"not_picked":["Protect","FlyingSleeves+1"],"picked":"FollowUp","floor":19}],"player_experience":1701498,"relics_obtained":[{"floor":7,"key":"Anchor"},{"floor":9,"key":"Happy Flower"},{"floor":26,"key":"Eternal Feather"}],"event_choices":[{"damage_healed":0,"gold_gain":0,"player_choice":"Ignored","damage_taken":0,"max_hp_gain":0,"max_hp_loss":0,"event_name":"Liars Game","floor":2,"gold_loss":0},{"damage_healed":0,"gold_gain":0,"player_choice":"Donut","damage_taken":0,"max_hp_gain":5,"max_hp_loss":0,"event_name":"Big Fish","floor":11,"gold_loss":0},{"damage_healed":19,"gold_gain":0,"player_choice":"Healed and dodged fight","damage_taken":0,"max_hp_gain":0,"max_hp_loss":0,"event_name":"Mushrooms","floor":12,"gold_loss":0,"cards_obtained":["Parasite"]},{"damage_healed":0,"gold_gain":0,"player_choice":"Searched \u00270\u0027 times","damage_taken":0,"max_hp_gain":0,"max_hp_loss":0,"event_name":"Dead Adventurer","floor":14,"gold_loss":0},{"damage_healed":0,"gold_gain":0,"player_choice":"Ignored","damage_taken":0,"max_hp_gain":0,"max_hp_loss":0,"event_name":"Ghosts","floor":20,"gold_loss":0},{"damage_healed":0,"gold_gain":0,"player_choice":"Inject Mutagens","damage_taken":0,"relics_obtained":["MutagenicStrength"],"max_hp_gain":0,"max_hp_loss":0,"event_name":"Drug Dealer","floor":21,"gold_loss":0}],"is_beta":false,"boss_relics":[{"not_picked":["SacredBark","Snecko Eye"],"picked":"hubris:Backtick"}],"items_purged_floors":[0,5,22],"is_endless":false,"potions_floor_spawned":[7,16,19],"killed_by":"Centurion and Healer","ascension_level":1}}