{"host":"bxn2em57qlx5u4i0","time":1612978673,"event":{"mods":["BaseMod","Colored Map","Colored Powertips","Highlight Path","Minty Spire (QoL Compilation)","Random Character Button","Relic Sorter","Relic Stats","StSLib","SuperFastMode"],"gold_per_floor":[115,115,131,2,2,28,28,28,28],"floor_reached":8,"language":"ENG","playtime":210,"items_purged":[],"score":108,"play_id":"a3a637d7-90f7-42fb-a520-b7dd585335bb","local_time":"20210210123753","is_ascension_mode":true,"campfire_choices":[{"data":"Apotheosis","floor":7,"key":"SMITH"}],"circlet_count":0,"master_deck":["AscendersBane","Strike_G","Strike_G","Strike_G","Defend_G","Defend_G","Defend_G","Defend_G","Defend_G","Survivor","Neutralize","Apotheosis+1","Blade Dance","Blur","Footwork","Prepared","Wraith Form v2"],"relics":["Ring of the Snake","Bird Faced Urn"],"acts_visited":["Exordium"],"potions_floor_usage":[6],"damage_taken":[{"damage":7.0,"enemies":"Small Slimes","floor":1.0,"turns":5.0},{"damage":0.0,"enemies":"2 Louse","floor":3.0,"turns":5.0},{"damage":10,"enemies":"3 Sentries","floor":6,"turns":12},{"damage":23,"enemies":"Gremlin Nob","floor":8,"turns":4}],"seed_played":"7794286560786226714","potions_obtained":[{"floor":3.0,"key":"CunningPotion"}],"is_trial":false,"path_per_floor":["M","?","M","$","?","E","R","E"],"character_chosen":"THE_SILENT","items_purchased":["Footwork","Explosive Potion"],"campfire_rested":0,"item_purchase_floors":[4,4],"current_hp_per_floor":[37,30,30,30,30,20,20,0,0],"gold":28,"neow_bonus":"RANDOM_COLORLESS_2","is_daily":false,"chose_seed":false,"campfire_upgraded":1,"win_rate":0.0,"timestamp":1612978673,"path_taken":["M","?","M","$","?","E","R","E"],"items_purchased_type":["Card","Potion"],"build_version":"2020-12-22","purchased_purges":0,"victory":false,"max_hp_per_floor":[66,66,66,66,66,66,66,66,66],"relic_stats":{"counters":[4,26],"Bird Faced Urn":[2],"obtain_stats":[{"Bird Faced Urn":6,"Ring of the Snake":0},{"Bird Faced Urn":3,"Ring of the Snake":0},{"Bird Faced Urn":22,"Ring of the Snake":0}],"Ring of the Snake":[8]},"card_choices":[{"not_picked":["Violence","Thinking Ahead"],"picked":"Apotheosis","floor":0.0},{"not_picked":["Cloak And Dagger","Caltrops"],"picked":"Blade Dance","floor":1.0},{"not_picked":["Dodge and Roll","Backflip"],"picked":"Blur","floor":3.0},{"not_picked":["Backflip","Well Laid Plans"],"picked":"Wraith Form v2","floor":6}],"player_experience":3025906,"relics_obtained":[{"floor":6,"key":"Bird Faced Urn"}],"event_choices":[{"cards_removed":["Strike_G"],"damage_healed":0.0,"max_hp_gain":0.0,"max_hp_loss":0.0,"gold_gain":0.0,"event_name":"Golden Wing","player_choice":"Card Removal","floor":2.0,"gold_loss":0.0,"damage_taken":7.0},{"damage_healed":0.0,"max_hp_gain":0.0,"max_hp_loss":0.0,"gold_gain":0.0,"cards_transformed":["Strike_G"],"event_name":"Transmorgrifier","player_choice":"Transformed","floor":5.0,"gold_loss":0.0,"damage_taken":0.0,"cards_obtained":["Prepared"]}],"is_beta":false,"boss_relics":[],"items_purged_floors":[],"is_endless":false,"potions_floor_spawned":[3],"killed_by":"Gremlin Nob","ascension_level":20}}