{"host":"l84l8xigz5v5foa2","time":1612976937,"event":{"mods":["2.2 Compatiblity","AchievementEnabler","BaseMod","Better Note","Better Vampires","BetterRewards","Card Filter","Colored Map","DeckTracker","Downfall","Gremlin Skip","Highlight Path","Keyboard Shortcuts","Minty Spire (QoL Compilation)","Permanent Neow","Quick Restart","Relic Filter","Relic Stats","StSLib","SuperFastMode","Transform Curses","Unknown Chances"],"gold_per_floor":[113,131,131,94,19,49,49,82,82,146,161,161,196,227,227,304,304,318,318,318,12,32,78,78,78,101,128,146,164,178,213,213,290,290,308,334,326,326,353,387,387,407,407,439,456,202,221,274,274,274,274,274,274,4,32,32],"floor_reached":57,"language":"ENG","playtime":3380,"items_purged":["hexamod:Strike","hexamod:Strike","hexamod:Strike"],"score":3861,"play_id":"f4d2c6b5-52ba-4795-acfb-94f900a22c33","local_time":"20210211020857","is_ascension_mode":true,"campfire_choices":[{"data":"hexamod:Float","floor":7.0,"key":"SMITH"},{"data":"hexamod:Incineration","floor":12.0,"key":"SMITH"},{"data":"hexamod:RadiantFlame","floor":15.0,"key":"SMITH"},{"data":"hexamod:HexaLevel","floor":24,"key":"SMITH"},{"data":"hexamod:Float","floor":32,"key":"SMITH"},{"floor":41,"key":"RECALL"},{"data":"hexamod:HauntingEcho","floor":49,"key":"SMITH"},{"data":"hexamod:HauntingEcho","floor":53,"key":"SMITH"}],"circlet_count":0,"master_deck":["AscendersBane","hexamod:Strike+1","hexamod:Defend+1","hexamod:Defend+1","hexamod:Sear+1","hexamod:Float+1","hexamod:Float+1","hexamod:RetreatToShadows+1","hexamod:Incineration+1","hexamod:HauntingEcho+1","Thinking Ahead+1","hexamod:Hexaguard+1","hexamod:GhostOfSpirePast+1","hexamod:StepThrough+1","hexamod:Hexaguard+1","hexamod:CatchUp+1","hexamod:RadiantFlame+1","hexamod:HexaLevel+1","hexamod:Hexaguard+1","Secret Technique+1","hexamod:Toasty+1","hexamod:Rewind+1","hexamod:NightmareGuise+1","hexamod:NightmareStrike+1","hexamod:HeatShield+1","hexamod:HauntingEcho+1","hexamod:FourthSeal","hexamod:HauntingEcho+1","Finesse+1","hexamod:RainOfEmbers","hexamod:GhostOfSpirePast"],"relics":["hexamod:SpiritBrand","Ring of the Serpent","Incense Burner","Art of War","DollysMirror","White Beast Statue","hexamod:BolsterEngine","champ:Barbells","Toy Ornithopter","Medical Kit","PreservedInsect","hexamod:MatchstickCase","Lantern","Toxic Egg 2","Regal Pillow","Gremlin Horn","sneckomod:SneckoTalon","Anchor","Tiny Chest","Pen Nib","SacredBark","bronze:BronzeIdol","hexamod:TheBrokenSeal","Bag of Marbles","Du-Vu Doll","Boot","Strawberry","Membership Card","Oddly Smooth Stone","Ginger"],"acts_visited":["Exordium","TheCity","TheBeyond","TheEnding"],"potions_floor_usage":[23,23,28,28,29,29,30,31,33,35,40,44,50,56],"damage_taken":[{"damage":0.0,"enemies":"2 Louse","floor":1.0,"turns":2.0},{"damage":0.0,"enemies":"Small Slimes","floor":2.0,"turns":3.0},{"damage":1.0,"enemies":"Lagavulin","floor":6.0,"turns":4.0},{"damage":6.0,"enemies":"Gremlin Nob","floor":8.0,"turns":3.0},{"damage":0.0,"enemies":"Gremlin Nob","floor":10.0,"turns":3.0},{"damage":0.0,"enemies":"Jaw Worm","floor":11.0,"turns":2.0},{"damage":0.0,"enemies":"Lagavulin","floor":13.0,"turns":3.0},{"damage":0.0,"enemies":"Large Slime","floor":14.0,"turns":2.0},{"damage":5.0,"enemies":"Hexaghost","floor":16.0,"turns":6.0},{"damage":0.0,"enemies":"2 Thieves","floor":18.0,"turns":3.0},{"damage":0,"enemies":"Spheric Guardian","floor":22,"turns":4},{"damage":3,"enemies":"Slavers","floor":23,"turns":3},{"damage":0,"enemies":"Shelled Parasite and Fungi","floor":28,"turns":3},{"damage":0,"enemies":"Centurion and Healer","floor":29,"turns":4},{"damage":0,"enemies":"Chosen and Byrds","floor":30,"turns":3},{"damage":0,"enemies":"Gremlin Leader","floor":31,"turns":3},{"damage":0,"enemies":"Champ","floor":33,"turns":7},{"damage":0,"enemies":"3 Darklings","floor":35,"turns":4},{"damage":0,"enemies":"3 Shapes","floor":39,"turns":4},{"damage":0,"enemies":"Nemesis","floor":40,"turns":3},{"damage":0,"enemies":"Transient","floor":42,"turns":6},{"damage":0,"enemies":"Giant Head","floor":44,"turns":4},{"damage":0,"enemies":"Maw","floor":45,"turns":3},{"damage":0,"enemies":"4 Shapes","floor":47,"turns":2},{"damage":70,"enemies":"Time Eater","floor":50,"turns":10},{"damage":0,"enemies":"Donu and Deca","floor":51,"turns":7},{"damage":5,"enemies":"Shield and Spear","floor":55,"turns":4},{"damage":33,"enemies":"The Heart","floor":56,"turns":8}],"seed_played":"-8595708061844352940","potions_obtained":[{"floor":1.0,"key":"LiquidBronze"},{"floor":1.0,"key":"hexamod:EctoCoolerPotion"},{"floor":2.0,"key":"Fruit Juice"},{"floor":2.0,"key":"Dexterity Potion"},{"floor":6.0,"key":"SmokeBomb"},{"floor":6.0,"key":"DuplicationPotion"},{"floor":8.0,"key":"Dexterity Potion"},{"floor":10.0,"key":"SkillPotion"},{"floor":11.0,"key":"SneckoOil"},{"floor":11.0,"key":"Fire Potion"},{"floor":13.0,"key":"ColorlessPotion"},{"floor":13.0,"key":"ColorlessPotion"},{"floor":14.0,"key":"Explosive Potion"},{"floor":16.0,"key":"Fire Potion"},{"floor":18.0,"key":"DistilledChaos"},{"floor":18.0,"key":"ColorlessPotion"},{"floor":23,"key":"hexamod:DoubleChargePotion"},{"floor":23,"key":"BlessingOfTheForge"},{"floor":28,"key":"EssenceOfSteel"},{"floor":28,"key":"Fire Potion"},{"floor":29,"key":"SteroidPotion"},{"floor":29,"key":"Energy Potion"},{"floor":30,"key":"Explosive Potion"},{"floor":31,"key":"Energy Potion"},{"floor":33,"key":"ColorlessPotion"},{"floor":35,"key":"Energy Potion"},{"floor":39,"key":"Strength Potion"},{"floor":40,"key":"GamblersBrew"},{"floor":44,"key":"Regen Potion"},{"floor":45,"key":"FairyPotion"},{"floor":55,"key":"FearPotion"}],"is_trial":false,"path_per_floor":["M","M","?","$","?","E","R","E","T","?","M","R","E","M","R","B",null,"M","?","?","$","M","E","R","?","T","T","M","M","M","E","R","B",null,"M","T","?","?","M","E","R","M","T","E","M","$","M","T","R","B","B",null,"R","$","E","B",null],"character_chosen":"THE_SPIRIT","items_purchased":["Art of War","DollysMirror","hexamod:FourthSeal","White Beast Statue","hexamod:Incineration","hexamod:BolsterEngine","hexamod:HauntingEcho","champ:Barbells","Toy Ornithopter","Medical Kit","Thinking Ahead","hexamod:GhostOfSpirePast","Secret Technique+1","hexamod:HauntingEcho","Finesse+1","Membership Card","Oddly Smooth Stone","hexamod:RainOfEmbers"],"campfire_rested":0,"item_purchase_floors":[0,0,0,0,0,0,0,0,0,0,0,4,21,46,46,54,54,54],"current_hp_per_floor":[20,35,24,24,24,33,33,27,27,32,42,42,52,57,57,57,65,68,68,68,68,68,65,65,46,46,46,56,66,71,73,73,73,73,73,73,66,66,83,83,83,83,83,83,83,83,83,90,90,77,77,87,87,87,82,54],"gold":32,"neow_bonus":"","is_daily":false,"chose_seed":false,"campfire_upgraded":7,"win_rate":0.0,"timestamp":1612976937,"path_taken":["M","M","?","$","?","E","R","E","T","?","?","R","E","M","R","BOSS","M","?","?","$","?","E","R","?","T","?","?","?","M","E","R","BOSS","M","?","?","?","M","E","R","?","T","E","M","$","M","?","R","BOSS","BOSS","R","$","E","BOSS"],"items_purchased_type":["Relic","Relic","Card","Relic","Card","Relic","Card","Relic","Relic","Relic","Card","Card","Card","Card","Card","Relic","Relic","Card"],"build_version":"2020-12-22","purchased_purges":3,"victory":true,"max_hp_per_floor":[63,68,68,68,68,68,68,68,68,68,68,68,68,68,68,68,68,68,68,68,68,68,68,68,73,73,73,73,73,73,73,73,73,73,73,73,73,73,83,83,83,83,83,83,83,83,83,90,90,90,90,90,90,90,90,90],"relic_stats":{"Regal Pillow":0,"Gremlin Horn":[19,19],"counters":[58,262],"Tiny Chest":2,"PreservedInsect":448,"Pen Nib":[11],"Art of War":[14],"Ginger":[2],"Medical Kit":[1],"Boot":[0],"obtain_stats":[{"champ:DuelingGlove":47,"Lantern":8,"Regal Pillow":10,"Gremlin Horn":13,"SacredBark":17,"Incense Burner":0,"Ginger":55,"Cursed Key":34,"Boot":44,"Sundial":31,"DollysMirror":0,"Strawberry":48,"Tiny Chest":26,"Toxic Egg 2":9,"hexamod:SpiritBrand":0,"InkBottle":41,"Potion Belt":11,"champ:Barbells":0,"Happy Flower":55,"hexamod:TheBrokenSeal":37,"Oddly Smooth Stone":54,"PreservedInsect":3,"Pen Nib":31,"Omamori":26,"War Paint":46,"Medical Kit":0,"sneckomod:SneckoTalon":17,"White Beast Statue":0,"WarpedTongs":20,"hexamod:MatchstickCase":6,"bronze:BronzeIdol":36,"Du-Vu Doll":43,"Anchor":23,"Art of War":0,"Bag of Marbles":40,"Membership Card":54,"hexamod:BolsterEngine":0,"Ring of the Serpent":1,"Toy Ornithopter":9},{"champ:DuelingGlove":25,"Lantern":34,"Regal Pillow":35,"Gremlin Horn":37,"SacredBark":7,"Incense Burner":30,"Ginger":57,"Cursed Key":17,"Boot":52,"Sundial":16,"DollysMirror":30,"Strawberry":54,"Tiny Chest":42,"Toxic Egg 2":34,"hexamod:SpiritBrand":0,"InkBottle":21,"Potion Belt":4,"champ:Barbells":30,"Happy Flower":29,"hexamod:TheBrokenSeal":20,"Oddly Smooth Stone":56,"PreservedInsect":32,"Pen Nib":46,"Omamori":12,"War Paint":24,"Medical Kit":30,"sneckomod:SneckoTalon":39,"White Beast Statue":30,"WarpedTongs":9,"hexamod:MatchstickCase":33,"bronze:BronzeIdol":48,"Du-Vu Doll":51,"Anchor":42,"Art of War":30,"Bag of Marbles":50,"Membership Card":28,"hexamod:BolsterEngine":30,"Ring of the Serpent":1,"Toy Ornithopter":3},{"champ:DuelingGlove":118,"Lantern":161,"Regal Pillow":164,"Gremlin Horn":169,"SacredBark":25,"Incense Burner":149,"Ginger":254,"Cursed Key":82,"Boot":228,"Sundial":70,"DollysMirror":149,"Strawberry":233,"Tiny Chest":187,"Toxic Egg 2":161,"hexamod:SpiritBrand":0,"InkBottle":102,"Potion Belt":12,"champ:Barbells":149,"Happy Flower":141,"hexamod:TheBrokenSeal":96,"Oddly Smooth Stone":250,"PreservedInsect":154,"Pen Nib":200,"Omamori":50,"War Paint":113,"Medical Kit":149,"sneckomod:SneckoTalon":177,"White Beast Statue":149,"WarpedTongs":32,"hexamod:MatchstickCase":158,"bronze:BronzeIdol":211,"Du-Vu Doll":224,"Anchor":187,"Art of War":149,"Bag of Marbles":218,"Membership Card":136,"hexamod:BolsterEngine":149,"Ring of the Serpent":1,"Toy Ornithopter":10}],"Toy Ornithopter":184},"card_choices":[{"not_picked":["hexamod:ChargedBarrage","hexamod:HeatMetal"],"picked":"hexamod:Hexaguard","floor":1.0},{"not_picked":["hexamod:GhostLash","hexamod:HeatMetal","hexamod:ThermalTransfer"],"picked":"SKIP","floor":2.0},{"not_picked":["hexamod:AdvancingGuard","hexamod:PhantomFireball"],"picked":"hexamod:StepThrough","floor":6.0},{"not_picked":["hexamod:HeatShield","hexamod:SuperheatedStrike"],"picked":"hexamod:Hexaguard","floor":8.0},{"not_picked":["hexamod:FastForward+1","hexamod:ChargedBarrage+1"],"picked":"hexamod:CatchUp+1","floor":11.0},{"not_picked":["hexamod:FastForward+1","hexamod:GhostflameBarrier+1"],"picked":"hexamod:SixthSeal","floor":13.0},{"not_picked":["hexamod:InspiringFlames+1","hexamod:FlamesFromBeyond+1"],"picked":"hexamod:RadiantFlame","floor":14.0},{"not_picked":["hexamod:Toasty","hexamod:GiftsFromTheDead"],"picked":"hexamod:HexaLevel","floor":16.0},{"not_picked":["hexamod:SuperheatedStrike+1","hexamod:HauntingEcho"],"picked":"hexamod:Hexaguard+1","floor":18.0},{"not_picked":["hexamod:SwordOfDarkness","hexamod:GhostShield+1"],"picked":"hexamod:Toasty","floor":22},{"not_picked":["hexamod:HauntingEcho","hexamod:FlamesFromBeyond+1"],"picked":"hexamod:Rewind+1","floor":23},{"not_picked":["hexamod:BacktrackSmack","hexamod:EmpoweredFlame","hexamod:Incineration"],"picked":"SKIP","floor":28},{"not_picked":["hexamod:RecurringNightmare+1","hexamod:SwordOfDarkness"],"picked":"hexamod:NightmareGuise+1","floor":29},{"not_picked":["hexamod:NightmareGuise+1","hexamod:FirstSeal"],"picked":"hexamod:NightmareStrike","floor":30},{"not_picked":["hexamod:FirstSeal","hexamod:GhostflameBarrier+1"],"picked":"hexamod:HeatShield+1","floor":31},{"not_picked":["hexamod:SixthSeal","hexamod:GiftsFromTheDead"],"picked":"hexamod:FifthSeal","floor":33},{"not_picked":["hexamod:FourthSeal","hexamod:SixthSeal"],"picked":"hexamod:ThirdSeal","floor":35},{"not_picked":["hexamod:Haunt+1","hexamod:NightmareGuise+1"],"picked":"hexamod:HauntingEcho","floor":35},{"not_picked":["hexamod:ThermalTransfer","hexamod:FlamesFromBeyond+1","hexamod:AdvancingGuard+1"],"picked":"SKIP","floor":39},{"not_picked":["hexamod:BacktrackSmack","hexamod:SixthSeal","hexamod:Again+1"],"picked":"SKIP","floor":40},{"not_picked":["hexamod:BurningTouch+1","hexamod:InspiringFlames+1","hexamod:Rewind+1"],"picked":"SKIP","floor":42},{"not_picked":["hexamod:SecondSeal","hexamod:NecessarySacrifice+1","hexamod:SpectersWail"],"picked":"SKIP","floor":44},{"not_picked":["hexamod:NightmareStrike+1","hexamod:EmpoweredFlame","hexamod:FastForward+1"],"picked":"SKIP","floor":45},{"not_picked":["hexamod:ThirdSeal","hexamod:FastForward+1","hexamod:SpectralSpark+1"],"picked":"SKIP","floor":47},{"not_picked":["hexamod:NightmareGuise+1","hexamod:Toasty"],"picked":"hexamod:GhostOfSpirePast","floor":55}],"player_experience":3544237,"relics_obtained":[{"floor":6.0,"key":"hexamod:MatchstickCase"},{"floor":8.0,"key":"Lantern"},{"floor":9.0,"key":"Toxic Egg 2"},{"floor":10.0,"key":"Regal Pillow"},{"floor":13.0,"key":"Gremlin Horn"},{"floor":23,"key":"Anchor"},{"floor":26,"key":"Tiny Chest"},{"floor":31,"key":"Pen Nib"},{"floor":36,"key":"bronze:BronzeIdol"},{"floor":40,"key":"Bag of Marbles"},{"floor":43,"key":"Du-Vu Doll"},{"floor":44,"key":"Boot"},{"floor":48,"key":"Strawberry"},{"floor":55,"key":"Ginger"}],"event_choices":[{"damage_healed":0.0,"max_hp_gain":0.0,"max_hp_loss":0.0,"gold_gain":0.0,"event_name":"Scrap Ooze","player_choice":"Success","floor":3.0,"gold_loss":0.0,"damage_taken":11.0,"relics_obtained":["PreservedInsect"]},{"cards_removed":["hexamod:Defend"],"damage_healed":0.0,"max_hp_gain":0.0,"max_hp_loss":0.0,"gold_gain":0.0,"event_name":"The Cleric","player_choice":"Card Removal","floor":5.0,"gold_loss":75.0,"damage_taken":0.0},{"damage_healed":0.0,"max_hp_gain":0.0,"max_hp_loss":0.0,"gold_gain":0.0,"event_name":"Dead Adventurer","player_choice":"Searched \u00271\u0027 times","floor":10.0,"gold_loss":0.0,"damage_taken":0.0},{"damage_healed":0.0,"max_hp_gain":0.0,"max_hp_loss":0.0,"gold_gain":0.0,"event_name":"The Mausoleum","player_choice":"Ignored","floor":19.0,"gold_loss":0.0,"damage_taken":0.0},{"damage_healed":0,"gold_gain":0,"player_choice":"Shed Blood","damage_taken":24,"max_hp_gain":5,"max_hp_loss":0,"event_name":"Forgotten Altar","floor":25,"gold_loss":0},{"damage_healed":0,"gold_gain":0,"player_choice":"Ignored","damage_taken":0,"max_hp_gain":0,"max_hp_loss":0,"event_name":"SecretPortal","floor":38,"gold_loss":0}],"is_beta":false,"boss_relics":[{"not_picked":["Empty Cage","hexamod:IceCube"],"picked":"sneckomod:SneckoTalon"},{"not_picked":["Calling Bell","Astrolabe"],"picked":"SacredBark"}],"items_purged_floors":[0,21,46],"is_endless":false,"potions_floor_spawned":[1,2,6,8,10,11,13,14,16,18,22,23,28,29,30,31,33,35,39,40,42,44,45,47,55],"ascension_level":20}}