{"host":"ve5hox67eka4rdnb","time":1612956449,"event":{"mods":["ATMod(∞¢Ë™Mod)","AchievementEnabler","Act Like it!","BaseMod","Downfall","Gensokyo","Hermit","Koishi","Lobotomy","LobotomyExtend","Marisa£®ÏF”Í°°ƒß¿Ì…≥£©","Minty Spire (QoL Compilation)","Reimu£®≤©¿ˆ¡È√Œ£©","Remilia£®¿Ÿ√◊¿Ú—«£©","Replay The Spire","Shop Mod","StSLib","The Construct","The Cursed","The Servant 0.9.4"],"gold_per_floor":[113,125,135,227,227,253,253,269,292,292,292],"floor_reached":10,"language":"ZHS","playtime":547,"items_purged":[],"score":75,"play_id":"556f195f-9c91-4dc7-8331-3919d3a845bb","local_time":"20210210192729","is_ascension_mode":true,"campfire_choices":[{"data":"AT_WaterDrop","floor":7,"key":"SMITH"}],"circlet_count":0,"master_deck":["Strike_B","Strike_B","Strike_B","Strike_B","Defend_B","Defend_B","Defend_B","Defend_B","Zap","Dualcast","AT_WaterDrop+1","Coolheaded","Skim","Coolheaded","Coolheaded","Panic Button","Hologram","Machine Learning","AT_WarpDrive"],"relics":["Cracked Core","AT_ATBox","LetterFromLob","Prayer Wheel","Juzu Bracelet","Bag of Preparation"],"acts_visited":["Exordium"],"potions_floor_usage":[6],"damage_taken":[{"damage":2,"enemies":"Small Slimes","floor":1,"turns":3},{"damage":3,"enemies":"2 Louse","floor":2,"turns":3},{"damage":13,"enemies":"Jaw Worm","floor":3,"turns":5},{"damage":21,"enemies":"3 Sentries","floor":6,"turns":17},{"damage":9,"enemies":"2 Fungi Beasts","floor":8,"turns":5},{"damage":10,"enemies":"Lagavulin","floor":10,"turns":6}],"seed_played":"-5428783174906288990","potions_obtained":[{"floor":3,"key":"GamblersBrew"}],"is_trial":false,"path_per_floor":["M","M","M","?","?","E","R","M","T","E"],"character_chosen":"DEFECT","items_purchased":[],"campfire_rested":0,"item_purchase_floors":[],"current_hp_per_floor":[73,70,57,57,62,41,41,32,32,22,22],"gold":292,"neow_bonus":"THREE_CARDS","is_daily":false,"chose_seed":false,"campfire_upgraded":1,"win_rate":0.0,"timestamp":1612956449,"path_taken":["M","M","M","?","?","E","R","M","T","E"],"items_purchased_type":[],"build_version":"2020-12-22","purchased_purges":0,"victory":false,"max_hp_per_floor":[75,75,75,75,80,80,80,80,80,80,80],"card_choices":[{"not_picked":["Conserve Battery","Go for the Eyes"],"picked":"Coolheaded","floor":0},{"not_picked":["Gash","BasicCrystalCard","Rebound"],"picked":"SKIP","floor":1},{"not_picked":["Panic Button","Stack"],"picked":"ReplayTheSpireMod:Fabricate Wheel","floor":2},{"not_picked":["ReplayGash","Beam Cell"],"picked":"Skim","floor":3},{"not_picked":["Conserve Battery","Streamline"],"picked":"Coolheaded","floor":3},{"not_picked":["ReplayRNGCard","AT_HeatAcrobatics"],"picked":"Coolheaded","floor":4},{"not_picked":["Stack","Coolheaded"],"picked":"Panic Button","floor":4},{"not_picked":["Heatsinks","AT_HeatAcrobatics"],"picked":"Hologram","floor":4},{"not_picked":["Gash","Ball Lightning"],"picked":"Machine Learning","floor":6},{"not_picked":["Skim","ReplayTheSpireMod:GoodbyeWorld"],"picked":"AT_WarpDrive","floor":8},{"not_picked":["Steam","AT_HeatAcrobatics","Steam Power"],"picked":"SKIP","floor":8}],"player_experience":210068,"relics_obtained":[{"floor":1,"key":"LetterFromLob"},{"floor":6,"key":"Juzu Bracelet"},{"floor":9,"key":"Bag of Preparation"}],"event_choices":[{"damage_healed":0,"gold_gain":0,"player_choice":"Donut","damage_taken":0,"max_hp_gain":5,"max_hp_loss":0,"event_name":"Big Fish","floor":5,"gold_loss":0}],"is_beta":false,"boss_relics":[],"items_purged_floors":[],"is_endless":false,"potions_floor_spawned":[3],"killed_by":"Lagavulin","ascension_level":2}}