{"host":"yhhyog5h1q67ienp","time":1612919278,"event":{"mods":["AchievementEnabler","BaseMod","Block Reminder","Colored Map","Colored Powertips","Minty Spire (QoL Compilation)","Quick Restart","Relic Stats","StSLib","ojb\u0027s Better Paths Mod","ojb\u0027s Info Mod"],"gold_per_floor":[365,377,15,15,15,15,47,47,47,47,47,58,87,107,107,107,107],"floor_reached":16,"language":"ENG","playtime":865,"items_purged":["Strike_G"],"score":216,"play_id":"2ec17647-59fb-430c-a98b-7b9b49dbedf1","local_time":"20210209220758","is_ascension_mode":true,"campfire_choices":[{"data":"Skewer","floor":6,"key":"SMITH"},{"floor":11,"key":"REST"},{"floor":15,"key":"REST"}],"circlet_count":0,"master_deck":["AscendersBane","Strike_G","Strike_G","Strike_G","Strike_G","Defend_G","Defend_G","Defend_G","Defend_G","Defend_G","Survivor","Neutralize","Footwork","Endless Agony","Skewer+1","Footwork","Endless Agony","Flying Knee","Dagger Spray","PiercingWail"],"relics":["Ring of the Snake","Art of War","Potion Belt","Letter Opener","InkBottle","Sundial"],"acts_visited":["Exordium"],"potions_floor_usage":[7,14,16],"damage_taken":[{"damage":1,"enemies":"Small Slimes","floor":1,"turns":4},{"damage":3,"enemies":"Jaw Worm","floor":2,"turns":8},{"damage":46,"enemies":"Gremlin Nob","floor":7,"turns":5},{"damage":0,"enemies":"2 Louse","floor":12,"turns":2},{"damage":4,"enemies":"Lagavulin","floor":13,"turns":8},{"damage":19,"enemies":"Exordium Wildlife","floor":14,"turns":3},{"damage":23,"enemies":"Hexaghost","floor":16,"turns":9}],"seed_played":"-8240230785614254195","potions_obtained":[{"floor":2,"key":"Fire Potion"},{"floor":13,"key":"Energy Potion"},{"floor":14,"key":"GamblersBrew"}],"is_trial":false,"path_per_floor":["M","M","$","?","T","R","E","?","T","?","R","M","E","M","R","B"],"character_chosen":"THE_SILENT","items_purchased":["Skewer","Footwork","Art of War"],"campfire_rested":2,"item_purchase_floors":[3,3,3],"current_hp_per_floor":[58,55,55,55,55,55,9,9,9,9,27,27,23,4,22,0,0],"gold":107,"neow_bonus":"TWO_FIFTY_GOLD","is_daily":false,"chose_seed":false,"campfire_upgraded":1,"win_rate":0.0,"timestamp":1612919278,"path_taken":["M","M","$","?","?","R","E","?","T","?","R","?","E","M","R","BOSS"],"items_purchased_type":["Card","Card","Relic"],"build_version":"2020-12-22","purchased_purges":1,"victory":false,"max_hp_per_floor":[60,60,60,60,60,60,60,60,60,60,60,60,60,60,60,60,60],"relic_stats":{"counters":[7,39],"Sundial":[2],"Art of War":[2],"Letter Opener":[15],"obtain_stats":[{"Potion Belt":5,"Sundial":13,"Art of War":3,"Letter Opener":7,"InkBottle":9,"Ring of the Snake":0},{"Potion Belt":2,"Sundial":5,"Art of War":2,"Letter Opener":3,"InkBottle":3,"Ring of the Snake":0},{"Potion Belt":12,"Sundial":27,"Art of War":12,"Letter Opener":17,"InkBottle":17,"Ring of the Snake":0}],"InkBottle":[8],"Ring of the Snake":[15]},"card_choices":[{"not_picked":["Deflect","Infinite Blades"],"picked":"Footwork","floor":1},{"not_picked":["Deadly Poison","All Out Attack"],"picked":"Endless Agony","floor":2},{"not_picked":["Setup","Quick Slash"],"picked":"Endless Agony","floor":7},{"not_picked":["Concentrate","Bane"],"picked":"Flying Knee","floor":12},{"not_picked":["Acrobatics","Outmaneuver"],"picked":"Dagger Spray","floor":13},{"not_picked":["Dagger Throw","Dagger Spray"],"picked":"PiercingWail","floor":14}],"player_experience":1441314,"relics_obtained":[{"floor":5,"key":"Potion Belt"},{"floor":7,"key":"Letter Opener"},{"floor":9,"key":"InkBottle"},{"floor":13,"key":"Sundial"}],"event_choices":[{"damage_healed":0,"gold_gain":0,"player_choice":"Ignored","damage_taken":0,"max_hp_gain":0,"max_hp_loss":0,"event_name":"Liars Game","floor":4,"gold_loss":0},{"damage_healed":0,"gold_gain":0,"player_choice":"Searched \u00270\u0027 times","damage_taken":0,"max_hp_gain":0,"max_hp_loss":0,"event_name":"Dead Adventurer","floor":8,"gold_loss":0},{"damage_healed":0,"gold_gain":0,"player_choice":"Ignored","damage_taken":0,"max_hp_gain":0,"max_hp_loss":0,"event_name":"Shining Light","floor":10,"gold_loss":0}],"is_beta":false,"boss_relics":[],"items_purged_floors":[3],"is_endless":false,"potions_floor_spawned":[2,13,14],"killed_by":"Hexaghost","ascension_level":20}}