{"host":"g9lyg94sknivkiz4","time":1612924302,"event":{"mods":["AchievementEnabler","Act Like it!","Art Attack!","Aspiration","BaseMod","Better Altar","Better Match","Better Note","Better Skull","Better Third Choice","BetterRewards","Colored Map","Conspire","Defuse TimeMaze Blight","Dio Mod","Downfall","Elementarium","Energized Spire","GifTheSpireLib","Gold Saver","Googly Eyes","Hallownest","Hubris","Hyrulean Relics","Infinite Spire","Melee Mod","Mimic Mod","Minty Spire (QoL Compilation)","Morshu Shopkeeper","RRrroohrrRGHHhhh!!","Replay The Spire","SCP261 Mod","Shop Mod","Small Relic Pack","Spicy Shops","StSLib","Steal the Spire","Td1madao Mod","The Alterego","The Blue Laboratory","The Forsaken","The Servant 0.9.4","The Wild Card"],"gold_per_floor":[115,115,132,148,159,159,159],"floor_reached":6,"language":"ENG","playtime":191,"items_purged":[],"score":38,"play_id":"446f9975-26c0-4f56-bed8-2a85cd35a116","local_time":"20210209193142","is_ascension_mode":false,"campfire_choices":[],"circlet_count":0,"master_deck":["Strike_C","Strike_C","Strike_C","Strike_C","Defend_C","Defend_C","Defend_C","Defend_C","Knight Kick","Chip","Three Hit","Pain","Im Angry","Black Execution","Black Dance"],"relics":["Apod","NeowsBlessing","WarpedTongs"],"acts_visited":["Exordium"],"potions_floor_usage":[],"damage_taken":[{"damage":0,"enemies":"Cultist","floor":1,"turns":1},{"damage":2,"enemies":"2 Louse","floor":3,"turns":1},{"damage":0,"enemies":"Small Slimes","floor":4,"turns":1},{"damage":29,"enemies":"Gremlin Gang","floor":5,"turns":5},{"damage":1,"enemies":"3 Sentries","floor":6,"turns":1}],"seed_played":"-6248286443077850137","potions_obtained":[{"floor":1,"key":"blueLaboratory:BottledHope"},{"floor":4,"key":"blueLaboratory:NullPotion"},{"floor":5,"key":"SCP261:ThunderBarPotion"}],"is_trial":false,"path_per_floor":["M","?","M","M","M","E"],"character_chosen":"TD1MADAO_CLASS","items_purchased":[],"campfire_rested":0,"item_purchase_floors":[],"current_hp_per_floor":[70,70,68,68,39,38,38],"gold":159,"neow_bonus":"THREE_ENEMY_KILL","is_daily":false,"chose_seed":false,"campfire_upgraded":0,"win_rate":0.0,"timestamp":1612924302,"path_taken":["M","?","M","?","M","E"],"items_purchased_type":[],"build_version":"2020-12-22","purchased_purges":0,"victory":false,"max_hp_per_floor":[70,70,70,70,70,70,70],"card_choices":[{"not_picked":["Reflection Mechanism","Fire Up"],"picked":"Three Hit","floor":1},{"not_picked":["Preparedness","White Contract"],"picked":"Im Angry","floor":3},{"not_picked":["Cursed Blade","Light Attack"],"picked":"Black Execution","floor":4},{"not_picked":["Three Hit","Fire Up"],"picked":"Black Dance","floor":5}],"player_experience":125090,"relics_obtained":[],"event_choices":[{"damage_healed":0,"gold_gain":0,"player_choice":"Rummage","damage_taken":0,"relics_obtained":["WarpedTongs"],"max_hp_gain":0,"max_hp_loss":0,"event_name":"Accursed Blacksmith","floor":2,"gold_loss":0,"cards_obtained":["Pain"]}],"is_beta":false,"boss_relics":[],"items_purged_floors":[],"is_endless":false,"potions_floor_spawned":[1,4,5],"killed_by":"3 Sentries","ascension_level":0}}