{"host":"mal0jdk4f6ubgyb8","time":1612946424,"event":{"mods":["100% Spire Juice","Act Like it!","Aspiration","BaseMod","Gensokyo","KinomotoSakuraMod(木之本樱)","Luminous","Marisa（F雨　魔理沙）","Minty Spire (QoL Compilation)","Quick Restart","Relic Stats","Reliquary","Remilia（蕾米莉亚）","Replay The Spire","StSLib","WarShipGirlsR/战舰少女R mod","Yakumo Yukari mod"],"gold_per_floor":[116,135,135,35,35,35,61,61,61,61,61,75,107,32,32,133,133,144,155,430,445,458,474,502,554,554,554,554],"floor_reached":27,"language":"ZHS","playtime":818,"items_purged":["Clumsy"],"score":278,"play_id":"1520bb7d-230b-4b05-9012-9255c8a5da29","local_time":"20210210164024","is_ascension_mode":true,"campfire_choices":[{"data":"Gensokyo:CrescentMoonSlash","floor":6.0,"key":"SMITH"},{"data":"Neutralize","floor":8.0,"key":"SMITH"},{"data":"Accuracy","floor":10.0,"key":"SMITH"}],"circlet_count":0,"master_deck":["Strike_G","Strike_G","Strike_G","Strike_G","Strike_G","Defend_G+1","Defend_G+1","Defend_G+1","Defend_G+1","Defend_G+1","Survivor","Neutralize+1","Hidden Blade","Accuracy+1","Gensokyo:CrescentMoonSlash+1","ReplayTheSpireMod:Scrap Shanks+1","A Thousand Cuts+1","Terror","Injury","A Thousand Cuts+1","Blade Dance+1","Prepared+1","Regret","Accuracy+1","Underhanded Strike","Hidden Blade"],"relics":["Ring of the Snake","NeowsBlessing","Frozen Egg 2","Gensokyo:NagashiBinaDoll","Du-Vu Doll","Replay:Bottled Eggs","Boot","Thread and Needle","Black Star","Snake Skull","Garlic","Art of War","Du-Vu Doll"],"acts_visited":["Exordium","TheCity"],"potions_floor_usage":[24,24,24],"damage_taken":[{"damage":0.0,"enemies":"Gensokyo:3_Fairies","floor":1.0,"turns":1.0},{"damage":0.0,"enemies":"Gensokyo:Python","floor":2.0,"turns":1.0},{"damage":0.0,"enemies":"Gensokyo:Aya","floor":7.0,"turns":1.0},{"damage":0.0,"enemies":"Gensokyo:2_Kodama","floor":12.0,"turns":1.0},{"damage":13.0,"enemies":"Gensokyo:Mamizou","floor":13.0,"turns":7.0},{"damage":3.0,"enemies":"Gensokyo:Yukari","floor":16.0,"turns":10.0},{"damage":19.0,"enemies":"2 Thieves","floor":18.0,"turns":4.0},{"damage":17.0,"enemies":"Spheric Guardian","floor":19.0,"turns":5.0},{"damage":14.0,"enemies":"Shelled Parasite and Fungi","floor":21.0,"turns":4.0},{"damage":0.0,"enemies":"Sentry and Sphere","floor":22.0,"turns":3.0},{"damage":0.0,"enemies":"Cultist and Chosen","floor":23.0,"turns":4.0},{"damage":19,"enemies":"Book of Stabbing","floor":24,"turns":5}],"seed_played":"1238980057879685054","potions_obtained":[{"floor":1.0,"key":"Energy Potion"},{"floor":16.0,"key":"Reflective Coating"},{"floor":22.0,"key":"Weak Potion"},{"floor":23.0,"key":"Adrenaline Potion"}],"is_trial":false,"path_per_floor":["M","M","?","?","?","R","E","R","T","R","T","M","E","$","R","B",null,"M","M","?","M","M","M","E","T","T","?"],"character_chosen":"THE_SILENT","items_purchased":[],"campfire_rested":0,"item_purchase_floors":[],"current_hp_per_floor":[70,70,60,60,60,60,60,60,60,60,60,60,47,47,47,44,70,51,34,34,20,20,20,1,1,1,1,1],"gold":554,"neow_bonus":"THREE_ENEMY_KILL","is_daily":false,"chose_seed":false,"campfire_upgraded":3,"win_rate":0.0,"timestamp":1612946424,"path_taken":["M","M","?","?","?","R","E","R","T","R","?","M","E","?","R","BOSS","M","M","?","?","M","M","E","?","T","?"],"items_purchased_type":[],"build_version":"2020-12-22","purchased_purges":1,"victory":false,"max_hp_per_floor":[70,70,70,70,70,70,70,70,70,70,70,70,70,70,70,70,70,70,70,70,70,70,70,70,70,70,70,70],"relic_stats":{"counters":[12,46],"Snake Skull":[0],"Black Star":1,"Art of War":[0],"Boot":[16],"obtain_stats":[{"NeowsBlessing":0,"Thread and Needle":15,"Gensokyo:NagashiBinaDoll":5,"Snake Skull":24,"Frozen Egg 2":4,"Boot":13,"Du-Vu Doll":7,"reliquary:SculptingSteel":26,"Black Star":17,"Garlic":24,"Art of War":25,"Replay:Bottled Eggs":9,"Ring of the Snake":0},{"NeowsBlessing":0,"Thread and Needle":5,"Gensokyo:NagashiBinaDoll":2,"Snake Skull":12,"Frozen Egg 2":2,"Boot":5,"Du-Vu Doll":3,"reliquary:SculptingSteel":12,"Black Star":6,"Garlic":12,"Art of War":12,"Replay:Bottled Eggs":3,"Ring of the Snake":0},{"NeowsBlessing":0,"Thread and Needle":11,"Gensokyo:NagashiBinaDoll":2,"Snake Skull":46,"Frozen Egg 2":2,"Boot":11,"Du-Vu Doll":3,"reliquary:SculptingSteel":46,"Black Star":21,"Garlic":46,"Art of War":46,"Replay:Bottled Eggs":3,"Ring of the Snake":0}],"Ring of the Snake":[24]},"card_choices":[{"not_picked":["ReplayTheSpireMod:Tripwire","PiercingWail"],"picked":"Hidden Blade","floor":1.0},{"not_picked":["Bane","Backflip"],"picked":"Accuracy","floor":2.0},{"not_picked":["Acrobatics","Dodge and Roll"],"picked":"ReplayTheSpireMod:Scrap Shanks+1","floor":7.0},{"not_picked":["Flying Knee","Finisher"],"picked":"A Thousand Cuts+1","floor":12.0},{"not_picked":["ReplayTheSpireMod:Speed Training","Poisoned Stab"],"picked":"Terror","floor":13.0},{"not_picked":["Replay:Bag of Tricks","Night Terror"],"picked":"A Thousand Cuts+1","floor":16.0},{"not_picked":["Choke","Deflect+1"],"picked":"Blade Dance+1","floor":18.0},{"not_picked":["Dagger Spray","Backflip+1"],"picked":"Prepared+1","floor":19.0},{"not_picked":["Bane","Quick Slash"],"picked":"Accuracy+1","floor":21.0},{"not_picked":["Acrobatics","Poisoned Stab","Expertise"],"picked":"SKIP","floor":22.0},{"not_picked":["Tactician","Flechettes"],"picked":"Underhanded Strike","floor":23.0},{"not_picked":["PiercingWail","Replay:Poison Smokescreen"],"picked":"Hidden Blade","floor":24}],"player_experience":311428,"relics_obtained":[{"floor":7.0,"key":"Du-Vu Doll"},{"floor":9.0,"key":"Replay:Bottled Eggs"},{"floor":13.0,"key":"Boot"},{"floor":24,"key":"Snake Skull"},{"floor":24,"key":"Garlic"},{"floor":25,"key":"Art of War"},{"floor":26,"key":"reliquary:SculptingSteel"}],"event_choices":[{"damage_healed":0.0,"max_hp_gain":0.0,"max_hp_loss":0.0,"gold_gain":275.0,"event_name":"Golden Shrine","player_choice":"Desecrate","floor":20.0,"gold_loss":0.0,"damage_taken":0.0,"cards_obtained":["Regret"]}],"is_beta":false,"boss_relics":[{"not_picked":["Replay:Wanted Poster","Coffee Dripper"],"picked":"Black Star"}],"items_purged_floors":[14],"is_endless":false,"potions_floor_spawned":[1,16,22,23],"ascension_level":1}}