{"host":"y0i0tbisecj7yjyn","time":1612926104,"event":{"mods":["2.2 Compatiblity","A Penny For Your Troubles","AchievementEnabler","AlwaysNeverKeys","BaseMod","BetterRewards","Colored Map","Colored Powertips","Consume Value Calculator","Curses Come First","Dark Map","Disable Question Mark Monsters","Displayed Cursed Tome","Highlight Path","Keyboard Shortcuts","Minty Spire (QoL Compilation)","Quick Restart","Random Character Button","Rare Cards Sparkle","Relic Sorter","StSLib","SuperFastMode","Transform Curses","Weighted Paths"],"gold_per_floor":[111,186,65,65,82,95,55,84,139,104,104,121,121,133,133,230,230,249,282,282,306,318,318],"floor_reached":22,"language":"ENG","playtime":760,"items_purged":[],"score":221,"play_id":"ed3cbe78-770a-43e2-8f06-404f1639dcca","local_time":"20210209210144","is_ascension_mode":true,"campfire_choices":[{"data":"Sunder","floor":15,"key":"SMITH"}],"circlet_count":0,"master_deck":["Strike_B","Strike_B","Strike_B","Strike_B","Defend_B","Defend_B","Defend_B","Defend_B","Zap","Dualcast","Defragment+1","Ball Lightning","Beam Cell","Heatsinks","Force Field","Flash of Steel","Sunder+1","Defragment","Multi-Cast","Doom and Gloom","BootSequence","Writhe","FTL+1"],"relics":["Cracked Core","NeowsBlessing","PreservedInsect","Strawberry","Tiny Chest","Nunchaku","Busted Crown","Red Mask","MawBank"],"acts_visited":["Exordium","TheCity"],"potions_floor_usage":[14,21],"damage_taken":[{"damage":0,"enemies":"Cultist","floor":1,"turns":1},{"damage":0,"enemies":"2 Louse","floor":5,"turns":1},{"damage":0,"enemies":"Small Slimes","floor":6,"turns":1},{"damage":16,"enemies":"Gremlin Nob","floor":8,"turns":3},{"damage":28,"enemies":"Gremlin Gang","floor":12,"turns":4},{"damage":2,"enemies":"2 Fungi Beasts","floor":14,"turns":3},{"damage":44,"enemies":"Hexaghost","floor":16,"turns":8},{"damage":11,"enemies":"Spheric Guardian","floor":18,"turns":3},{"damage":26,"enemies":"Masked Bandits","floor":19,"turns":4},{"damage":30,"enemies":"3 Byrds","floor":21,"turns":5},{"damage":42,"enemies":"3 Cultists","floor":22,"turns":4}],"seed_played":"-8319813599458612146","potions_obtained":[{"floor":5,"key":"Dexterity Potion"},{"floor":16,"key":"FairyPotion"},{"floor":19,"key":"DistilledChaos"}],"is_trial":false,"path_per_floor":["M","?","?","?","M","M","$","E","T","?","?","M","T","M","R","B",null,"M","?","?","M","M"],"character_chosen":"DEFECT","items_purchased":["Heatsinks"],"campfire_rested":0,"item_purchase_floors":[7],"current_hp_per_floor":[75,64,64,64,64,64,64,55,55,75,75,47,47,45,45,1,82,71,45,45,15,0,0],"gold":318,"neow_bonus":"THREE_ENEMY_KILL","is_daily":false,"chose_seed":false,"campfire_upgraded":1,"win_rate":0.0,"timestamp":1612926104,"path_taken":["M","?","?","?","M","M","$","E","T","?","?","?","?","?","R","BOSS","M","?","?","M","M"],"items_purchased_type":["Card"],"build_version":"2020-12-22","purchased_purges":0,"victory":false,"max_hp_per_floor":[75,75,75,75,75,75,75,82,82,82,82,82,82,82,82,82,82,82,82,82,82,82,82],"card_choices":[{"not_picked":["Steam","Turbo"],"picked":"Defragment","floor":1},{"not_picked":["Streamline","Leap"],"picked":"Ball Lightning","floor":5},{"not_picked":["Coolheaded","Reinforced Body"],"picked":"Beam Cell","floor":6},{"not_picked":["Turbo","Sunder"],"picked":"Force Field","floor":8},{"not_picked":["Turbo","Steam Power"],"picked":"Sunder","floor":12},{"not_picked":["Leap","Genetic Algorithm"],"picked":"Defragment","floor":14},{"not_picked":["Meteor Strike","Hyperbeam"],"picked":"Multi-Cast","floor":16},{"not_picked":[],"picked":"Doom and Gloom","floor":18},{"not_picked":[],"picked":"BootSequence","floor":19},{"not_picked":[],"picked":"FTL+1","floor":21}],"player_experience":414508,"relics_obtained":[{"floor":8,"key":"Strawberry"},{"floor":9,"key":"Tiny Chest"},{"floor":13,"key":"Nunchaku"},{"floor":19,"key":"Red Mask"}],"event_choices":[{"damage_healed":0,"gold_gain":75,"player_choice":"Gather Gold","damage_taken":11,"max_hp_gain":0,"max_hp_loss":0,"event_name":"World of Goop","floor":2,"gold_loss":0},{"damage_healed":0,"gold_gain":0,"player_choice":"Paid Gold","damage_taken":0,"relics_obtained":["PreservedInsect"],"max_hp_gain":0,"max_hp_loss":0,"event_name":"WeMeetAgain","floor":3,"gold_loss":121},{"damage_healed":0,"gold_gain":0,"player_choice":"Grow","damage_taken":0,"max_hp_gain":0,"max_hp_loss":0,"event_name":"Living Wall","floor":4,"gold_loss":0,"cards_upgraded":["Defragment"]},{"damage_healed":20,"gold_gain":0,"player_choice":"Healed","damage_taken":0,"max_hp_gain":0,"max_hp_loss":0,"event_name":"The Cleric","floor":10,"gold_loss":35},{"damage_healed":0,"gold_gain":0,"player_choice":"1 cards matched","damage_taken":0,"max_hp_gain":0,"max_hp_loss":0,"event_name":"Match and Keep!","floor":11,"gold_loss":0,"cards_obtained":["Flash of Steel"]},{"damage_healed":0,"gold_gain":0,"player_choice":"Fought Bandits","damage_taken":0,"max_hp_gain":0,"max_hp_loss":0,"event_name":"Masked Bandits","floor":19,"gold_loss":0},{"damage_healed":0,"gold_gain":0,"player_choice":"Opened","damage_taken":0,"relics_obtained":["MawBank"],"max_hp_gain":0,"max_hp_loss":0,"event_name":"The Mausoleum","floor":20,"gold_loss":0,"cards_obtained":["Writhe"]}],"is_beta":false,"boss_relics":[{"not_picked":["FrozenCore","Tiny House"],"picked":"Busted Crown"}],"items_purged_floors":[],"is_endless":false,"potions_floor_spawned":[5,16,19],"killed_by":"3 Cultists","ascension_level":4}}