{"host":"y6zg4wwu39otf01a","time":1612928994,"event":{"mods":["Act Like it!","Aspiration","BaseMod","Better Altar","Better Match","Better Note","Better Sensory Stone","Better Skull","Better Third Choice","Challenge The Spire","Colored Map","Colored Powertips","Conspire","GifTheSpireLib","Glutton Mod","Halation","Hermit","Highlight Path","Hubris","Infinite Spire","Mimic Mod","Minty Spire (QoL Compilation)","Quick Restart","Random Character Button","Rare Cards Sparkle","Replay The Spire","Retaliation","Spicy Shops","Spire Arcade","StSLib","Stuff the Spire","The Blue Laboratory","The Jungle"],"gold_per_floor":[118,60,60,72,92,92,117,131,158,158,158,158],"floor_reached":11,"language":"ENG","playtime":564,"items_purged":[],"score":77,"play_id":"fdfb426c-6681-4aba-bc2a-4d4c21eac79c","local_time":"20210209214954","is_ascension_mode":true,"campfire_choices":[{"data":"StuffTheSpire:Plugnplay","floor":6,"key":"SMITH"},{"floor":10,"key":"REST"}],"circlet_count":0,"master_deck":["Strike_B","Strike_B","Strike_B","Strike_B+1","Defend_B","Defend_B","Defend_B","Defend_B+1","Zap","Dualcast","StuffTheSpire:CleanHardDrive","Parasite","ReplayTheSpireMod:GoodbyeWorld","StuffTheSpire:Plugnplay+1","StuffTheSpire:Plugnplay"],"relics":["Cracked Core","Du-Vu Doll","Strange Spoon","FaceOfCleric","Simple Rune","Nunchaku"],"acts_visited":["Exordium"],"potions_floor_usage":[7,11],"damage_taken":[{"damage":0,"enemies":"Small Slimes","floor":1,"turns":2},{"damage":1,"enemies":"Cultist","floor":4,"turns":3},{"damage":3,"enemies":"Jaw Worm","floor":5,"turns":4},{"damage":32,"enemies":"Lagavulin","floor":7,"turns":6},{"damage":18,"enemies":"3 Louse","floor":8,"turns":3},{"damage":34,"enemies":"3 Sentries","floor":11,"turns":4}],"seed_played":"-6421427144602264334","potions_obtained":[{"floor":1,"key":"Block Potion"},{"floor":8,"key":"Explosive Potion"}],"is_trial":false,"path_per_floor":["M","$","?","M","M","R","E","M","T","R","E"],"character_chosen":"DEFECT","items_purchased":["Strange Spoon"],"campfire_rested":1,"item_purchase_floors":[2],"current_hp_per_floor":[54,54,54,54,52,52,21,4,4,27,0,0],"gold":158,"neow_bonus":"ONE_RARE_RELIC","is_daily":false,"chose_seed":false,"campfire_upgraded":1,"win_rate":0.0,"timestamp":1612928994,"path_taken":["M","$","?","?","?","R","E","M","T","R","E"],"items_purchased_type":["Relic"],"build_version":"2020-12-22","purchased_purges":0,"victory":false,"max_hp_per_floor":[75,75,75,76,77,77,78,79,79,79,79,79],"card_choices":[{"not_picked":["Reinforced Body","Leap"],"picked":"StuffTheSpire:CleanHardDrive","floor":1},{"not_picked":["Consume","Ball Lightning"],"picked":"ReplayTheSpireMod:GoodbyeWorld","floor":4},{"not_picked":["ReplayTheSpireMod:System Scan","Leap"],"picked":"StuffTheSpire:Plugnplay","floor":5},{"not_picked":["Melter","Glacier"],"picked":"StuffTheSpire:Plugnplay","floor":7},{"not_picked":["Sunder","Blizzard","Stack"],"picked":"SKIP","floor":8}],"player_experience":782446,"relics_obtained":[{"floor":7,"key":"Simple Rune"},{"floor":9,"key":"Nunchaku"}],"event_choices":[{"damage_healed":0,"gold_gain":0,"player_choice":"Trade","damage_taken":0,"relics_obtained":["FaceOfCleric"],"max_hp_gain":0,"max_hp_loss":0,"event_name":"FaceTrader","floor":3,"gold_loss":0}],"is_beta":false,"boss_relics":[],"items_purged_floors":[],"is_endless":false,"potions_floor_spawned":[1,8],"killed_by":"3 Sentries","ascension_level":1}}