{"host":"h4lp0eeso8a0ssq0","time":1612935855,"event":{"mods":["2.2 Compatiblity","AchievementEnabler","BaseMod","CapriCore","Colored Map","Minty Spire (QoL Compilation)","StSLib","SuperFastMode"],"gold_per_floor":[117,192,274,288,288,322,322,356,356,371,409,409,409,422,422,516,516,530,530,545,57,73,73,94,94,94,94,107,22,22,47,47,140,140,153,171,184,215,235,235,235,235],"floor_reached":41,"language":"KOR","playtime":1268,"items_purged":["Strike_G"],"score":879,"play_id":"79538708-6a81-488c-9c58-5658b2b044f4","local_time":"20210210144415","is_ascension_mode":true,"campfire_choices":[{"data":"Deadly Poison","floor":7.0,"key":"SMITH"},{"data":"Deadly Poison","floor":13.0,"key":"SMITH"},{"data":"Deadly Poison","floor":15.0,"key":"SMITH"},{"floor":23.0,"key":"REST"},{"data":"Venomology","floor":25.0,"key":"SMITH"},{"floor":27.0,"key":"REST"},{"data":"Deadly Poison","floor":32.0,"key":"SMITH"},{"data":"Deadly Poison","floor":40.0,"key":"SMITH"}],"circlet_count":0,"master_deck":["AscendersBane","Defend_G","Defend_G","Defend_G+1","Defend_G","Defend_G+1","Survivor","Neutralize","Masterful Stab","Backstab","Deadly Poison+1","Backflip","Poisoned Stab","Deadly Poison+1","Deadly Poison+1","After Image+1","Leg Sweep+1","Skewer+1","Distraction+1","Leg Sweep+1","Deadly Poison+1","Deadly Poison+1","Venomology+1","Acrobatics","Concentrate+1","Tools of the Trade+1","PiercingWail","Deadly Poison+1","Catalyst+1"],"relics":["Ring of the Snake","NeowsBlessing","Frozen Egg 2","Golden Idol","Toy Ornithopter","Nunchaku","Meat on the Bone","White Beast Statue","Astrolabe","War Paint","DollysMirror","Ancient Tea Set","Paper Crane","Philosopher\u0027s Stone","Ginger"],"acts_visited":["Exordium","TheCity","TheBeyond"],"potions_floor_usage":[41,41],"damage_taken":[{"damage":0.0,"enemies":"Small Slimes","floor":1.0,"turns":1.0},{"damage":0.0,"enemies":"Jaw Worm","floor":4.0,"turns":1.0},{"damage":0.0,"enemies":"Gremlin Nob","floor":6.0,"turns":1.0},{"damage":7.0,"enemies":"Lagavulin","floor":8.0,"turns":6.0},{"damage":4.0,"enemies":"2 Louse","floor":10.0,"turns":2.0},{"damage":20.0,"enemies":"3 Sentries","floor":11.0,"turns":8.0},{"damage":1.0,"enemies":"Exordium Thugs","floor":14.0,"turns":3.0},{"damage":17.0,"enemies":"The Guardian","floor":16.0,"turns":8.0},{"damage":6.0,"enemies":"Spheric Guardian","floor":18.0,"turns":4.0},{"damage":0.0,"enemies":"Shell Parasite","floor":20.0,"turns":5.0},{"damage":37.0,"enemies":"Cultist and Chosen","floor":22.0,"turns":7.0},{"damage":19.0,"enemies":"Chosen and Byrds","floor":24.0,"turns":7.0},{"damage":0.0,"enemies":"Snake Plant","floor":28.0,"turns":4.0},{"damage":0.0,"enemies":"Centurion and Healer","floor":31.0,"turns":7.0},{"damage":68.0,"enemies":"Automaton","floor":33.0,"turns":15.0},{"damage":0.0,"enemies":"Orb Walker","floor":35.0,"turns":4.0},{"damage":12.0,"enemies":"3 Shapes","floor":36.0,"turns":6.0},{"damage":2.0,"enemies":"Transient","floor":37.0,"turns":6.0},{"damage":0.0,"enemies":"Mind Bloom Boss Battle","floor":38.0,"turns":8.0},{"damage":8.0,"enemies":"Sphere and 2 Shapes","floor":39.0,"turns":5.0},{"damage":87,"enemies":"Reptomancer","floor":41,"turns":3}],"seed_played":"875477507474036797","potions_obtained":[{"floor":1.0,"key":"CultistPotion"},{"floor":6.0,"key":"SkillPotion"},{"floor":10.0,"key":"Poison Potion"},{"floor":14.0,"key":"GamblersBrew"},{"floor":16.0,"key":"DistilledChaos"},{"floor":18.0,"key":"Swift Potion"},{"floor":22.0,"key":"GhostInAJar"},{"floor":24.0,"key":"Fire Potion"},{"floor":33.0,"key":"PowerPotion"},{"floor":35.0,"key":"ColorlessPotion"},{"floor":37.0,"key":"AttackPotion"},{"floor":38.0,"key":"LiquidBronze"},{"floor":39.0,"key":"Regen Potion"}],"is_trial":false,"path_per_floor":["M","?","T","M","?","E","R","E","T","M","E","?","R","M","R","B",null,"M","?","M","$","M","R","M","R","T","R","M","?","$","M","R","B",null,"M","M","M","?","M","R","E"],"character_chosen":"THE_SILENT","items_purchased":["War Paint","DollysMirror","Venomology"],"campfire_rested":2,"item_purchase_floors":[21,21,21],"current_hp_per_floor":[59,48,48,48,48,48,48,46,46,42,39,32,32,31,31,36,54,48,48,48,48,28,46,37,37,37,55,55,55,55,60,60,19,50,50,43,51,60,52,52,0,0],"gold":235,"neow_bonus":"THREE_ENEMY_KILL","is_daily":false,"chose_seed":false,"campfire_upgraded":6,"win_rate":0.0,"timestamp":1612935855,"path_taken":["M","?","?","M","?","E","R","E","T","M","E","?","R","M","R","BOSS","M","?","M","$","M","R","M","R","T","R","M","?","$","M","R","BOSS","M","M","M","?","M","R","E"],"items_purchased_type":["Relic","Relic","Card"],"build_version":"2020-12-22","purchased_purges":1,"victory":false,"max_hp_per_floor":[66,66,66,66,60,60,60,60,60,60,60,60,60,60,60,60,60,60,60,60,60,60,60,60,60,60,60,60,60,60,60,60,60,60,60,60,60,60,60,60,60,60],"card_choices":[{"not_picked":["Noxious Fumes","Backflip"],"picked":"Masterful Stab","floor":1.0},{"not_picked":["Quick Slash","Prepared"],"picked":"Backstab","floor":4.0},{"not_picked":["Slice","Expertise"],"picked":"Deadly Poison","floor":6.0},{"not_picked":["Footwork+1","Quick Slash"],"picked":"Backflip","floor":8.0},{"not_picked":["Backflip","Riddle With Holes"],"picked":"Poisoned Stab","floor":10.0},{"not_picked":["Blade Dance","Reflex"],"picked":"Deadly Poison","floor":11.0},{"not_picked":["Flechettes","Escape Plan"],"picked":"Deadly Poison","floor":14.0},{"not_picked":["Bullet Time","Phantasmal Killer"],"picked":"After Image+1","floor":16.0},{"not_picked":["Riddle With Holes","Underhanded Strike"],"picked":"Leg Sweep+1","floor":18.0},{"not_picked":["Flying Knee+1","Flechettes+1"],"picked":"Deadly Poison","floor":20.0},{"not_picked":["Finisher","Reflex"],"picked":"Acrobatics","floor":22.0},{"not_picked":["Dagger Spray","Flying Knee"],"picked":"Concentrate+1","floor":24.0},{"not_picked":["Dagger Throw","Choke","Eviscerate"],"picked":"SKIP","floor":28.0},{"not_picked":["Expertise","Prepared","Heel Hook"],"picked":"SKIP","floor":31.0},{"not_picked":["Doppelganger","Die Die Die"],"picked":"Tools of the Trade+1","floor":33.0},{"not_picked":["Deflect+1","Concentrate","Prepared"],"picked":"SKIP","floor":35.0},{"not_picked":["Blade Dance+1","Sucker Punch","Cloak And Dagger"],"picked":"SKIP","floor":36.0},{"not_picked":["Acrobatics","Predator"],"picked":"PiercingWail","floor":37.0},{"not_picked":["Acrobatics","Sucker Punch+1"],"picked":"Deadly Poison","floor":38.0},{"not_picked":["Sucker Punch","Poisoned Stab"],"picked":"Catalyst+1","floor":39.0}],"player_experience":212709,"relics_obtained":[{"floor":3.0,"key":"Frozen Egg 2"},{"floor":6.0,"key":"Toy Ornithopter"},{"floor":8.0,"key":"Nunchaku"},{"floor":9.0,"key":"Meat on the Bone"},{"floor":11.0,"key":"White Beast Statue"},{"floor":26.0,"key":"Ancient Tea Set"},{"floor":38.0,"key":"Ginger"}],"event_choices":[{"damage_healed":0.0,"max_hp_gain":0.0,"max_hp_loss":0.0,"gold_gain":75.0,"event_name":"World of Goop","player_choice":"Gather Gold","floor":2.0,"gold_loss":0.0,"damage_taken":11.0},{"damage_healed":0.0,"max_hp_gain":0.0,"max_hp_loss":6.0,"gold_gain":0.0,"event_name":"Golden Idol","player_choice":"Lose Max HP","floor":5.0,"gold_loss":0.0,"damage_taken":0.0,"relics_obtained":["Golden Idol"]},{"cards_removed":["Strike_G"],"damage_healed":0.0,"max_hp_gain":0.0,"max_hp_loss":0.0,"gold_gain":0.0,"event_name":"Golden Wing","player_choice":"Card Removal","floor":12.0,"gold_loss":0.0,"damage_taken":7.0},{"damage_healed":0.0,"max_hp_gain":0.0,"max_hp_loss":0.0,"gold_gain":0.0,"event_name":"Cursed Tome","player_choice":"Ignored","floor":19.0,"gold_loss":0.0,"damage_taken":0.0},{"damage_healed":0.0,"max_hp_gain":0.0,"max_hp_loss":0.0,"gold_gain":0.0,"event_name":"Addict","player_choice":"Obtained Relic","floor":29.0,"gold_loss":85.0,"damage_taken":0.0,"relics_obtained":["Paper Crane"]},{"damage_healed":0.0,"max_hp_gain":0.0,"max_hp_loss":0.0,"gold_gain":0.0,"event_name":"MindBloom","player_choice":"Fight","floor":38.0,"gold_loss":0.0,"damage_taken":0.0}],"is_beta":false,"boss_relics":[{"not_picked":["HoveringKite","Black Star"],"picked":"Astrolabe"},{"not_picked":["Tiny House","Runic Pyramid"],"picked":"Philosopher\u0027s Stone"}],"items_purged_floors":[21],"is_endless":false,"potions_floor_spawned":[1,6,10,14,16,18,20,22,24,28,31,33,35,36,37,38,39],"killed_by":"Reptomancer","ascension_level":19}}