{"host":"3po7ngt2j61s4rmj","time":1612997398,"event":{"mods":["Act Like it!","BaseMod","Elementarium","Minty Spire (QoL Compilation)","Relic Stats","Shade Mod","StSLib","The Cursed"],"gold_per_floor":[110,285,297,312,16,16,42,42,342,342,342,371,18,18,18],"floor_reached":14,"language":"ENG","playtime":973,"items_purged":[],"score":144,"play_id":"d22d2284-3074-4769-b141-0618ec5d2718","local_time":"20210210154958","is_ascension_mode":true,"campfire_choices":[{"data":"TheCursedMod:CircleOfAbyss","floor":6,"key":"SMITH"},{"floor":8,"key":"REST"},{"data":"1","floor":11,"key":"LIFT"}],"circlet_count":0,"master_deck":["AscendersBane","TheCursedMod:Strike_TheCursed","TheCursedMod:Strike_TheCursed","TheCursedMod:Strike_TheCursed","TheCursedMod:Strike_TheCursed","TheCursedMod:Defend_TheCursed","TheCursedMod:Defend_TheCursed","TheCursedMod:Defend_TheCursed","TheCursedMod:Defend_TheCursed","TheCursedMod:CursedWand","TheCursedMod:CleanUpWorkshop","TheCursedMod:Dregs","TheCursedMod:CircleOfAbyss+1","TheCursedMod:CursedShiv","Doubt","TheCursedMod:Obscuration","TheCursedMod:WearCloak","TheCursedMod:TacticalStrike","TheCursedMod:SpitefulPray+1","TheCursedMod:FuryStrike","TheCursedMod:AshesToAshes+1","TheCursedMod:FuryStrike","TheCursedMod:CircleOfBlood+1","TheCursedMod:SaltUponWound+1","Thinking Ahead+1","TheCursedMod:Hemoplague"],"relics":["TheCursedMod:BlackMagic101","Kunai","Girya","Old Coin","Toxic Egg 2","Unceasing Top","Orrery"],"acts_visited":["Exordium"],"potions_floor_usage":[7,14,14],"damage_taken":[{"damage":0,"enemies":"2 Louse","floor":1,"turns":4},{"damage":1,"enemies":"Jaw Worm","floor":3,"turns":5},{"damage":0,"enemies":"Small Slimes","floor":4,"turns":4},{"damage":61,"enemies":"Gremlin Nob","floor":7,"turns":7},{"damage":31,"enemies":"Lagavulin","floor":12,"turns":11},{"damage":28,"enemies":"Gremlin Nob","floor":14,"turns":3}],"seed_played":"-3810908510907341396","potions_obtained":[{"floor":1,"key":"Regen Potion"},{"floor":12,"key":"SneckoOil"}],"is_trial":false,"path_per_floor":["M","?","M","M","$","R","E","R","T","?","R","E","$","E"],"character_chosen":"THE_CURSED","items_purchased":["Kunai","Explosive Potion","Orrery","Thinking Ahead+1","TheCursedMod:Hemoplague"],"campfire_rested":1,"item_purchase_floors":[5,5,13,13,13],"current_hp_per_floor":[68,68,67,67,67,67,17,39,39,32,32,1,1,0,0],"gold":18,"neow_bonus":"ONE_RANDOM_RARE_CARD","is_daily":false,"chose_seed":false,"campfire_upgraded":1,"win_rate":0.0,"timestamp":1612997398,"path_taken":["M","?","M","M","$","R","E","R","T","?","R","E","$","E"],"items_purchased_type":["Relic","Potion","Relic","Card","Card"],"build_version":"2020-12-22","purchased_purges":0,"victory":false,"max_hp_per_floor":[75,75,75,75,75,75,75,75,75,75,75,75,75,75,75],"relic_stats":{"counters":[6,34],"Kunai":[6],"obtain_stats":[{"TheCursedMod:BlackMagic101":0,"Girya":7,"Orrery":13,"Kunai":5,"Toxic Egg 2":10,"Unceasing Top":12,"Old Coin":9},{"TheCursedMod:BlackMagic101":0,"Girya":4,"Orrery":5,"Kunai":3,"Toxic Egg 2":4,"Unceasing Top":5,"Old Coin":4},{"TheCursedMod:BlackMagic101":0,"Girya":20,"Orrery":31,"Kunai":13,"Toxic Egg 2":20,"Unceasing Top":31,"Old Coin":20}],"Unceasing Top":[0]},"card_choices":[{"not_picked":["TheCursedMod:DoubleShield","TheCursedMod:FleshFromBone"],"picked":"TheCursedMod:CursedShiv","floor":1},{"not_picked":["TheCursedMod:DoubleShield","TheCursedMod:SpitefulStrike"],"picked":"TheCursedMod:Obscuration","floor":3},{"not_picked":["TheCursedMod:Obscuration","TheCursedMod:ManaBullet"],"picked":"TheCursedMod:WearCloak","floor":4},{"not_picked":["TheCursedMod:Torture","TheCursedMod:ManaCirculation"],"picked":"TheCursedMod:TacticalStrike","floor":7},{"not_picked":["TheCursedMod:RapidMovement+1","TheCursedMod:Hemoplague"],"picked":"TheCursedMod:SpitefulPray+1","floor":12},{"not_picked":["TheCursedMod:RavingStaff","TheCursedMod:Stigma"],"picked":"TheCursedMod:FuryStrike","floor":13},{"not_picked":["TheCursedMod:WearCloak+1","TheCursedMod:CursedShiv"],"picked":"TheCursedMod:AshesToAshes+1","floor":13},{"not_picked":["TheCursedMod:CursedMace","TheCursedMod:DemonicPact"],"picked":"TheCursedMod:FuryStrike","floor":13},{"not_picked":["TheCursedMod:HellfireBreathing","TheCursedMod:CircleOfCorruption+1"],"picked":"TheCursedMod:CircleOfBlood+1","floor":13},{"not_picked":["TheCursedMod:TacticalStrike","TheCursedMod:Wield"],"picked":"TheCursedMod:SaltUponWound+1","floor":13}],"player_experience":1108298,"relics_obtained":[{"floor":7,"key":"Girya"},{"floor":9,"key":"Old Coin"},{"floor":12,"key":"Unceasing Top"}],"event_choices":[{"damage_healed":0,"gold_gain":175,"player_choice":"AGREE","damage_taken":0,"max_hp_gain":0,"max_hp_loss":0,"event_name":"Liars Game","floor":2,"gold_loss":0,"cards_obtained":["Doubt"]},{"damage_healed":0,"gold_gain":0,"player_choice":"Success","damage_taken":7,"relics_obtained":["Toxic Egg 2"],"max_hp_gain":0,"max_hp_loss":0,"event_name":"Scrap Ooze","floor":10,"gold_loss":0}],"is_beta":false,"boss_relics":[],"items_purged_floors":[],"is_endless":false,"potions_floor_spawned":[1,12],"killed_by":"Gremlin Nob","ascension_level":10}}