{"host":"5td1gsj4mnrioltg","time":1612944456,"event":{"mods":["2.2 Compatiblity","AchievementEnabler","Act Like it!","Aspiration","BaseMod","Beaked The Cultist","Better Altar","Better Match","Better Note","Better Sensory Stone","Better Silent Start","Better Skull","Better Third Choice","Better Vampires","BetterRewards","Bossed Relics","Colored Map","Colored Powertips","Displayed Cursed Tome","Downfall","Emptier Cage","Evolution","Friendly Minions","GifTheSpireLib","Highlight Path","Ironclad Rager","Jedi Mod","JesterMod","Mad Scientist","Menagerie","Minty Spire (QoL Compilation)","Permanent Neow","Quick Restart","Reliquary","Replay The Spire","Reworked Bosses","Shade Mod","Spicy Shops","StSLib","The Blue Laboratory","The Dragon Tamer","The Dragonkin","The Druid","The Elementalist","The Marked","The Necromancer","The Runesmith","Thieving Mod","Transform Curses","Wandering Minibosses"],"gold_per_floor":[109,121,136,156,215,215,215,215,215,241,259,259,293,393,393,497,497,497,497],"floor_reached":18,"language":"ENG","playtime":968,"items_purged":[],"score":364,"play_id":"17200a96-4643-4b5f-a3e9-e4356d411c03","local_time":"20210210000736","is_ascension_mode":true,"campfire_choices":[{"data":"Armaments","floor":6,"key":"SMITH"},{"data":"Anger","floor":8,"key":"SMITH"},{"floor":15,"key":"REST"}],"circlet_count":0,"master_deck":["AscendersBane","Sword Boomerang","Sword Boomerang","Strike_R","Strike_R","Strike_R","Defend_R","Defend_R","Defend_R","Defend_R","Bash","Armaments+1","Anger+1","Spot Weakness","downfall:Aged","Replay:Hysterical Blindness","jedi:unlimitedpower","downfall:Haunted","AbeCurse"],"relics":["EVO:Axolotl","beaked:MawFillet","Quantum Egg","Blue Candle","jedi:shrinkray","reliquary:SharkskinSheath","downfall:ExtraCursedKey","Abe\u0027s Treasure"],"acts_visited":["Exordium","TheCity"],"potions_floor_usage":[5,10,18],"damage_taken":[{"damage":18,"enemies":"Jaw Worm","floor":1,"turns":4},{"damage":0,"enemies":"Small Slimes","floor":2,"turns":3},{"damage":0,"enemies":"Cultist","floor":3,"turns":3},{"damage":10,"enemies":"2 Fungi Beasts","floor":4,"turns":5},{"damage":34,"enemies":"3 Sentries","floor":10,"turns":8},{"damage":4,"enemies":"3 Louse","floor":11,"turns":3},{"damage":10,"enemies":"Gremlin Nob","floor":13,"turns":3},{"damage":39,"enemies":"Hexaghost","floor":16,"turns":6},{"damage":67,"enemies":"3 Byrds","floor":18,"turns":5}],"seed_played":"2716188995894525258","potions_obtained":[{"floor":2,"key":"blueLaboratory:ForbiddenFruitJuice"},{"floor":4,"key":"Adrenaline Potion"},{"floor":5,"key":"blueLaboratory:Moonshine"},{"floor":13,"key":"FearPotion"}],"is_trial":false,"path_per_floor":["M","M","M","M","?","R","?","R","T","E","M","?","E","?","R","B",null,"M"],"character_chosen":"IRONCLAD","items_purchased":[],"campfire_rested":1,"item_purchase_floors":[],"current_hp_per_floor":[54,54,54,44,70,70,70,70,70,36,32,55,45,50,72,33,65,0,0],"gold":497,"neow_bonus":"BOSS_RELIC","is_daily":false,"chose_seed":false,"campfire_upgraded":2,"win_rate":0.0,"timestamp":1612944456,"path_taken":["M","M","M","M","?","R","?","R","T","E","?","?","E","?","R","BOSS","M"],"items_purchased_type":[],"build_version":"2020-12-22","purchased_purges":0,"victory":false,"max_hp_per_floor":[80,80,80,80,70,70,70,70,70,70,70,70,70,75,75,75,75,75,75],"card_choices":[{"not_picked":["Clash","Thunderclap","Cleave"],"picked":"SKIP","floor":1},{"not_picked":["Sever Soul","Dual Wield"],"picked":"Armaments","floor":2},{"not_picked":["Second Wind","Run Through","Wild Strike"],"picked":"SKIP","floor":3},{"not_picked":["Bloodletting","Power Through","Combust"],"picked":"SKIP","floor":4},{"not_picked":["Havoc","Clash"],"picked":"Anger","floor":5},{"not_picked":["Replay:Undeath\u0027s Touch","Iron Wave"],"picked":"Spot Weakness","floor":10},{"not_picked":["Sword Boomerang","Clash","Dropkick"],"picked":"SKIP","floor":11},{"not_picked":["Pummel","Fire Breathing","Havoc"],"picked":"SKIP","floor":13}],"player_experience":1321321,"relics_obtained":[{"floor":5,"key":"Quantum Egg"},{"floor":9,"key":"Blue Candle"},{"floor":10,"key":"jedi:shrinkray"},{"floor":13,"key":"reliquary:SharkskinSheath"}],"event_choices":[{"damage_healed":0,"gold_gain":0,"player_choice":"Bought 0 Potions","damage_taken":0,"max_hp_gain":0,"max_hp_loss":0,"event_name":"The Woman in Blue","floor":7,"gold_loss":0},{"damage_healed":23,"gold_gain":0,"player_choice":"Banana","damage_taken":0,"max_hp_gain":0,"max_hp_loss":0,"event_name":"Big Fish","floor":12,"gold_loss":0}],"is_beta":false,"boss_relics":[{"not_picked":["aspiration:RunicSpoon","jedi:hotpepper"],"picked":"Abe\u0027s Treasure"}],"items_purged_floors":[],"is_endless":false,"potions_floor_spawned":[2,4,13],"killed_by":"3 Byrds","ascension_level":11}}