{"host":"si2ec0wbmfkjihef","time":1612984860,"event":{"mods":["AchievementEnabler","Act Like it!","BaseMod","BetterRewards","Colored Map","Colored Powertips","Energized Spire","Evolution","Gold Saver","Highlight Path","Infinite Spire","Minty Spire (QoL Compilation)","Quick Restart","Reworked Bosses","StSLib","The Jungle"],"gold_per_floor":[492,505,358,358,11,11,11,11,11,30,30,30,43,57,57,159,159,172,20,38,53,53,53,78,78,78,107,87,87,87],"floor_reached":29,"language":"DEU","playtime":1632,"items_purged":["Barrage"],"score":289,"play_id":"6818be45-615d-4742-a805-0ad7777c702c","local_time":"20210210202100","is_ascension_mode":true,"campfire_choices":[{"data":"Self Repair","floor":6,"key":"SMITH"},{"floor":8,"key":"REST"},{"data":"Defragment","floor":11,"key":"SMITH"},{"data":"Static Discharge","floor":15,"key":"SMITH"},{"data":"Static Discharge","floor":23,"key":"SMITH"},{"floor":25,"key":"REST"}],"circlet_count":0,"master_deck":["Strike_B","Strike_B","Strike_B","Defend_B","Defend_B","Defend_B","Defend_B","Zap","Static Discharge+1","Self Repair+1","Leap","Defragment+1","Leap","Cold Snap+1","Static Discharge+1","Self Repair","Capacitor"],"relics":["Cracked Core","EVO:Axolotl","Ice Cream","Juzu Bracelet","infinitespire:WardingShard","Bag of Preparation","SlaversCollar","Membership Card","Emotion Chip"],"acts_visited":["Exordium","TheCity"],"potions_floor_usage":[],"damage_taken":[{"damage":7,"enemies":"Jaw Worm","floor":1,"turns":3},{"damage":0,"enemies":"2 Louse","floor":2,"turns":4},{"damage":8,"enemies":"Cultist","floor":10,"turns":4},{"damage":22,"enemies":"Lots of Slimes","floor":13,"turns":3},{"damage":1,"enemies":"Looter","floor":14,"turns":4},{"damage":12,"enemies":"The Guardian","floor":16,"turns":14},{"damage":7,"enemies":"Shell Parasite","floor":18,"turns":8},{"damage":6,"enemies":"3 Byrds","floor":20,"turns":3},{"damage":17,"enemies":"Shelled Parasite and Fungi","floor":21,"turns":5},{"damage":33,"enemies":"Slavers","floor":24,"turns":5},{"damage":17,"enemies":"Book of Stabbing","floor":27,"turns":4},{"damage":69,"enemies":"Gremlin Leader","floor":29,"turns":5}],"seed_played":"-5757189282427963912","potions_obtained":[{"floor":7,"key":"Ancient Potion"},{"floor":7,"key":"PotionOfCapacity"},{"floor":7,"key":"PotionOfCapacity"}],"is_trial":false,"path_per_floor":["M","M","$","?","$","R","?","R","T","M","R","?","M","M","R","B",null,"M","$","M","M","?","R","E","R","T","E","$","E"],"character_chosen":"DEFECT","items_purchased":["Static Discharge","infinitespire:WardingShard","Self Repair","Leap","Membership Card","Capacitor"],"campfire_rested":2,"item_purchase_floors":[3,5,5,5,19,28],"current_hp_per_floor":[47,47,47,44,44,44,44,66,66,68,68,68,56,65,65,63,75,75,75,75,68,68,68,45,67,67,60,60,0,0],"gold":87,"neow_bonus":"ONE_RARE_RELIC","is_daily":false,"chose_seed":false,"campfire_upgraded":4,"win_rate":0.0,"timestamp":1612984860,"path_taken":["M","M","$","?","$","R","?","R","T","M","R","?","M","M","R","BOSS","M","?","M","M","?","R","E","R","T","E","$","E"],"items_purchased_type":["Card","Relic","Card","Card","Relic","Card"],"build_version":"2020-12-22","purchased_purges":1,"victory":false,"max_hp_per_floor":[75,75,75,75,75,75,75,75,75,75,75,75,75,75,75,75,75,75,75,75,75,75,75,75,75,75,75,75,75,75],"card_choices":[{"not_picked":["Gash","Conserve Battery","Scrape"],"picked":"SKIP","floor":1},{"not_picked":["Redo","Stack","Beam Cell"],"picked":"SKIP","floor":2},{"not_picked":["Redo","Ball Lightning"],"picked":"Defragment","floor":10},{"not_picked":["Streamline","Rebound","Hologram"],"picked":"SKIP","floor":13},{"not_picked":["Auto Shields","Consume"],"picked":"Leap","floor":14},{"not_picked":["Conserve Battery","Go for the Eyes"],"picked":"Cold Snap+1","floor":18},{"not_picked":["Chill","Turbo+1"],"picked":"Static Discharge","floor":20},{"not_picked":["Steam","Streamline","Double Energy"],"picked":"SKIP","floor":21},{"not_picked":["Chaos+1","Cold Snap","Leap"],"picked":"SKIP","floor":24},{"not_picked":["Darkness+1","Streamline"],"picked":"Self Repair","floor":27}],"player_experience":101625,"relics_obtained":[{"floor":9,"key":"Bag of Preparation"},{"floor":27,"key":"Emotion Chip"}],"event_choices":[{"damage_healed":0,"gold_gain":0,"player_choice":"Success","damage_taken":3,"relics_obtained":["Juzu Bracelet"],"max_hp_gain":0,"max_hp_loss":0,"event_name":"Scrap Ooze","floor":4,"gold_loss":0},{"damage_healed":0,"gold_gain":0,"player_choice":"Got Potions","damage_taken":0,"max_hp_gain":0,"max_hp_loss":0,"event_name":"Lab","floor":7,"gold_loss":0},{"cards_removed":["Dualcast"],"damage_healed":0,"gold_gain":0,"player_choice":"Purged","damage_taken":0,"max_hp_gain":0,"max_hp_loss":0,"event_name":"Purifier","floor":12,"gold_loss":0}],"is_beta":false,"boss_relics":[{"not_picked":["Velvet Choker","FrozenCore"],"picked":"SlaversCollar"}],"items_purged_floors":[3],"is_endless":false,"potions_floor_spawned":[2,14,16,24],"killed_by":"Gremlin Leader","ascension_level":3}}