{"host":"m9osufisr3agwk96","time":1612948792,"event":{"mods":["AchievementEnabler","Aspiration","BaseMod","Colored Map","Colored Powertips","Downfall","Friendly Minions","Hermit","Highlight Path","Hubris","Minty Spire (QoL Compilation)","Rare Cards Sparkle","Reliquary","Replay The Spire","Shop Mod","StSLib"],"gold_per_floor":[109,109,154,154,84,84,109,109,160,174,184,198,198,218,218,319,319,335,353,7,7,7,7,7,7],"floor_reached":24,"language":"ENG","playtime":849,"items_purged":["ReplayTheSpireMod:Restless Dread"],"score":213,"play_id":"79ea7fab-e551-4d6c-8511-de3c6b517e43","local_time":"20210210011952","is_ascension_mode":true,"campfire_choices":[{"data":"Bash","floor":6,"key":"SMITH"},{"floor":8,"key":"REST"},{"floor":13,"key":"REST"},{"floor":15,"key":"REST"},{"floor":23,"key":"REST"}],"circlet_count":0,"master_deck":["Strike_R","Strike_R","Strike_R","Strike_R","Strike_R","Defend_R","Defend_R","Defend_R","Bash+1","ReplayTheSpireMod:Corrosion Curse","Life Link","Demonic Infusion+1","Eclipse","ReplayTheSpireMod:LeadingStrike","Flex","Seeing Red","Barricade","Eclipse","Run Through+1","Battle Trance+1"],"relics":["Burning Blood","Strawberry","ReplayTheSpireMod:CursedCoin","Omamori","ReplayTheSpireMod:TigerMarble","reliquary:SilkGlove","reliquary:Ember","hubris:IronBody"],"acts_visited":["Exordium","TheCity"],"potions_floor_usage":[7,16,19,24,24],"damage_taken":[{"damage":7,"enemies":"2 Louse","floor":1,"turns":4},{"damage":67,"enemies":"3 Sentries","floor":7,"turns":14},{"damage":11,"enemies":"Jaw Worm","floor":10,"turns":4},{"damage":6,"enemies":"Cultist","floor":11,"turns":3},{"damage":13,"enemies":"Looter","floor":12,"turns":3},{"damage":12,"enemies":"2 Fungi Beasts","floor":14,"turns":4},{"damage":25,"enemies":"Slime Boss","floor":16,"turns":10},{"damage":36,"enemies":"2 Thieves","floor":18,"turns":4},{"damage":54,"enemies":"Shell Parasite","floor":19,"turns":9},{"damage":41,"enemies":"Shelled Parasite and Fungi","floor":24,"turns":2}],"seed_played":"-2854154458045767164","potions_obtained":[{"floor":1,"key":"Milkshake"},{"floor":12,"key":"FearPotion"},{"floor":16,"key":"SpeedPotion"},{"floor":19,"key":"PowerPotion"}],"is_trial":false,"path_per_floor":["M","?","T","?","$","R","E","R","T","M","M","M","R","M","R","B",null,"M","M","$","?","?","R","M"],"character_chosen":"IRONCLAD","items_purchased":["ReplayTheSpireMod:CursedCoin","Omamori","hubris:IronBody","BlessingOfTheForge","Fire Potion"],"campfire_rested":4,"item_purchase_floors":[5,5,20,20,20],"current_hp_per_floor":[79,79,86,78,78,78,17,43,43,38,38,31,57,51,77,58,87,57,9,9,9,9,35,0,0],"gold":7,"neow_bonus":"THREE_CARDS","is_daily":false,"chose_seed":false,"campfire_upgraded":1,"win_rate":0.0,"timestamp":1612948792,"path_taken":["M","?","?","?","$","R","E","R","T","M","M","M","R","M","R","BOSS","M","?","$","?","?","R","M"],"items_purchased_type":["Relic","Relic","Relic","Potion","Potion"],"build_version":"2020-12-22","purchased_purges":1,"victory":false,"max_hp_per_floor":[80,80,87,87,87,87,87,87,87,87,87,87,87,87,87,87,87,87,87,87,87,87,87,87,87],"card_choices":[{"not_picked":["Warcry","Armaments"],"picked":"ReplayTheSpireMod:Corrosion Curse","floor":0},{"not_picked":["Dropkick","Intimidate"],"picked":"Life Link","floor":1},{"not_picked":["Defy Death","ReplayReversal"],"picked":"Eclipse","floor":7},{"not_picked":["Iron Wave","Cleave"],"picked":"ReplayTheSpireMod:LeadingStrike","floor":10},{"not_picked":["Sever Soul","Replay:Undeath\u0027s Touch"],"picked":"Flex","floor":11},{"not_picked":["Cleave","Second Wind"],"picked":"Seeing Red","floor":12},{"not_picked":["Thunderclap","Clothesline"],"picked":"Barricade","floor":14},{"not_picked":["Corruption","Exhume"],"picked":"Eclipse","floor":16},{"not_picked":["True Grit","Clothesline"],"picked":"Run Through+1","floor":18},{"not_picked":["Sever Soul+1","Warcry"],"picked":"Battle Trance+1","floor":19}],"player_experience":448452,"relics_obtained":[{"floor":3,"key":"Strawberry"},{"floor":7,"key":"ReplayTheSpireMod:TigerMarble"},{"floor":9,"key":"reliquary:SilkGlove"}],"event_choices":[{"damage_healed":0,"gold_gain":0,"player_choice":"Damaged","damage_taken":8,"max_hp_gain":0,"max_hp_loss":0,"event_name":"Wheel of Change","floor":4,"gold_loss":0}],"is_beta":false,"boss_relics":[{"not_picked":["Philosopher\u0027s Stone","aspiration:RitualDagger"],"picked":"reliquary:Ember"}],"items_purged_floors":[5],"is_endless":false,"potions_floor_spawned":[1,12,16,19],"killed_by":"Shelled Parasite and Fungi","ascension_level":2}}