{"host":"vit9b6u76k1y61sh","time":1612937902,"event":{"mods":["BaseMod","Block Reminder","Colored Powertips","Highlight Path","Minty Spire (QoL Compilation)","Quick Restart","Rare Cards Sparkle","Relic Sorter","Relic Stats","StSLib"],"gold_per_floor":[111,111,128,78,153,183,183,29,29,47,47,47],"floor_reached":11,"language":"ENG","playtime":198,"items_purged":[],"score":101,"play_id":"bedc871f-74e1-4bb1-8561-6e1ce1c73fe5","local_time":"20210210011822","is_ascension_mode":true,"campfire_choices":[{"data":"Zap","floor":7.0,"key":"SMITH"}],"circlet_count":0,"master_deck":["Strike_B","Strike_B","Strike_B","Strike_B","Defend_B","Defend_B","Defend_B","Zap+1","Dualcast","Coolheaded","Conserve Battery","Consume","Chaos","Storm","Loop"],"relics":["Cracked Core","NeowsBlessing","Letter Opener","PreservedInsect","Pen Nib"],"acts_visited":["Exordium"],"potions_floor_usage":[],"damage_taken":[{"damage":0.0,"enemies":"Jaw Worm","floor":1.0,"turns":1.0},{"damage":0.0,"enemies":"Small Slimes","floor":3.0,"turns":1.0},{"damage":0.0,"enemies":"Lagavulin","floor":6.0,"turns":1.0},{"damage":3.0,"enemies":"2 Louse","floor":10.0,"turns":3.0},{"damage":16,"enemies":"Gremlin Nob","floor":11,"turns":3}],"seed_played":"6208804215907195514","potions_obtained":[{"floor":3.0,"key":"Ancient Potion"}],"is_trial":false,"path_per_floor":["M","?","M","?","?","E","R","$","T","M","E"],"character_chosen":"DEFECT","items_purchased":["Chaos","Storm"],"campfire_rested":0,"item_purchase_floors":[8,8],"current_hp_per_floor":[75,57,57,57,46,46,46,46,46,43,27,27],"gold":47,"neow_bonus":"THREE_ENEMY_KILL","is_daily":false,"chose_seed":false,"campfire_upgraded":1,"win_rate":0.0,"timestamp":1612937902,"path_taken":["M","?","M","?","?","E","R","$","T","M","E"],"items_purchased_type":["Card","Card"],"build_version":"2020-12-22","purchased_purges":0,"victory":false,"max_hp_per_floor":[75,75,75,75,75,75,75,75,75,75,75,75],"relic_stats":{"counters":[5,9],"PreservedInsect":21,"Pen Nib":[0],"Letter Opener":[3],"obtain_stats":[{"NeowsBlessing":0,"PreservedInsect":6,"Pen Nib":9,"Letter Opener":2,"Cracked Core":0},{"NeowsBlessing":0,"PreservedInsect":3,"Pen Nib":3,"Letter Opener":1,"Cracked Core":0},{"NeowsBlessing":0,"PreservedInsect":3,"Pen Nib":3,"Letter Opener":1,"Cracked Core":0}]},"card_choices":[{"not_picked":["Sweeping Beam","Beam Cell"],"picked":"Coolheaded","floor":1.0},{"not_picked":["Redo","Hello World"],"picked":"Conserve Battery","floor":3.0},{"not_picked":["All For One","Turbo"],"picked":"Consume","floor":6.0},{"not_picked":["Hologram","Stack"],"picked":"Loop","floor":10.0}],"player_experience":173485,"relics_obtained":[{"floor":6.0,"key":"PreservedInsect"},{"floor":9.0,"key":"Pen Nib"}],"event_choices":[{"damage_healed":0.0,"max_hp_gain":0.0,"max_hp_loss":0.0,"gold_gain":0.0,"event_name":"Scrap Ooze","player_choice":"Success","floor":2.0,"gold_loss":0.0,"damage_taken":18.0,"relics_obtained":["Letter Opener"]},{"cards_removed":["Defend_B"],"damage_healed":0.0,"max_hp_gain":0.0,"max_hp_loss":0.0,"gold_gain":0.0,"event_name":"The Cleric","player_choice":"Card Removal","floor":4.0,"gold_loss":50.0,"damage_taken":0.0},{"damage_healed":0.0,"max_hp_gain":0.0,"max_hp_loss":0.0,"gold_gain":75.0,"event_name":"World of Goop","player_choice":"Gather Gold","floor":5.0,"gold_loss":0.0,"damage_taken":11.0}],"is_beta":false,"boss_relics":[],"items_purged_floors":[],"is_endless":false,"potions_floor_spawned":[3],"killed_by":"Gremlin Nob","ascension_level":1}}