{"host":"6jrd8fn9k88n08be","time":1612972920,"event":{"mods":["BaseMod","Minty Spire (QoL Compilation)","StSLib"],"gold_per_floor":[109,59,59,70,86,86,98,130,130,148,48,65,65,140,140,242,242,260,271,282,282,282,282],"floor_reached":22,"language":"ENG","playtime":1038,"items_purged":[],"score":216,"play_id":"3d63a778-f1b7-495c-bb2e-28cf33373d0d","local_time":"20210210110200","is_ascension_mode":true,"campfire_choices":[{"data":"Mayhem","floor":6.0,"key":"SMITH"},{"data":"Uppercut","floor":13.0,"key":"SMITH"},{"floor":15.0,"key":"REST"}],"circlet_count":0,"master_deck":["Strike_R","Strike_R","Defend_R","Defend_R","Defend_R","Defend_R","Bash","Mayhem+1","Sword Boomerang","Thunderclap","Uppercut+1","Disarm","Juggernaut","Sword Boomerang+1","Demon Form","Feed"],"relics":["Black Blood","Self Forming Clay","Peace Pipe"],"acts_visited":["Exordium","TheCity"],"potions_floor_usage":[],"damage_taken":[{"damage":11.0,"enemies":"Jaw Worm","floor":1.0,"turns":5.0},{"damage":2.0,"enemies":"2 Louse","floor":4.0,"turns":3.0},{"damage":0.0,"enemies":"Small Slimes","floor":5.0,"turns":3.0},{"damage":12.0,"enemies":"2 Fungi Beasts","floor":7.0,"turns":4.0},{"damage":41.0,"enemies":"3 Sentries","floor":8.0,"turns":10.0},{"damage":10.0,"enemies":"Exordium Wildlife","floor":10.0,"turns":2.0},{"damage":15.0,"enemies":"Lots of Slimes","floor":12.0,"turns":5.0},{"damage":26.0,"enemies":"The Guardian","floor":16.0,"turns":12.0},{"damage":24.0,"enemies":"Shell Parasite","floor":18.0,"turns":7.0},{"damage":23.0,"enemies":"Chosen","floor":19.0,"turns":6.0},{"damage":14.0,"enemies":"Snecko","floor":20.0,"turns":5.0}],"seed_played":"-4921492850992711808","potions_obtained":[{"floor":4.0,"key":"Fire Potion"},{"floor":12.0,"key":"SpeedPotion"},{"floor":16.0,"key":"Energy Potion"},{"floor":18.0,"key":"Weak Potion"}],"is_trial":false,"path_per_floor":["M","?","?","M","M","R","M","E","T","M","$","M","R","?","R","B",null,"M","M","M","?","$"],"character_chosen":"IRONCLAD","items_purchased":["FairyPotion"],"campfire_rested":1,"item_purchase_floors":[11],"current_hp_per_floor":[67,67,60,64,70,70,64,29,29,25,25,16,16,5,26,27,72,60,49,47,47,47,47],"gold":282,"neow_bonus":"RANDOM_COLORLESS_2","is_daily":false,"chose_seed":false,"campfire_upgraded":2,"win_rate":0.0,"timestamp":1612972920,"path_taken":["M","?","?","M","M","R","M","E","T","M","$","M","R","?","R","BOSS","M","M","M","?","$"],"items_purchased_type":["Potion"],"build_version":"2020-12-22","purchased_purges":0,"victory":false,"max_hp_per_floor":[72,72,72,72,72,72,72,72,72,72,72,72,72,72,72,72,72,72,72,72,72,72,72],"card_choices":[{"not_picked":["Thinking Ahead","Transmutation"],"picked":"Mayhem","floor":0.0},{"not_picked":["Shockwave","True Grit"],"picked":"Sword Boomerang","floor":1.0},{"not_picked":["Twin Strike","True Grit"],"picked":"Thunderclap","floor":4.0},{"not_picked":["Burning Pact","Perfected Strike","True Grit"],"picked":"SKIP","floor":5.0},{"not_picked":["Pommel Strike","Reckless Charge"],"picked":"Uppercut","floor":7.0},{"not_picked":["Pommel Strike","Anger","Havoc"],"picked":"SKIP","floor":8.0},{"not_picked":["Iron Wave","Power Through"],"picked":"Disarm","floor":10.0},{"not_picked":["Clash","Pummel","Combust"],"picked":"SKIP","floor":12.0},{"not_picked":["Berserk","Fiend Fire"],"picked":"Juggernaut","floor":16.0},{"not_picked":["True Grit+1","Headbutt","Cleave"],"picked":"SKIP","floor":18.0},{"not_picked":["Power Through","Cleave"],"picked":"Sword Boomerang+1","floor":19.0},{"not_picked":["Flex+1","Intimidate","Clothesline"],"picked":"SKIP","floor":20.0}],"player_experience":171963,"relics_obtained":[{"floor":8.0,"key":"Peace Pipe"}],"event_choices":[{"cards_removed":["Strike_R"],"damage_healed":0.0,"max_hp_gain":0.0,"max_hp_loss":0.0,"gold_gain":0.0,"event_name":"The Cleric","player_choice":"Card Removal","floor":2.0,"gold_loss":50.0,"damage_taken":0.0},{"damage_healed":0.0,"max_hp_gain":0.0,"max_hp_loss":0.0,"gold_gain":0.0,"event_name":"Scrap Ooze","player_choice":"Success","floor":3.0,"gold_loss":0.0,"damage_taken":7.0,"relics_obtained":["Self Forming Clay"]},{"damage_healed":0.0,"max_hp_gain":0.0,"max_hp_loss":0.0,"gold_gain":75.0,"event_name":"World of Goop","player_choice":"Gather Gold","floor":14.0,"gold_loss":0.0,"damage_taken":11.0},{"damage_healed":0.0,"max_hp_gain":0.0,"max_hp_loss":0.0,"gold_gain":0.0,"cards_transformed":["Strike_R","Strike_R"],"event_name":"Drug Dealer","player_choice":"Became Test Subject","floor":21.0,"gold_loss":0.0,"damage_taken":0.0,"cards_obtained":["Demon Form","Feed"]}],"is_beta":false,"boss_relics":[{"not_picked":["SacredBark","Runic Pyramid"],"picked":"Black Blood"}],"items_purged_floors":[],"is_endless":false,"potions_floor_spawned":[4,12,16,18],"ascension_level":3}}