{"host":"89iuq2p5kwriuwfq","time":1612959140,"event":{"mods":["BaseMod","Curses Come First","Minty Spire (QoL Compilation)","Permanent Neow","StSLib"],"gold_per_floor":[116,133,145,157,171,204,204,239,262,262,276,289,321,60,60,158,158,199,114,126,155,180,224,236,276,288,300,338,350,404,447,459,566,578,600,612,668,700,712,724,724],"floor_reached":40,"language":"ENG","playtime":2585,"items_purged":["Strike_P"],"score":1014,"play_id":"107fdbb6-bf5d-4d48-aa7d-08c04c358578","local_time":"20210210121220","is_ascension_mode":true,"campfire_choices":[{"data":"Eruption","floor":7.0,"key":"SMITH"},{"data":"Adaptation","floor":10.0,"key":"SMITH"},{"data":"Study","floor":15.0,"key":"SMITH"},{"floor":24.0,"key":"REST"},{"data":"Devotion","floor":29.0,"key":"SMITH"},{"data":"Omniscience","floor":32.0,"key":"SMITH"}],"circlet_count":0,"master_deck":["AscendersBane","Eruption+1","Vigilance","FearNoEvil","CutThroughFate","WindmillStrike","Protect","ReachHeaven","Adaptation+1","Halt","Wallop","Study+1","Halt","CrushJoints","Devotion+1","LikeWater","Conclude","Wish","DeusExMachina","Vengeance","Omniscience+1","Adaptation","FlurryOfBlows+1","Necronomicurse","Protect+1","Prostrate+1","Sanctity","FlurryOfBlows","LikeWater","Consecrate+1","ConjureBlade","LessonLearned","TalkToTheHand+1"],"relics":["PureWater","Potion Belt","PreservedInsect","Oddly Smooth Stone","Bronze Scales","Pandora\u0027s Box","MawBank","Necronomicon","Vajra","Boot","White Beast Statue","Darkstone Periapt","Whetstone","Philosopher\u0027s Stone"],"acts_visited":["Exordium","TheCity","TheBeyond"],"potions_floor_usage":[40,40],"damage_taken":[{"damage":2.0,"enemies":"Jaw Worm","floor":1.0,"turns":5.0},{"damage":0.0,"enemies":"2 Louse","floor":2.0,"turns":2.0},{"damage":2.0,"enemies":"Cultist","floor":3.0,"turns":3.0},{"damage":9.0,"enemies":"Red Slaver","floor":4.0,"turns":3.0},{"damage":0.0,"enemies":"2 Fungi Beasts","floor":5.0,"turns":2.0},{"damage":10.0,"enemies":"Lagavulin","floor":6.0,"turns":7.0},{"damage":22.0,"enemies":"3 Sentries","floor":8.0,"turns":8.0},{"damage":0.0,"enemies":"Large Slime","floor":11.0,"turns":3.0},{"damage":0.0,"enemies":"Gremlin Gang","floor":12.0,"turns":2.0},{"damage":0.0,"enemies":"Gremlin Nob","floor":13.0,"turns":2.0},{"damage":0.0,"enemies":"Slime Boss","floor":16.0,"turns":6.0},{"damage":7.0,"enemies":"2 Thieves","floor":18.0,"turns":3.0},{"damage":24.0,"enemies":"Shell Parasite","floor":21.0,"turns":4.0},{"damage":0.0,"enemies":"Centurion and Healer","floor":22.0,"turns":4.0},{"damage":6.0,"enemies":"Book of Stabbing","floor":23.0,"turns":4.0},{"damage":0.0,"enemies":"Gremlin Leader","floor":25.0,"turns":3.0},{"damage":0.0,"enemies":"Slavers","floor":28.0,"turns":2.0},{"damage":1.0,"enemies":"Snecko","floor":30.0,"turns":4.0},{"damage":0.0,"enemies":"Gremlin Leader","floor":31.0,"turns":3.0},{"damage":10.0,"enemies":"Automaton","floor":33.0,"turns":6.0},{"damage":18.0,"enemies":"3 Darklings","floor":35.0,"turns":3.0},{"damage":7.0,"enemies":"Orb Walker","floor":37.0,"turns":3.0},{"damage":21.0,"enemies":"Writhing Mass","floor":38.0,"turns":2.0},{"damage":19,"enemies":"Nemesis","floor":40,"turns":5}],"seed_played":"3657422721976419076","potions_obtained":[{"floor":2.0,"key":"DuplicationPotion"},{"floor":4.0,"key":"Strength Potion"},{"floor":5.0,"key":"Fire Potion"},{"floor":8.0,"key":"DistilledChaos"},{"floor":11.0,"key":"Ancient Potion"},{"floor":21.0,"key":"SpeedPotion"},{"floor":23.0,"key":"DistilledChaos"},{"floor":28.0,"key":"SteroidPotion"},{"floor":30.0,"key":"Explosive Potion"},{"floor":31.0,"key":"Block Potion"},{"floor":33.0,"key":"PowerPotion"},{"floor":35.0,"key":"SpeedPotion"},{"floor":37.0,"key":"BottledMiracle"},{"floor":38,"key":"DuplicationPotion"}],"is_trial":false,"path_per_floor":["M","M","M","M","M","E","R","E","T","R","M","M","E","$","R","B",null,"M","?","?","M","M","E","R","E","T","?","E","R","M","E","R","B",null,"M","?","M","M","?","E"],"character_chosen":"WATCHER","items_purchased":["Halt","CrushJoints","Vengeance","AttackPotion"],"campfire_rested":1,"item_purchase_floors":[14,14,14,14],"current_hp_per_floor":[63,63,61,52,52,42,42,20,20,20,20,20,20,20,20,20,59,52,52,36,12,12,6,27,27,27,14,14,14,13,13,13,3,59,41,46,39,18,18,0,0],"gold":724,"neow_bonus":"THREE_CARDS","is_daily":false,"chose_seed":false,"campfire_upgraded":5,"win_rate":0.0,"timestamp":1612959140,"path_taken":["M","M","M","M","M","E","R","E","T","R","M","M","E","$","R","BOSS","M","?","?","M","M","E","R","E","T","?","E","R","M","E","R","BOSS","M","?","M","M","?","E"],"items_purchased_type":["Card","Card","Card","Potion"],"build_version":"2020-12-22","purchased_purges":1,"victory":false,"max_hp_per_floor":[72,72,72,72,72,72,72,72,72,72,72,72,72,72,72,72,72,72,72,72,72,72,72,72,72,72,77,77,77,77,77,77,77,77,77,77,77,77,77,77,77],"card_choices":[{"not_picked":["WheelKick","Fasting2"],"picked":"FearNoEvil","floor":0.0},{"not_picked":["EmptyFist","ThirdEye"],"picked":"CutThroughFate","floor":1.0},{"not_picked":["Fasting2","Crescendo"],"picked":"Consecrate","floor":2.0},{"not_picked":["ForeignInfluence","Fasting2","SignatureMove"],"picked":"SKIP","floor":3.0},{"not_picked":["WaveOfTheHand","Protect"],"picked":"WindmillStrike","floor":4.0},{"not_picked":["Evaluate","ThirdEye"],"picked":"Protect","floor":5.0},{"not_picked":["WaveOfTheHand","WreathOfFlame"],"picked":"ReachHeaven","floor":6.0},{"not_picked":["CutThroughFate","Protect"],"picked":"Adaptation","floor":8.0},{"not_picked":["ThirdEye","SandsOfTime"],"picked":"Halt","floor":11.0},{"not_picked":["WreathOfFlame","Ragnarok"],"picked":"Wallop","floor":12.0},{"not_picked":["Nirvana","FlyingSleeves"],"picked":"Study","floor":13.0},{"not_picked":["Scrawl","MasterReality"],"picked":"Devotion","floor":16.0},{"not_picked":["CutThroughFate","Crescendo"],"picked":"FlurryOfBlows","floor":18.0},{"not_picked":["ClearTheMind","PathToVictory"],"picked":"Protect+1","floor":21.0},{"not_picked":["FearNoEvil","Perseverance"],"picked":"Prostrate+1","floor":22.0},{"not_picked":["EmptyFist","BowlingBash"],"picked":"Sanctity","floor":23.0},{"not_picked":["WindmillStrike","ClearTheMind+1"],"picked":"FlurryOfBlows","floor":25.0},{"not_picked":["Vengeance","WaveOfTheHand"],"picked":"LikeWater","floor":28.0},{"not_picked":["Vengeance+1","Weave"],"picked":"Consecrate","floor":30.0},{"not_picked":["EmptyBody+1","Consecrate+1"],"picked":"ConjureBlade","floor":31.0},{"not_picked":["Brilliance","Alpha"],"picked":"LessonLearned","floor":33.0},{"not_picked":["ClearTheMind","ForeignInfluence"],"picked":"TalkToTheHand+1","floor":35.0},{"not_picked":["Tantrum","BowlingBash","SandsOfTime+1"],"picked":"SKIP","floor":37.0},{"not_picked":["Crescendo","Evaluate","FlurryOfBlows"],"picked":"SKIP","floor":38}],"player_experience":650980,"relics_obtained":[{"floor":6.0,"key":"Potion Belt"},{"floor":8.0,"key":"PreservedInsect"},{"floor":9.0,"key":"Oddly Smooth Stone"},{"floor":13.0,"key":"Bronze Scales"},{"floor":20.0,"key":"Necronomicon"},{"floor":23.0,"key":"Vajra"},{"floor":25.0,"key":"Boot"},{"floor":26.0,"key":"White Beast Statue"},{"floor":28.0,"key":"Darkstone Periapt"},{"floor":31.0,"key":"Whetstone"}],"event_choices":[{"damage_healed":0.0,"max_hp_gain":0.0,"max_hp_loss":0.0,"gold_gain":0.0,"event_name":"Addict","player_choice":"Obtained Relic","floor":19.0,"gold_loss":85.0,"damage_taken":0.0,"relics_obtained":["MawBank"]},{"damage_healed":0.0,"max_hp_gain":0.0,"max_hp_loss":0.0,"gold_gain":0.0,"event_name":"Cursed Tome","player_choice":"Obtained Book","floor":20.0,"gold_loss":0.0,"damage_taken":16.0},{"damage_healed":0.0,"max_hp_gain":5.0,"max_hp_loss":0.0,"gold_gain":0.0,"event_name":"Forgotten Altar","player_choice":"Shed Blood","floor":27.0,"gold_loss":0.0,"damage_taken":18.0},{"cards_removed":["Consecrate"],"damage_healed":5.0,"max_hp_gain":0.0,"max_hp_loss":0.0,"gold_gain":0.0,"event_name":"Bonfire Elementals","player_choice":"Offered Common","floor":36.0,"gold_loss":0.0,"damage_taken":0.0},{"cards_removed":["Consecrate"],"damage_healed":5.0,"max_hp_gain":0.0,"max_hp_loss":0.0,"gold_gain":0.0,"event_name":"Bonfire Elementals","player_choice":"Offered Special","floor":36.0,"gold_loss":0.0,"damage_taken":0.0},{"cards_removed":["Vengeance"],"damage_healed":0,"gold_gain":0,"player_choice":"Purged","damage_taken":0,"max_hp_gain":0,"max_hp_loss":0,"event_name":"Purifier","floor":39,"gold_loss":0}],"is_beta":false,"boss_relics":[{"not_picked":["Snecko Eye","Cursed Key"],"picked":"Pandora\u0027s Box"},{"not_picked":["Velvet Choker","Runic Pyramid"],"picked":"Philosopher\u0027s Stone"}],"items_purged_floors":[14],"is_endless":false,"potions_floor_spawned":[2,4,5,8,11,21,23,28,30,31,33,35,37,38],"killed_by":"Nemesis","ascension_level":11}}