{"host":"9l1knhxfturzliqa","time":1612952209,"event":{"mods":["AchievementEnabler","BaseMod","Colored Map","Colored Powertips","DeckTracker","Highlight Path","Keyboard Shortcuts","Minty Spire (QoL Compilation)","Random Character Button"],"gold_per_floor":[119,138,148,166,176,176,208,208,235,30,49,49,67,47,47,126,126,139,154,166,182,191,191,234,234,279,279,298,298,329,329,329],"floor_reached":31,"language":"KOR","playtime":1410,"items_purged":["Strike_G"],"score":518,"play_id":"88fb0d27-5fd7-4e73-9ee0-9770aa7ee5af","local_time":"20210210191649","is_ascension_mode":true,"campfire_choices":[{"data":"Envenom","floor":6.0,"key":"SMITH"},{"floor":8.0,"key":"REST"},{"data":"A Thousand Cuts","floor":15.0,"key":"SMITH"},{"data":"Phantasmal Killer","floor":23.0,"key":"SMITH"},{"data":"Noxious Fumes","floor":27.0,"key":"SMITH"},{"floor":29.0,"key":"REST"}],"circlet_count":0,"master_deck":["AscendersBane","Strike_G","Strike_G","Strike_G","Defend_G","Defend_G","Defend_G","Defend_G","Survivor","Neutralize","Masterful Stab","Envenom+1","Bane","Dagger Spray","Prepared","A Thousand Cuts+1","Poisoned Stab","PiercingWail","Escape Plan","Well Laid Plans","Dodge and Roll","Blade Dance","Phantasmal Killer+1","Escape Plan","Cloak And Dagger","Deflect","Writhe","Noxious Fumes+1"],"relics":["Ring of the Snake","HornCleat","Bag of Marbles","SacredBark","CeramicFish","Red Mask","Dream Catcher"],"acts_visited":["Exordium","TheCity"],"potions_floor_usage":[31],"damage_taken":[{"damage":0.0,"enemies":"Small Slimes","floor":1.0,"turns":4.0},{"damage":0.0,"enemies":"Cultist","floor":2.0,"turns":3.0},{"damage":7.0,"enemies":"2 Louse","floor":3.0,"turns":3.0},{"damage":9.0,"enemies":"Blue Slaver","floor":4.0,"turns":3.0},{"damage":0.0,"enemies":"2 Fungi Beasts","floor":5.0,"turns":3.0},{"damage":30.0,"enemies":"Lagavulin","floor":7.0,"turns":5.0},{"damage":8.0,"enemies":"Exordium Thugs","floor":11.0,"turns":4.0},{"damage":6.0,"enemies":"3 Louse","floor":13.0,"turns":2.0},{"damage":15.0,"enemies":"Slime Boss","floor":16.0,"turns":8.0},{"damage":0.0,"enemies":"2 Thieves","floor":18.0,"turns":1.0},{"damage":0.0,"enemies":"Spheric Guardian","floor":19.0,"turns":3.0},{"damage":12.0,"enemies":"3 Cultists","floor":20.0,"turns":4.0},{"damage":4.0,"enemies":"Centurion and Healer","floor":21.0,"turns":8.0},{"damage":0.0,"enemies":"Masked Bandits","floor":24.0,"turns":3.0},{"damage":12.0,"enemies":"Snake Plant","floor":28.0,"turns":5.0},{"damage":39.0,"enemies":"Slavers","floor":30.0,"turns":7.0},{"damage":11,"enemies":"Snecko","floor":31,"turns":3}],"seed_played":"-8372591652110420811","potions_obtained":[{"floor":2.0,"key":"GamblersBrew"},{"floor":4.0,"key":"FearPotion"},{"floor":5.0,"key":"SteroidPotion"},{"floor":7.0,"key":"PowerPotion"},{"floor":18.0,"key":"SpeedPotion"},{"floor":20.0,"key":"DistilledChaos"},{"floor":30.0,"key":"Poison Potion"}],"is_trial":false,"path_per_floor":["M","M","M","M","M","R","E","R","T","$","M","?","M","?","R","B",null,"M","M","M","M","?","R","?","?","T","R","M","R","E","M"],"character_chosen":"THE_SILENT","items_purchased":["Escape Plan","Well Laid Plans"],"campfire_rested":2,"item_purchase_floors":[10,10],"current_hp_per_floor":[59,59,52,43,43,43,13,31,31,31,23,43,37,37,37,22,51,51,51,39,35,35,35,35,35,35,35,23,41,2,0,0],"gold":329,"neow_bonus":"TRANSFORM_TWO_CARDS","is_daily":false,"chose_seed":false,"campfire_upgraded":4,"win_rate":0.0,"timestamp":1612952209,"path_taken":["M","M","M","M","M","R","E","R","T","$","M","?","M","?","R","BOSS","M","M","M","M","?","R","?","?","T","R","M","R","E","?"],"items_purchased_type":["Card","Card"],"build_version":"2020-12-22","purchased_purges":1,"victory":false,"max_hp_per_floor":[60,60,60,60,60,60,60,60,60,60,60,60,60,60,60,60,60,60,60,60,60,60,60,60,60,60,60,60,60,60,60,60],"card_choices":[{"not_picked":["Prepared","Dodge and Roll"],"picked":"Bane","floor":1.0},{"not_picked":["Setup","Heel Hook"],"picked":"Dagger Spray","floor":2.0},{"not_picked":["Accuracy","Underhanded Strike"],"picked":"Prepared","floor":3.0},{"not_picked":["Dagger Throw","Footwork"],"picked":"A Thousand Cuts","floor":4.0},{"not_picked":["Dagger Spray","Distraction"],"picked":"Poisoned Stab","floor":5.0},{"not_picked":["Dodge and Roll","Masterful Stab"],"picked":"PiercingWail","floor":7.0},{"not_picked":["Bane","Catalyst"],"picked":"Dodge and Roll","floor":11.0},{"not_picked":["Deadly Poison","Flying Knee"],"picked":"Blade Dance","floor":13.0},{"not_picked":["Die Die Die","Malaise"],"picked":"Phantasmal Killer","floor":16.0},{"not_picked":["Outmaneuver","Footwork+1"],"picked":"Escape Plan","floor":18.0},{"not_picked":["PiercingWail","Endless Agony"],"picked":"Cloak And Dagger","floor":19.0},{"not_picked":["Riddle With Holes","Expertise+1"],"picked":"Deflect","floor":20.0},{"not_picked":["Quick Slash","Dagger Throw","Dagger Spray"],"picked":"SKIP","floor":21.0},{"not_picked":["Eviscerate","Dodge and Roll"],"picked":"Noxious Fumes","floor":24.0},{"not_picked":["Riddle With Holes","Dash","Noxious Fumes"],"picked":"SKIP","floor":28.0},{"not_picked":["Choke+1","Underhanded Strike","Poisoned Stab"],"picked":"SKIP","floor":30.0}],"player_experience":661330,"relics_obtained":[{"floor":7.0,"key":"HornCleat"},{"floor":9.0,"key":"Bag of Marbles"},{"floor":24.0,"key":"Red Mask"},{"floor":30.0,"key":"Dream Catcher"}],"event_choices":[{"damage_healed":20.0,"max_hp_gain":0.0,"max_hp_loss":0.0,"gold_gain":0.0,"event_name":"Big Fish","player_choice":"Banana","floor":12.0,"gold_loss":0.0,"damage_taken":0.0},{"damage_healed":0.0,"max_hp_gain":0.0,"max_hp_loss":0.0,"gold_gain":0.0,"event_name":"The Woman in Blue","player_choice":"Bought 1 Potion","floor":14.0,"gold_loss":0.0,"damage_taken":0.0},{"damage_healed":0.0,"max_hp_gain":0.0,"max_hp_loss":0.0,"gold_gain":0.0,"event_name":"The Mausoleum","player_choice":"Opened","floor":22.0,"gold_loss":0.0,"damage_taken":0.0,"relics_obtained":["CeramicFish"],"cards_obtained":["Writhe"]},{"damage_healed":0.0,"max_hp_gain":0.0,"max_hp_loss":0.0,"gold_gain":0.0,"event_name":"Masked Bandits","player_choice":"Fought Bandits","floor":24.0,"gold_loss":0.0,"damage_taken":0.0},{"damage_healed":0.0,"max_hp_gain":0.0,"max_hp_loss":0.0,"gold_gain":0.0,"event_name":"Vampires","player_choice":"Ignored","floor":25.0,"gold_loss":0.0,"damage_taken":0.0}],"is_beta":false,"boss_relics":[{"not_picked":["Coffee Dripper","Runic Pyramid"],"picked":"SacredBark"}],"items_purged_floors":[10],"is_endless":false,"potions_floor_spawned":[2,4,5,7,18,20,30],"killed_by":"Snecko","ascension_level":20}}