{"host":"wfkvcf4y4vkrpwe0","time":1612973266,"event":{"mods":["BaseMod","Conspire","Downfall","Hermit","Minty Spire (QoL Compilation)","StSLib","The Construct","The Cursed","The Disciple","The Hierophant","The Necromancer"],"gold_per_floor":[99,113,113,133,147,165,165,75,75,60,60,72,105,115,133,133,133,133],"floor_reached":16,"language":"ENG","playtime":949,"items_purged":["hexamod:Strike"],"score":104,"play_id":"ee4a0655-a280-4b13-9a74-64bda131acd4","local_time":"20210210160746","is_ascension_mode":false,"campfire_choices":[{"data":"hexamod:Sear","floor":1,"key":"SMITH"},{"floor":9,"key":"REST"}],"circlet_count":0,"master_deck":["hexamod:Strike","hexamod:Strike","hexamod:Strike","hexamod:Defend","hexamod:Defend","hexamod:Defend","hexamod:Defend","hexamod:Sear+1","hexamod:Float+1","hexamod:BurningTouch","hexamod:HeatShield","hexamod:FirstSeal"],"relics":["hexamod:SpiritBrand","Torii","Thread and Needle","Mercury Hourglass","FossilizedHelix"],"acts_visited":["Exordium"],"potions_floor_usage":[15,16,16,16],"damage_taken":[{"damage":3,"enemies":"conspire:RoseBush","floor":2,"turns":4},{"damage":0,"enemies":"Jaw Worm","floor":4,"turns":4},{"damage":10,"enemies":"Cultist","floor":5,"turns":4},{"damage":7,"enemies":"Lots of Slimes","floor":6,"turns":5},{"damage":1,"enemies":"downfall:FleeingMerchant","floor":8,"turns":4},{"damage":1,"enemies":"downfall:FleeingMerchant","floor":10,"turns":4},{"damage":9,"enemies":"2 Fungi Beasts","floor":12,"turns":3},{"damage":35,"enemies":"Lagavulin","floor":13,"turns":6},{"damage":0,"enemies":"Blue Slaver","floor":14,"turns":3},{"damage":0,"enemies":"Gremlin Gang","floor":15,"turns":3},{"damage":9,"enemies":"WA_ARCHETYPE_RETAIN","floor":16,"turns":6}],"seed_played":"1151933811825943000","potions_obtained":[{"floor":2,"key":"SkillPotion"},{"floor":12,"key":"PowerPotion"},{"floor":13,"key":"Fire Potion"},{"floor":15,"key":"Ancient Potion"}],"is_trial":false,"path_per_floor":["R","M","?","M","M","M","T","$","R","$","T","M","E","M","M","B"],"character_chosen":"THE_SPIRIT","items_purchased":[],"campfire_rested":1,"item_purchase_floors":[],"current_hp_per_floor":[49,46,46,46,36,29,29,28,49,48,48,39,4,4,4,0,0,0],"gold":133,"neow_bonus":"ONE_RARE_RELIC","is_daily":false,"chose_seed":false,"campfire_upgraded":1,"win_rate":0.0,"timestamp":1612973266,"path_taken":["R","M","?","M","M","M","T","$","R","$","?","?","E","M","M","BOSS"],"items_purchased_type":[],"build_version":"2020-12-22","purchased_purges":1,"victory":false,"max_hp_per_floor":[70,70,70,70,70,70,70,70,70,70,70,70,70,70,70,70,70,70],"card_choices":[{"not_picked":["hexamod:FourthSeal","hexamod:Again","hexamod:ShieldOfDarkness"],"picked":"SKIP","floor":2},{"not_picked":["hexamod:SkipABeat","hexamod:Hexaguard","hexamod:Haunt"],"picked":"SKIP","floor":4},{"not_picked":["hexamod:NightmareStrike","hexamod:NightmareGuise"],"picked":"hexamod:BurningTouch","floor":5},{"not_picked":["hexamod:Hexaguard","hexamod:BurningTouch","hexamod:Firestarter"],"picked":"SKIP","floor":6},{"not_picked":["hexamod:EmpoweredFlame","hexamod:HeatMetal"],"picked":"hexamod:HeatShield","floor":8},{"not_picked":["hexamod:EmpoweredFlame","hexamod:GhostLash","hexamod:ThermalTransfer"],"picked":"SKIP","floor":10},{"not_picked":["hexamod:ThermalTransfer","hexamod:SwordOfDarkness","hexamod:FastForward"],"picked":"SKIP","floor":12},{"not_picked":["hexamod:GiftsFromTheDead","hexamod:Haunt","hexamod:InspiringFlames"],"picked":"SKIP","floor":13},{"not_picked":["hexamod:SpectralAdrenaline","hexamod:BacktrackSmack","hexamod:InspiringFlames"],"picked":"SKIP","floor":14},{"not_picked":["hexamod:Firestarter","hexamod:FastForward"],"picked":"hexamod:FirstSeal","floor":15}],"player_experience":588179,"relics_obtained":[{"floor":7,"key":"Thread and Needle"},{"floor":11,"key":"Mercury Hourglass"},{"floor":13,"key":"FossilizedHelix"}],"event_choices":[],"is_beta":false,"boss_relics":[],"items_purged_floors":[8],"is_endless":false,"potions_floor_spawned":[2,12,13,15],"killed_by":"WA_ARCHETYPE_RETAIN","ascension_level":0}}