{"host":"z609fbm6pkeriks8","time":1612921688,"event":{"mods":["AchievementEnabler","BaseMod","Colored Map","Colored Powertips","Highlight Path","Minty Spire (QoL Compilation)","StSLib"],"gold_per_floor":[111,89,99,116,135,169,169,195,220,230,244,13,26,39,39,143,143,154,33,49,64,80,80,80,80],"floor_reached":24,"language":"ZHS","playtime":859,"items_purged":[],"score":257,"play_id":"5294042a-5288-4015-b077-5bb8557d254a","local_time":"20210210094808","is_ascension_mode":true,"campfire_choices":[{"data":"Armaments","floor":7,"key":"SMITH"},{"data":"Evolve","floor":15,"key":"SMITH"},{"floor":23,"key":"REST"}],"circlet_count":0,"master_deck":["Strike_R+1","Strike_R+1","Strike_R","Strike_R","Strike_R","Defend_R","Defend_R","Defend_R","Defend_R","Bash","Evolve+1","Perfected Strike","Twin Strike","Battle Trance","Second Wind","Armaments+1","Immolate","Hemokinesis","Shrug It Off","Power Through","Fire Breathing","Entrench","Blood for Blood","HandOfGreed"],"relics":["Burning Blood","NeowsBlessing","Smiling Mask","Centennial Puzzle","Whetstone","Membership Card","Snecko Eye"],"acts_visited":["Exordium","TheCity"],"potions_floor_usage":[6,22,22],"damage_taken":[{"damage":0,"enemies":"Cultist","floor":1,"turns":1},{"damage":0,"enemies":"Jaw Worm","floor":3,"turns":1},{"damage":0,"enemies":"Small Slimes","floor":4,"turns":1},{"damage":12,"enemies":"3 Louse","floor":5,"turns":4},{"damage":30,"enemies":"Lagavulin","floor":6,"turns":6},{"damage":15,"enemies":"3 Sentries","floor":8,"turns":8},{"damage":0,"enemies":"Gremlin Gang","floor":10,"turns":1},{"damage":11,"enemies":"Exordium Thugs","floor":11,"turns":3},{"damage":2,"enemies":"Large Slime","floor":13,"turns":3},{"damage":1,"enemies":"Looter","floor":14,"turns":2},{"damage":47,"enemies":"Hexaghost","floor":16,"turns":10},{"damage":37,"enemies":"3 Byrds","floor":18,"turns":5},{"damage":2,"enemies":"Spheric Guardian","floor":20,"turns":1},{"damage":33,"enemies":"Shelled Parasite and Fungi","floor":21,"turns":4},{"damage":8,"enemies":"3 Cultists","floor":22,"turns":4},{"damage":55,"enemies":"Book of Stabbing","floor":24,"turns":4}],"seed_played":"-4666864697907352279","potions_obtained":[{"floor":3,"key":"Energy Potion"},{"floor":6,"key":"Explosive Potion"},{"floor":10,"key":"Ancient Potion"},{"floor":14,"key":"ElixirPotion"},{"floor":16,"key":"LiquidBronze"},{"floor":21,"key":"HeartOfIron"},{"floor":22,"key":"LiquidMemories"}],"is_trial":false,"path_per_floor":["M","$","M","M","M","E","R","E","T","M","M","$","M","M","R","B",null,"M","$","M","M","M","R","E"],"character_chosen":"IRONCLAD","items_purchased":["Perfected Strike","Power Through","Membership Card","Blood for Blood","HandOfGreed"],"campfire_rested":1,"item_purchase_floors":[2,12,12,19,19],"current_hp_per_floor":[80,80,80,80,74,50,50,41,41,47,42,42,46,51,51,10,80,49,49,53,26,24,48,0,0],"gold":80,"neow_bonus":"THREE_ENEMY_KILL","is_daily":false,"chose_seed":false,"campfire_upgraded":2,"win_rate":0.0,"timestamp":1612921688,"path_taken":["M","$","?","M","M","E","R","E","T","M","M","?","M","M","R","BOSS","M","$","M","M","M","R","E"],"items_purchased_type":["Card","Card","Relic","Card","Card"],"build_version":"2020-12-22","purchased_purges":0,"victory":false,"max_hp_per_floor":[80,80,80,80,80,80,80,80,80,80,80,80,80,80,80,80,80,80,80,80,80,80,80,80,80],"card_choices":[{"not_picked":["Iron Wave","Clash"],"picked":"Evolve","floor":1},{"not_picked":["Warcry","Pommel Strike"],"picked":"Twin Strike","floor":3},{"not_picked":["Spot Weakness","Pommel Strike"],"picked":"Battle Trance","floor":4},{"not_picked":["Havoc","Body Slam"],"picked":"Second Wind","floor":5},{"not_picked":["Sentinel","Whirlwind"],"picked":"Armaments","floor":6},{"not_picked":["Clothesline","Anger"],"picked":"Immolate","floor":8},{"not_picked":["Thunderclap","Clothesline"],"picked":"Hemokinesis","floor":10},{"not_picked":["Pommel Strike","Headbutt"],"picked":"Shrug It Off","floor":11},{"not_picked":["Pommel Strike","Clothesline"],"picked":"Fire Breathing","floor":13},{"not_picked":["Body Slam","Fire Breathing","Pommel Strike"],"picked":"SKIP","floor":14},{"not_picked":["Clothesline","Shrug It Off"],"picked":"Entrench","floor":18},{"not_picked":["Havoc+1","True Grit","Warcry+1"],"picked":"SKIP","floor":20},{"not_picked":["Evolve","Thunderclap","Dropkick+1"],"picked":"SKIP","floor":21},{"not_picked":["Disarm","Cleave","Twin Strike"],"picked":"SKIP","floor":22}],"player_experience":53950,"relics_obtained":[{"floor":6,"key":"Smiling Mask"},{"floor":8,"key":"Centennial Puzzle"},{"floor":9,"key":"Whetstone"}],"event_choices":[],"is_beta":false,"boss_relics":[{"not_picked":["SacredBark","Astrolabe"],"picked":"Snecko Eye"}],"items_purged_floors":[],"is_endless":false,"potions_floor_spawned":[3,6,10,14,16,21,22],"killed_by":"Book of Stabbing","ascension_level":4}}