{"host":"mal0jdk4f6ubgyb8","time":1612941972,"event":{"mods":["100% Spire Juice","Act Like it!","Aspiration","BaseMod","Gensokyo","KinomotoSakuraMod(木之本樱)","Luminous","Marisa（F雨　魔理沙）","Minty Spire (QoL Compilation)","Quick Restart","Relic Stats","Reliquary","Remilia（蕾米莉亚）","Replay The Spire","StSLib","WarShipGirlsR/战舰少女R mod","Yakumo Yukari mod"],"gold_per_floor":[133,145,420,68,80,80,107,120,120,154,154,174,188,214,214,314,314,324,423,423,423,423],"floor_reached":21,"language":"ZHS","playtime":1633,"items_purged":["Regret"],"score":286,"play_id":"44a968b2-e6fa-4b7a-b0c7-67c668e72581","local_time":"20210210152612","is_ascension_mode":true,"campfire_choices":[{"data":"SharpContractionReality_purple","floor":6.0,"key":"SMITH"},{"data":"Human_Monster_Realm_purple","floor":11.0,"key":"SMITH"},{"data":"SharpContractionReality_purple","floor":15.0,"key":"SMITH"}],"circlet_count":0,"master_deck":["AT_purpleEX","AT_purpleEX","AT_purpleEX","AT_purpleEX","Defend_purpleEX","Defend_purpleEX","Defend_purpleEX","Defend_purpleEX","Observe_purple_1","Observe_purple_2","Charmbait_purple","SharpContractionReality_purple+1","SharpContractionReality_purple+1","Panache","StretchesForeverDream_purple","Human_Monster_Realm_purple+1","DimensionStaggered_purple","StateErode_purple","Line_surface_state_purple","Boundary_LifeAndDeath_purple","DimensionStaggered_purple","PositiveMatter_Antimatter_Universe_purple","StretchesForeverDream_purple","ProofOfUnderstanding_purple","CommonSense_AntiCommonSense_purple","ButterflyHabitatTemple_purple"],"relics":["Boundary_crack","Memoryfragments_purpleEX","reliquary:OuijaBoard","Prayer Wheel","Pondfish Scales","reliquary:Craggleroot"],"acts_visited":["Exordium","TheCity"],"potions_floor_usage":[16,16,18],"damage_taken":[{"damage":2.0,"enemies":"Jaw Worm","floor":1.0,"turns":2.0},{"damage":0.0,"enemies":"Cultist","floor":2.0,"turns":3.0},{"damage":10.0,"enemies":"Small Slimes","floor":5.0,"turns":3.0},{"damage":44.0,"enemies":"Lagavulin","floor":7.0,"turns":7.0},{"damage":0.0,"enemies":"2 Fungi Beasts","floor":8.0,"turns":2.0},{"damage":7.0,"enemies":"Replay:BlueRogue","floor":10.0,"turns":7.0},{"damage":0.0,"enemies":"Looter","floor":12.0,"turns":3.0},{"damage":1.0,"enemies":"Blue Slaver","floor":13.0,"turns":3.0},{"damage":16.0,"enemies":"3 Sentries","floor":14.0,"turns":5.0},{"damage":0,"enemies":"Slime Boss","floor":16,"turns":6},{"damage":4,"enemies":"2 Thieves","floor":18,"turns":3},{"damage":45,"enemies":"Masked Bandits","floor":21,"turns":5}],"seed_played":"-5947343155959901985","potions_obtained":[{"floor":2.0,"key":"LiquidBronze"},{"floor":7.0,"key":"Milkshake"},{"floor":10.0,"key":"Fruit Juice"},{"floor":14.0,"key":"SkillPotion"},{"floor":16,"key":"EssenceOfSteel"},{"floor":18,"key":"Toxic Potion"}],"is_trial":false,"path_per_floor":["M","M","?","$","M","R","E","M","T","E","R","M","M","E","R","B",null,"M","?","$","?"],"character_chosen":"Youkari","items_purchased":["Panache","Fruit Juice"],"campfire_rested":0,"item_purchase_floors":[4,4],"current_hp_per_floor":[68,70,70,75,66,66,22,22,22,16,16,23,24,8,8,9,80,76,76,76,31,31],"gold":423,"neow_bonus":"THREE_CARDS","is_daily":false,"chose_seed":false,"campfire_upgraded":3,"win_rate":0.0,"timestamp":1612941972,"path_taken":["M","M","?","$","M","R","E","M","T","E","R","?","M","E","R","BOSS","M","?","$","?"],"items_purchased_type":["Card","Potion"],"build_version":"2020-12-22","purchased_purges":1,"victory":false,"max_hp_per_floor":[70,70,70,75,75,75,75,75,75,75,75,80,80,80,80,80,80,80,80,80,80,80],"relic_stats":{"counters":[12,49],"Prayer Wheel":3,"obtain_stats":[{"reliquary:OuijaBoard":7,"Pondfish Scales":14,"reliquary:Craggleroot":17,"Prayer Wheel":10,"Boundary_crack":0,"Memoryfragments_purpleEX":0},{"reliquary:OuijaBoard":4,"Pondfish Scales":9,"reliquary:Craggleroot":10,"Prayer Wheel":6,"Boundary_crack":0,"Memoryfragments_purpleEX":0},{"reliquary:OuijaBoard":15,"Pondfish Scales":35,"reliquary:Craggleroot":41,"Prayer Wheel":24,"Boundary_crack":0,"Memoryfragments_purpleEX":0}]},"card_choices":[{"not_picked":["MeetDecomposer_purple","StateDuplicate_purple"],"picked":"Charmbait_purple","floor":0.0},{"not_picked":["Umbrella_purple","StateErode_purple"],"picked":"SharpContractionReality_purple","floor":1.0},{"not_picked":["StateDuplicate_purple","Boundary_of_Extermination_purpleEX"],"picked":"SharpContractionReality_purple","floor":2.0},{"not_picked":["Charmbait_purple","Mirror_FormAndEmptin_purple"],"picked":"StretchesForeverDream_purple","floor":5.0},{"not_picked":["AdvanceAttack_purple","StateErode_purple"],"picked":"Human_Monster_Realm_purple","floor":7.0},{"not_picked":["WeekHit_purple","MeetDecomposer_purple"],"picked":"DimensionStaggered_purple","floor":8.0},{"not_picked":["Yakumo_Ran_purple","Nest_LightFlightworm_purple"],"picked":"StateErode_purple","floor":10.0},{"not_picked":["MeetDecomposer_purple","DimensionStaggered_purple"],"picked":"Line_surface_state_purple","floor":12.0},{"not_picked":["Mirror_Drifter_purple","Umbrella_purple"],"picked":"Boundary_LifeAndDeath_purple","floor":12.0},{"not_picked":["PurpleNeedle_purple","Realm_recovery_purpleEX"],"picked":"DimensionStaggered_purple","floor":13.0},{"not_picked":["SharpContractionReality_purple","Photoelasticity_Doppler_Effect_purple"],"picked":"PositiveMatter_Antimatter_Universe_purple","floor":13.0},{"not_picked":["SharpContractionReality_purple","DimensionStaggered_purple"],"picked":"StretchesForeverDream_purple","floor":14.0},{"not_picked":["GluttonyofRealm_purpleEX","LoveAcrossDimensions_purple"],"picked":"ProofOfUnderstanding_purple","floor":16},{"not_picked":["DimensionStaggered_purple","StateErode_purple"],"picked":"CommonSense_AntiCommonSense_purple","floor":18},{"not_picked":["ExistenceContinue_purple+1","AdvanceAttack_purple"],"picked":"ButterflyHabitatTemple_purple","floor":18}],"player_experience":306290,"relics_obtained":[{"floor":7.0,"key":"reliquary:OuijaBoard"},{"floor":10.0,"key":"Prayer Wheel"},{"floor":14.0,"key":"Pondfish Scales"}],"event_choices":[{"damage_healed":0.0,"max_hp_gain":0.0,"max_hp_loss":0.0,"gold_gain":275.0,"event_name":"Golden Shrine","player_choice":"Desecrate","floor":3.0,"gold_loss":0.0,"damage_taken":0.0,"cards_obtained":["Regret"]},{"damage_healed":0,"gold_gain":99,"player_choice":"Stole From Cult","damage_taken":0,"max_hp_gain":0,"max_hp_loss":0,"event_name":"Nest","floor":19,"gold_loss":0},{"damage_healed":0,"gold_gain":0,"player_choice":"Fought Bandits","damage_taken":0,"max_hp_gain":0,"max_hp_loss":0,"event_name":"Masked Bandits","floor":21,"gold_loss":0}],"is_beta":false,"boss_relics":[{"not_picked":["reliquary:KinkedSpring","aspiration:RitualDagger"],"picked":"reliquary:Craggleroot"}],"items_purged_floors":[4],"is_endless":false,"potions_floor_spawned":[2,7,10,14,16,18],"killed_by":"Masked Bandits","ascension_level":3}}