{"host":"mvk4cyf8p31hksyn","time":1612952795,"event":{"mods":["BaseMod","Block Reminder","Colored Map","Highlight Path","Minty Spire (QoL Compilation)","Relic Sorter"],"gold_per_floor":[117,117,133,150,163,194,194,228,228,228,242,262,102,102,102,174,224,237,237,270,270,270],"floor_reached":21,"language":"ENG","playtime":931,"items_purged":["Doubt"],"score":578,"play_id":"41cbcfd6-a457-46ce-b4ca-2cde361b355e","local_time":"20210210112635","is_ascension_mode":true,"campfire_choices":[{"data":"Dagger Spray","floor":7,"key":"SMITH"},{"data":"Blade Dance","floor":10,"key":"SMITH"},{"data":"Sucker Punch","floor":15,"key":"SMITH"}],"circlet_count":0,"master_deck":["AscendersBane","Strike_G+1","Strike_G+1","Strike_G+1","Strike_G+1","Strike_G+1","Defend_G+1","Defend_G+1","Defend_G+1","Defend_G+1","Survivor","Neutralize","Blade Dance+1","Sucker Punch+1","Backflip","Backstab","Dagger Spray+1","Acrobatics","Blur","Backflip","Noxious Fumes","A Thousand Cuts","Deadly Poison","Malaise"],"relics":["Cursed Key","Eternal Feather","Pantograph","Paper Crane","Tiny House","Red Mask"],"acts_visited":["Exordium","TheCity"],"potions_floor_usage":[16,16],"damage_taken":[{"damage":0,"enemies":"2 Louse","floor":1,"turns":3},{"damage":6,"enemies":"Cultist","floor":3,"turns":4},{"damage":4,"enemies":"Jaw Worm","floor":4,"turns":4},{"damage":4,"enemies":"Large Slime","floor":5,"turns":5},{"damage":26,"enemies":"Gremlin Nob","floor":6,"turns":4},{"damage":14,"enemies":"3 Sentries","floor":8,"turns":7},{"damage":0,"enemies":"Looter","floor":11,"turns":2},{"damage":3,"enemies":"Exordium Thugs","floor":12,"turns":4},{"damage":40,"enemies":"Slime Boss","floor":16,"turns":11},{"damage":21,"enemies":"3 Byrds","floor":18,"turns":4},{"damage":28,"enemies":"Masked Bandits","floor":20,"turns":5},{"damage":18,"enemies":"Chosen","floor":21,"turns":5}],"seed_played":"-4833805614784811094","potions_obtained":[{"floor":5,"key":"Weak Potion"},{"floor":8,"key":"Block Potion"},{"floor":17,"key":"CultistPotion"}],"is_trial":false,"path_per_floor":["M","?","M","M","M","E","R","E","T","R","M","M","$","?","R","B",null,"M","?","?","M"],"character_chosen":"THE_SILENT","items_purchased":["Noxious Fumes"],"campfire_rested":0,"item_purchase_floors":[13],"current_hp_per_floor":[59,59,53,49,45,19,28,14,14,26,26,23,23,23,35,20,60,39,39,11,0,0],"gold":270,"neow_bonus":"BOSS_RELIC","is_daily":false,"chose_seed":false,"campfire_upgraded":3,"win_rate":0.0,"timestamp":1612952795,"path_taken":["M","?","M","M","?","E","R","E","T","R","M","M","$","?","R","BOSS","M","?","?","M"],"items_purchased_type":["Card"],"build_version":"2020-12-22","purchased_purges":1,"victory":false,"max_hp_per_floor":[66,66,66,66,66,66,66,66,66,66,66,66,66,66,66,66,71,71,71,71,71,71],"card_choices":[{"not_picked":["Cloak And Dagger","Backflip"],"picked":"Blade Dance","floor":1},{"not_picked":["Finisher","Blade Dance"],"picked":"Backflip","floor":3},{"not_picked":["Escape Plan","Heel Hook"],"picked":"Backstab","floor":4},{"not_picked":["Quick Slash","Prepared"],"picked":"Dagger Spray","floor":5},{"not_picked":["Riddle With Holes","Dagger Throw"],"picked":"Acrobatics","floor":6},{"not_picked":["Flying Knee","Finisher"],"picked":"Blur","floor":8},{"not_picked":["Slice","Endless Agony"],"picked":"Backflip","floor":11},{"not_picked":["Flechettes","Dagger Spray","Bane"],"picked":"SKIP","floor":12},{"not_picked":["Storm of Steel","Tools of the Trade"],"picked":"A Thousand Cuts","floor":16},{"not_picked":["Slice","Backstab"],"picked":"Deadly Poison","floor":17},{"not_picked":["Flying Knee","Setup","Quick Slash"],"picked":"SKIP","floor":18},{"not_picked":["Acrobatics","Deadly Poison"],"picked":"Malaise","floor":20}],"player_experience":837463,"relics_obtained":[{"floor":6,"key":"Eternal Feather"},{"floor":8,"key":"Pantograph"},{"floor":9,"key":"Paper Crane"},{"floor":20,"key":"Red Mask"}],"event_choices":[{"damage_healed":0,"gold_gain":0,"cards_transformed":["Defend_G"],"player_choice":"Transformed","damage_taken":0,"max_hp_gain":0,"max_hp_loss":0,"event_name":"Transmorgrifier","floor":2,"gold_loss":0,"cards_obtained":["Sucker Punch"]},{"damage_healed":0,"gold_gain":0,"player_choice":"Ignored","damage_taken":0,"max_hp_gain":0,"max_hp_loss":0,"event_name":"Liars Game","floor":14,"gold_loss":0},{"damage_healed":0,"gold_gain":0,"player_choice":"Simplicity","damage_taken":0,"max_hp_gain":0,"max_hp_loss":0,"event_name":"Back to Basics","floor":19,"gold_loss":0,"cards_upgraded":["Strike_G","Strike_G","Strike_G","Strike_G","Defend_G","Defend_G","Defend_G","Defend_G"]},{"damage_healed":0,"gold_gain":0,"player_choice":"Fought Bandits","damage_taken":0,"max_hp_gain":0,"max_hp_loss":0,"event_name":"Masked Bandits","floor":20,"gold_loss":0}],"is_beta":false,"boss_relics":[{"not_picked":["Busted Crown","SacredBark"],"picked":"Tiny House"}],"items_purged_floors":[13],"is_endless":false,"potions_floor_spawned":[5,8,11,12],"killed_by":"Chosen","ascension_level":20}}