{"host":"prxrhpgaxnj4om9r","time":1612953708,"event":{"mods":["AchievementEnabler","BaseMod","DeckTracker","Keyboard Shortcuts","Minty Spire (QoL Compilation)"],"gold_per_floor":[114,132,144,44,59,86,86,98,98,98,117,133,163,173,173,272,322,335,335,435,451,224,250,268,268,268,281,294,313,16,27,27,27,27],"floor_reached":33,"language":"KOR","playtime":2237,"items_purged":[],"score":300,"play_id":"ec145b78-eff7-4165-8f47-a3b491c102c2","local_time":"20210210194148","is_ascension_mode":false,"campfire_choices":[{"floor":10,"key":"RECALL"},{"data":"Seeing Red","floor":15,"key":"SMITH"},{"floor":25,"key":"REST"},{"floor":32,"key":"REST"}],"circlet_count":0,"master_deck":["Strike_R","Strike_R","Strike_R","Strike_R","Strike_R","Defend_R","Defend_R","Defend_R","Defend_R","Bash","Disarm","Shrug It Off","Armaments","Seeing Red+1","Twin Strike","Flex","Metallicize+1","Feel No Pain","Heavy Blade","Limit Break","Anger","Uppercut+1","Rage","Searing Blow","Offering","Pommel Strike+1","Rage+1","Cleave+1","Combust+1","Flex"],"relics":["Burning Blood","Thread and Needle","Mango","Meat on the Bone","HornCleat","Tiny House","Anchor","Tiny Chest","Ancient Tea Set","Frozen Egg 2","Question Card"],"acts_visited":["Exordium","TheCity"],"potions_floor_usage":[4,5,6,8,12,12,14,14,16,16,18,21,23,27,29,31,33,33],"damage_taken":[{"damage":7,"enemies":"Jaw Worm","floor":1,"turns":2},{"damage":3,"enemies":"Cultist","floor":2,"turns":4},{"damage":0,"enemies":"Small Slimes","floor":3,"turns":4},{"damage":9,"enemies":"2 Fungi Beasts","floor":5,"turns":4},{"damage":26,"enemies":"3 Sentries","floor":6,"turns":10},{"damage":8,"enemies":"Blue Slaver","floor":8,"turns":2},{"damage":4,"enemies":"Red Slaver","floor":11,"turns":3},{"damage":0,"enemies":"Gremlin Gang","floor":12,"turns":1},{"damage":6,"enemies":"Exordium Thugs","floor":14,"turns":5},{"damage":50,"enemies":"The Guardian","floor":16,"turns":18},{"damage":12,"enemies":"Spheric Guardian","floor":18,"turns":5},{"damage":0,"enemies":"Chosen","floor":21,"turns":7},{"damage":22,"enemies":"Book of Stabbing","floor":23,"turns":7},{"damage":51,"enemies":"3 Cultists","floor":24,"turns":7},{"damage":9,"enemies":"Centurion and Healer","floor":27,"turns":4},{"damage":19,"enemies":"Cultist and Chosen","floor":28,"turns":9},{"damage":4,"enemies":"Snecko","floor":29,"turns":6},{"damage":41,"enemies":"3 Cultists","floor":31,"turns":7},{"damage":78,"enemies":"Collector","floor":33,"turns":7}],"seed_played":"7238232688038445227","potions_obtained":[{"floor":3,"key":"SkillPotion"},{"floor":5,"key":"Fruit Juice"},{"floor":7,"key":"Explosive Potion"},{"floor":7,"key":"EntropicBrew"},{"floor":7,"key":"BlessingOfTheForge"},{"floor":11,"key":"Explosive Potion"},{"floor":14,"key":"Ancient Potion"},{"floor":16,"key":"DuplicationPotion"},{"floor":17,"key":"PowerPotion"},{"floor":21,"key":"Swift Potion"},{"floor":24,"key":"AttackPotion"},{"floor":28,"key":"SkillPotion"},{"floor":31,"key":"Fire Potion"}],"is_trial":false,"path_per_floor":["M","M","M","$","M","E","?","M","T","R","M","M","?","M","R","B",null,"M","?","?","M","$","E","M","R","T","M","M","M","$","M","R","B"],"character_chosen":"IRONCLAD","items_purchased":["Fruit Juice","Tiny Chest","Searing Blow","Question Card","Explosive Potion"],"campfire_rested":2,"item_purchase_floors":[4,22,22,30,30],"current_hp_per_floor":[71,72,72,77,79,73,73,71,71,71,73,79,79,79,79,47,101,95,95,95,101,101,85,52,82,82,79,66,68,68,45,75,0,0],"gold":27,"neow_bonus":"ONE_RARE_RELIC","is_daily":false,"chose_seed":false,"campfire_upgraded":1,"win_rate":0.0,"timestamp":1612953708,"path_taken":["M","M","M","$","M","E","?","M","T","R","?","?","?","M","R","BOSS","M","?","?","M","$","E","M","R","T","M","?","?","$","M","R","BOSS"],"items_purchased_type":["Potion","Relic","Card","Relic","Potion"],"build_version":"2020-12-22","purchased_purges":0,"victory":false,"max_hp_per_floor":[72,72,72,77,82,96,96,96,96,96,96,96,96,96,96,96,101,101,101,101,101,101,101,101,101,101,101,101,101,101,101,101,101,101],"card_choices":[{"not_picked":["Warcry","Pommel Strike"],"picked":"Disarm","floor":1},{"not_picked":["Burning Pact","Shockwave"],"picked":"Shrug It Off","floor":2},{"not_picked":["Shrug It Off","Intimidate"],"picked":"Armaments","floor":3},{"not_picked":["Anger","Warcry"],"picked":"Seeing Red","floor":5},{"not_picked":["Impervious","Iron Wave"],"picked":"Twin Strike","floor":6},{"not_picked":["Headbutt","Wild Strike"],"picked":"Flex","floor":8},{"not_picked":["Dual Wield","Shrug It Off"],"picked":"Metallicize","floor":11},{"not_picked":["Ghostly Armor","Shrug It Off"],"picked":"Feel No Pain","floor":12},{"not_picked":["Pommel Strike","Cleave"],"picked":"Heavy Blade","floor":14},{"not_picked":["Juggernaut","Double Tap"],"picked":"Limit Break","floor":16},{"not_picked":["Battle Trance","Flex"],"picked":"Anger","floor":17},{"not_picked":["Inflame","Carnage"],"picked":"Uppercut+1","floor":18},{"not_picked":["Combust","Anger+1"],"picked":"Rage","floor":21},{"not_picked":["Headbutt","Dark Embrace"],"picked":"Offering","floor":23},{"not_picked":["Dark Embrace","Headbutt"],"picked":"Pommel Strike+1","floor":24},{"not_picked":["Searing Blow","True Grit"],"picked":"Rage+1","floor":27},{"not_picked":["Clash","Second Wind"],"picked":"Cleave+1","floor":28},{"not_picked":["Sword Boomerang","Cleave"],"picked":"Combust+1","floor":29},{"not_picked":["Armaments","Disarm","True Grit"],"picked":"Flex","floor":31}],"player_experience":357766,"relics_obtained":[{"floor":6,"key":"Mango"},{"floor":9,"key":"Meat on the Bone"},{"floor":23,"key":"Ancient Tea Set"},{"floor":26,"key":"Frozen Egg 2"}],"event_choices":[{"damage_healed":0,"gold_gain":0,"player_choice":"Got Potions","damage_taken":0,"max_hp_gain":0,"max_hp_loss":0,"event_name":"Lab","floor":7,"gold_loss":0},{"damage_healed":0,"gold_gain":30,"player_choice":"Searched \u00273\u0027 times","damage_taken":0,"relics_obtained":["HornCleat"],"max_hp_gain":0,"max_hp_loss":0,"event_name":"Dead Adventurer","floor":13,"gold_loss":0},{"damage_healed":0,"gold_gain":0,"player_choice":"Opened","damage_taken":0,"relics_obtained":["Anchor"],"max_hp_gain":0,"max_hp_loss":0,"event_name":"The Mausoleum","floor":19,"gold_loss":0},{"damage_healed":0,"gold_gain":100,"player_choice":"Pray","damage_taken":0,"max_hp_gain":0,"max_hp_loss":0,"event_name":"Golden Shrine","floor":20,"gold_loss":0}],"is_beta":false,"boss_relics":[{"not_picked":["Runic Dome","Ectoplasm"],"picked":"Tiny House"}],"items_purged_floors":[],"is_endless":false,"potions_floor_spawned":[3,5,11,14,16,21,24,28,31],"killed_by":"Collector","ascension_level":0}}