{"host":"c97twqu0op5dg8i4","time":1612998067,"event":{"mods":["AchievementEnabler","BaseMod","Colored Map","Minty Spire (QoL Compilation)","Permanent Neow"],"gold_per_floor":[14,14,14,29,29,58,58,58,111,127,52,69,83,94,94,94,94],"floor_reached":16,"language":"ENG","playtime":411,"items_purged":["Strike_R"],"score":158,"play_id":"fc2e13ea-14cd-410c-90ac-b0f1a9b992db","local_time":"20210210180107","is_ascension_mode":true,"campfire_choices":[{"data":"Cleave","floor":7,"key":"SMITH"},{"data":"Spot Weakness","floor":15,"key":"SMITH"}],"circlet_count":0,"master_deck":["AscendersBane","Strike_R","Strike_R","Strike_R","Defend_R","Defend_R","Defend_R","Defend_R","Bash","Immolate+1","Shrug It Off","Cleave+1","Spot Weakness+1","Rampage","Inflame","Burning Pact"],"relics":["Burning Blood","Lantern","Boot"],"acts_visited":["Exordium"],"potions_floor_usage":[16],"damage_taken":[{"damage":0,"enemies":"Small Slimes","floor":1,"turns":3},{"damage":0,"enemies":"Cultist","floor":4,"turns":3},{"damage":43,"enemies":"Lagavulin","floor":6,"turns":7},{"damage":0,"enemies":"2 Louse","floor":10,"turns":2},{"damage":11,"enemies":"Looter","floor":12,"turns":3},{"damage":0,"enemies":"Gremlin Gang","floor":13,"turns":2},{"damage":0,"enemies":"3 Louse","floor":14,"turns":1},{"damage":55,"enemies":"The Guardian","floor":16,"turns":13}],"seed_played":"-1481752733752418708","potions_obtained":[{"floor":4,"key":"BlessingOfTheForge"},{"floor":10,"key":"LiquidBronze"}],"is_trial":false,"path_per_floor":["M","$","?","M","?","E","R","?","T","M","$","M","M","M","R","B"],"character_chosen":"IRONCLAD","items_purchased":[],"campfire_rested":0,"item_purchase_floors":[],"current_hp_per_floor":[78,78,78,80,80,43,43,43,43,49,49,44,50,56,56,1,1],"gold":94,"neow_bonus":"THREE_RARE_CARDS","is_daily":false,"chose_seed":false,"campfire_upgraded":2,"win_rate":0.0,"timestamp":1612998067,"path_taken":["M","$","?","?","?","E","R","?","T","M","$","?","M","M","R","BOSS"],"items_purchased_type":[],"build_version":"2020-12-22","purchased_purges":1,"victory":false,"max_hp_per_floor":[80,80,80,80,80,80,80,80,80,80,80,80,80,80,80,80,80],"card_choices":[{"not_picked":["Impervious","Exhume"],"picked":"Immolate","floor":0},{"not_picked":["Headbutt","Sentinel"],"picked":"Shrug It Off","floor":1},{"not_picked":["Clash","Pommel Strike"],"picked":"Cleave","floor":4},{"not_picked":["Metallicize","Searing Blow"],"picked":"Spot Weakness","floor":6},{"not_picked":["Twin Strike","Perfected Strike"],"picked":"Rampage","floor":10},{"not_picked":["Feed","Iron Wave"],"picked":"Inflame","floor":12},{"not_picked":["Uppercut","Armaments"],"picked":"Burning Pact","floor":13},{"not_picked":["Iron Wave","Flex","Clothesline"],"picked":"SKIP","floor":14}],"player_experience":366261,"relics_obtained":[{"floor":6,"key":"Lantern"},{"floor":9,"key":"Boot"}],"event_choices":[{"damage_healed":0,"gold_gain":0,"player_choice":"Upgraded","damage_taken":0,"max_hp_gain":0,"max_hp_loss":0,"event_name":"Upgrade Shrine","floor":3,"gold_loss":0,"cards_upgraded":["Immolate"]},{"damage_healed":0,"gold_gain":0,"player_choice":"Ignored","damage_taken":0,"max_hp_gain":0,"max_hp_loss":0,"event_name":"Liars Game","floor":5,"gold_loss":0},{"cards_removed":["Strike_R"],"damage_healed":0,"gold_gain":0,"player_choice":"Purged","damage_taken":0,"max_hp_gain":0,"max_hp_loss":0,"event_name":"Purifier","floor":8,"gold_loss":0}],"is_beta":false,"boss_relics":[],"items_purged_floors":[11],"is_endless":false,"potions_floor_spawned":[4,10,14],"killed_by":"The Guardian","ascension_level":11}}