{"host":"dscols65uipasqd2","time":1612927796,"event":{"mods":["2.2 Compatiblity","AchievementEnabler","Aspiration","BaseMod","Colored Powertips","Downfall","Energized Spire","GifTheSpireLib","Hermit","Hubris","Infinite Spire","JesterMod","Jorbs\u0027s Wanderer Trilogy","Marisa????????","Minty Spire (QoL Compilation)","Rare Cards Sparkle","Replay The Spire","StSLib","Stuff the Spire","The Cursed","The Disciple","The Hierophant","The Judge","The Jungle","The Runesmith","TheFirefly"],"gold_per_floor":[99,99,99,99,99,99,99,99,112,142,154,165,195,180,199,309,309,109,121,126,126,144,171,218,218,234,234,134,27,27,60,80,189,189,189,214,32,32,32,67,94,128,152,152,4,4,25,57,77,77,77,113,26,26,26,26],"floor_reached":57,"language":"ENG","playtime":5099,"items_purged":["Pain"],"score":2619,"play_id":"49961e44-e95a-4284-abbb-19678f28d92a","local_time":"20210209222956","is_ascension_mode":true,"campfire_choices":[{"floor":6,"key":"RECALL"},{"floor":28,"key":"REST"},{"floor":44,"key":"REST"},{"data":"expansioncontent:StudyTheSpire","floor":54,"key":"SMITH"}],"circlet_count":0,"master_deck":["sneckomod:Strike","sneckomod:Strike","sneckomod:Strike","sneckomod:Defend","sneckomod:Defend","sneckomod:TailWhip","sneckomod:SnekBite","sneckomod:Unknown","sneckomod:QuickMove","sneckomod:MorePower","sneckomod:DefensiveFlair","sneckomod:Unknown0Cost","sneckomod:UnknownStrength+1","sneckomod:WideSting","sneckomod:UnknownDexterity+1","sneckomod:QuickMove","sneckomod:SoulRoll","sneckomod:Unknown2Cost+1","sneckomod:UnknownUncommonSkill","sneckomod:Memorize","sneckomod:QuickBite","sneckomod:UnknownStrike+1","sneckomod:Unknown3Cost","Madness+1","Madness","sneckomod:UnknownStrike+1","sneckomod:WideSting+1","sneckomod:DiceBlock+1","expansioncontent:StudyTheSpire+1","sneckomod:UnknownStrike+1","sneckomod:MorePower","sneckomod:Unknown2Cost+1","sneckomod:SnekBeam","sneckomod:UnknownX+1","sneckomod:MasterEye","hubris:Greed","Madness+1","sneckomod:CheapStock+1","sneckomod:Unknown3Cost+1","sneckomod:UnlimitedRolls","sneckomod:Unknown2Cost+1","sneckomod:UnknownBoss","sneckomod:Unknown1Cost","sneckomod:QuickBite","sneckomod:UnknownRareAttack+1","sneckomod:RainOfDice+1","sneckomod:UnknownWeak+1","sneckomod:UnknownBoss","sneckomod:DiceBoulder+1","bronze:Return","sneckomod:UnknownRareAttack+1","sneckomod:UnknownUncommonSkill+1","sneckomod:WideSting+1","sneckomod:QuickMove+1","sneckomod:UnknownRarePower+1","sneckomod:ImprovisedAttack+1","sneckomod:QuickMove+1"],"relics":["sneckomod:SneckoSoul","downfall:HeartsMalice","aspiration:StickyExplosives_weak","Pen Nib","aspiration:SecretTechniqueScroll","Mummified Hand","hubris:Backtick","Dead Branch","downfall:HeartBlessingRed","downfall:HeartBlessingGreen","aspiration:ChemicalBlood","WarpedTongs","Counterbalance","downfall:RedIOU","downfall:HeartBlessingBlue","ReplayTheSpireMod:CursedCoin","Pantograph","infinitespire:Satchel","hubris:BlackHole","StuffTheSpire:Barrel","Replay:Bottled Flurry","infinitespire:Joker Card","sneckomod:LoadedDie","TungstenRod","Omamori","Boot","infinitespire:Beetle Shell"],"acts_visited":["TheCity","TheBeyond","TheEnding"],"potions_floor_usage":[9,10,16,16,16,20,23,26,33,33,33,33,42,42,48,50,55],"damage_taken":[{"damage":0,"enemies":"2 Louse","floor":2,"turns":1},{"damage":0,"enemies":"Cultist","floor":4,"turns":1},{"damage":0,"enemies":"Small Slimes","floor":5,"turns":1},{"damage":3,"enemies":"Exordium Thugs","floor":9,"turns":3},{"damage":34,"enemies":"3 Sentries","floor":10,"turns":4},{"damage":0,"enemies":"Large Slime","floor":11,"turns":3},{"damage":1,"enemies":"Red Slaver","floor":12,"turns":4},{"damage":0,"enemies":"downfall:FleeingMerchant","floor":14,"turns":4},{"damage":7,"enemies":"Exordium Wildlife","floor":15,"turns":4},{"damage":30,"enemies":"DF_ARCHETYPE_STREAMLINE","floor":16,"turns":11},{"damage":6,"enemies":"Shell Parasite","floor":19,"turns":4},{"damage":1,"enemies":"downfall:FleeingMerchant","floor":20,"turns":4},{"damage":16,"enemies":"Snake Plant","floor":22,"turns":4},{"damage":36,"enemies":"Book of Stabbing","floor":23,"turns":4},{"damage":8,"enemies":"Centurion and Healer","floor":26,"turns":3},{"damage":1,"enemies":"Gremlin Leader","floor":31,"turns":2},{"damage":6,"enemies":"Sentry and Sphere","floor":32,"turns":3},{"damage":15,"enemies":"IC_MUSHROOM_ARCHETYPE","floor":33,"turns":4},{"damage":0,"enemies":"3 Shapes","floor":36,"turns":1},{"damage":0,"enemies":"Nemesis","floor":40,"turns":1},{"damage":55,"enemies":"Nightmare","floor":42,"turns":8},{"damage":0,"enemies":"Orb Walker","floor":43,"turns":1},{"damage":0,"enemies":"Spire Growth","floor":47,"turns":1},{"damage":0,"enemies":"Nemesis","floor":48,"turns":1},{"damage":0,"enemies":"Writhing Mass","floor":49,"turns":1},{"damage":0,"enemies":"WA_ARCHETYPE_DIVINITY","floor":50,"turns":1},{"damage":0,"enemies":"downfall:CharBossMerchant","floor":52,"turns":1},{"damage":0,"enemies":"downfall:NeowBoss","floor":55,"turns":3},{"damage":10,"enemies":"downfall:NeowBossFinal","floor":56,"turns":4}],"seed_played":"-8757013226008606207","potions_obtained":[{"floor":1,"key":"Toxic Potion"},{"floor":1,"key":"DistilledChaos"},{"floor":9,"key":"SkillPotion"},{"floor":10,"key":"EssenceOfSteel"},{"floor":11,"key":"ColorlessPotion"},{"floor":16,"key":"Fire Potion"},{"floor":23,"key":"sneckomod:MuddlingPotion"},{"floor":26,"key":"bronze:BurnAndBuffPotion"},{"floor":32,"key":"Swift Potion"},{"floor":33,"key":"DuplicationPotion"},{"floor":35,"key":"EssenceOfSteel"},{"floor":35,"key":"SmokeBomb"},{"floor":42,"key":"Dexterity Potion"},{"floor":42,"key":"Weak Potion"},{"floor":42,"key":"Regen Potion"},{"floor":47,"key":"FairyPotion"},{"floor":48,"key":"SkillPotion"}],"is_trial":false,"path_per_floor":["R","M","?","M","M","R","T","AVR","M","E","M","M","?","$","M","B",null,"R","M","$","?","M","E","T","?","M","?","R","$","R","E","M","B",null,"R","M","$","AVR","$","E","T","NM","M","R","$","?","M","E","M","B",null,"E","$","R","B","B",null],"character_chosen":"THE_SNECKO","items_purchased":["aspiration:ChemicalBlood","expansioncontent:StudyTheSpire","ReplayTheSpireMod:CursedCoin","Pantograph","StuffTheSpire:Barrel","sneckomod:QuickBite","Omamori","ColorlessPotion","sneckomod:QuickMove+1"],"campfire_rested":2,"item_purchase_floors":[20,20,29,29,37,37,45,53,53],"current_hp_per_floor":[90,90,90,90,90,90,90,90,87,53,53,52,52,52,45,15,90,90,84,83,83,67,31,31,31,23,23,63,63,63,62,56,66,100,100,100,100,100,100,100,100,45,45,75,75,75,83,91,91,100,100,100,100,100,100,98],"gold":26,"neow_bonus":"THREE_ENEMY_KILL","is_daily":false,"chose_seed":false,"campfire_upgraded":1,"win_rate":0.0,"timestamp":1612927796,"path_taken":["R","M","?","M","M","R","T","AVR","M","E","?","M","?","?","M","BOSS","R","M","$","?","?","E","T","?","M","?","R","?","R","E","M","BOSS","R","M","?","AVR","?","E","T","NM","M","R","?","?","M","E","M","BOSS","E","$","R","BOSS","BOSS"],"items_purchased_type":["Relic","Card","Relic","Relic","Relic","Card","Relic","Potion","Card"],"build_version":"2020-12-22","purchased_purges":1,"victory":true,"max_hp_per_floor":[90,90,90,90,90,90,90,90,90,90,90,90,90,90,90,90,90,90,90,90,90,90,90,90,90,90,90,100,100,100,100,100,100,100,100,100,100,100,100,100,100,100,100,100,100,100,100,100,100,100,100,100,100,100,100,100],"card_choices":[{"not_picked":["sneckomod:Nope","sneckomod:UnknownDraw"],"picked":"sneckomod:QuickMove","floor":2},{"not_picked":["sneckomod:SoulRoll","sneckomod:Memorize"],"picked":"sneckomod:DefensiveFlair","floor":4},{"not_picked":["sneckomod:DiceCrush","sneckomod:UnknownUncommonPower"],"picked":"sneckomod:Unknown0Cost","floor":5},{"not_picked":["sneckomod:UnknownUncommonSkill+1","sneckomod:UnknownDexterity+1"],"picked":"sneckomod:UnknownStrength+1","floor":9},{"not_picked":["sneckomod:Unknown1Cost","sneckomod:DiceCrush"],"picked":"sneckomod:WideSting","floor":9},{"not_picked":["sneckomod:UnknownX+1","sneckomod:UnknownExhaust+1"],"picked":"sneckomod:UnknownDexterity+1","floor":10},{"not_picked":["sneckomod:Rotation","sneckomod:ImprovisedGuard"],"picked":"sneckomod:QuickMove","floor":10},{"not_picked":["sneckomod:IronFang","sneckomod:UnknownCommonAttack"],"picked":"sneckomod:SoulRoll","floor":11},{"not_picked":["sneckomod:UnknownDexterity+1","sneckomod:UnknownCommonAttack+1"],"picked":"sneckomod:Unknown2Cost+1","floor":12},{"not_picked":["sneckomod:QuickMove","sneckomod:SnekBeam"],"picked":"sneckomod:UnknownUncommonSkill","floor":12},{"not_picked":["sneckomod:UnknownVulnerable+1","sneckomod:UnknownStrength+1"],"picked":"sneckomod:UnknownRareSkill+1","floor":14},{"not_picked":["sneckomod:UnknownBlock","sneckomod:DiceCrush"],"picked":"sneckomod:Memorize","floor":14},{"not_picked":["sneckomod:Unknown0Cost","sneckomod:RainOfDice"],"picked":"sneckomod:QuickBite","floor":15},{"not_picked":["sneckomod:UnknownWeak+1","sneckomod:UnknownDexterity+1"],"picked":"sneckomod:UnknownStrike+1","floor":16},{"not_picked":["sneckomod:UnlimitedRolls","sneckomod:UnknownRareSkill"],"picked":"sneckomod:Unknown3Cost","floor":16},{"not_picked":["sneckomod:UnknownDraw+1","sneckomod:UnknownColorless+1"],"picked":"sneckomod:UnknownStrike+1","floor":19},{"not_picked":["sneckomod:UnknownColorless+1","sneckomod:QuickBite"],"picked":"sneckomod:WideSting+1","floor":19},{"not_picked":["sneckomod:DiceCrush","sneckomod:QuickMove"],"picked":"sneckomod:DiceBlock+1","floor":20},{"not_picked":["sneckomod:UnknownRareSkill+1","sneckomod:Unknown0Cost+1"],"picked":"sneckomod:UnknownStrike+1","floor":22},{"not_picked":["sneckomod:UnknownCommonAttack","sneckomod:WideSting"],"picked":"sneckomod:MorePower","floor":22},{"not_picked":["sneckomod:UnknownCommonSkill+1","sneckomod:UnknownStrength+1"],"picked":"sneckomod:UnknownRareAttack+1","floor":23},{"not_picked":["sneckomod:UnknownRareAttack+1","sneckomod:Unknown3Cost+1"],"picked":"sneckomod:Unknown2Cost+1","floor":23},{"not_picked":["sneckomod:UnknownCommonAttack+1","sneckomod:UnknownBlock"],"picked":"sneckomod:SnekBeam","floor":23},{"not_picked":["sneckomod:Unknown2Cost+1","sneckomod:UnknownColorless+1"],"picked":"sneckomod:UnknownX+1","floor":26},{"not_picked":["sneckomod:UnknownVulnerable","sneckomod:Unknown1Cost"],"picked":"sneckomod:MasterEye","floor":26},{"not_picked":["sneckomod:DiceCrush","sneckomod:UnknownBlock"],"picked":"sneckomod:CheapStock+1","floor":31},{"not_picked":["sneckomod:UnknownColorless+1","sneckomod:UnknownDraw+1"],"picked":"sneckomod:Unknown3Cost+1","floor":32},{"not_picked":["sneckomod:UnknownCommonAttack+1","sneckomod:QuickBite+1"],"picked":"sneckomod:UnlimitedRolls","floor":32},{"not_picked":["sneckomod:UnknownDexterity+1","sneckomod:UnknownBlock+1"],"picked":"sneckomod:Unknown2Cost+1","floor":33},{"not_picked":["sneckomod:SoulExchange","sneckomod:DangerNoodle"],"picked":"sneckomod:UnknownBoss","floor":33},{"not_picked":["sneckomod:SoulRoll+1","sneckomod:UnknownExhaust"],"picked":"sneckomod:Unknown1Cost","floor":36},{"not_picked":["sneckomod:UnknownCommonAttack+1","sneckomod:UnknownStrength+1"],"picked":"sneckomod:UnknownRareAttack+1","floor":40},{"not_picked":["sneckomod:UnknownBlock","sneckomod:SoulDraw+1"],"picked":"sneckomod:RainOfDice+1","floor":40},{"not_picked":["sneckomod:UnknownX+1","sneckomod:UnknownCommonSkill+1"],"picked":"sneckomod:UnknownWeak+1","floor":42},{"not_picked":["sneckomod:UnknownWeak","sneckomod:SerpentIdol"],"picked":"sneckomod:UnknownBoss","floor":42},{"not_picked":["sneckomod:WideSting","sneckomod:SlitherStrike+1"],"picked":"sneckomod:DiceBoulder+1","floor":43},{"not_picked":["sneckomod:UnknownStrike+1","sneckomod:Unknown1Cost+1"],"picked":"sneckomod:UnknownRareAttack+1","floor":47},{"not_picked":["sneckomod:UnknownStrike+1","sneckomod:UnknownCommonAttack+1"],"picked":"sneckomod:UnknownUncommonSkill+1","floor":47},{"not_picked":["sneckomod:Unknown2Cost","sneckomod:UnknownX"],"picked":"sneckomod:WideSting+1","floor":48},{"not_picked":["sneckomod:SoulDraw+1","sneckomod:UnknownDraw"],"picked":"sneckomod:QuickMove+1","floor":49},{"not_picked":["sneckomod:UnknownUncommonPower+1","sneckomod:UnknownRareAttack+1"],"picked":"sneckomod:UnknownRarePower+1","floor":52},{"not_picked":["sneckomod:Unknown2Cost+1","sneckomod:SoulDraw"],"picked":"sneckomod:ImprovisedAttack+1","floor":52}],"player_experience":621653,"relics_obtained":[{"floor":7,"key":"aspiration:StickyExplosives_weak"},{"floor":10,"key":"Gremlin Food"},{"floor":23,"key":"Counterbalance"},{"floor":31,"key":"infinitespire:Satchel"},{"floor":40,"key":"infinitespire:Joker Card"},{"floor":41,"key":"sneckomod:LoadedDie"},{"floor":42,"key":"TungstenRod"},{"floor":48,"key":"Boot"},{"floor":52,"key":"infinitespire:Beetle Shell"}],"event_choices":[{"damage_healed":0,"gold_gain":0,"player_choice":"Rummage","damage_taken":0,"relics_obtained":["WarpedTongs"],"max_hp_gain":0,"max_hp_loss":0,"event_name":"Accursed Blacksmith","floor":21,"gold_loss":0,"cards_obtained":["Pain"]}],"is_beta":false,"boss_relics":[{"not_picked":["hubris:CrackedHourglass","Replay:Grab Bag"],"picked":"hubris:Backtick"},{"not_picked":["Replay:Wanted Poster","Fusion Hammer"],"picked":"hubris:BlackHole"}],"items_purged_floors":[38],"is_endless":false,"potions_floor_spawned":[9,10,11,12,15,16,23,26,32,33,42,43,47,48],"ascension_level":4}}