{"host":"43wsnxh97mgjl5zw","time":1612984240,"event":{"mods":["Aspiration","BaseMod","Colored Map","Colored Powertips","Downfall","Hubris","Minty Spire (QoL Compilation)","Quick Restart","Rare Cards Sparkle","Relic Sorter","Replay The Spire","StSLib"],"gold_per_floor":[116,116,116,136,148,175,175,175,202,202,59,59,159,178,178,178,178],"floor_reached":16,"language":"ENG","playtime":624,"items_purged":[],"score":147,"play_id":"42dc75c1-cae1-4b42-8fa6-0000281d1877","local_time":"20210210211040","is_ascension_mode":true,"campfire_choices":[{"data":"Barricade","floor":8,"key":"SMITH"},{"data":"Entrench","floor":10,"key":"SMITH"},{"data":"Feed","floor":12,"key":"SMITH"}],"circlet_count":0,"master_deck":["AscendersBane","Strike_R","Strike_R","Strike_R","Strike_R","Defend_R","Defend_R","Defend_R","Defend_R+1","Bash","Barricade+1","Entrench+1","Shrug It Off","Iron Wave","Feed+1","Thunderclap"],"relics":["Burning Blood","Tiny Chest","Blue Candle","hubris:OldNail","OrangePellets"],"acts_visited":["Exordium"],"potions_floor_usage":[6,16],"damage_taken":[{"damage":4,"enemies":"2 Louse","floor":1,"turns":3},{"damage":3,"enemies":"Jaw Worm","floor":4,"turns":5},{"damage":2,"enemies":"Cultist","floor":5,"turns":4},{"damage":47,"enemies":"3 Sentries","floor":6,"turns":9},{"damage":9,"enemies":"Exordium Wildlife","floor":14,"turns":8},{"damage":33,"enemies":"Fading Forest","floor":16,"turns":7}],"seed_played":"-9187875851529538693","potions_obtained":[{"floor":5,"key":"Explosive Potion"},{"floor":15,"key":"Elixir"},{"floor":15,"key":"FairyPotion"}],"is_trial":false,"path_per_floor":["M","?","?","M","M","E","?","R","T","R","$","R","?","M","R_BF","B"],"character_chosen":"IRONCLAD","items_purchased":["OrangePellets"],"campfire_rested":0,"item_purchase_floors":[11],"current_hp_per_floor":[74,74,74,77,80,39,34,34,34,34,34,34,34,35,35,10,10],"gold":178,"neow_bonus":"ONE_RANDOM_RARE_CARD","is_daily":false,"chose_seed":false,"campfire_upgraded":3,"win_rate":0.0,"timestamp":1612984240,"path_taken":["M","?","?","?","M","E","?","R","T","R","$","R","?","M","R_BF","BOSS"],"items_purchased_type":["Relic"],"build_version":"2020-12-22","purchased_purges":0,"victory":false,"max_hp_per_floor":[80,80,80,80,80,80,80,80,80,80,80,80,80,84,84,84,84],"card_choices":[{"not_picked":["Anger","Spot Weakness"],"picked":"Entrench","floor":1},{"not_picked":["Anger","Life Link"],"picked":"Shrug It Off","floor":4},{"not_picked":["Armaments","Anger"],"picked":"Iron Wave","floor":5},{"not_picked":["Twin Strike","Pommel Strike"],"picked":"Feed","floor":6},{"not_picked":["Shrug It Off","Cleave"],"picked":"Thunderclap","floor":14}],"player_experience":1240475,"relics_obtained":[{"floor":6,"key":"Tiny Chest"},{"floor":9,"key":"hubris:OldNail"}],"event_choices":[{"cards_removed":["Strike_R"],"damage_healed":0,"gold_gain":0,"player_choice":"Offered Basic","damage_taken":0,"max_hp_gain":0,"max_hp_loss":0,"event_name":"Bonfire Elementals","floor":3,"gold_loss":0},{"damage_healed":0,"gold_gain":100,"player_choice":"Gold","damage_taken":0,"max_hp_gain":0,"max_hp_loss":0,"event_name":"Wheel of Change","floor":13,"gold_loss":0}],"is_beta":false,"boss_relics":[],"items_purged_floors":[],"is_endless":false,"potions_floor_spawned":[5],"killed_by":"Fading Forest","ascension_level":10}}