{"host":"6ppucmbu28e4pclv","time":1612939374,"event":{"mods":["BaseMod","Colored Map","DeckTracker","Minty Spire (QoL Compilation)","StSLib"],"gold_per_floor":[116,134,150,161,86,86,122,143,211,211,211,211,226,264,264,264,264],"floor_reached":16,"language":"ENG","playtime":558,"items_purged":[],"score":196,"play_id":"5527b6f2-44e1-443e-aa59-86da1cdb590e","local_time":"20210209224254","is_ascension_mode":true,"campfire_choices":[{"data":"Perfected Strike","floor":6,"key":"SMITH"},{"data":"Intimidate","floor":11,"key":"SMITH"},{"data":"Perfected Strike","floor":15,"key":"SMITH"}],"circlet_count":0,"master_deck":["AscendersBane","Strike_R","Strike_R","Strike_R","Strike_R","Strike_R","Defend_R","Defend_R","Defend_R","Defend_R","Perfected Strike+1","Intimidate+1","Sentinel+1","Burning Pact","Perfected Strike+1","Pommel Strike","Body Slam"],"relics":["Burning Blood","NeowsBlessing","CeramicFish","Pantograph","Shovel"],"acts_visited":["Exordium"],"potions_floor_usage":[4,7,8],"damage_taken":[{"damage":0,"enemies":"Cultist","floor":1,"turns":1},{"damage":0,"enemies":"Jaw Worm","floor":2,"turns":1},{"damage":0,"enemies":"2 Louse","floor":3,"turns":1},{"damage":13,"enemies":"Red Slaver","floor":4,"turns":5},{"damage":45,"enemies":"Lagavulin","floor":7,"turns":7},{"damage":1,"enemies":"Looter","floor":8,"turns":2},{"damage":4,"enemies":"3 Louse","floor":13,"turns":3},{"damage":35,"enemies":"3 Sentries","floor":14,"turns":11},{"damage":65,"enemies":"Slime Boss","floor":16,"turns":8}],"seed_played":"-7140256119891313668","potions_obtained":[{"floor":1,"key":"SkillPotion"},{"floor":4,"key":"SteroidPotion"},{"floor":7,"key":"Fire Potion"},{"floor":8,"key":"FairyPotion"}],"is_trial":false,"path_per_floor":["M","M","M","M","?","R","E","M","T","?","R","$","M","E","R","B"],"character_chosen":"IRONCLAD","items_purchased":[],"campfire_rested":0,"item_purchase_floors":[],"current_hp_per_floor":[74,75,75,68,68,68,29,34,34,34,34,34,36,7,7,0,0],"gold":264,"neow_bonus":"THREE_ENEMY_KILL","is_daily":false,"chose_seed":false,"campfire_upgraded":3,"win_rate":0.0,"timestamp":1612939374,"path_taken":["M","M","M","M","?","R","E","M","T","?","R","?","M","E","R","BOSS"],"items_purchased_type":[],"build_version":"2020-12-22","purchased_purges":0,"victory":false,"max_hp_per_floor":[75,75,75,75,75,75,75,75,75,75,75,75,75,75,75,75,75],"card_choices":[{"not_picked":["Cleave","Wild Strike"],"picked":"Perfected Strike","floor":1},{"not_picked":["Flex","Hemokinesis"],"picked":"Intimidate","floor":2},{"not_picked":["Blood for Blood","Pummel"],"picked":"Sentinel","floor":3},{"not_picked":["Clothesline","Rage"],"picked":"Burning Pact","floor":4},{"not_picked":["Hemokinesis","Spot Weakness"],"picked":"Perfected Strike","floor":7},{"not_picked":["Havoc","Warcry"],"picked":"Pommel Strike","floor":8},{"not_picked":["Iron Wave","Clash","Flame Barrier"],"picked":"SKIP","floor":13},{"not_picked":["Searing Blow","Blood for Blood"],"picked":"Body Slam","floor":14}],"player_experience":876033,"relics_obtained":[{"floor":7,"key":"CeramicFish"},{"floor":9,"key":"Pantograph"},{"floor":14,"key":"Shovel"}],"event_choices":[{"cards_removed":["Bash"],"damage_healed":0,"gold_gain":0,"player_choice":"Card Removal","damage_taken":0,"max_hp_gain":0,"max_hp_loss":0,"event_name":"The Cleric","floor":5,"gold_loss":75},{"damage_healed":0,"gold_gain":0,"player_choice":"Grow","damage_taken":0,"max_hp_gain":0,"max_hp_loss":0,"event_name":"Living Wall","floor":10,"gold_loss":0,"cards_upgraded":["Sentinel"]}],"is_beta":false,"boss_relics":[],"items_purged_floors":[],"is_endless":false,"potions_floor_spawned":[1,4,7,8],"killed_by":"Slime Boss","ascension_level":15}}