{"host":"3zmssa4s99zhxek5","time":1612932607,"event":{"mods":["AchievementEnabler","BaseMod","Minty Spire (QoL Compilation)","Permanent Neow","Relic Stats"],"gold_per_floor":[119,119,131,142,160,190,200,200,200,200,235,235,269,281,281,358,358,368,384,396,414,414,414,445,36,36,48,48,48,48,48,48],"floor_reached":31,"language":"KOR","playtime":3257,"items_purged":["Defend_R"],"score":654,"play_id":"2d3a0b63-2750-4a11-ba57-11afcbaf2695","local_time":"20210210135007","is_ascension_mode":true,"campfire_choices":[{"data":"Whirlwind","floor":8.0,"key":"SMITH"},{"floor":10.0,"key":"REST"},{"data":"Brutality","floor":12.0,"key":"SMITH"},{"data":"Blood for Blood","floor":15,"key":"SMITH"},{"floor":23,"key":"REST"}],"circlet_count":0,"master_deck":["AscendersBane","Defend_R","Defend_R","Bash","Pommel Strike","Blood for Blood+1","Thunderclap","Power Through","Shrug It Off","Whirlwind+1","Cleave","Brutality+1","Shrug It Off","Shrug It Off","Double Tap+1","Shrug It Off","Shrug It Off","Carnage+1","Bite","Bite","Bite","Bite","Bite"],"relics":["SlaversCollar","Orichalcum","StoneCalendar","InkBottle","Philosopher\u0027s Stone","Bottled Tornado","Kunai","Tiny Chest","FossilizedHelix"],"acts_visited":["Exordium","TheCity"],"potions_floor_usage":[13,18,21,24],"damage_taken":[{"damage":1.0,"enemies":"Small Slimes","floor":1.0,"turns":7.0},{"damage":1.0,"enemies":"Cultist","floor":3.0,"turns":3.0},{"damage":10.0,"enemies":"2 Louse","floor":4.0,"turns":3.0},{"damage":0.0,"enemies":"2 Fungi Beasts","floor":5.0,"turns":4.0},{"damage":31.0,"enemies":"Gremlin Nob","floor":6.0,"turns":4.0},{"damage":2.0,"enemies":"Exordium Wildlife","floor":7.0,"turns":3.0},{"damage":4.0,"enemies":"3 Sentries","floor":11.0,"turns":3.0},{"damage":1,"enemies":"Gremlin Nob","floor":13,"turns":2},{"damage":0,"enemies":"3 Louse","floor":14,"turns":2},{"damage":18,"enemies":"Slime Boss","floor":16,"turns":6},{"damage":2,"enemies":"Chosen","floor":18,"turns":3},{"damage":26,"enemies":"2 Thieves","floor":19,"turns":4},{"damage":7,"enemies":"Centurion and Healer","floor":20,"turns":4},{"damage":16,"enemies":"Snake Plant","floor":21,"turns":4},{"damage":18,"enemies":"Book of Stabbing","floor":24,"turns":3},{"damage":10,"enemies":"Snecko","floor":27,"turns":4},{"damage":10,"enemies":"Centurion and Healer","floor":31,"turns":1}],"seed_played":"8423788989632379043","potions_obtained":[{"floor":5.0,"key":"LiquidBronze"},{"floor":6.0,"key":"FearPotion"},{"floor":7.0,"key":"Explosive Potion"},{"floor":13,"key":"CultistPotion"},{"floor":18,"key":"Fire Potion"},{"floor":21,"key":"Explosive Potion"}],"is_trial":false,"path_per_floor":["M","?","M","M","M","E","M","R","T","R","E","R","E","M","R","B",null,"M","M","M","M","?","R","E","$","T","M","?","?","T","M"],"character_chosen":"IRONCLAD","items_purchased":["Kunai","SkillPotion"],"campfire_rested":2,"item_purchase_floors":[25,25],"current_hp_per_floor":[67,67,66,56,56,25,23,23,23,45,41,41,40,40,40,22,62,60,34,27,11,11,33,15,15,15,5,5,5,5,0,0],"gold":48,"neow_bonus":"BOSS_RELIC","is_daily":false,"chose_seed":false,"campfire_upgraded":3,"win_rate":0.0,"timestamp":1612932607,"path_taken":["M","?","M","M","M","E","M","R","T","R","E","R","E","M","R","BOSS","M","M","?","M","?","R","E","$","T","?","?","?","?","M"],"items_purchased_type":["Relic","Potion"],"build_version":"2020-12-22","purchased_purges":1,"victory":false,"max_hp_per_floor":[75,75,75,75,75,75,75,75,75,75,75,75,75,75,75,75,75,75,75,75,75,75,75,75,75,75,75,75,52,52,52,52],"relic_stats":{"counters":[17,60],"StoneCalendar":[0],"Tiny Chest":1,"Kunai":[1],"Orichalcum":[66],"obtain_stats":[{"SlaversCollar":0,"StoneCalendar":9,"Philosopher\u0027s Stone":17,"Tiny Chest":26,"Kunai":25,"Orichalcum":6,"Bottled Tornado":24,"Burning Blood":0,"InkBottle":11,"FossilizedHelix":30},{"SlaversCollar":0,"StoneCalendar":6,"Philosopher\u0027s Stone":10,"Tiny Chest":15,"Kunai":15,"Orichalcum":5,"Bottled Tornado":15,"Burning Blood":0,"InkBottle":7,"FossilizedHelix":16},{"SlaversCollar":0,"StoneCalendar":24,"Philosopher\u0027s Stone":37,"Tiny Chest":55,"Kunai":55,"Orichalcum":21,"Bottled Tornado":55,"Burning Blood":0,"InkBottle":27,"FossilizedHelix":59}],"InkBottle":[11]},"card_choices":[{"not_picked":["Clash","Armaments"],"picked":"Pommel Strike","floor":1.0},{"not_picked":["Heavy Blade","Body Slam"],"picked":"Thunderclap","floor":3.0},{"not_picked":["Cleave","Twin Strike"],"picked":"Power Through","floor":4.0},{"not_picked":["Infernal Blade","Burning Pact"],"picked":"Shrug It Off","floor":5.0},{"not_picked":["Perfected Strike","Reckless Charge"],"picked":"Whirlwind","floor":6.0},{"not_picked":["Warcry","Headbutt"],"picked":"Cleave","floor":7.0},{"not_picked":["Feel No Pain","Fire Breathing"],"picked":"Brutality","floor":11.0},{"not_picked":["Entrench","Armaments"],"picked":"Shrug It Off","floor":13},{"not_picked":["Headbutt","Combust"],"picked":"Shrug It Off","floor":14},{"not_picked":["Juggernaut","Limit Break"],"picked":"Double Tap","floor":16},{"not_picked":["Iron Wave","Thunderclap"],"picked":"Shrug It Off","floor":18},{"not_picked":["Rampage","Anger","Headbutt"],"picked":"SKIP","floor":19},{"not_picked":["Armaments","Reckless Charge"],"picked":"Shrug It Off","floor":20},{"not_picked":["Thunderclap","Iron Wave"],"picked":"Carnage+1","floor":21},{"not_picked":["Warcry","Second Wind","Sever Soul"],"picked":"SKIP","floor":24},{"not_picked":["Body Slam","Headbutt","True Grit"],"picked":"SKIP","floor":27},{"not_picked":["Body Slam","Headbutt","True Grit"],"picked":"SKIP","floor":27}],"player_experience":1589915,"relics_obtained":[{"floor":6.0,"key":"Orichalcum"},{"floor":9.0,"key":"StoneCalendar"},{"floor":11.0,"key":"InkBottle"},{"floor":24,"key":"Bottled Tornado"},{"floor":26,"key":"Tiny Chest"},{"floor":30,"key":"FossilizedHelix"}],"event_choices":[{"damage_healed":0.0,"max_hp_gain":0.0,"max_hp_loss":0.0,"gold_gain":0.0,"cards_transformed":["Defend_R"],"event_name":"Transmorgrifier","player_choice":"Transformed","floor":2.0,"gold_loss":0.0,"damage_taken":0.0,"cards_obtained":["Blood for Blood"]},{"damage_healed":0,"gold_gain":0,"player_choice":"Forge","damage_taken":0,"max_hp_gain":0,"max_hp_loss":0,"event_name":"Accursed Blacksmith","floor":22,"gold_loss":0,"cards_upgraded":["Double Tap"]},{"damage_healed":0,"gold_gain":0,"player_choice":"Ignored","damage_taken":0,"max_hp_gain":0,"max_hp_loss":0,"event_name":"Cursed Tome","floor":28,"gold_loss":0},{"damage_healed":0,"gold_gain":0,"player_choice":"Became a vampire","damage_taken":0,"max_hp_gain":0,"max_hp_loss":23,"event_name":"Vampires","floor":29,"gold_loss":0,"cards_obtained":["Bite","Bite","Bite","Bite","Bite"]}],"is_beta":false,"boss_relics":[{"not_picked":["SacredBark","Astrolabe"],"picked":"Philosopher\u0027s Stone"}],"items_purged_floors":[25],"is_endless":false,"potions_floor_spawned":[5,6,7,11,13,14,18,21],"killed_by":"Centurion and Healer","ascension_level":20}}