{"host":"mo4d2vii2wc3uyp7","time":1612943256,"event":{"mods":["AchievementEnabler","BaseMod","Colored Map","Highlight Path","Keyboard Shortcuts","Minty Spire (QoL Compilation)","Permanent Neow","Quick Restart","Shop Mod","StSLib","SuperFastMode","everything is the same but u backflip on backflip"],"gold_per_floor":[110,110,127,145,165,197,197,214,214,214,242,262,262,281,281,281,281],"floor_reached":16,"language":"KOR","playtime":319,"items_purged":[],"score":205,"play_id":"e781d07c-da1d-49c4-b5ba-d6044d6fef98","local_time":"20210210164736","is_ascension_mode":true,"campfire_choices":[{"data":"Infernal Blade","floor":7.0,"key":"SMITH"},{"data":"Body Slam","floor":13.0,"key":"SMITH"},{"data":"Seeing Red","floor":15.0,"key":"SMITH"}],"circlet_count":0,"master_deck":["Strike_R","Strike_R","Strike_R","Strike_R","Strike_R","Defend_R","Defend_R","Defend_R","Defend_R","Bash","Dramatic Entrance","Headbutt","Infernal Blade+1","Twin Strike","Inflame","Seeing Red+1","Body Slam+1"],"relics":["Burning Blood","Calipers","Shuriken","Toy Ornithopter"],"acts_visited":["Exordium"],"potions_floor_usage":[],"damage_taken":[{"damage":7.0,"enemies":"Jaw Worm","floor":1.0,"turns":3.0},{"damage":0.0,"enemies":"Small Slimes","floor":3.0,"turns":2.0},{"damage":3.0,"enemies":"2 Louse","floor":4.0,"turns":2.0},{"damage":6.0,"enemies":"Looter","floor":5.0,"turns":2.0},{"damage":37.0,"enemies":"Gremlin Nob","floor":6.0,"turns":5.0},{"damage":0.0,"enemies":"2 Fungi Beasts","floor":8.0,"turns":2.0},{"damage":25.0,"enemies":"3 Sentries","floor":11.0,"turns":5.0},{"damage":1.0,"enemies":"3 Louse","floor":12.0,"turns":2.0},{"damage":0.0,"enemies":"Gremlin Gang","floor":14.0,"turns":2.0},{"damage":43.0,"enemies":"Hexaghost","floor":16.0,"turns":8.0}],"seed_played":"-9178326898370571242","potions_obtained":[{"floor":3.0,"key":"LiquidBronze"},{"floor":4.0,"key":"FairyPotion"},{"floor":8.0,"key":"HeartOfIron"},{"floor":12.0,"key":"ColorlessPotion"}],"is_trial":false,"path_per_floor":["M","?","M","M","M","E","R","M","T","?","E","M","R","M","R","B"],"character_chosen":"IRONCLAD","items_purchased":[],"campfire_rested":0,"item_purchase_floors":[],"current_hp_per_floor":[79,84,85,85,85,54,54,60,60,60,41,46,46,52,52,20,20],"gold":281,"neow_bonus":"RANDOM_COLORLESS","is_daily":false,"chose_seed":false,"campfire_upgraded":3,"win_rate":0.0,"timestamp":1612943256,"path_taken":["M","?","M","M","M","E","R","M","T","?","E","M","R","M","R","BOSS","BOSS"],"items_purchased_type":[],"build_version":"2020-12-22","purchased_purges":0,"victory":false,"max_hp_per_floor":[80,85,85,85,85,85,85,85,85,85,85,85,85,85,85,85,85],"card_choices":[{"not_picked":["Deep Breath","Bandage Up"],"picked":"Dramatic Entrance","floor":0.0},{"not_picked":["Carnage","Flex"],"picked":"Headbutt","floor":1.0},{"not_picked":["Dark Embrace","Intimidate"],"picked":"Infernal Blade","floor":3.0},{"not_picked":["Second Wind","Anger"],"picked":"Twin Strike","floor":4.0},{"not_picked":["Warcry","Perfected Strike","Sentinel"],"picked":"SKIP","floor":5.0},{"not_picked":["Exhume","Heavy Blade"],"picked":"Inflame","floor":6.0},{"not_picked":["Headbutt","Heavy Blade"],"picked":"Seeing Red","floor":8.0},{"not_picked":["Perfected Strike","Heavy Blade","Impervious"],"picked":"SKIP","floor":11.0},{"not_picked":["Evolve","Dual Wield"],"picked":"Body Slam","floor":12.0},{"not_picked":["Headbutt","Rupture","Combust"],"picked":"SKIP","floor":14.0}],"player_experience":612273,"relics_obtained":[{"floor":6.0,"key":"Calipers"},{"floor":9.0,"key":"Shuriken"},{"floor":11.0,"key":"Toy Ornithopter"}],"event_choices":[{"damage_healed":0.0,"max_hp_gain":5.0,"max_hp_loss":0.0,"gold_gain":0.0,"event_name":"Big Fish","player_choice":"Donut","floor":2.0,"gold_loss":0.0,"damage_taken":0.0},{"damage_healed":0.0,"max_hp_gain":0.0,"max_hp_loss":0.0,"gold_gain":0.0,"event_name":"Liars Game","player_choice":"Ignored","floor":10.0,"gold_loss":0.0,"damage_taken":0.0}],"is_beta":false,"boss_relics":[],"items_purged_floors":[],"is_endless":false,"potions_floor_spawned":[3,4,8,12,16],"killed_by":"Hexaghost","ascension_level":5}}