{"host":"njb27ds59h4j3ikk","time":1612997432,"event":{"mods":["AchievementEnabler","BaseMod","Better Altar","Better Match","Better Note","Better Sensory Stone","Better Skull","Better Third Choice","BetterRewards","Downfall","Hermit","Hubris","Minty Spire (QoL Compilation)","Permanent Neow","Quarter Circle Forward PUNCH!","Quick Restart","Rare Cards Sparkle","Replay The Spire","Shop Mod","StSLib","Trackpad","Transform Curses"],"gold_per_floor":[117,117,129,143,143,143,157,192,192,192,192,257,269,304,304,483,483,497,306,356,316,329,360,360,393,447,447,271,300,326,354,366,378,378],"floor_reached":33,"language":"ENG","playtime":1608,"items_purged":[],"score":697,"play_id":"850c01fc-1929-4b7e-93c4-63b54802d086","local_time":"20210210175032","is_ascension_mode":true,"campfire_choices":[{"data":"hermit:Ricochet","floor":6.0,"key":"SMITH"},{"floor":15.0,"key":"REST"},{"data":"hermit:DeadOrAlive","floor":24.0,"key":"SMITH"},{"floor":32.0,"key":"RECALL"}],"circlet_count":0,"master_deck":["hermit:Strike_Hermit+1","hermit:Strike_Hermit+1","hermit:Strike_Hermit+1","hermit:Strike_Hermit","hermit:Defend_Hermit","hermit:Defend_Hermit","hermit:Defend_Hermit","hermit:Snapshot","hermit:Covet","hermit:Ricochet+1","Apotheosis+1","hermit:Horror","hermit:SprayPray","hermit:Enervate","hermit:FromBeyond","hermit:DeadOrAlive+1","hermit:Purgatory","hermit:Deadeye","Slimebound:SplitMire","Slimebound:OozeBath","Pain","CurseOfTheBell","Shame","hermit:Maintenance","hermit:Showdown","Slimebound:Repurpose","Slimebound:AcidTongue","Slimebound:LeechEnergy","hermit:BigShot+1","hermit:BigShot+1","hermit:Showdown+1","hermit:FinalCanter"],"relics":["hermit:Momento","Thread and Needle","hubris:Icosahedron","trackpad:Mousetrap","hubris:DisguiseKit","qcfpunch:Broken_Tusk","Replay:Bottled Steam","Shuriken","Replay:Ancient Bell","Bronze Scales","Kunai","trackpad:ZombieHeart","Membership Card","Simple Rune","qcfpunch:Wrestler\u0027s_Cloak","Frozen Egg 2","hermit:RedScarf","MawBank"],"acts_visited":["Exordium","TheCity"],"potions_floor_usage":[],"damage_taken":[{"damage":5.0,"enemies":"2 Louse","floor":1.0,"turns":2.0},{"damage":5.0,"enemies":"Small Slimes","floor":3.0,"turns":4.0},{"damage":2.0,"enemies":"Cultist","floor":4.0,"turns":3.0},{"damage":2.0,"enemies":"Looter","floor":7.0,"turns":2.0},{"damage":8.0,"enemies":"Lagavulin","floor":8.0,"turns":3.0},{"damage":0.0,"enemies":"Replay:BlueRogue","floor":12.0,"turns":3.0},{"damage":0.0,"enemies":"Large Slime","floor":13.0,"turns":3.0},{"damage":9.0,"enemies":"Lagavulin","floor":14.0,"turns":4.0},{"damage":0.0,"enemies":"Slime Boss","floor":16.0,"turns":6.0},{"damage":9.0,"enemies":"Chosen","floor":18.0,"turns":3.0},{"damage":23.0,"enemies":"2 Thieves","floor":22.0,"turns":4.0},{"damage":59.0,"enemies":"Book of Stabbing","floor":23.0,"turns":5.0},{"damage":45.0,"enemies":"Slavers","floor":25.0,"turns":4.0},{"damage":30.0,"enemies":"Replay:Snechameleon","floor":29.0,"turns":5.0},{"damage":15.0,"enemies":"Snecko","floor":30.0,"turns":3.0},{"damage":62.0,"enemies":"Slavers","floor":31.0,"turns":4.0},{"damage":94,"enemies":"Collector","floor":33,"turns":7}],"seed_played":"-5185680345520734944","potions_obtained":[{"floor":3.0,"key":"SpeedPotion"},{"floor":4.0,"key":"Adrenaline Potion"},{"floor":13.0,"key":"GamblersBrew"},{"floor":14.0,"key":"PowerPotion"},{"floor":16.0,"key":"Explosive Potion"},{"floor":23.0,"key":"Block Potion"},{"floor":30.0,"key":"BlessingOfTheForge"}],"is_trial":false,"path_per_floor":["M","?","M","M","?","R","M","E","T","?","?","E","M","E","R","B",null,"M","$","?","?","M","E","R","E","T","?","$","E","M","E","R","B"],"character_chosen":"HERMIT","items_purchased":["Membership Card","hermit:Showdown","Frozen Egg 2","hermit:BigShot+1","Block Potion"],"campfire_rested":1,"item_purchase_floors":[19,19,28,28,28],"current_hp_per_floor":[63,63,58,56,56,56,54,46,46,46,46,46,46,37,59,59,71,63,63,63,63,42,20,20,37,37,37,37,8,69,10,10,0,0],"gold":378,"neow_bonus":"","is_daily":false,"chose_seed":false,"campfire_upgraded":2,"win_rate":0.0,"timestamp":1612997432,"path_taken":["M","?","M","M","?","R","M","E","T","?","?","E","M","E","R","BOSS","M","$","?","?","M","E","R","E","T","?","$","E","M","E","R","BOSS"],"items_purchased_type":["Relic","Card","Relic","Card","Potion"],"build_version":"2020-12-22","purchased_purges":0,"victory":false,"max_hp_per_floor":[75,75,75,75,75,75,75,75,75,75,75,75,75,75,75,75,75,76,76,76,76,78,79,79,82,82,82,82,83,84,87,87,87,87],"card_choices":[{"not_picked":["hermit:Malice","hermit:Vantage"],"picked":"hermit:Ricochet","floor":1.0},{"not_picked":["hermit:ItchyTrigger","hermit:Glare"],"picked":"hermit:Horror","floor":3.0},{"not_picked":["hermit:Dive","hermit:Deadeye"],"picked":"hermit:SprayPray","floor":4.0},{"not_picked":["hermit:TakeCover","hermit:Dive"],"picked":"hermit:Enervate","floor":7.0},{"not_picked":["hermit:Coalescence","hermit:WideOpen"],"picked":"hermit:FromBeyond","floor":8.0},{"not_picked":["hermit:Feint","hermit:Desperado","Slimebound:ItLooksTasty"],"picked":"hermit:Purgatory","floor":12.0},{"not_picked":["hermit:TakeCover","hermit:Roulette","Slimebound:ItLooksTasty"],"picked":"hermit:Deadeye","floor":13.0},{"not_picked":["hermit:Roulette","hermit:HoleUp","hermit:LuckOfTheDraw"],"picked":"Slimebound:SplitMire","floor":14.0},{"not_picked":["hermit:Reprieve","hermit:Purgatory","hermit:Gambit"],"picked":"Slimebound:OozeBath","floor":16.0},{"not_picked":["Doubt","ReplayTheSpireMod:Faulty Equipment","ReplayTheSpireMod:Doomed"],"picked":"Pain","floor":17.0},{"not_picked":["Hallucinations","downfall:Malfunctioning","hubris:Envy"],"picked":"CurseOfTheBell","floor":17.0},{"not_picked":["downfall:Malfunctioning","hubris:Envy","downfall:Haunted"],"picked":"Shame","floor":17.0},{"not_picked":["hermit:WideOpen","hermit:Misfire","Slimebound:ForwardTackle"],"picked":"hermit:Maintenance","floor":18.0},{"not_picked":["hermit:Snipe","hermit:Virtue+1","hermit:TakeCover+1"],"picked":"Slimebound:Repurpose","floor":22.0},{"not_picked":["hermit:NoHoldsBarred+1","hermit:Ricochet+1","hermit:TrackingShot"],"picked":"Slimebound:AcidTongue","floor":23.0},{"not_picked":["hermit:Horror","hermit:OverwhelmingPower","hermit:Spite"],"picked":"Slimebound:LeechEnergy","floor":25.0},{"not_picked":["hermit:TrackingShot+1","hermit:Deadeye","Slimebound:SpikyOuterGoop"],"picked":"hermit:Showdown+1","floor":29.0},{"not_picked":["hermit:Headshot","hermit:Manifest","hermit:WideOpen","Slimebound:DivideAndConquer"],"picked":"SKIP","floor":30.0},{"not_picked":["hermit:GoldenBullet","hermit:CursedWeapon","Slimebound:FlameTackle"],"picked":"hermit:FinalCanter","floor":31.0}],"player_experience":1352053,"relics_obtained":[{"floor":8.0,"key":"trackpad:Mousetrap"},{"floor":9.0,"key":"hubris:DisguiseKit"},{"floor":12.0,"key":"Replay:Bottled Steam"},{"floor":14.0,"key":"Shuriken"},{"floor":23.0,"key":"Simple Rune"},{"floor":25.0,"key":"qcfpunch:Wrestler\u0027s_Cloak"},{"floor":29.0,"key":"hermit:RedScarf"},{"floor":31.0,"key":"MawBank"}],"event_choices":[{"damage_healed":63.0,"max_hp_gain":0.0,"max_hp_loss":75.0,"gold_gain":0.0,"event_name":"betterThird:BetterShining","player_choice":"Embrace","floor":2.0,"gold_loss":0.0,"damage_taken":0.0},{"damage_healed":0.0,"max_hp_gain":0.0,"max_hp_loss":0.0,"gold_gain":0.0,"event_name":"Big Fish","player_choice":"Box","floor":10.0,"gold_loss":0.0,"damage_taken":0.0,"relics_obtained":["qcfpunch:Broken_Tusk"],"cards_obtained":["Regret"]},{"damage_healed":0.0,"max_hp_gain":0.0,"max_hp_loss":0.0,"gold_gain":0.0,"cards_transformed":["Regret"],"event_name":"Transmorgrifier","player_choice":"Transformed","floor":11.0,"gold_loss":0.0,"damage_taken":0.0,"cards_obtained":["hermit:DeadOrAlive"]},{"damage_healed":0.0,"max_hp_gain":0.0,"max_hp_loss":0.0,"gold_gain":100.0,"event_name":"The Joust","player_choice":"Bet on Murderer","floor":20.0,"gold_loss":50.0,"damage_taken":0.0},{"damage_healed":0.0,"max_hp_gain":0.0,"max_hp_loss":0.0,"gold_gain":0.0,"event_name":"Designer","player_choice":"Upgraded Two","floor":21.0,"gold_loss":40.0,"damage_taken":0.0,"cards_upgraded":["hermit:Strike_Hermit","hermit:Strike_Hermit"]},{"cards_removed":["hermit:Defend_Hermit"],"damage_healed":0.0,"max_hp_gain":0.0,"max_hp_loss":0.0,"gold_gain":0.0,"event_name":"Purifier","player_choice":"Purged","floor":27.0,"gold_loss":0.0,"damage_taken":0.0}],"is_beta":false,"boss_relics":[{"not_picked":["qcfpunch:Killian_Engine_Alpha","Sozu"],"picked":"Replay:Ancient Bell"},{"not_picked":["ReplayFunnel","Lantern"],"picked":"Bronze Scales"},{"not_picked":["HornCleat","Mummified Hand"],"picked":"Kunai"},{"not_picked":["Shovel","Unceasing Top"],"picked":"trackpad:ZombieHeart"}],"items_purged_floors":[],"is_endless":false,"potions_floor_spawned":[3,4,13,14,16,18,23,30],"killed_by":"Collector","ascension_level":7}}