{"host":"f5gffvlv6a66yqkd","time":1612952366,"event":{"mods":["2.2 Compatiblity","BaseMod","Colored Map","Custom Start","DeckTracker","Keyboard Shortcuts","Minty Spire (QoL Compilation)","Permanent Neow","Quick Restart","Relic Stats","StSLib","SuperFastMode"],"gold_per_floor":[119,135,153,153,153,153,186,186,210,224,224,242,242,267,267,358,358,377,377,377,377,195,195,211,211,292,317,317,317],"floor_reached":28,"language":"KOR","playtime":481,"items_purged":["Strike_P"],"score":416,"play_id":"d6828de2-7a3e-4801-be8c-4722e967eb41","local_time":"20210210191926","is_ascension_mode":true,"campfire_choices":[{"data":"Eruption","floor":6.0,"key":"SMITH"},{"floor":8.0,"key":"REST"},{"data":"Prostrate","floor":11.0,"key":"SMITH"},{"data":"PathToVictory","floor":13.0,"key":"SMITH"},{"floor":15.0,"key":"REST"},{"floor":23,"key":"REST"},{"floor":25,"key":"REST"}],"circlet_count":0,"master_deck":["AscendersBane","Strike_P","Strike_P","Strike_P","Defend_P","Defend_P","Defend_P","Eruption+1","Vigilance","Alpha","Prostrate+1","Evaluate","PathToVictory+1","InnerPeace","Study","Scrawl","Adaptation","Halt"],"relics":["PureWater","Golden Idol","Odd Mushroom","Oddly Smooth Stone","Sozu","Ornamental Fan"],"acts_visited":["Exordium","TheCity"],"potions_floor_usage":[24],"damage_taken":[{"damage":0.0,"enemies":"Cultist","floor":1.0,"turns":3.0},{"damage":16.0,"enemies":"2 Louse","floor":2.0,"turns":3.0},{"damage":15.0,"enemies":"Jaw Worm","floor":3.0,"turns":4.0},{"damage":14.0,"enemies":"The Mushroom Lair","floor":7.0,"turns":5.0},{"damage":9.0,"enemies":"Large Slime","floor":10.0,"turns":4.0},{"damage":15.0,"enemies":"Exordium Wildlife","floor":12.0,"turns":4.0},{"damage":8.0,"enemies":"Blue Slaver","floor":14.0,"turns":4.0},{"damage":12.0,"enemies":"The Guardian","floor":16.0,"turns":8.0},{"damage":39.0,"enemies":"Shell Parasite","floor":18.0,"turns":4.0},{"damage":23,"enemies":"3 Byrds","floor":24,"turns":3},{"damage":26,"enemies":"Centurion and Healer","floor":27,"turns":4},{"damage":0,"enemies":"Slavers","floor":28,"turns":1}],"seed_played":"7102227446140733959","potions_obtained":[{"floor":3.0,"key":"AttackPotion"},{"floor":10.0,"key":"DistilledChaos"},{"floor":14.0,"key":"LiquidBronze"},{"floor":16.0,"key":"FearPotion"}],"is_trial":false,"path_per_floor":["M","M","M","?","?","R","?","R","T","M","R","M","R","M","R","B",null,"M","?","?","?","$","R","M","R","T","M","E"],"character_chosen":"WATCHER","items_purchased":["Adaptation","Halt"],"campfire_rested":4,"item_purchase_floors":[22,22],"current_hp_per_floor":[61,45,30,30,30,30,16,36,36,27,27,12,12,4,24,12,54,15,15,15,15,15,35,12,32,32,6,6,6],"gold":317,"neow_bonus":"TRANSFORM_CARD","is_daily":false,"chose_seed":false,"campfire_upgraded":3,"win_rate":0.0,"timestamp":1612952366,"path_taken":["M","M","?","?","?","R","?","R","T","M","R","?","R","M","R","BOSS","M","?","?","?","$","R","?","R","T","M","E"],"items_purchased_type":["Card","Card"],"build_version":"2020-12-22","purchased_purges":1,"victory":false,"max_hp_per_floor":[68,68,68,68,68,68,68,68,68,68,68,68,68,68,68,68,68,68,68,68,68,68,68,68,68,68,68,68,68],"relic_stats":{"Sozu":3,"counters":[12,47],"Golden Idol":49,"Ornamental Fan":[0],"obtain_stats":[{"Sozu":17,"Golden Idol":4,"Ornamental Fan":26,"Oddly Smooth Stone":9,"PureWater":0,"Odd Mushroom":7},{"Sozu":8,"Golden Idol":3,"Ornamental Fan":10,"Oddly Smooth Stone":4,"PureWater":0,"Odd Mushroom":4},{"Sozu":35,"Golden Idol":10,"Ornamental Fan":42,"Oddly Smooth Stone":15,"PureWater":0,"Odd Mushroom":15}]},"card_choices":[{"not_picked":["Halt","Crescendo","Sanctity"],"picked":"SKIP","floor":1.0},{"not_picked":["BattleHymn","FlyingSleeves"],"picked":"Prostrate","floor":2.0},{"not_picked":["BowlingBash","FollowUp"],"picked":"Evaluate","floor":3.0},{"not_picked":["ForeignInfluence","SashWhip"],"picked":"PathToVictory","floor":10.0},{"not_picked":["Prostrate","Halt"],"picked":"InnerPeace","floor":12.0},{"not_picked":["ForeignInfluence","EmptyFist"],"picked":"Study","floor":14.0},{"not_picked":["SpiritShield","Brilliance"],"picked":"Scrawl","floor":16.0},{"not_picked":["EmptyMind","Protect","EmptyFist+1"],"picked":"SKIP","floor":18.0},{"not_picked":["Evaluate","FlurryOfBlows","BattleHymn+1"],"picked":"SKIP","floor":24},{"not_picked":["WreathOfFlame","CrushJoints","FlurryOfBlows"],"picked":"SKIP","floor":27}],"player_experience":1452475,"relics_obtained":[{"floor":7.0,"key":"Odd Mushroom"},{"floor":9.0,"key":"Oddly Smooth Stone"},{"floor":26,"key":"Ornamental Fan"}],"event_choices":[{"damage_healed":0.0,"max_hp_gain":0.0,"max_hp_loss":0.0,"gold_gain":0.0,"event_name":"Golden Idol","player_choice":"Take Wound","floor":4.0,"gold_loss":0.0,"damage_taken":0.0,"relics_obtained":["Golden Idol"],"cards_obtained":["Injury"]},{"cards_removed":["Injury"],"damage_healed":0.0,"max_hp_gain":0.0,"max_hp_loss":0.0,"gold_gain":0.0,"event_name":"Living Wall","player_choice":"Forget","floor":5.0,"gold_loss":0.0,"damage_taken":0.0},{"damage_healed":0.0,"max_hp_gain":0.0,"max_hp_loss":0.0,"gold_gain":0.0,"event_name":"Mushrooms","player_choice":"Fought Mushrooms","floor":7.0,"gold_loss":0.0,"damage_taken":0.0},{"damage_healed":0.0,"max_hp_gain":0.0,"max_hp_loss":0.0,"gold_gain":0.0,"event_name":"Cursed Tome","player_choice":"Ignored","floor":19.0,"gold_loss":0.0,"damage_taken":0.0},{"damage_healed":0.0,"max_hp_gain":0.0,"max_hp_loss":0.0,"gold_gain":0.0,"event_name":"Vampires","player_choice":"Ignored","floor":20.0,"gold_loss":0.0,"damage_taken":0.0},{"damage_healed":0,"gold_gain":0,"player_choice":"Got Potions","damage_taken":0,"max_hp_gain":0,"max_hp_loss":0,"event_name":"Lab","floor":21,"gold_loss":0}],"is_beta":false,"boss_relics":[{"not_picked":["Philosopher\u0027s Stone","Coffee Dripper"],"picked":"Sozu"}],"items_purged_floors":[22],"is_endless":false,"potions_floor_spawned":[3,10,14,16,27],"killed_by":"Slavers","ascension_level":20}}