{"host":"hlz9nytggqnehs39","time":1612942843,"event":{"mods":["BaseMod","Highlight Path","Minty Spire (QoL Compilation)","Relic Stats"],"gold_per_floor":[109,125,139,139,139,168,168,203,203,217,392,427,427,117,117,214,214,226,226,240,251,251,251,28,28,53,53,63,94,94,109,109,209,209,225,78,1077,622,582,608,623,657,680,50,65,85,85,130,130,130],"floor_reached":51,"language":"ENG","playtime":3145,"items_purged":["Doubt","Normality","Normality"],"score":1340,"play_id":"f0ac5618-e6ce-4977-9d9b-7a446a0dd976","local_time":"20210210084043","is_ascension_mode":true,"campfire_choices":[{"data":"Static Discharge","floor":7.0,"key":"SMITH"},{"data":"Self Repair","floor":13.0,"key":"SMITH"},{"data":"Defragment","floor":15.0,"key":"SMITH"},{"data":"Seek","floor":23.0,"key":"SMITH"},{"data":"Echo Form","floor":25.0,"key":"SMITH"},{"data":"Dualcast","floor":27.0,"key":"SMITH"},{"data":"Aggregate","floor":32.0,"key":"SMITH"},{"data":"Biased Cognition","floor":47,"key":"SMITH"},{"data":"Biased Cognition","floor":49,"key":"SMITH"}],"circlet_count":0,"master_deck":["AscendersBane","Strike_B","Strike_B","Defend_B","Defend_B","Defend_B+1","Defend_B+1","Zap","Dualcast+1","Conserve Battery+1","Sunder+1","Static Discharge+1","Undo+1","Self Repair+1","Core Surge","Defragment+1","Seek+1","Defragment+1","Stack+1","Echo Form+1","Darkness","Buffer","Aggregate+1","Biased Cognition+1","Go for the Eyes+1","Biased Cognition+1","Coolheaded","Skim+1","Defragment","Meteor Strike","Coolheaded","Skim+1"],"relics":["FrozenCore","Lantern","Mango","Mercury Hourglass","PreservedInsect","Pantograph","OrangePellets","War Paint","Shovel","Runic Dome","DollysMirror","Anchor","Regal Pillow","Ice Cream","MealTicket","Toy Ornithopter","Runic Capacitor","DataDisk","Ginger"],"acts_visited":["Exordium","TheCity","TheBeyond"],"potions_floor_usage":[40,50,50],"damage_taken":[{"damage":11.0,"enemies":"Jaw Worm","floor":1.0,"turns":4.0},{"damage":3.0,"enemies":"Small Slimes","floor":2.0,"turns":2.0},{"damage":0.0,"enemies":"2 Louse","floor":3.0,"turns":1.0},{"damage":12.0,"enemies":"3 Sentries","floor":6.0,"turns":5.0},{"damage":7.0,"enemies":"Lagavulin","floor":8.0,"turns":4.0},{"damage":1.0,"enemies":"Looter","floor":10.0,"turns":2.0},{"damage":5.0,"enemies":"3 Sentries","floor":12.0,"turns":5.0},{"damage":22.0,"enemies":"Hexaghost","floor":16.0,"turns":7.0},{"damage":2.0,"enemies":"Shell Parasite","floor":18.0,"turns":7.0},{"damage":25.0,"enemies":"3 Byrds","floor":20.0,"turns":4.0},{"damage":0.0,"enemies":"Sentry and Sphere","floor":21.0,"turns":6.0},{"damage":1.0,"enemies":"Snake Plant","floor":28.0,"turns":8.0},{"damage":21.0,"enemies":"Book of Stabbing","floor":29.0,"turns":7.0},{"damage":7.0,"enemies":"Centurion and Healer","floor":31.0,"turns":7.0},{"damage":0.0,"enemies":"Collector","floor":33.0,"turns":15.0},{"damage":6.0,"enemies":"Orb Walker","floor":35.0,"turns":4.0},{"damage":16,"enemies":"Reptomancer","floor":40,"turns":11},{"damage":0,"enemies":"3 Darklings","floor":41,"turns":7},{"damage":5,"enemies":"Nemesis","floor":42,"turns":7},{"damage":0,"enemies":"Jaw Worm Horde","floor":45,"turns":8},{"damage":0,"enemies":"Spire Growth","floor":46,"turns":7},{"damage":0,"enemies":"2 Orb Walkers","floor":48,"turns":5},{"damage":0,"enemies":"Awakened One","floor":50,"turns":15}],"seed_played":"-4012345437720079454","potions_obtained":[{"floor":1.0,"key":"ColorlessPotion"},{"floor":3.0,"key":"LiquidMemories"},{"floor":6.0,"key":"FocusPotion"},{"floor":16.0,"key":"Explosive Potion"},{"floor":21.0,"key":"Ancient Potion"},{"floor":31.0,"key":"LiquidMemories"},{"floor":33.0,"key":"Explosive Potion"},{"floor":35.0,"key":"GamblersBrew"},{"floor":39.0,"key":"PotionOfCapacity"},{"floor":46,"key":"LiquidMemories"}],"is_trial":false,"path_per_floor":["M","M","M","?","?","E","R","E","T","M","?","E","R","$","R","B",null,"M","?","M","M","?","R","$","R","T","R","M","E","?","M","R","B",null,"M","$","?","$","?","E","M","E","T","$","M","M","R","?","R","B",null],"character_chosen":"DEFECT","items_purchased":["Core Surge","Defragment","Weak Potion","OrangePellets","Echo Form","DollysMirror","Anchor","Block Potion","Regal Pillow","Runic Capacitor","DataDisk","Defragment","Meteor Strike"],"campfire_rested":0,"item_purchase_floors":[14,14,14,24,24,36,38,38,38,44,44,44,44],"current_hp_per_floor":[64,61,61,45,45,33,33,40,40,39,39,41,41,41,41,29,79,87,87,72,82,82,82,82,82,82,82,91,90,90,93,93,96,96,90,90,90,90,90,94,96,96,96,96,96,96,96,96,96,96],"gold":130,"neow_bonus":"TEN_PERCENT_HP_BONUS","is_daily":false,"chose_seed":false,"campfire_upgraded":9,"win_rate":0.0,"timestamp":1612942843,"path_taken":["M","M","M","?","?","E","R","E","T","M","?","E","R","$","R","BOSS","M","?","M","M","?","R","$","R","T","R","M","E","?","M","R","BOSS","M","$","?","$","?","E","M","E","T","$","?","M","R","?","R","BOSS"],"items_purchased_type":["Card","Card","Potion","Relic","Card","Relic","Relic","Potion","Relic","Relic","Relic","Card","Card"],"build_version":"2020-12-22","purchased_purges":3,"victory":true,"max_hp_per_floor":[82,82,82,82,82,82,82,96,96,96,96,96,96,96,96,96,96,96,96,96,96,96,96,96,96,96,96,96,96,96,96,96,96,96,96,96,96,96,96,96,96,96,96,96,96,96,96,96,96,96],"relic_stats":{"Regal Pillow":0,"counters":[23,147],"PreservedInsect":153,"Ginger":[0],"War Paint":["Undo","Defend_B"],"FrozenCore":[58],"Mercury Hourglass":[517],"OrangePellets":[11],"Shovel":0,"Pantograph":3,"MealTicket":0,"obtain_stats":[{"Ice Cream":40,"Lantern":6,"Regal Pillow":38,"Mango":8,"PreservedInsect":12,"Runic Capacitor":44,"Ginger":48,"War Paint":26,"Mercury Hourglass":9,"FrozenCore":17,"OrangePellets":24,"Runic Dome":34,"Anchor":38,"DataDisk":44,"Shovel":29,"DollysMirror":36,"Pantograph":19,"MealTicket":42,"Cracked Core":0,"Toy Ornithopter":43},{"Ice Cream":17,"Lantern":4,"Regal Pillow":16,"Mango":5,"PreservedInsect":7,"Runic Capacitor":19,"Ginger":22,"War Paint":11,"Mercury Hourglass":5,"FrozenCore":8,"OrangePellets":11,"Runic Dome":15,"Anchor":16,"DataDisk":19,"Shovel":13,"DollysMirror":16,"Pantograph":9,"MealTicket":19,"Cracked Core":0,"Toy Ornithopter":19},{"Ice Cream":98,"Lantern":12,"Regal Pillow":88,"Mango":16,"PreservedInsect":23,"Runic Capacitor":112,"Ginger":132,"War Paint":47,"Mercury Hourglass":16,"FrozenCore":30,"OrangePellets":47,"Runic Dome":84,"Anchor":88,"DataDisk":112,"Shovel":62,"DollysMirror":88,"Pantograph":37,"MealTicket":112,"Cracked Core":0,"Toy Ornithopter":112}],"Toy Ornithopter":0},"card_choices":[{"not_picked":["Doom and Gloom","Cold Snap"],"picked":"Conserve Battery","floor":1.0},{"not_picked":["Barrage","Redo"],"picked":"Sunder","floor":2.0},{"not_picked":["Steam","Gash","Melter"],"picked":"SKIP","floor":3.0},{"not_picked":["Reinforced Body","Streamline"],"picked":"Static Discharge","floor":6.0},{"not_picked":["Conserve Battery","Compile Driver"],"picked":"Undo","floor":8.0},{"not_picked":["Sunder","Aggregate"],"picked":"Self Repair","floor":10.0},{"not_picked":["Scrape","Beam Cell","Double Energy"],"picked":"SKIP","floor":12.0},{"not_picked":["Multi-Cast","Reboot"],"picked":"Seek","floor":16.0},{"not_picked":["Stack","Beam Cell"],"picked":"Defragment+1","floor":18.0},{"not_picked":["Streamline","Barrage","Chaos"],"picked":"SKIP","floor":20.0},{"not_picked":["Aggregate+1","Gash"],"picked":"Stack+1","floor":21.0},{"not_picked":["Reprogram","Barrage+1","Reinforced Body"],"picked":"SKIP","floor":28.0},{"not_picked":["Compile Driver","Static Discharge+1","Thunder Strike"],"picked":"SKIP","floor":29.0},{"not_picked":["Leap","Stack+1"],"picked":"Aggregate","floor":31.0},{"not_picked":["Fission","Amplify"],"picked":"Biased Cognition","floor":33.0},{"not_picked":["Compile Driver+1","Steam Power"],"picked":"Go for the Eyes+1","floor":35.0},{"not_picked":["Sweeping Beam","Doom and Gloom+1"],"picked":"Coolheaded","floor":40},{"not_picked":["Rebound","Leap+1","Gash"],"picked":"SKIP","floor":41},{"not_picked":["Hologram","Turbo"],"picked":"Skim+1","floor":42},{"not_picked":["Streamline+1","Thunder Strike"],"picked":"Coolheaded","floor":45},{"not_picked":["Conserve Battery+1","Sweeping Beam+1"],"picked":"Skim+1","floor":46}],"player_experience":425101,"relics_obtained":[{"floor":6.0,"key":"Lantern"},{"floor":8.0,"key":"Mango"},{"floor":9.0,"key":"Mercury Hourglass"},{"floor":12.0,"key":"PreservedInsect"},{"floor":26.0,"key":"War Paint"},{"floor":29.0,"key":"Shovel"},{"floor":40,"key":"Ice Cream"},{"floor":42,"key":"MealTicket"},{"floor":43,"key":"Toy Ornithopter"},{"floor":48,"key":"Ginger"}],"event_choices":[{"damage_healed":0.0,"max_hp_gain":0.0,"max_hp_loss":0.0,"gold_gain":0.0,"event_name":"Shining Light","player_choice":"Entered Light","floor":4.0,"gold_loss":0.0,"damage_taken":16.0,"cards_upgraded":["Defend_B","Conserve Battery"]},{"damage_healed":0.0,"max_hp_gain":0.0,"max_hp_loss":0.0,"gold_gain":0.0,"event_name":"Living Wall","player_choice":"Grow","floor":5.0,"gold_loss":0.0,"damage_taken":0.0,"cards_upgraded":["Sunder"]},{"damage_healed":0.0,"max_hp_gain":0.0,"max_hp_loss":0.0,"gold_gain":175.0,"event_name":"Liars Game","player_choice":"AGREE","floor":11.0,"gold_loss":0.0,"damage_taken":0.0,"cards_obtained":["Doubt"]},{"damage_healed":0.0,"max_hp_gain":0.0,"max_hp_loss":0.0,"gold_gain":0.0,"event_name":"The Mausoleum","player_choice":"Opened","floor":19.0,"gold_loss":0.0,"damage_taken":0.0,"relics_obtained":["Pantograph"]},{"damage_healed":0.0,"max_hp_gain":0.0,"max_hp_loss":0.0,"gold_gain":0.0,"event_name":"Beggar","player_choice":"Ignored","floor":22.0,"gold_loss":0.0,"damage_taken":0.0},{"damage_healed":0.0,"max_hp_gain":0.0,"max_hp_loss":0.0,"gold_gain":0.0,"cards_transformed":["Strike_B","Strike_B"],"event_name":"Drug Dealer","player_choice":"Became Test Subject","floor":30.0,"gold_loss":0.0,"damage_taken":0.0,"cards_obtained":["Darkness","Buffer"]},{"damage_healed":0.0,"max_hp_gain":0.0,"max_hp_loss":0.0,"gold_gain":999.0,"event_name":"MindBloom","player_choice":"Gold","floor":37.0,"gold_loss":0.0,"damage_taken":0.0,"cards_obtained":["Normality","Normality"]},{"damage_healed":0.0,"max_hp_gain":0.0,"max_hp_loss":0.0,"gold_gain":0.0,"event_name":"The Woman in Blue","player_choice":"Bought 3 Potions","floor":39.0,"gold_loss":0.0,"damage_taken":0.0},{"damage_healed":0,"gold_gain":0,"player_choice":"Fight","damage_taken":0,"max_hp_gain":0,"max_hp_loss":0,"event_name":"Mysterious Sphere","floor":48,"gold_loss":0}],"is_beta":false,"boss_relics":[{"not_picked":["Pandora\u0027s Box","Velvet Choker"],"picked":"FrozenCore"},{"not_picked":["Runic Pyramid","Empty Cage"],"picked":"Runic Dome"}],"items_purged_floors":[14,38,44],"is_endless":false,"potions_floor_spawned":[1,3,6,16,18,21,28,31,33,35,46,48],"ascension_level":11}}