{"host":"9e8t9l667fx7pth6","time":1612970134,"event":{"mods":["2.2 Compatiblity","AchievementEnabler","Aspiration","BaseMod","BetterRewards","Custom Start","Dark Map","Halation","Hubris","Minty Spire (QoL Compilation)","Remove Card Discount Mod","StSLib","The Blue Laboratory"],"gold_per_floor":[112,112,112,23,37,37,67,25,25,25,25,38,49,75,75,154,154,166,15,26,44,44,44,44,44],"floor_reached":24,"language":"ENG","playtime":1046,"items_purged":["Strike_G","Defend_G","Regret","Strike_G","Strike_G","Defend_G","Defend_G","Strike_G","Strike_G","Survivor"],"score":562,"play_id":"a85124ea-2d73-4058-b7ae-e6edfe35fa0d","local_time":"20210210101534","is_ascension_mode":true,"campfire_choices":[{"data":"All Out Attack","floor":6,"key":"SMITH"},{"floor":15,"key":"REST"},{"floor":23,"key":"REST"}],"circlet_count":0,"master_deck":["AscendersBane","Defend_G+1","Neutralize","Cloak And Dagger","Noxious Fumes","Poisoned Stab","Dagger Throw+1","Outmaneuver","Envenom","Slice","Slice","Infinite Blades","Backflip","Glass Knife","Slice","Corpse Explosion","Dodge and Roll","Quick Slash","hubris:Greed"],"relics":["Ring of the Snake","Gremlin Horn","hubris:Towel","Ornamental Fan","Anchor","Du-Vu Doll","halation:HeavySnake"],"acts_visited":["Exordium","TheCity"],"potions_floor_usage":[7,14,18,21,24],"damage_taken":[{"damage":3,"enemies":"Small Slimes","floor":1,"turns":3},{"damage":2,"enemies":"2 Louse","floor":5,"turns":3},{"damage":7,"enemies":"3 Sentries","floor":7,"turns":7},{"damage":0,"enemies":"Cultist","floor":12,"turns":3},{"damage":0,"enemies":"Looter","floor":13,"turns":3},{"damage":2,"enemies":"Gremlin Nob","floor":14,"turns":3},{"damage":18,"enemies":"The Guardian","floor":16,"turns":8},{"damage":15,"enemies":"2 Thieves","floor":18,"turns":4},{"damage":2,"enemies":"3 Byrds","floor":20,"turns":4},{"damage":33,"enemies":"Snake Plant","floor":21,"turns":6},{"damage":26,"enemies":"Book of Stabbing","floor":24,"turns":4}],"seed_played":"-4244386932653122153","potions_obtained":[{"floor":12,"key":"CunningPotion"},{"floor":13,"key":"SkillPotion"},{"floor":21,"key":"EntropicBrew"}],"is_trial":false,"path_per_floor":["M","?","?","$","M","R","E","$","T","?","?","M","M","E","R","B",null,"M","$","M","M","?","R","E"],"character_chosen":"THE_SILENT","items_purchased":["Gremlin Horn","Cloak And Dagger","Noxious Fumes","All Out Attack","Dagger Throw","AttackPotion","Slice","Corpse Explosion"],"campfire_rested":2,"item_purchase_floors":[0,0,0,0,4,4,8,19],"current_hp_per_floor":[56,56,56,56,54,54,47,47,47,27,27,27,27,25,44,26,56,41,41,39,6,6,25,0,0],"gold":44,"neow_bonus":"","is_daily":false,"chose_seed":false,"campfire_upgraded":1,"win_rate":0.0,"timestamp":1612970134,"path_taken":["M","?","?","$","M","R","E","$","T","?","?","M","M","E","R","BOSS","M","$","?","M","?","R","E"],"items_purchased_type":["Relic","Card","Card","Card","Card","Potion","Card","Card"],"build_version":"2020-12-22","purchased_purges":10,"victory":false,"max_hp_per_floor":[66,66,66,66,66,66,66,66,66,66,66,66,66,66,66,66,66,66,66,66,66,66,66,66,66],"card_choices":[{"not_picked":["Acrobatics","Dagger Throw"],"picked":"Poisoned Stab","floor":1},{"not_picked":["Bane","hubris:Sniper"],"picked":"Outmaneuver","floor":5},{"not_picked":["Escape Plan","Heel Hook"],"picked":"Envenom","floor":7},{"not_picked":["Setup","Footwork"],"picked":"Slice","floor":12},{"not_picked":["Acrobatics","Deflect"],"picked":"Infinite Blades","floor":13},{"not_picked":["Outmaneuver","Corpse Explosion"],"picked":"Backflip","floor":14},{"not_picked":["Envenom","Storm of Steel"],"picked":"Glass Knife","floor":16},{"not_picked":["Flying Knee","Flechettes"],"picked":"Slice","floor":18},{"not_picked":["Distraction","Outmaneuver"],"picked":"Dodge and Roll","floor":20},{"not_picked":["Dodge and Roll","Concentrate"],"picked":"Quick Slash","floor":21}],"player_experience":1022353,"relics_obtained":[{"floor":7,"key":"Anchor"},{"floor":14,"key":"Du-Vu Doll"}],"event_choices":[{"damage_healed":0,"gold_gain":0,"player_choice":"Box","damage_taken":0,"relics_obtained":["Ornamental Fan"],"max_hp_gain":0,"max_hp_loss":0,"event_name":"Big Fish","floor":3,"gold_loss":0,"cards_obtained":["Regret"]},{"damage_healed":0,"gold_gain":0,"player_choice":"Entered Light","damage_taken":20,"max_hp_gain":0,"max_hp_loss":0,"event_name":"Shining Light","floor":10,"gold_loss":0,"cards_upgraded":["Dagger Throw","Defend_G"]},{"cards_removed":["Defend_G"],"damage_healed":0,"gold_gain":0,"player_choice":"Purged","damage_taken":0,"max_hp_gain":0,"max_hp_loss":0,"event_name":"Purifier","floor":11,"gold_loss":0},{"cards_removed":["All Out Attack"],"damage_healed":0,"gold_gain":0,"player_choice":"Purged","damage_taken":0,"max_hp_gain":0,"max_hp_loss":0,"event_name":"Purifier","floor":22,"gold_loss":0}],"is_beta":false,"boss_relics":[{"not_picked":["hubris:BlackHole","Snecko Eye"],"picked":"halation:HeavySnake"}],"items_purged_floors":[0,0,4,8,8,8,8,8,8,19],"is_endless":false,"potions_floor_spawned":[12,13,21],"killed_by":"Book of Stabbing","ascension_level":17}}