{"host":"gzk4gkgy3zij1c51","time":1612964458,"event":{"mods":["BaseMod","Colored Map","Downfall","Highlight Path","Marked Mod","Minty Spire (QoL Compilation)","Relic Stats","StSLib","everything is the same but u backflip on backflip"],"gold_per_floor":[117,130,130,130,130,130,159,173,200,270,270,36,49,81,81,81,81],"floor_reached":16,"language":"ENG","playtime":7234,"items_purged":[],"score":130,"play_id":"7ba7f93f-c9cc-4fb3-bcb0-fa1575d199c5","local_time":"20210210134058","is_ascension_mode":true,"campfire_choices":[{"data":"Skewer","floor":6,"key":"SMITH"},{"data":"Concentrate","floor":11,"key":"SMITH"},{"floor":15,"key":"REST"}],"circlet_count":0,"master_deck":["Strike_G","Strike_G+1","Strike_G","Strike_G","Strike_G","Defend_G+1","Defend_G","Defend_G","Defend_G+1","Defend_G+1","Survivor","Neutralize","Skewer+1","Poisoned Stab","Deadly Poison","Concentrate+1","Prepared","Panacea","Poisoned Stab","Underhanded Strike"],"relics":["Ring of the Snake","Potion Belt","War Paint","PreservedInsect","Toy Ornithopter","Gremlin Horn"],"acts_visited":["Exordium"],"potions_floor_usage":[7,14],"damage_taken":[{"damage":3,"enemies":"Jaw Worm","floor":1,"turns":5},{"damage":4,"enemies":"Small Slimes","floor":2,"turns":4},{"damage":9,"enemies":"3 Sentries","floor":7,"turns":8},{"damage":11,"enemies":"2 Louse","floor":8,"turns":3},{"damage":0,"enemies":"Blue Slaver","floor":13,"turns":3},{"damage":22,"enemies":"Lagavulin","floor":14,"turns":4},{"damage":35,"enemies":"The Guardian","floor":16,"turns":7}],"seed_played":"-7727911370000288435","potions_obtained":[{"floor":1,"key":"BlessingOfTheForge"},{"floor":8,"key":"FearPotion"},{"floor":13,"key":"LiquidBronze"},{"floor":14,"key":"champ:CounterPotion"}],"is_trial":false,"path_per_floor":["M","M","?","?","?","R","E","M","T","?","R","$","M","E","R","B"],"character_chosen":"THE_SILENT","items_purchased":["Panacea","Toy Ornithopter"],"campfire_rested":1,"item_purchase_floors":[12,12],"current_hp_per_floor":[67,63,49,42,47,47,38,27,27,27,27,27,27,10,32,0,0],"gold":81,"neow_bonus":"THREE_CARDS","is_daily":false,"chose_seed":false,"campfire_upgraded":2,"win_rate":0.0,"timestamp":1612964458,"path_taken":["M","M","?","?","?","R","E","M","T","?","R","$","M","E","R","BOSS"],"items_purchased_type":["Card","Relic"],"build_version":"2020-12-22","purchased_purges":0,"victory":false,"max_hp_per_floor":[70,70,70,70,75,75,75,75,75,75,75,75,75,75,75,75,75],"relic_stats":{"Gremlin Horn":[0,0],"counters":[7,34],"PreservedInsect":28,"War Paint":["Defend_G","Defend_G"],"obtain_stats":[{"Potion Belt":4,"Gremlin Horn":14,"PreservedInsect":9,"War Paint":7,"Toy Ornithopter":12,"Ring of the Snake":0},{"Potion Belt":2,"Gremlin Horn":6,"PreservedInsect":4,"War Paint":3,"Toy Ornithopter":4,"Ring of the Snake":0},{"Potion Belt":9,"Gremlin Horn":27,"PreservedInsect":20,"War Paint":17,"Toy Ornithopter":20,"Ring of the Snake":0}],"Toy Ornithopter":5,"Ring of the Snake":[14]},"card_choices":[{"not_picked":["Dodge and Roll","Backstab"],"picked":"Skewer","floor":0},{"not_picked":["Expertise","Slice"],"picked":"Poisoned Stab","floor":1},{"not_picked":["Bane","Tactician"],"picked":"Deadly Poison","floor":2},{"not_picked":["Dagger Throw","Deflect"],"picked":"Concentrate","floor":7},{"not_picked":["Dagger Throw","Concentrate"],"picked":"Prepared","floor":8},{"not_picked":["Dodge and Roll","Leg Sweep"],"picked":"Poisoned Stab","floor":13},{"not_picked":["Accuracy","Deflect"],"picked":"Underhanded Strike","floor":14}],"player_experience":1166343,"relics_obtained":[{"floor":7,"key":"War Paint"},{"floor":9,"key":"PreservedInsect"},{"floor":14,"key":"Gremlin Horn"}],"event_choices":[{"damage_healed":0,"gold_gain":0,"player_choice":"Entered Light","damage_taken":14,"max_hp_gain":0,"max_hp_loss":0,"event_name":"Shining Light","floor":3,"gold_loss":0,"cards_upgraded":["Strike_G","Defend_G"]},{"damage_healed":0,"gold_gain":0,"player_choice":"Success","damage_taken":7,"relics_obtained":["Potion Belt"],"max_hp_gain":0,"max_hp_loss":0,"event_name":"Scrap Ooze","floor":4,"gold_loss":0},{"damage_healed":0,"gold_gain":0,"player_choice":"Donut","damage_taken":0,"max_hp_gain":5,"max_hp_loss":0,"event_name":"Big Fish","floor":5,"gold_loss":0},{"damage_healed":0,"gold_gain":70,"player_choice":"Gained Gold","damage_taken":0,"max_hp_gain":0,"max_hp_loss":0,"event_name":"Golden Wing","floor":10,"gold_loss":0}],"is_beta":false,"boss_relics":[],"items_purged_floors":[],"is_endless":false,"potions_floor_spawned":[1,8,13,14],"killed_by":"The Guardian","ascension_level":4}}