{"host":"u6v0z43xi4vbzvq3","time":1612947155,"event":{"mods":["BaseMod","Beaked The Cultist","BetterRewards","Colored Map","Downfall","Googly Eyes","Hermit","Highlight Path","Hubris","Infinite Spire","Minty Spire (QoL Compilation)","Quick Restart","Rare Cards Sparkle","Replay The Spire","Shop Mod","StSLib","SuperFastMode"],"gold_per_floor":[110,285,285,285,101,135,135,135,162,179,179,144,144,110,110,210,210,150,150,75,75,75,75,75,75,75,75,75,75,75,75],"floor_reached":30,"language":"ENG","playtime":1107,"items_purged":[],"score":226,"play_id":"94ec72fd-8c43-482f-87d9-81e5e70c9580","local_time":"20210210195235","is_ascension_mode":false,"campfire_choices":[{"data":"Zap","floor":7,"key":"SMITH"},{"data":"Capacitor","floor":8,"key":"SMITH"},{"floor":15,"key":"REST"},{"floor":24,"key":"REST"}],"circlet_count":0,"master_deck":["Strike_B","Strike_B","Strike_B+1","Defend_B","Defend_B","Defend_B","Defend_B","Zap+1","Dualcast","Storm","Cold Snap+1","Capacitor+1","Conserve Battery","ReplayTheSpireMod:??????????????????????","Tempest","Multi-Cast","Redo","Static Discharge","hubris:Ukulele","Streamline+1","Turbo","Self Repair"],"relics":["Cracked Core","Bronze Scales","Chemical X","WingedGreaves","Whetstone","hubris:KleinBottle","Ectoplasm","FaceOfCleric","Replay:Accelerometer","Boot"],"acts_visited":["Exordium","TheCity"],"potions_floor_usage":[16,16,23,27,28,30,30,30],"damage_taken":[{"damage":1,"enemies":"Jaw Worm","floor":1,"turns":3},{"damage":28,"enemies":"Lagavulin","floor":6,"turns":8},{"damage":4,"enemies":"2 Louse","floor":10,"turns":2},{"damage":21,"enemies":"Hexaghost","floor":16,"turns":8},{"damage":16,"enemies":"2 Thieves","floor":18,"turns":3},{"damage":0,"enemies":"Spheric Guardian","floor":19,"turns":3},{"damage":24,"enemies":"Centurion and Healer","floor":21,"turns":5},{"damage":10,"enemies":"Snecko","floor":23,"turns":3},{"damage":28,"enemies":"Shelled Parasite and Fungi","floor":27,"turns":3},{"damage":16,"enemies":"Centurion and Healer","floor":28,"turns":5},{"damage":0,"enemies":"Snake Plant","floor":30,"turns":1}],"seed_played":"2551425940466340202","potions_obtained":[{"floor":6,"key":"Venom Potion"},{"floor":10,"key":"SkillPotion"},{"floor":16,"key":"sneckomod:MuddlingPotion"},{"floor":21,"key":"champ:CounterPotion"},{"floor":23,"key":"Elixir"},{"floor":27,"key":"Weak Potion"},{"floor":28,"key":"SkillPotion"},{"floor":29,"key":"DuplicationPotion"}],"is_trial":false,"path_per_floor":["M","?","?","?","$","E","R","R","T","M","?","?","$","$","R_BF","B",null,"M","M","?","M","?","M","R","$","T","M","M","?","M"],"character_chosen":"DEFECT","items_purchased":["Capacitor","Chemical X","hubris:KleinBottle","Tempest"],"campfire_rested":2,"item_purchase_floors":[5,5,13,14],"current_hp_per_floor":[74,74,74,74,74,46,46,46,46,42,35,53,34,34,56,35,75,59,59,59,35,35,26,48,48,48,21,6,6,6,6],"gold":75,"neow_bonus":"TRANSFORM_CARD","is_daily":false,"chose_seed":false,"campfire_upgraded":2,"win_rate":0.0,"timestamp":1612947155,"path_taken":["M","?","?","?","$","E","R","R","T","?","?","?","?","$","R_BF","BOSS","M","M","?","M","?","?","R","?","T","M","M","?","M"],"items_purchased_type":["Card","Relic","Relic","Card"],"build_version":"2020-12-22","purchased_purges":0,"victory":false,"max_hp_per_floor":[75,75,75,75,75,75,75,75,75,75,75,75,75,75,75,75,75,75,75,75,75,75,76,76,76,76,77,78,78,78,78],"card_choices":[{"not_picked":["Streamline","Conserve Battery"],"picked":"Cold Snap","floor":1},{"not_picked":["ReplayTheSpireMod:Omega Cannon","Heatsinks","ReplaySort"],"picked":"SKIP","floor":6},{"not_picked":["Panic Button","Stack"],"picked":"Conserve Battery","floor":10},{"not_picked":["infinitespire:UltimateForm","ReplayTheSpireMod:Chaos Vortex"],"picked":"ReplayTheSpireMod:??????????????????????","floor":13},{"not_picked":["Reboot","Meteor Strike"],"picked":"Multi-Cast","floor":16},{"not_picked":["ReplaySort","Fusion+1"],"picked":"Redo","floor":18},{"not_picked":["ReplayTheSpireMod:System Scan","hubris:PowerSurge","Turbo"],"picked":"SKIP","floor":19},{"not_picked":["Redo","Ball Lightning+1"],"picked":"Static Discharge","floor":21},{"not_picked":["ReplayGash","Rebound+1"],"picked":"hubris:Ukulele","floor":23},{"not_picked":["Rebound+1","Chaos"],"picked":"Streamline+1","floor":27},{"not_picked":["Stack","Conserve Battery"],"picked":"Turbo","floor":28},{"not_picked":["ReplayTheSpireMod:Omega Cannon","Gash+1"],"picked":"Self Repair","floor":29}],"player_experience":136690,"relics_obtained":[{"floor":3,"key":"Bronze Scales"},{"floor":6,"key":"WingedGreaves"},{"floor":9,"key":"Whetstone"},{"floor":26,"key":"Replay:Accelerometer"},{"floor":29,"key":"Boot"}],"event_choices":[{"damage_healed":0,"gold_gain":175,"player_choice":"AGREE","damage_taken":0,"max_hp_gain":0,"max_hp_loss":0,"event_name":"Liars Game","floor":2,"gold_loss":0,"cards_obtained":["Doubt"]},{"damage_healed":0,"gold_gain":0,"player_choice":"Cursed","damage_taken":0,"max_hp_gain":0,"max_hp_loss":0,"event_name":"Wheel of Change","floor":4,"gold_loss":0,"cards_obtained":["Decay"]},{"cards_removed":["Decay"],"damage_healed":0,"gold_gain":0,"player_choice":"Card Removal","damage_taken":7,"max_hp_gain":0,"max_hp_loss":0,"event_name":"Golden Wing","floor":11,"gold_loss":0},{"damage_healed":18,"gold_gain":0,"player_choice":"Healed","damage_taken":0,"max_hp_gain":0,"max_hp_loss":0,"event_name":"The Cleric","floor":12,"gold_loss":35},{"cards_removed":["Doubt"],"damage_healed":0,"gold_gain":0,"player_choice":"Gave Gold","damage_taken":0,"max_hp_gain":0,"max_hp_loss":0,"event_name":"Beggar","floor":20,"gold_loss":75},{"damage_healed":0,"gold_gain":0,"player_choice":"Trade","damage_taken":0,"relics_obtained":["FaceOfCleric"],"max_hp_gain":0,"max_hp_loss":0,"event_name":"FaceTrader","floor":22,"gold_loss":0}],"is_beta":false,"boss_relics":[{"not_picked":["Snecko Eye","Runic Dome"],"picked":"Ectoplasm"}],"items_purged_floors":[],"is_endless":false,"potions_floor_spawned":[6,10,16,21,23,27,28],"killed_by":"Snake Plant","ascension_level":0}}