{"host":"Tuck","time":1612918335,"event":{"mods":["BaseMod","Minty Spire (QoL Compilation)","StSLib"],"gold_per_floor":[366,366,84,34,46,77,77,77,77,77,97,122,133,162,162,257,257,268,300,300,290,316,360,360,403,403,431,473,491,512,546,546,655,655,682,443,470,496,519,554,554,584,584,623,632,658,672,686,686,686,686,686,49,89,89],"floor_reached":56,"language":"ENG","playtime":3339,"items_purged":["Strike_G","Strike_G","Defend_G","Defend_G"],"score":2005,"play_id":"87660269-3e82-4388-9814-33fc13d5e362","local_time":"20210209175215","is_ascension_mode":true,"campfire_choices":[{"data":"Blade Dance","floor":8,"key":"SMITH"},{"data":"Blade Dance","floor":10,"key":"SMITH"},{"data":"Adrenaline","floor":15,"key":"SMITH"},{"data":"Accuracy","floor":24,"key":"SMITH"},{"data":"Malaise","floor":32,"key":"SMITH"},{"floor":41,"key":"RECALL"},{"data":"Adrenaline","floor":49,"key":"SMITH"},{"data":"Adrenaline","floor":52,"key":"SMITH"}],"circlet_count":0,"master_deck":["Survivor","Neutralize","Backflip+1","Acrobatics","Accuracy+1","Dodge and Roll","Blade Dance+1","Blade Dance+1","Adrenaline+1","PiercingWail","Leg Sweep+1","Crippling Poison","Blade Dance","Die Die Die","Tactician+1","Caltrops","Well Laid Plans+1","Footwork+1","Footwork+1","Acrobatics","Flash of Steel","Panache+1","Dash+1","Escape Plan","Footwork+1","Malaise+1","Caltrops+1","Acrobatics","Adrenaline+1","Cloak And Dagger+1","Adrenaline+1","Well Laid Plans+1","Master of Strategy","Caltrops+1","Footwork+1","Noxious Fumes+1","Caltrops+1","Caltrops+1","Noxious Fumes+1","Caltrops+1","Accuracy+1","Accuracy+1","Flash of Steel","Mayhem+1","Thinking Ahead","Reflex","Tactician+1","Calculated Gamble+1","Escape Plan","Footwork+1","Footwork+1","Tactician+1"],"relics":["Ring of the Snake","Membership Card","StrikeDummy","CaptainsWheel","Regal Pillow","The Specimen","SlaversCollar","Red Mask","The Courier","Medical Kit","Frozen Egg 2","Anchor","Sundial","Letter Opener","Mango","CeramicFish","Potion Belt","Happy Flower","Paper Crane","Ninja Scroll","StoneCalendar","War Paint","Centennial Puzzle","Question Card","Bag of Preparation","Mummified Hand","Ornamental Fan","Pantograph","Du-Vu Doll","Coffee Dripper","Bronze Scales","Strawberry","Toy Ornithopter","Ice Cream","Art of War","Mercury Hourglass","Shuriken","Kunai","Blood Vial","InkBottle","FossilizedHelix","Turnip","Chemical X","Oddly Smooth Stone","Bottled Tornado","Pen Nib","Nunchaku","TungstenRod","Lantern","HornCleat"],"acts_visited":["Exordium","TheCity","TheBeyond","TheEnding"],"potions_floor_usage":[55,55,55,55,55,55,55,55,55,55],"damage_taken":[{"damage":0.0,"enemies":"Jaw Worm","floor":1.0,"turns":4.0},{"damage":3,"enemies":"Cultist","floor":5,"turns":8},{"damage":16,"enemies":"3 Sentries","floor":6,"turns":13},{"damage":0,"enemies":"Small Slimes","floor":11,"turns":2},{"damage":0,"enemies":"Lagavulin","floor":12,"turns":4},{"damage":0,"enemies":"Blue Slaver","floor":13,"turns":3},{"damage":9,"enemies":"3 Sentries","floor":14,"turns":6},{"damage":1,"enemies":"Slime Boss","floor":16,"turns":7},{"damage":0,"enemies":"Spheric Guardian","floor":18,"turns":4},{"damage":0,"enemies":"Masked Bandits","floor":19,"turns":2},{"damage":0,"enemies":"3 Byrds","floor":22,"turns":1},{"damage":0,"enemies":"Slavers","floor":23,"turns":3},{"damage":0,"enemies":"Book of Stabbing","floor":25,"turns":4},{"damage":0,"enemies":"Snecko","floor":27,"turns":3},{"damage":0,"enemies":"Slavers","floor":28,"turns":3},{"damage":0,"enemies":"Cultist and Chosen","floor":30,"turns":4},{"damage":2,"enemies":"Gremlin Leader","floor":31,"turns":3},{"damage":0,"enemies":"Collector","floor":33,"turns":6},{"damage":0,"enemies":"Orb Walker","floor":35,"turns":2},{"damage":0,"enemies":"3 Shapes","floor":38,"turns":1},{"damage":6,"enemies":"Jaw Worm Horde","floor":39,"turns":2},{"damage":0,"enemies":"Reptomancer","floor":40,"turns":2},{"damage":0,"enemies":"Giant Head","floor":42,"turns":3},{"damage":0,"enemies":"Nemesis","floor":44,"turns":5},{"damage":0,"enemies":"Transient","floor":46,"turns":3},{"damage":0,"enemies":"3 Darklings","floor":47,"turns":1},{"damage":0,"enemies":"4 Shapes","floor":48,"turns":1},{"damage":0,"enemies":"Donu and Deca","floor":50,"turns":3},{"damage":0,"enemies":"Shield and Spear","floor":54,"turns":3},{"damage":0,"enemies":"The Heart","floor":55,"turns":5}],"seed_played":"-2661106971605165711","potions_obtained":[{"floor":6,"key":"Explosive Potion"},{"floor":16,"key":"BlessingOfTheForge"},{"floor":22,"key":"LiquidMemories"},{"floor":23,"key":"LiquidMemories"},{"floor":30,"key":"Poison Potion"},{"floor":33,"key":"EntropicBrew"},{"floor":46,"key":"CultistPotion"}],"is_trial":false,"path_per_floor":["M","?","$","?","M","E","?","R","T","R","M","E","M","E","R","B",null,"M","?","?","$","M","E","R","E","T","M","E","?","M","E","R","B",null,"M","$","?","M","M","E","R","E","T","E","?","M","M","M","R","B",null,"R","$","E","B",null],"character_chosen":"THE_SILENT","items_purchased":["Membership Card","Acrobatics","Accuracy","Dodge and Roll","Medical Kit","Well Laid Plans","Footwork+1","Infinite Blades+1","Footwork+1","Acrobatics","Flash of Steel","Panache+1","Anchor","Sundial","Letter Opener","Mango","CeramicFish","Potion Belt","Happy Flower","Paper Crane","Ninja Scroll","StoneCalendar","War Paint","Centennial Puzzle","Question Card","Bag of Preparation","Bronze Scales","Master of Strategy","Strawberry","Toy Ornithopter","Ice Cream","Art of War","Mercury Hourglass","Shuriken","Kunai","Caltrops+1","Footwork+1","Infinite Blades+1","Noxious Fumes+1","Caltrops+1","Caltrops+1","Noxious Fumes+1","Caltrops+1","Infinite Blades+1","Accuracy+1","Accuracy+1","Footwork+1","Footwork+1","Chemical X","Oddly Smooth Stone","Bottled Tornado","Pen Nib","Nunchaku","TungstenRod","Lantern"],"campfire_rested":0,"item_purchase_floors":[3,3,3,3,21,21,21,21,21,21,21,21,21,21,21,21,21,21,21,21,21,21,21,21,21,21,36,36,36,36,36,36,36,36,36,36,36,36,36,36,36,36,36,36,36,36,53,53,53,53,53,53,53,53,53],"current_hp_per_floor":[63,63,63,63,60,44,44,44,44,44,44,44,44,35,35,34,63,63,63,63,77,77,77,77,77,77,77,77,77,77,75,75,77,77,77,84,74,74,68,68,68,70,70,72,72,74,76,78,78,84,84,84,84,84,84],"gold":89,"neow_bonus":"TWO_FIFTY_GOLD","is_daily":false,"chose_seed":false,"campfire_upgraded":7,"win_rate":0.0,"timestamp":1612918335,"path_taken":["M","?","$","?","?","E","?","R","T","R","M","E","M","E","R","BOSS","M","?","?","$","M","E","R","E","T","M","E","?","M","E","R","BOSS","M","$","?","M","M","E","R","E","T","E","?","?","M","?","R","BOSS","R","$","E","BOSS"],"items_purchased_type":["Relic","Card","Card","Card","Relic","Card","Card","Card","Card","Card","Card","Card","Relic","Relic","Relic","Relic","Relic","Relic","Relic","Relic","Relic","Relic","Relic","Relic","Relic","Relic","Relic","Card","Relic","Relic","Relic","Relic","Relic","Relic","Relic","Card","Card","Card","Card","Card","Card","Card","Card","Card","Card","Card","Card","Card","Relic","Relic","Relic","Relic","Relic","Relic","Relic"],"build_version":"2020-12-18","purchased_purges":4,"victory":true,"max_hp_per_floor":[63,63,63,63,63,63,63,63,63,63,63,63,63,63,63,63,63,63,63,63,77,77,77,77,77,77,77,77,77,77,77,77,77,77,77,84,84,84,84,84,84,84,84,84,84,84,84,84,84,84,84,84,84,84,84],"card_choices":[{"not_picked":["Underhanded Strike","Bane"],"picked":"Backflip","floor":1.0},{"not_picked":["Bane","Slice"],"picked":"Blade Dance","floor":5},{"not_picked":["Dodge and Roll","Backflip"],"picked":"Blade Dance","floor":6},{"not_picked":["Poisoned Stab","Slice"],"picked":"PiercingWail","floor":11},{"not_picked":["Predator","Flying Knee"],"picked":"Leg Sweep","floor":12},{"not_picked":["Poisoned Stab","Flying Knee"],"picked":"Crippling Poison","floor":13},{"not_picked":["Skewer","Deflect"],"picked":"Blade Dance","floor":14},{"not_picked":["Storm of Steel","Unload"],"picked":"Die Die Die","floor":16},{"not_picked":["PiercingWail","Eviscerate"],"picked":"Tactician+1","floor":18},{"not_picked":["Quick Slash","Slice"],"picked":"Caltrops","floor":19},{"not_picked":["Sucker Punch","Setup","Backstab+1"],"picked":"Dash+1","floor":22},{"not_picked":["Poisoned Stab","Choke","Concentrate"],"picked":"Escape Plan","floor":23},{"not_picked":["Dodge and Roll","All Out Attack","Blade Dance+1"],"picked":"Footwork+1","floor":25},{"not_picked":["Acrobatics","Backflip","Bane"],"picked":"Malaise","floor":27},{"not_picked":["Sucker Punch","Poisoned Stab","Dagger Throw"],"picked":"Caltrops+1","floor":28},{"not_picked":["Flying Knee","Finisher","Outmaneuver+1"],"picked":"Cloak And Dagger+1","floor":30},{"not_picked":["Deadly Poison+1","Terror","Slice","Outmaneuver"],"picked":"SKIP","floor":31},{"not_picked":["A Thousand Cuts+1","Tools of the Trade+1","Doppelganger"],"picked":"Adrenaline","floor":33},{"not_picked":["Cloak And Dagger","Underhanded Strike","Dagger Spray+1"],"picked":"Well Laid Plans+1","floor":35},{"not_picked":["Blind","Dark Shackles","Mind Blast"],"picked":"Flash of Steel","floor":37},{"not_picked":["Enlightenment","Jack Of All Trades","Bandage Up"],"picked":"Mayhem+1","floor":37},{"not_picked":["Bandage Up","Panacea","PanicButton"],"picked":"Thinking Ahead","floor":37},{"not_picked":["Deflect+1","Blade Dance","Bouncing Flask+1"],"picked":"Reflex","floor":38},{"not_picked":["Outmaneuver+1","Slice","Backstab"],"picked":"Tactician+1","floor":39},{"not_picked":["Masterful Stab+1","Quick Slash+1","Poisoned Stab+1","Predator"],"picked":"SKIP","floor":40},{"not_picked":["Dagger Throw+1","Flying Knee","Glass Knife","Choke+1"],"picked":"SKIP","floor":42},{"not_picked":["Prepared+1","Calculated Gamble+1","Acrobatics+1","Eviscerate"],"picked":"SKIP","floor":44},{"not_picked":["Prepared+1","Acrobatics+1","Eviscerate"],"picked":"Calculated Gamble+1","floor":44},{"not_picked":["Underhanded Strike+1","Prepared+1","Dash+1"],"picked":"Escape Plan","floor":46},{"not_picked":["Dodge and Roll","Calculated Gamble","Backflip","Crippling Poison"],"picked":"SKIP","floor":47},{"not_picked":["Acrobatics","Quick Slash+1","Blade Dance+1","Bane+1"],"picked":"SKIP","floor":48},{"not_picked":["Dash","Riddle With Holes","Bouncing Flask"],"picked":"Tactician+1","floor":54}],"player_experience":2353823,"relics_obtained":[{"floor":6,"key":"StrikeDummy"},{"floor":9,"key":"CaptainsWheel"},{"floor":12,"key":"Regal Pillow"},{"floor":14,"key":"The Specimen"},{"floor":19,"key":"Red Mask"},{"floor":23,"key":"Mummified Hand"},{"floor":25,"key":"Ornamental Fan"},{"floor":28,"key":"Pantograph"},{"floor":31,"key":"Du-Vu Doll"},{"floor":40,"key":"Blood Vial"},{"floor":42,"key":"InkBottle"},{"floor":43,"key":"FossilizedHelix"},{"floor":44,"key":"Turnip"},{"floor":54,"key":"HornCleat"}],"event_choices":[{"damage_healed":0,"gold_gain":0,"player_choice":"Ignored","damage_taken":0,"max_hp_gain":0,"max_hp_loss":0,"event_name":"WeMeetAgain","floor":2,"gold_loss":0},{"cards_removed":["Strike_G"],"damage_healed":0,"gold_gain":0,"player_choice":"Card Removal","damage_taken":0,"max_hp_gain":0,"max_hp_loss":0,"event_name":"The Cleric","floor":4,"gold_loss":50},{"damage_healed":0,"gold_gain":0,"cards_transformed":["Strike_G"],"player_choice":"Change","damage_taken":0,"max_hp_gain":0,"max_hp_loss":0,"event_name":"Living Wall","floor":7,"gold_loss":0,"cards_obtained":["Adrenaline"]},{"damage_healed":0,"gold_gain":0,"player_choice":"Fought Bandits","damage_taken":0,"max_hp_gain":0,"max_hp_loss":0,"event_name":"Masked Bandits","floor":19,"gold_loss":0},{"cards_removed":["Strike_G"],"damage_healed":0,"gold_gain":0,"player_choice":"Elegance","damage_taken":0,"max_hp_gain":0,"max_hp_loss":0,"event_name":"Back to Basics","floor":20,"gold_loss":0},{"damage_healed":0,"gold_gain":0,"cards_transformed":["Defend_G","Defend_G"],"player_choice":"Became Test Subject","damage_taken":0,"max_hp_gain":0,"max_hp_loss":0,"event_name":"Drug Dealer","floor":29,"gold_loss":0,"cards_obtained":["Acrobatics","Adrenaline"]},{"damage_healed":0,"gold_gain":0,"player_choice":"Memory 3","damage_taken":10,"max_hp_gain":0,"max_hp_loss":0,"event_name":"SensoryStone","floor":37,"gold_loss":0},{"damage_healed":0,"gold_gain":0,"cards_transformed":["Defend_G"],"player_choice":"Transformed","damage_taken":0,"max_hp_gain":0,"max_hp_loss":0,"event_name":"Transmorgrifier","floor":45,"gold_loss":0,"cards_obtained":["Bane"]}],"is_beta":true,"boss_relics":[{"not_picked":["Fusion Hammer","Busted Crown"],"picked":"SlaversCollar"},{"not_picked":["Cursed Key","Runic Dome"],"picked":"Coffee Dripper"}],"items_purged_floors":[3,21,36,53],"is_endless":false,"potions_floor_spawned":[6,16,22,23,30,31,33,40,44,46,48,54],"ascension_level":1}}