{"host":"1izdfj84a6wseks8","time":1612989845,"event":{"mods":["2.2 Compatiblity","ATMod(阿瑾Mod)","Act Like it!","Arknights","BaseMod","Better Vampires","Challenge The Spire","Colored Map","Gensokyo","Good Game Mod","Highlight Path","KinomotoSakuraMod(木之本樱)","Koishi","LagranYue(拉格朗・月)","Luminous","Marisa（F雨　魔理沙）","Minty Spire (QoL Compilation)","Potion Indicator Mod","Relic Filter Mod","Relic Stats","Remilia（蕾米莉亚）","Shop Mod","StSLib","TestMod","The Administrix","The Alterego","The Animator","The Bug Knight","The Servant 0.9.4","Waifu the Spire","WarShipGirlsR/战舰少女R mod","Warlord Emblem","Yakumo Yukari mod","Youmu（魂魄妖梦）","Yuyuko","【功能Mod】混沌之环修复补丁","篝火指南"],"gold_per_floor":[109,119,119,138,149,10,39,53,53,67,85,103,113,127,24,121,121,135,153,169,185,196,229,229,229,229,69,95,107,123,133,133,235,235,245,260,150,162,176,204,224,234,234,251,16,73,112,112,112,237,237,9,7,84,109],"floor_reached":56,"language":"ZHS","playtime":8289,"items_purged":["Luminous:Defend_Luminous","Luminous:Defend_Luminous","Luminous:Photic_Meditation_Luminous","Luminous:Concentrate_Luminous"],"score":1467,"play_id":"ce6b6add-2266-4f07-ba34-7085d05fb2b9","local_time":"20210211044405","is_ascension_mode":false,"campfire_choices":[{"floor":24,"key":"RECALL"},{"data":"Luminous:Photic_Meditation_Luminous","floor":32,"key":"SMITH"},{"data":"Bandage Up","floor":49,"key":"SMITH"}],"circlet_count":0,"master_deck":["Luminous:Light_Flash_Shower","Luminous:Light_Flash_Shower","Luminous:Light_Flash_Shower","Luminous:Dark_Abyssal_Drop","Luminous:Dark_Abyssal_Drop","Luminous:Dark_Abyssal_Drop","Luminous:Defend_Luminous","Luminous:Switch_Luminous","AT_FamilyPortrait","Luminous:Phantom_Treasure_Luminous","Luminous:Magic_Accelerate_Luminous+1","Luminous:Light_Sylvan_Lance","Luminous:Lights_Protection_Luminous","Luminous:Concentrate_Luminous+1","Luminous:Photic_Meditation_Luminous+1","Luminous:Dark_Pressure_Void","Luminous:Balance_Ender","Luminous:Mirror_Force_Luminous","Luminous:Phantom_Treasure_Luminous","Luminous:Balance_Death_Scythe","Luminous:Date_of_Light_Luminous","Luminous:Lunar_Tide_Luminous","Luminous:Dark_Extract","Luminous:Light_Disperse+1","Luminous:Accumulation_Luminous","Luminous:Balance_Baptism","Bandage Up+1","Luminous:Dark_Extract","rmod:slowdown","LagranYue:SkillKadeboSwordCard","Luminous:Flash_Blink_Luminous","IrresoluteSoul+1","AT_ThistleTea+1","Unborn Light","Luminous:Photic_Meditation_Luminous+1","Luminous:Concentrate_Luminous+1","Luminous:Light_Sylvan_Lance+1","Luminous:Dark_Pressure_Void+1","Luminous:Light_Sylvan_Lance+1","Luminous:Light_Glare","Luminous:Photic_Meditation_Luminous+1","Luminous:Mana_Well_Luminous"],"relics":["Luminous:MirrorRelic","AT_ATBox","REME:ComplimentaryCards","testmod-TestBox","LagranYue:RandomDrawCardRelic","testmod-D_4","MerchantsRug","Membership Card","testmod-IncinerationGenerator","testmod-ArcanaOfDestiny","Frozen Egg 2","Philosopher\u0027s Stone","Lizard Tail","Mercury Hourglass","Nunchaku","Bottled Flame","FossilizedHelix","Boot","AT_ForceNature","AT_MibuBalloonWealth","Bird Faced Urn","Bag of Marbles","testmod-ThousandKnives","ScarletDevilRocket","Anchor","testmod-RealStoneCalender","Bottled Lightning"],"acts_visited":["Exordium","TheCity","TheBeyond","TheEnding"],"potions_floor_usage":[20,23],"damage_taken":[{"damage":0,"enemies":"Cultist","floor":1,"turns":2},{"damage":2,"enemies":"Small Slimes","floor":2,"turns":3},{"damage":7,"enemies":"ats:Genji","floor":4,"turns":3},{"damage":6,"enemies":"Exordium Wildlife","floor":5,"turns":2},{"damage":30,"enemies":"Lagavulin","floor":7,"turns":6},{"damage":2,"enemies":"3 Louse","floor":8,"turns":3},{"damage":2,"enemies":"Lots of Slimes","floor":10,"turns":3},{"damage":4,"enemies":"Looter","floor":11,"turns":3},{"damage":4,"enemies":"Gremlin Gang","floor":12,"turns":4},{"damage":0,"enemies":"Large Slime","floor":13,"turns":2},{"damage":0,"enemies":"Blue Slaver","floor":14,"turns":1},{"damage":25,"enemies":"The Guardian","floor":16,"turns":5},{"damage":0,"enemies":"Spheric Guardian","floor":18,"turns":4},{"damage":12,"enemies":"Shell Parasite","floor":19,"turns":3},{"damage":13,"enemies":"Snecko","floor":20,"turns":4},{"damage":22,"enemies":"Shelled Parasite and Fungi","floor":21,"turns":3},{"damage":18,"enemies":"3 Cultists","floor":22,"turns":4},{"damage":13,"enemies":"Gremlin Leader","floor":23,"turns":2},{"damage":38,"enemies":"Slavers","floor":28,"turns":5},{"damage":0,"enemies":"Snecko","floor":29,"turns":3},{"damage":23,"enemies":"Snake Plant","floor":30,"turns":5},{"damage":25,"enemies":"Centurion and Healer","floor":31,"turns":4},{"damage":34,"enemies":"Champ","floor":33,"turns":5},{"damage":0,"enemies":"3 Darklings","floor":35,"turns":2},{"damage":47,"enemies":"3 Shapes","floor":36,"turns":2},{"damage":0,"enemies":"Jaw Worm Horde","floor":38,"turns":1},{"damage":1,"enemies":"3 Darklings","floor":39,"turns":2},{"damage":0,"enemies":"Reptomancer","floor":40,"turns":2},{"damage":1,"enemies":"Transient","floor":41,"turns":3},{"damage":0,"enemies":"3 Darklings","floor":42,"turns":2},{"damage":0,"enemies":"Jaw Worm Horde","floor":44,"turns":2},{"damage":0,"enemies":"Nemesis","floor":46,"turns":3},{"damage":48,"enemies":"Writhing Mass","floor":47,"turns":3},{"damage":47,"enemies":"Awakened One","floor":50,"turns":7},{"damage":17,"enemies":"Shield and Spear","floor":54,"turns":3},{"damage":0,"enemies":"The Heart","floor":55,"turns":3}],"seed_played":"-737014587087232886","potions_obtained":[{"floor":2,"key":"Dexterity Potion"},{"floor":4,"key":"ColorlessPotion"},{"floor":8,"key":"PowerPotion"},{"floor":13,"key":"SkillPotion"},{"floor":14,"key":"Weak Potion"},{"floor":19,"key":"CultistPotion"},{"floor":20,"key":"Fruit Juice"},{"floor":22,"key":"Block Potion"},{"floor":23,"key":"Weak Potion"},{"floor":31,"key":"Dexterity Potion"},{"floor":33,"key":"BlessingOfTheForge"},{"floor":35,"key":"Swift Potion"},{"floor":38,"key":"LiquidBronze"},{"floor":42,"key":"SteroidPotion"},{"floor":47,"key":"Strength Potion"}],"is_trial":false,"path_per_floor":["M","M","?","M","M","R","E","M","T","M","M","M","M","M","R","B",null,"M","M","M","M","M","E","R","?","T","R","E","M","M","M","R","B",null,"M","M","$","M","M","E","M","M","T","M","$","E","M","?","R","B",null,"R","$","E","B",null],"character_chosen":"LuminousClass","items_purchased":["MerchantsRug","Luminous:Concentrate_Luminous","Membership Card","Bandage Up","PrismaticShard","Luminous:Dark_Extract","AT_BellDemon","War Paint","Luminous:Photic_Meditation_Luminous+1","AT_MibuBalloonWealth","Bird Faced Urn","Anchor","testmod-RealStoneCalender","Luminous:Photic_Meditation_Luminous+1","Luminous:Mana_Well_Luminous"],"campfire_rested":0,"item_purchase_floors":[6,6,15,27,27,27,37,37,37,45,45,52,52,52,53],"current_hp_per_floor":[82,80,80,73,67,67,37,35,35,33,40,42,48,48,48,37,82,82,76,74,65,75,62,62,45,45,45,65,87,69,52,52,75,92,92,59,59,59,58,92,92,92,92,92,92,92,44,44,44,66,92,92,92,77,92],"gold":109,"neow_bonus":"TEN_PERCENT_HP_BONUS","is_daily":false,"chose_seed":false,"campfire_upgraded":2,"win_rate":0.0,"timestamp":1612989845,"path_taken":["M","?","?","M","M","R","E","M","T","M","M","M","M","?","R","BOSS","M","M","M","M","M","E","R","?","T","R","E","M","M","M","R","BOSS","M","M","$","M","M","E","M","M","T","M","$","E","M","?","R","BOSS","R","$","E","BOSS"],"items_purchased_type":["Relic","Card","Relic","Card","Relic","Card","Relic","Relic","Card","Relic","Relic","Relic","Relic","Card","Card"],"build_version":"2020-12-22","purchased_purges":4,"victory":true,"max_hp_per_floor":[82,82,82,82,82,82,82,82,82,82,82,82,82,82,82,82,82,82,82,87,87,87,87,87,92,92,92,92,92,92,92,92,92,92,92,92,92,92,92,92,92,92,92,92,92,92,92,92,92,92,92,92,92,92,92],"relic_stats":{"Lizard Tail":0,"Nunchaku":[9],"counters":[36,110],"Bird Faced Urn":[20],"Boot":[83],"obtain_stats":[{"AT_BellDemon":37,"AT_ATBox":0,"ScarletDevilRocket":47,"LagranYue:RandomDrawCardRelic":0,"AT_MibuBalloonWealth":45,"testmod-IncinerationGenerator":17,"Luminous:MirrorRelic":0,"Bottled Tornado":28,"PrismaticShard":27,"Boot":43,"Lizard Tail":38,"Nunchaku":40,"testmod-ThousandKnives":46,"Philosopher\u0027s Stone":34,"testmod-ArcanaOfDestiny":23,"AT_ForceNature":44,"MerchantsRug":6,"testmod-TestBox":0,"Frozen Egg 2":26,"War Paint":37,"testmod-IndustrialRevolution":7,"Mercury Hourglass":39,"testmod-RealStoneCalender":52,"REME:ComplimentaryCards":0,"Bottled Flame":40,"Anchor":52,"testmod-D_4":0,"Bird Faced Urn":45,"Bag of Marbles":46,"Membership Card":15,"Bottled Lightning":54,"FossilizedHelix":41},{"AT_BellDemon":25,"AT_ATBox":0,"ScarletDevilRocket":33,"LagranYue:RandomDrawCardRelic":0,"AT_MibuBalloonWealth":31,"testmod-IncinerationGenerator":12,"Luminous:MirrorRelic":0,"Bottled Tornado":19,"PrismaticShard":18,"Boot":30,"Lizard Tail":26,"Nunchaku":28,"testmod-ThousandKnives":32,"Philosopher\u0027s Stone":23,"testmod-ArcanaOfDestiny":18,"AT_ForceNature":31,"MerchantsRug":4,"testmod-TestBox":0,"Frozen Egg 2":18,"War Paint":25,"testmod-IndustrialRevolution":5,"Mercury Hourglass":27,"testmod-RealStoneCalender":34,"REME:ComplimentaryCards":0,"Bottled Flame":28,"Anchor":34,"testmod-D_4":0,"Bird Faced Urn":31,"Bag of Marbles":32,"Membership Card":11,"Bottled Lightning":35,"FossilizedHelix":29},{"AT_BellDemon":80,"AT_ATBox":0,"ScarletDevilRocket":97,"LagranYue:RandomDrawCardRelic":0,"AT_MibuBalloonWealth":91,"testmod-IncinerationGenerator":35,"Luminous:MirrorRelic":0,"Bottled Tornado":59,"PrismaticShard":54,"Boot":90,"Lizard Tail":81,"Nunchaku":85,"testmod-ThousandKnives":94,"Philosopher\u0027s Stone":76,"testmod-ArcanaOfDestiny":54,"AT_ForceNature":91,"MerchantsRug":9,"testmod-TestBox":0,"Frozen Egg 2":54,"War Paint":80,"testmod-IndustrialRevolution":15,"Mercury Hourglass":83,"testmod-RealStoneCalender":104,"REME:ComplimentaryCards":0,"Bottled Flame":85,"Anchor":104,"testmod-D_4":0,"Bird Faced Urn":91,"Bag of Marbles":94,"Membership Card":31,"Bottled Lightning":107,"FossilizedHelix":88}],"Mercury Hourglass":[117]},"card_choices":[{"not_picked":["Luminous:Chase_Spell_Luminous","Luminous:Dark_Morning_Star"],"picked":"Luminous:Phantom_Treasure_Luminous","floor":1},{"not_picked":["Luminous:Light_Sylvan_Lance","Luminous:Mana_Overload_Luminous"],"picked":"Luminous:Magic_Accelerate_Luminous","floor":2},{"not_picked":["Luminous:Chase_Spell_Luminous","Luminous:Dark_Raid"],"picked":"Luminous:Light_Sylvan_Lance","floor":4},{"not_picked":["Luminous:Light_Gather","Luminous:Blinding_Pillar_Luminous"],"picked":"Luminous:Lights_Protection_Luminous","floor":5},{"not_picked":["Luminous:Dark_Raid","Luminous:Concentrate_Luminous"],"picked":"Luminous:Photic_Meditation_Luminous","floor":7},{"not_picked":["Luminous:Light_Wash_Luminous","Luminous:Magic_Boost_Luminous"],"picked":"Luminous:Dark_Pressure_Void","floor":8},{"not_picked":["Luminous:Darkness_Mastery_Luminous","Luminous:Light_Reflection"],"picked":"Luminous:Balance_Ender","floor":10},{"not_picked":["Luminous:Light_Gather","Luminous:Dark_Raid"],"picked":"Luminous:Mirror_Force_Luminous","floor":11},{"not_picked":["Luminous:Sympathy_Luminous","Luminous:Dark_Arcane_Pitch"],"picked":"Luminous:Phantom_Treasure_Luminous","floor":12},{"not_picked":["Luminous:Dark_Raid","Luminous:Concentrate_Luminous"],"picked":"Luminous:Photic_Meditation_Luminous","floor":13},{"not_picked":["Luminous:Chaos_Field_Luminous","Luminous:Hero_Will_Luminous"],"picked":"Luminous:Balance_Death_Scythe","floor":14},{"not_picked":["Luminous:Armageddon_Luminous","Luminous:Ethereal_Form_Luminous"],"picked":"Luminous:Date_of_Light_Luminous","floor":16},{"not_picked":["Luminous:Light_Sylvan_Lance","Luminous:Concentrate_Luminous"],"picked":"Luminous:Lunar_Tide_Luminous","floor":18},{"not_picked":["Luminous:Light_Sylvan_Lance+1","Luminous:Light_Glare"],"picked":"Luminous:Dark_Extract","floor":19},{"not_picked":["Luminous:Light_Wash_Luminous","Luminous:Dark_Dim_Erosion"],"picked":"Luminous:Light_Disperse+1","floor":20},{"not_picked":["Luminous:Light_Gather+1","Luminous:Concentrate_Luminous"],"picked":"Luminous:Accumulation_Luminous","floor":21},{"not_picked":["Luminous:Chase_Spell_Luminous","Luminous:Accumulation_Luminous"],"picked":"Luminous:Balance_Baptism","floor":22},{"not_picked":["Luminous:Light_Gather","Luminous:Dark_Dim_Erosion","Luminous:Blinding_Pillar_Luminous+1"],"picked":"SKIP","floor":23},{"not_picked":["Impervious","animator:Shion"],"picked":"rmod:slowdown","floor":28},{"not_picked":["AdministrixMod:QuietConspiracy","StateErode_purple"],"picked":"LagranYue:SkillKadeboSwordCard","floor":29},{"not_picked":["ClowCardTheLoop+1","testmod-PainDetonator","rmod:goodsister+1"],"picked":"SKIP","floor":30},{"not_picked":["Luminous:Balance_Death_Scythe","rmod:aggressivemary+1"],"picked":"Luminous:Flash_Blink_Luminous","floor":31},{"not_picked":["LagranYue:AttackLakeCard","Glass Knife"],"picked":"IrresoluteSoul+1","floor":33},{"not_picked":["WarlordEmblem:FrozenWill+1","animator:Kazuma"],"picked":"AT_ThistleTea+1","floor":35},{"not_picked":["animator:Caster","SharpContractionReality_purple"],"picked":"Unborn Light","floor":36},{"not_picked":["Luminous:Accumulation_Luminous","Luminous:Light_Sylvan_Lance"],"picked":"Luminous:Concentrate_Luminous","floor":38},{"not_picked":["Luminous:Lights_Protection_Luminous","Luminous:Accumulation_Luminous+1"],"picked":"Luminous:Concentrate_Luminous+1","floor":39},{"not_picked":["Luminous:Magic_Boost_Luminous+1","Luminous:Darkness_Mastery_Luminous+1","Luminous:Lania_Blessing_Luminous+1"],"picked":"SKIP","floor":40},{"not_picked":["Luminous:Fast_Spell_Luminous","Luminous:Hero_Will_Luminous+1","Luminous:Magic_Accelerate_Luminous+1"],"picked":"SKIP","floor":41},{"not_picked":["Luminous:Dark_Raid+1","Luminous:Flash_Blink_Luminous+1"],"picked":"Luminous:Light_Sylvan_Lance+1","floor":42},{"not_picked":["Luminous:Darkness_Mastery_Luminous+1","Luminous:Light_Gather"],"picked":"Luminous:Dark_Pressure_Void+1","floor":44},{"not_picked":["Luminous:Light_Gather+1","Luminous:Arcane_Rage_Luminous"],"picked":"Luminous:Light_Sylvan_Lance+1","floor":46},{"not_picked":["Luminous:Light_Gather+1","Luminous:Dark_Extract+1"],"picked":"Luminous:Light_Glare","floor":47},{"not_picked":["Luminous:Phantom_Treasure_Luminous+1","Luminous:Light_Wash_Luminous+1","Luminous:Light_Disperse+1"],"picked":"SKIP","floor":54}],"player_experience":4847,"relics_obtained":[{"floor":7,"key":"testmod-IndustrialRevolution"},{"floor":23,"key":"testmod-ArcanaOfDestiny"},{"floor":26,"key":"Frozen Egg 2"},{"floor":28,"key":"Bottled Tornado"},{"floor":38,"key":"Lizard Tail"},{"floor":39,"key":"Mercury Hourglass"},{"floor":40,"key":"Nunchaku"},{"floor":40,"key":"Bottled Flame"},{"floor":41,"key":"FossilizedHelix"},{"floor":43,"key":"Boot"},{"floor":44,"key":"AT_ForceNature"},{"floor":46,"key":"Bag of Marbles"},{"floor":46,"key":"testmod-ThousandKnives"},{"floor":47,"key":"ScarletDevilRocket"},{"floor":54,"key":"Bottled Lightning"}],"event_choices":[{"cards_removed":["Luminous:Defend_Luminous"],"damage_healed":0,"gold_gain":0,"player_choice":"Purged","damage_taken":0,"max_hp_gain":0,"max_hp_loss":0,"event_name":"Purifier","floor":3,"gold_loss":0},{"damage_healed":0,"gold_gain":0,"player_choice":"Shed Blood","damage_taken":22,"max_hp_gain":5,"max_hp_loss":0,"event_name":"Forgotten Altar","floor":25,"gold_loss":0},{"cards_removed":["animator:ChaikaTrabant"],"damage_healed":0,"gold_gain":0,"player_choice":"Removed Attack","damage_taken":0,"max_hp_gain":0,"max_hp_loss":0,"event_name":"Falling","floor":48,"gold_loss":0}],"is_beta":false,"boss_relics":[{"not_picked":["SlaversCollar","Runic Pyramid"],"picked":"testmod-IncinerationGenerator"},{"not_picked":["testmod-Fanaticism","Astrolabe"],"picked":"Philosopher\u0027s Stone"}],"items_purged_floors":[15,27,37,45],"is_endless":false,"potions_floor_spawned":[2,4,8,13,14,19,20,22,23,31,33,35,38,42,47],"ascension_level":0}}