{"host":"nsc6ozq3atyrdr3m","time":1612984374,"event":{"mods":["BaseMod","Colored Map","Minty Spire (QoL Compilation)"],"gold_per_floor":[116,133,58,58,73,73,108,158,181,210,228,228,260,275,275,353,353,366,1,1,15,25,25,55,55,82,110,140,170,20,51,51,128,128,138,138,138,101,117,117,145,145,192,220,236,252,278,36,36,36,36,36],"floor_reached":51,"language":"FRA","playtime":1065,"items_purged":["Defend_R"],"score":1740,"play_id":"0f0a6306-2725-441b-9f4e-29a291eb57ec","local_time":"20210210201254","is_ascension_mode":true,"campfire_choices":[{"floor":6,"key":"REST"},{"data":"Flex","floor":15,"key":"SMITH"},{"floor":23,"key":"REST"},{"floor":25,"key":"REST"},{"floor":32,"key":"REST"},{"data":"Bash","floor":40,"key":"SMITH"},{"floor":49,"key":"REST"}],"circlet_count":0,"master_deck":["AscendersBane","Strike_R","Strike_R","Strike_R+1","Defend_R","Defend_R","Bash+1","Whirlwind+1","Flex+1","Impervious","Clothesline+1","Impervious+1","Iron Wave+1","Heavy Blade+1","Bloodletting","Headbutt","Heavy Blade+1","Battle Trance","Master of Strategy","Bloodletting","Whirlwind+1","Bloodletting+1","Impervious+1","Entrench+1"],"relics":["Philosopher\u0027s Stone","Ancient Tea Set","Akabeko","Gremlin Horn","Magic Flower","Astrolabe","Brimstone","Bag of Marbles","MawBank","MealTicket","Happy Flower","Sozu","Shuriken","Vajra","Toxic Egg 2","Pear","Whetstone"],"acts_visited":["Exordium","TheCity","TheBeyond"],"potions_floor_usage":[10,16,16,41,45],"damage_taken":[{"damage":18,"enemies":"Jaw Worm","floor":1,"turns":4},{"damage":7,"enemies":"2 Louse","floor":2,"turns":3},{"damage":0,"enemies":"Cultist","floor":5,"turns":3},{"damage":12,"enemies":"3 Sentries","floor":7,"turns":3},{"damage":0,"enemies":"Gremlin Nob","floor":10,"turns":2},{"damage":2,"enemies":"2 Fungi Beasts","floor":11,"turns":2},{"damage":0,"enemies":"3 Sentries","floor":13,"turns":1},{"damage":0,"enemies":"Lots of Slimes","floor":14,"turns":2},{"damage":50,"enemies":"The Guardian","floor":16,"turns":9},{"damage":22,"enemies":"Shell Parasite","floor":18,"turns":2},{"damage":10,"enemies":"2 Thieves","floor":21,"turns":3},{"damage":0,"enemies":"Cultist and Chosen","floor":22,"turns":2},{"damage":24,"enemies":"Book of Stabbing","floor":24,"turns":4},{"damage":3,"enemies":"3 Cultists","floor":27,"turns":3},{"damage":0,"enemies":"Snecko","floor":28,"turns":2},{"damage":3,"enemies":"Shelled Parasite and Fungi","floor":29,"turns":1},{"damage":0,"enemies":"Gremlin Leader","floor":31,"turns":2},{"damage":27,"enemies":"Automaton","floor":33,"turns":5},{"damage":6,"enemies":"Orb Walker","floor":35,"turns":2},{"damage":0,"enemies":"3 Darklings","floor":39,"turns":1},{"damage":7,"enemies":"Reptomancer","floor":41,"turns":2},{"damage":22,"enemies":"Giant Head","floor":44,"turns":5},{"damage":24,"enemies":"Transient","floor":45,"turns":6},{"damage":0,"enemies":"Sphere and 2 Shapes","floor":46,"turns":1},{"damage":3,"enemies":"Reptomancer","floor":47,"turns":1},{"damage":75,"enemies":"Time Eater","floor":50,"turns":5},{"damage":20,"enemies":"Donu and Deca","floor":51,"turns":1}],"seed_played":"1791636024894570103","potions_obtained":[{"floor":1,"key":"Weak Potion"},{"floor":2,"key":"Dexterity Potion"},{"floor":7,"key":"FearPotion"},{"floor":13,"key":"Swift Potion"},{"floor":22,"key":"Fire Potion"},{"floor":29,"key":"BloodPotion"}],"is_trial":false,"path_per_floor":["M","M","$","?","M","R","E","?","T","E","M","?","E","M","R","B",null,"M","$","?","M","M","R","E","R","T","M","M","M","$","E","R","B",null,"M","?","?","$","M","R","E","?","T","E","M","M","E","$","R","B","B"],"character_chosen":"IRONCLAD","items_purchased":["Heavy Blade","Brimstone","Bloodletting","Fire Potion","MealTicket","Bloodletting","Entrench+1","Whetstone"],"campfire_rested":5,"item_purchase_floors":[19,19,19,19,30,38,48,48],"current_hp_per_floor":[50,43,43,43,43,65,53,53,53,53,51,51,51,51,51,1,57,35,35,35,25,25,47,23,45,45,42,42,39,39,39,61,34,65,59,59,59,74,74,74,67,63,63,41,40,40,47,62,85,10,0,0],"gold":36,"neow_bonus":"BOSS_RELIC","is_daily":false,"chose_seed":false,"campfire_upgraded":2,"win_rate":0.0,"timestamp":1612984374,"path_taken":["M","M","$","?","M","R","E","?","T","E","?","?","E","M","R","BOSS","M","$","?","M","M","R","E","R","T","M","?","M","?","E","R","BOSS","M","?","?","$","M","R","E","?","T","E","M","?","E","$","R","BOSS","BOSS"],"items_purchased_type":["Card","Relic","Card","Potion","Relic","Card","Card","Relic"],"build_version":"2020-12-22","purchased_purges":1,"victory":false,"max_hp_per_floor":[75,75,75,75,75,75,75,75,75,75,75,75,75,75,75,75,75,75,75,75,75,75,75,75,75,75,75,75,75,75,75,75,75,75,75,75,75,75,75,75,75,75,75,75,75,75,85,85,85,85,85,85],"card_choices":[{"not_picked":["Shockwave","Armaments"],"picked":"Whirlwind","floor":1},{"not_picked":["Rampage","Armaments","Wild Strike"],"picked":"SKIP","floor":2},{"not_picked":["Havoc","Intimidate","Rupture"],"picked":"SKIP","floor":5},{"not_picked":["Anger","Rampage","Entrench"],"picked":"SKIP","floor":7},{"not_picked":["True Grit","Sword Boomerang","Rupture"],"picked":"SKIP","floor":10},{"not_picked":["Demon Form","Body Slam","Wild Strike"],"picked":"SKIP","floor":11},{"not_picked":["Shrug It Off","Heavy Blade","Havoc"],"picked":"SKIP","floor":13},{"not_picked":["Headbutt","Wild Strike"],"picked":"Flex","floor":14},{"not_picked":["Limit Break","Feed"],"picked":"Impervious","floor":16},{"not_picked":["Spot Weakness","Headbutt","Inflame"],"picked":"SKIP","floor":18},{"not_picked":["Burning Pact","Blood for Blood"],"picked":"Headbutt","floor":21},{"not_picked":["Wild Strike+1","Havoc"],"picked":"Heavy Blade+1","floor":22},{"not_picked":["Hemokinesis","Carnage","Thunderclap"],"picked":"SKIP","floor":24},{"not_picked":["Combust","Rupture+1","Uppercut"],"picked":"SKIP","floor":27},{"not_picked":["Clash","Warcry"],"picked":"Battle Trance","floor":28},{"not_picked":["Armaments","Cleave"],"picked":"Battle Trance+1","floor":29},{"not_picked":["Intimidate","Blood for Blood","Iron Wave"],"picked":"SKIP","floor":31},{"not_picked":["Body Slam+1","Shrug It Off+1","Headbutt+1"],"picked":"SKIP","floor":35},{"not_picked":["Purity","Forethought"],"picked":"Master of Strategy","floor":36},{"not_picked":["Body Slam","Infernal Blade+1","Armaments+1"],"picked":"SKIP","floor":39},{"not_picked":["Fire Breathing","Infernal Blade"],"picked":"Whirlwind","floor":41},{"not_picked":["Armaments+1","Wild Strike+1","Warcry+1"],"picked":"SKIP","floor":44},{"not_picked":["Shrug It Off+1","Anger"],"picked":"Bloodletting+1","floor":45},{"not_picked":["Cleave","Thunderclap","Dark Embrace"],"picked":"SKIP","floor":46},{"not_picked":["Clothesline","Reckless Charge+1"],"picked":"Impervious+1","floor":47}],"player_experience":389388,"relics_obtained":[{"floor":7,"key":"Ancient Tea Set"},{"floor":9,"key":"Akabeko"},{"floor":10,"key":"Gremlin Horn"},{"floor":13,"key":"Magic Flower"},{"floor":24,"key":"Bag of Marbles"},{"floor":26,"key":"MawBank"},{"floor":31,"key":"Happy Flower"},{"floor":41,"key":"Shuriken"},{"floor":43,"key":"Vajra"},{"floor":44,"key":"Toxic Egg 2"},{"floor":47,"key":"Pear"}],"event_choices":[{"damage_healed":0,"gold_gain":0,"player_choice":"Grow","damage_taken":0,"max_hp_gain":0,"max_hp_loss":0,"event_name":"Living Wall","floor":4,"gold_loss":0,"cards_upgraded":["Whirlwind"]},{"damage_healed":0,"gold_gain":50,"player_choice":"Pray","damage_taken":0,"max_hp_gain":0,"max_hp_loss":0,"event_name":"Golden Shrine","floor":8,"gold_loss":0},{"damage_healed":0,"gold_gain":0,"player_choice":"Fled","damage_taken":0,"max_hp_gain":0,"max_hp_loss":0,"event_name":"Scrap Ooze","floor":12,"gold_loss":0},{"damage_healed":0,"gold_gain":0,"player_choice":"Forge","damage_taken":0,"max_hp_gain":0,"max_hp_loss":0,"event_name":"Accursed Blacksmith","floor":20,"gold_loss":0,"cards_upgraded":["Heavy Blade"]},{"damage_healed":0,"gold_gain":0,"player_choice":"Memory 1","damage_taken":0,"max_hp_gain":0,"max_hp_loss":0,"event_name":"SensoryStone","floor":36,"gold_loss":0},{"cards_removed":["Battle Trance"],"damage_healed":0,"gold_gain":0,"player_choice":"Removed Skill","damage_taken":0,"max_hp_gain":0,"max_hp_loss":0,"event_name":"Falling","floor":37,"gold_loss":0},{"damage_healed":0,"gold_gain":0,"player_choice":"Bought 0 Potions","damage_taken":0,"max_hp_gain":0,"max_hp_loss":0,"event_name":"The Woman in Blue","floor":42,"gold_loss":0}],"is_beta":false,"boss_relics":[{"not_picked":["Snecko Eye","Runic Cube"],"picked":"Astrolabe"},{"not_picked":["Black Star","Coffee Dripper"],"picked":"Sozu"}],"items_purged_floors":[3],"is_endless":false,"potions_floor_spawned":[1,2,7,13,22,24,27,29,44,47],"killed_by":"Donu and Deca","ascension_level":20}}