{"host":"qy1e0kd24tpj3i2m","time":1612993856,"event":{"mods":["Act Like it!","BaseMod","Better Skull","Better Vampires","Colored Map","Colored Powertips","Custom Start","Faster Ascension Climbing","Friendly Minions","GifTheSpireLib","Gremlin Skip","Highlight Path","Minty Spire (QoL Compilation)","Permanent Neow","Poor People Problems","Quick Restart","Red Circlet Mod","Relic Filter Mod","Relic Sorter","Reorder Act Four","SacredBarkPlus","Shop Mod","StSLib","SuperFastMode","Transform Curses","没有小屋子和绿帽子啦"],"gold_per_floor":[114,264,4,4,4,4,29,29,55,85,97,26,26,46,46,46,46],"floor_reached":16,"language":"ZHS","playtime":368,"items_purged":["Doubt","Strike_R"],"score":312,"play_id":"c96485a6-e9a7-45b5-a174-c6fb9802ec51","local_time":"20210211065056","is_ascension_mode":true,"campfire_choices":[{"data":"Panacea","floor":6.0,"key":"SMITH"},{"data":"Burning Pact","floor":8.0,"key":"SMITH"},{"data":"Spot Weakness","floor":13.0,"key":"SMITH"},{"data":"Ghostly Armor","floor":15.0,"key":"SMITH"}],"circlet_count":0,"master_deck":["AscendersBane","Strike_R","Strike_R","Strike_R","Strike_R","Defend_R","Defend_R","Defend_R","Defend_R","Burning Pact+1","Panacea+1","Pommel Strike","Pommel Strike","Spot Weakness+1","Ghostly Armor+1"],"relics":["Burning Blood","NeowsBlessing","Membership Card","Toy Ornithopter","MerchantsRug"],"acts_visited":["Exordium"],"potions_floor_usage":[16],"damage_taken":[{"damage":0.0,"enemies":"Cultist","floor":1.0,"turns":1.0},{"damage":0.0,"enemies":"Gremlin Nob","floor":7.0,"turns":1.0},{"damage":0.0,"enemies":"3 Sentries","floor":10.0,"turns":2.0},{"damage":7.0,"enemies":"Jaw Worm","floor":11.0,"turns":4.0},{"damage":5.0,"enemies":"Small Slimes","floor":14.0,"turns":6.0},{"damage":53,"enemies":"Slime Boss","floor":16,"turns":7}],"seed_played":"-541422665391150518","potions_obtained":[{"floor":7.0,"key":"HeartOfIron"},{"floor":10.0,"key":"ColorlessPotion"}],"is_trial":false,"path_per_floor":["M","?","$","?","$","R","E","R","T","E","M","$","R","M","R","B"],"character_chosen":"IRONCLAD","items_purchased":["Membership Card","Panacea","MerchantsRug"],"campfire_rested":0,"item_purchase_floors":[3,3,12],"current_hp_per_floor":[74,74,74,67,67,67,73,73,73,75,74,74,74,75,75,27,27],"gold":46,"neow_bonus":"THREE_ENEMY_KILL","is_daily":false,"chose_seed":false,"campfire_upgraded":4,"win_rate":0.0,"timestamp":1612993856,"path_taken":["M","?","?","?","$","R","E","R","T","E","M","?","R","M","R","BOSS"],"items_purchased_type":["Relic","Card","Relic"],"build_version":"2020-12-22","purchased_purges":2,"victory":false,"max_hp_per_floor":[75,75,75,75,75,75,75,75,75,75,75,75,75,75,75,75,75],"card_choices":[{"not_picked":["Perfected Strike","Seeing Red"],"picked":"Burning Pact","floor":1.0},{"not_picked":["Iron Wave","Bloodletting"],"picked":"Pommel Strike","floor":7.0},{"not_picked":["Wild Strike","Dual Wield"],"picked":"Pommel Strike","floor":10.0},{"not_picked":["Thunderclap","Flex"],"picked":"Spot Weakness","floor":11.0},{"not_picked":["Flex","Pommel Strike"],"picked":"Ghostly Armor","floor":14.0}],"player_experience":1022345,"relics_obtained":[{"floor":7.0,"key":"Toy Ornithopter"},{"floor":10.0,"key":"Blue Candle"}],"event_choices":[{"damage_healed":0.0,"max_hp_gain":0.0,"max_hp_loss":0.0,"gold_gain":150.0,"event_name":"Liars Game","player_choice":"AGREE","floor":2.0,"gold_loss":0.0,"damage_taken":0.0,"cards_obtained":["Doubt"]},{"cards_removed":["Bash"],"damage_healed":0.0,"max_hp_gain":0.0,"max_hp_loss":0.0,"gold_gain":0.0,"event_name":"Golden Wing","player_choice":"Card Removal","floor":4.0,"gold_loss":0.0,"damage_taken":7.0}],"is_beta":false,"boss_relics":[],"items_purged_floors":[3,12],"is_endless":false,"potions_floor_spawned":[7,10],"killed_by":"Slime Boss","ascension_level":20}}