{"host":"1focbxb2e8qu7ccd","time":1612926664,"event":{"mods":["AchievementEnabler","BaseMod","Bestiary","Highlight Path","Minty Spire (QoL Compilation)","Relic Stats"],"gold_per_floor":[109,16,91,141,155,155,165,165,165,191,209,242,242,0,0,0,0],"floor_reached":16,"language":"ENG","playtime":733,"items_purged":["Strike_G"],"score":216,"play_id":"e739f1b3-c948-4280-999c-85af52365926","local_time":"20210209221104","is_ascension_mode":true,"campfire_choices":[{"data":"Noxious Fumes","floor":6.0,"key":"SMITH"},{"data":"Blade Dance","floor":8.0,"key":"SMITH"},{"floor":13,"key":"REST"},{"data":"Leg Sweep","floor":15,"key":"SMITH"}],"circlet_count":0,"master_deck":["AscendersBane","Strike_G","Strike_G","Strike_G+1","Defend_G","Defend_G","Defend_G","Defend_G","Survivor","Neutralize+1","Blade Dance+1","Noxious Fumes+1","PiercingWail","Blade Dance","Blade Dance","Dash","Leg Sweep+1"],"relics":["Ring of the Snake","Whetstone","InkBottle","Molten Egg 2","Lantern"],"acts_visited":["Exordium"],"potions_floor_usage":[12],"damage_taken":[{"damage":0.0,"enemies":"Small Slimes","floor":1.0,"turns":4.0},{"damage":0.0,"enemies":"Cultist","floor":5.0,"turns":4.0},{"damage":8.0,"enemies":"2 Louse","floor":7.0,"turns":3.0},{"damage":15.0,"enemies":"3 Sentries","floor":10.0,"turns":6.0},{"damage":0.0,"enemies":"Blue Slaver","floor":11.0,"turns":3.0},{"damage":8,"enemies":"Lagavulin","floor":12,"turns":8},{"damage":23,"enemies":"Hexaghost","floor":16,"turns":9}],"seed_played":"-2685700954290893301","potions_obtained":[{"floor":11.0,"key":"EssenceOfSteel"}],"is_trial":false,"path_per_floor":["M","$","?","?","M","R","M","R","T","E","M","E","R","$","R","B"],"character_chosen":"THE_SILENT","items_purchased":["Noxious Fumes","PiercingWail","Lantern"],"campfire_rested":1,"item_purchase_floors":[2,2,14],"current_hp_per_floor":[44,44,33,33,33,33,25,25,25,10,10,2,21,21,21,0,0],"gold":0,"neow_bonus":"REMOVE_TWO","is_daily":false,"chose_seed":false,"campfire_upgraded":3,"win_rate":0.0,"timestamp":1612926664,"path_taken":["M","$","?","?","M","R","M","R","T","E","M","E","R","$","R","BOSS"],"items_purchased_type":["Card","Card","Relic"],"build_version":"2020-12-22","purchased_purges":1,"victory":false,"max_hp_per_floor":[66,66,66,66,66,66,66,66,66,66,66,66,66,66,66,66,66],"relic_stats":{"counters":[7,37],"Whetstone":["Strike_G","Neutralize"],"obtain_stats":[{"Lantern":14,"Molten Egg 2":12,"Whetstone":9,"InkBottle":10,"Ring of the Snake":0},{"Lantern":6,"Molten Egg 2":6,"Whetstone":3,"InkBottle":4,"Ring of the Snake":0},{"Lantern":28,"Molten Egg 2":28,"Whetstone":11,"InkBottle":17,"Ring of the Snake":0}],"InkBottle":[10],"Ring of the Snake":[14]},"card_choices":[{"not_picked":["Dodge and Roll","Sucker Punch"],"picked":"Blade Dance","floor":1.0},{"not_picked":["Dodge and Roll","Flying Knee"],"picked":"Blade Dance","floor":5.0},{"not_picked":["Deflect","PiercingWail"],"picked":"Blade Dance","floor":7.0},{"not_picked":["Deadly Poison","Bullet Time"],"picked":"Dash","floor":10.0},{"not_picked":["Eviscerate","Slice"],"picked":"Leg Sweep","floor":11.0},{"not_picked":["All Out Attack+1","Flechettes+1","Noxious Fumes"],"picked":"SKIP","floor":12}],"player_experience":920978,"relics_obtained":[{"floor":9.0,"key":"Whetstone"},{"floor":10.0,"key":"InkBottle"},{"floor":12,"key":"Molten Egg 2"}],"event_choices":[{"damage_healed":0.0,"max_hp_gain":0.0,"max_hp_loss":0.0,"gold_gain":75.0,"event_name":"World of Goop","player_choice":"Gather Gold","floor":3.0,"gold_loss":0.0,"damage_taken":11.0},{"damage_healed":0.0,"max_hp_gain":0.0,"max_hp_loss":0.0,"gold_gain":50.0,"event_name":"Golden Shrine","player_choice":"Pray","floor":4.0,"gold_loss":0.0,"damage_taken":0.0}],"is_beta":false,"boss_relics":[],"items_purged_floors":[14],"is_endless":false,"potions_floor_spawned":[11],"killed_by":"Hexaghost","ascension_level":20}}