{"host":"v5dl0pdw4dbht0w1","time":1612933305,"event":{"mods":["AchievementEnabler","Ascension Reborn","BaseMod","Best Route Mod","BetterRewards","Card Filter","Card Forge","Clockwork Mod","Colored Powertips","Fiend Mod","Friendly Minions","Glutton Mod","Hermit","Hunter ?êl","Mad Scientist","Minty Spire (QoL Compilation)","READ ME - Snecko Mod","Railgun Mod","Random Character Button","Relic Filter","SIMod","SOSÅiézîb?îVéqÅj","Shop Mod","StSLib","The Administrix","The Alterego","The Blackbeard","The Bladedancer","The Bug Knight","The Clintock","The Construct","The Cursed","The Death Knight","The Forsaken","The Gatherer","The Hierophant","The Judge","The Mystic","The Necromancer","The Problem Sleuth","The Runesmith","The Servant 0.9.4","The Valiant","TheBandit","TheFirefly","TheVacant","Transform Curses","Treasure Hunter","Yohane!","Yuri Mod","thorton"],"gold_per_floor":[118,129,148,165,178,204,222,248,321,351,351,381,381,381,381,485,485,470,484,484,499,78,106,106,134,134,154,174,200,213,244,244,347,347,360,380,87,106,125,125,177,177,177,207,224,258,269,269,269,269],"floor_reached":51,"language":"ENG","playtime":4569,"items_purged":[],"score":1166,"play_id":"602dfb08-abcc-4c6d-b305-514c08351e46","local_time":"20210209230145","is_ascension_mode":false,"campfire_choices":[{"data":"Strike_G","floor":11.0,"key":"SMITH"},{"floor":13.0,"key":"REST"},{"floor":15.0,"key":"REST"},{"floor":24,"key":"REST"},{"floor":32,"key":"REST"},{"floor":40,"key":"REST"},{"floor":42,"key":"REST"},{"floor":49,"key":"REST"}],"circlet_count":0,"master_deck":["Survivor+1","Neutralize+1","Blade Dance+1","Noxious Fumes+1","Caltrops+1","Dodge and Roll+1","Acrobatics+1","Dodge and Roll+1","Poisoned Stab+1","Backflip+1","Poisoned Stab+1","Blur+1","Deflect+1","TH:BikiniMail+1","TH:BikiniMail+1","Dodge and Roll+1","Flying Knee+1","TH:DeckOfManyThings+1","Corpse Explosion+1","CurseOfTheBell","Dodge and Roll+1","Blade Dance+1","Accuracy+1","Infinite Blades+1","Accuracy+1","Caltrops+1","Accuracy+1","Infinite Blades+1","Noxious Fumes+1","TH:BikiniMail+1","Venomology+1","TH:BikiniMail+1","Backflip+1","Footwork+1","Cloak And Dagger+1","Footwork+1","Deflect+1","Backflip+1","TH:BikiniMail+1","TH:DeckOfManyThings+1","Cloak And Dagger+1"],"relics":["Ring of the Snake","Hammer of Thor","Seething Fire","Anvil of the Gods","TungstenRod","theForsaken:Lifeblossom","Sling","theForsaken:Gavel","Ancient Tea Set","TH:Strongbox","The Courier","Dream Catcher","Calling Bell","Smiling Mask","Matryoshka","Pocketwatch","MarkOfWind","Nunchaku","Prayer Beads","Darkstone Periapt","White Beast Statue","Singing Bowl","PreservedInsect","Bag of Preparation","Runic Pyramid","Shuriken","Peace Pipe","Molten Egg 2","Regal Pillow","Snake Skull"],"acts_visited":["Exordium","TheCity","TheBeyond"],"potions_floor_usage":[28,30,50,50,50,50],"damage_taken":[{"damage":3.0,"enemies":"Cultist","floor":1.0,"turns":4.0},{"damage":0.0,"enemies":"Small Slimes","floor":2.0,"turns":3.0},{"damage":0.0,"enemies":"2 Louse","floor":3.0,"turns":3.0},{"damage":0.0,"enemies":"Looter","floor":4.0,"turns":3.0},{"damage":8.0,"enemies":"Exordium Thugs","floor":5.0,"turns":5.0},{"damage":5.0,"enemies":"Gremlin Nob","floor":6.0,"turns":4.0},{"damage":0.0,"enemies":"3 Louse","floor":7.0,"turns":2.0},{"damage":2.0,"enemies":"3 Sentries","floor":8.0,"turns":5.0},{"damage":0.0,"enemies":"Gremlin Nob","floor":12.0,"turns":3.0},{"damage":6,"enemies":"The Guardian","floor":16,"turns":10},{"damage":6,"enemies":"2 Thieves","floor":18,"turns":4},{"damage":0,"enemies":"3 Byrds","floor":19,"turns":5},{"damage":0,"enemies":"Cultist and Chosen","floor":21,"turns":4},{"damage":15,"enemies":"Book of Stabbing","floor":23,"turns":6},{"damage":13,"enemies":"Gremlin Leader","floor":25,"turns":5},{"damage":5,"enemies":"Snecko","floor":27,"turns":5},{"damage":11,"enemies":"3 Cultists","floor":28,"turns":4},{"damage":2,"enemies":"Chosen and Byrds","floor":30,"turns":5},{"damage":12,"enemies":"Book of Stabbing","floor":31,"turns":7},{"damage":29,"enemies":"Automaton","floor":33,"turns":7},{"damage":18,"enemies":"3 Darklings","floor":35,"turns":4},{"damage":4,"enemies":"Orb Walker","floor":36,"turns":7},{"damage":10,"enemies":"Spire Growth","floor":38,"turns":6},{"damage":16,"enemies":"Sphere and 2 Shapes","floor":39,"turns":6},{"damage":35,"enemies":"2 Orb Walkers","floor":41,"turns":4},{"damage":9,"enemies":"Giant Head","floor":44,"turns":8},{"damage":32,"enemies":"Jaw Worm Horde","floor":45,"turns":7},{"damage":53,"enemies":"Nemesis","floor":46,"turns":7},{"damage":14,"enemies":"Maw","floor":47,"turns":8},{"damage":37,"enemies":"Donu and Deca","floor":50,"turns":8}],"seed_played":"1888299333579563815","potions_obtained":[{"floor":2.0,"key":"Explosive Potion"},{"floor":4.0,"key":"Poison Potion"},{"floor":6.0,"key":"FairyPotion"},{"floor":7.0,"key":"Strength Potion"},{"floor":16,"key":"SkillPotion"},{"floor":19,"key":"LiquidBronze"},{"floor":27,"key":"EntropicBrew"},{"floor":30,"key":"EntropicBrew"}],"is_trial":false,"path_per_floor":["M","M","M","M","M","E","M","E","T","?","R","E","R","?","R","B",null,"M","M","?","M","$","E","R","E","T","M","M","T","M","E","R","B",null,"M","M","$","M","M","R","?","R","T","E","M","E","M","?","R","B",null],"character_chosen":"THE_SILENT","items_purchased":["Blade Dance","Noxious Fumes","TungstenRod","theForsaken:Lifeblossom","Sling","Caltrops","Accuracy","Infinite Blades","Accuracy","Caltrops","Accuracy","Infinite Blades","Noxious Fumes","Shuriken","Footwork","Deflect"],"campfire_rested":7,"item_purchase_floors":[0,0,0,0,0,0,22,22,22,22,22,22,22,37,37,37],"current_hp_per_floor":[67,70,70,70,65,65,70,70,70,70,70,70,70,70,70,64,70,67,70,70,70,70,58,70,58,58,59,54,54,60,56,76,52,80,65,69,69,67,57,84,56,84,84,83,59,16,8,6,52,21],"gold":269,"neow_bonus":"","is_daily":false,"chose_seed":false,"campfire_upgraded":1,"win_rate":0.0,"timestamp":1612933305,"path_taken":["M","M","M","M","?","E","M","E","T","?","R","E","R","?","R","BOSS","M","M","?","M","$","E","R","E","T","M","M","?","M","E","R","BOSS","M","M","$","M","M","R","?","R","T","E","M","E","M","?","R","BOSS"],"items_purchased_type":["Card","Card","Relic","Relic","Relic","Card","Card","Card","Card","Card","Card","Card","Card","Relic","Card","Card"],"build_version":"2020-12-22","purchased_purges":0,"victory":true,"max_hp_per_floor":[70,70,70,70,70,70,70,70,70,70,70,70,70,70,70,70,70,70,70,70,70,70,70,70,70,70,70,70,70,72,74,76,80,80,80,82,82,84,84,86,88,90,90,92,94,98,98,98,100,100],"card_choices":[{"not_picked":["Predator","Dagger Throw"],"picked":"Dodge and Roll","floor":1.0},{"not_picked":["Underhanded Strike","Sucker Punch"],"picked":"Acrobatics","floor":2.0},{"not_picked":["Deadly Poison","Choke"],"picked":"Dodge and Roll","floor":3.0},{"not_picked":["Quick Slash","Dagger Spray"],"picked":"Poisoned Stab","floor":4.0},{"not_picked":["PiercingWail","Dagger Spray"],"picked":"Backflip","floor":5.0},{"not_picked":["Concentrate","Deadly Poison"],"picked":"Poisoned Stab","floor":6.0},{"not_picked":["TH:BikiniMail","TH:Mimic"],"picked":"SKIP","floor":6.0},{"not_picked":["Outmaneuver","Tools of the Trade"],"picked":"Blur","floor":7.0},{"not_picked":["Deadly Poison","Distraction"],"picked":"Deflect","floor":8.0},{"not_picked":["TH:CopperCoins","TH:CursedSword"],"picked":"SKIP","floor":8.0},{"not_picked":["TH:TreasureMap"],"picked":"TH:BikiniMail","floor":9.0},{"not_picked":["TH:ElvenBoots"],"picked":"TH:BikiniMail","floor":12.0},{"not_picked":["Prepared","Slice","Dagger Throw"],"picked":"SKIP","floor":12.0},{"not_picked":["Eviscerate","Dagger Throw"],"picked":"Dodge and Roll","floor":13.0},{"not_picked":["Bullet Time","Sucker Punch"],"picked":"Flying Knee","floor":15.0},{"not_picked":["TH:CursedSword"],"picked":"TH:DeckOfManyThings","floor":16},{"not_picked":["Wraith Form v2","Tools of the Trade"],"picked":"Corpse Explosion","floor":16},{"not_picked":["Deflect","Backstab"],"picked":"Dodge and Roll","floor":18},{"not_picked":["Outmaneuver","Distraction","Crippling Poison+1"],"picked":"SKIP","floor":19},{"not_picked":["Slice","Sucker Punch"],"picked":"Blade Dance","floor":21},{"not_picked":["TH:CopperCoins"],"picked":"TH:BikiniMail","floor":23},{"not_picked":["Unload","All Out Attack"],"picked":"Venomology","floor":23},{"not_picked":["TH:Mimic","TH:CursedSword"],"picked":"SKIP","floor":25},{"not_picked":["Finisher+1","Flying Knee","Tactician+1"],"picked":"SKIP","floor":25},{"not_picked":["TH:EnergyPotion"],"picked":"TH:BikiniMail","floor":26},{"not_picked":["Leg Sweep","Acrobatics"],"picked":"Backflip","floor":27},{"not_picked":["Choke+1","PiercingWail","Finisher"],"picked":"SKIP","floor":28},{"not_picked":["TH:EnergyPotion","TH:TreasureMap"],"picked":"SKIP","floor":29},{"not_picked":["PiercingWail","Burst","Terror"],"picked":"Singing Bowl","floor":30},{"not_picked":["TH:CursedSword","TH:Mimic"],"picked":"Singing Bowl","floor":31},{"not_picked":["Predator","PiercingWail"],"picked":"Footwork","floor":31},{"not_picked":["Flying Knee+1","Finisher","Dagger Throw"],"picked":"Singing Bowl","floor":32},{"not_picked":["TH:CursedSword","TH:ElvenBoots"],"picked":"Singing Bowl","floor":33},{"not_picked":["Malaise","Die Die Die","Doppelganger"],"picked":"Singing Bowl","floor":33},{"not_picked":["Underhanded Strike","Prepared+1"],"picked":"Cloak And Dagger+1","floor":35},{"not_picked":["Blade Dance","Catalyst","Well Laid Plans"],"picked":"Singing Bowl","floor":36},{"not_picked":["Bane","Well Laid Plans","Flying Knee"],"picked":"Singing Bowl","floor":38},{"not_picked":["Poisoned Stab+1","Bane"],"picked":"Backflip","floor":39},{"not_picked":["Choke","Burst","Sucker Punch"],"picked":"Singing Bowl","floor":40},{"not_picked":["Deadly Poison+1","Bane+1","Choke"],"picked":"Singing Bowl","floor":41},{"not_picked":["Reflex","Terror","Outmaneuver+1"],"picked":"Singing Bowl","floor":42},{"not_picked":["TH:Mimic"],"picked":"TH:BikiniMail","floor":43},{"not_picked":["TH:ArmorSpikes"],"picked":"TH:DeckOfManyThings","floor":44},{"not_picked":["Calculated Gamble+1","Finisher+1","Poisoned Stab+1"],"picked":"Singing Bowl","floor":44},{"not_picked":["Eviscerate+1","Riddle With Holes+1","Choke+1"],"picked":"Singing Bowl","floor":45},{"not_picked":["TH:Mimic","TH:TreasureMap"],"picked":"Singing Bowl","floor":46},{"not_picked":["PiercingWail","Leg Sweep+1","Poisoned Stab+1"],"picked":"Singing Bowl","floor":46},{"not_picked":["Sucker Punch+1","Dodge and Roll"],"picked":"Cloak And Dagger+1","floor":47},{"not_picked":["Caltrops+1","Acrobatics+1","Riddle With Holes+1"],"picked":"Singing Bowl","floor":49}],"player_experience":507157,"relics_obtained":[{"floor":6.0,"key":"theForsaken:Gavel"},{"floor":8.0,"key":"Ancient Tea Set"},{"floor":9.0,"key":"TH:Strongbox"},{"floor":12.0,"key":"Dream Catcher"},{"floor":17,"key":"Smiling Mask"},{"floor":17,"key":"Matryoshka"},{"floor":17,"key":"Pocketwatch"},{"floor":23,"key":"Nunchaku"},{"floor":25,"key":"Prayer Beads"},{"floor":26,"key":"Darkstone Periapt"},{"floor":26,"key":"White Beast Statue"},{"floor":29,"key":"Singing Bowl"},{"floor":29,"key":"PreservedInsect"},{"floor":31,"key":"Bag of Preparation"},{"floor":41,"key":"Peace Pipe"},{"floor":43,"key":"Molten Egg 2"},{"floor":44,"key":"Regal Pillow"},{"floor":46,"key":"Snake Skull"}],"event_choices":[{"damage_healed":0.0,"max_hp_gain":0.0,"max_hp_loss":0.0,"gold_gain":30.0,"event_name":"Dead Adventurer","player_choice":"Searched \u00273\u0027 times","floor":10.0,"gold_loss":0.0,"damage_taken":0.0,"relics_obtained":["The Courier"]},{"damage_healed":0.0,"max_hp_gain":0.0,"max_hp_loss":0.0,"gold_gain":0.0,"event_name":"Golden Wing","player_choice":"Ignored","floor":14.0,"gold_loss":0.0,"damage_taken":0.0},{"damage_healed":0,"gold_gain":0,"player_choice":"Fight","damage_taken":0,"max_hp_gain":0,"max_hp_loss":0,"event_name":"Mysterious Sphere","floor":41,"gold_loss":0},{"damage_healed":0,"gold_gain":0,"player_choice":"Punched","damage_taken":3,"max_hp_gain":0,"max_hp_loss":0,"event_name":"Designer","floor":48,"gold_loss":0}],"is_beta":false,"boss_relics":[{"not_picked":["Busted Crown","Fiend:Scarf"],"picked":"Calling Bell"},{"not_picked":["Empty Cage","Runic Dome"],"picked":"Runic Pyramid"}],"items_purged_floors":[],"is_endless":false,"potions_floor_spawned":[2,4,6,7,16,19,21,27,28,30,31,33,35,36,38,39,41,44,45,46,47],"ascension_level":0}}