{"host":"imy0w7zcgpxryx7c","time":1612929559,"event":{"mods":["AchievementEnabler","BaseMod","Colored Map","Colored Powertips","Minty Spire (QoL Compilation)","Relic Sorter","StSLib"],"gold_per_floor":[117,117,67,78,97,97,25,25,25,25,100,25,38,49,49,146,146,159,173,186,199,216,216,248,260,335,250,300,317,317,317],"floor_reached":30,"language":"ENG","playtime":2225,"items_purged":["Strike_P"],"score":350,"play_id":"760e9447-2314-4a11-b126-ed370bc7f040","local_time":"20210209225919","is_ascension_mode":true,"campfire_choices":[{"data":"Adaptation","floor":6.0,"key":"SMITH"},{"data":"BattleHymn","floor":8.0,"key":"SMITH"},{"data":"Eruption","floor":10.0,"key":"SMITH"},{"data":"SashWhip","floor":15.0,"key":"SMITH"},{"floor":23,"key":"REST"}],"circlet_count":0,"master_deck":["Strike_P","Strike_P","Strike_P","Defend_P","Defend_P","Eruption+1","Vigilance","ThirdEye","Adaptation+1","SashWhip+1","BattleHymn+1","Crescendo","EmptyFist","DeusExMachina","SashWhip+1","Sanctity","FollowUp","Study","Vengeance","LikeWater","Consecrate","Evaluate"],"relics":["PureWater","NeowsBlessing","Matryoshka","SacredBark","TeardropLocket","Mummified Hand","Bottled Flame","Regal Pillow"],"acts_visited":["Exordium","TheCity"],"potions_floor_usage":[18,19,24,24,25],"damage_taken":[{"damage":0.0,"enemies":"Cultist","floor":1.0,"turns":1.0},{"damage":0.0,"enemies":"2 Louse","floor":4.0,"turns":1.0},{"damage":0.0,"enemies":"Jaw Worm","floor":5.0,"turns":1.0},{"damage":1.0,"enemies":"2 Fungi Beasts","floor":13.0,"turns":2.0},{"damage":4.0,"enemies":"Exordium Wildlife","floor":14.0,"turns":3.0},{"damage":27,"enemies":"Hexaghost","floor":16,"turns":8},{"damage":8,"enemies":"2 Thieves","floor":18,"turns":3},{"damage":5,"enemies":"Shell Parasite","floor":19,"turns":3},{"damage":18,"enemies":"Shelled Parasite and Fungi","floor":20,"turns":3},{"damage":5,"enemies":"Snake Plant","floor":21,"turns":3},{"damage":17,"enemies":"Centurion and Healer","floor":22,"turns":4},{"damage":0,"enemies":"Gremlin Leader","floor":24,"turns":3},{"damage":0,"enemies":"Sentry and Sphere","floor":25,"turns":3},{"damage":20,"enemies":"Snake Plant","floor":29,"turns":3},{"damage":0,"enemies":"Centurion and Healer","floor":30,"turns":1}],"seed_played":"6274510700385893118","potions_obtained":[{"floor":1.0,"key":"StancePotion"},{"floor":4.0,"key":"Block Potion"},{"floor":14.0,"key":"Explosive Potion"},{"floor":16,"key":"Swift Potion"},{"floor":18,"key":"Ancient Potion"},{"floor":20,"key":"Explosive Potion"},{"floor":21,"key":"Explosive Potion"},{"floor":24,"key":"DuplicationPotion"},{"floor":29,"key":"BlessingOfTheForge"}],"is_trial":false,"path_per_floor":["M","?","?","M","M","R","$","R","T","R","?","$","M","M","R","B",null,"M","M","M","M","M","R","E","M","T","?","?","M","M"],"character_chosen":"WATCHER","items_purchased":["BattleHymn"],"campfire_rested":1,"item_purchase_floors":[7],"current_hp_per_floor":[65,58,58,58,58,58,58,58,58,58,47,47,46,42,42,15,58,50,45,27,22,5,26,26,26,26,26,26,6,6,6],"gold":317,"neow_bonus":"THREE_ENEMY_KILL","is_daily":false,"chose_seed":false,"campfire_upgraded":4,"win_rate":0.0,"timestamp":1612929559,"path_taken":["M","?","?","M","M","R","?","R","T","R","?","$","M","?","R","BOSS","M","M","M","M","M","R","E","M","T","?","?","?","M"],"items_purchased_type":["Card"],"build_version":"2020-12-22","purchased_purges":1,"victory":false,"max_hp_per_floor":[72,72,72,72,72,72,72,72,72,72,72,72,72,72,72,72,72,72,72,72,72,72,72,72,72,72,72,72,72,72,72],"card_choices":[{"not_picked":["Vengeance","EmptyBody"],"picked":"ThirdEye","floor":1.0},{"not_picked":["Perseverance","Halt"],"picked":"Adaptation","floor":4.0},{"not_picked":["FlyingSleeves","CutThroughFate"],"picked":"SashWhip","floor":5.0},{"not_picked":["Swivel","ClearTheMind"],"picked":"Crescendo","floor":13.0},{"not_picked":["CutThroughFate","Devotion"],"picked":"EmptyFist","floor":14.0},{"not_picked":["DevaForm","Judgement"],"picked":"DeusExMachina","floor":16},{"not_picked":["ThirdEye","WaveOfTheHand"],"picked":"SashWhip+1","floor":18},{"not_picked":["Weave+1","BattleHymn"],"picked":"Sanctity","floor":19},{"not_picked":["EmptyBody","ThirdEye"],"picked":"FollowUp","floor":20},{"not_picked":["Perseverance","CutThroughFate"],"picked":"Study","floor":21},{"not_picked":["PathToVictory","ReachHeaven"],"picked":"Vengeance","floor":22},{"not_picked":["PathToVictory+1","Vengeance"],"picked":"LikeWater","floor":24},{"not_picked":["Protect","PathToVictory"],"picked":"Consecrate","floor":25},{"not_picked":["ClearTheMind","Swivel"],"picked":"Evaluate","floor":29}],"player_experience":390431,"relics_obtained":[{"floor":9.0,"key":"Matryoshka"},{"floor":24,"key":"TeardropLocket"},{"floor":26,"key":"Mummified Hand"},{"floor":26,"key":"Bottled Flame"}],"event_choices":[{"cards_removed":["Defend_P"],"damage_healed":0.0,"max_hp_gain":0.0,"max_hp_loss":0.0,"gold_gain":0.0,"event_name":"Golden Wing","player_choice":"Card Removal","floor":2.0,"gold_loss":0.0,"damage_taken":7.0},{"cards_removed":["Defend_P"],"damage_healed":0.0,"max_hp_gain":0.0,"max_hp_loss":0.0,"gold_gain":0.0,"event_name":"The Cleric","player_choice":"Card Removal","floor":3.0,"gold_loss":50.0,"damage_taken":0.0},{"damage_healed":0.0,"max_hp_gain":0.0,"max_hp_loss":0.0,"gold_gain":75.0,"event_name":"World of Goop","player_choice":"Gather Gold","floor":11.0,"gold_loss":0.0,"damage_taken":11.0},{"damage_healed":0,"gold_gain":0,"player_choice":"Obtained Relic","damage_taken":0,"relics_obtained":["Regal Pillow"],"max_hp_gain":0,"max_hp_loss":0,"event_name":"Addict","floor":27,"gold_loss":85},{"damage_healed":0,"gold_gain":100,"player_choice":"Bet on Murderer","damage_taken":0,"max_hp_gain":0,"max_hp_loss":0,"event_name":"The Joust","floor":28,"gold_loss":50}],"is_beta":false,"boss_relics":[{"not_picked":["Philosopher\u0027s Stone","Velvet Choker"],"picked":"SacredBark"}],"items_purged_floors":[12],"is_endless":false,"potions_floor_spawned":[1,4,14,16,18,20,21,24,29],"killed_by":"Centurion and Healer","ascension_level":6}}