{"host":"sc0o2qwpf9j16a4i","time":1612969334,"event":{"mods":["AchievementEnabler","BaseMod","BetterRewards","Block Reminder","Colored Map","Colored Powertips","Custom Start","Highlight Path","Minty Spire (QoL Compilation)","Relic Stats"],"gold_per_floor":[159,119,170,27,66,165,213,273,325,358,358,358,358,7,7,304,304,343,343,394,394,394,481,511,541,564,645,33,120,120,180,180,495,495,552,552],"floor_reached":35,"language":"ENG","playtime":1252,"items_purged":[],"score":594,"play_id":"58aea084-491b-47e8-a3d1-a222c13b8ba0","local_time":"20210210170214","daily_mods":["Insanity","Diverse","Midas"],"is_ascension_mode":false,"campfire_choices":[{"floor":11,"key":"REST"},{"floor":15,"key":"REST"},{"floor":30,"key":"REST"},{"floor":32,"key":"REST"}],"circlet_count":0,"master_deck":["Blade Dance","Dagger Throw","Second Wind","Sword Boomerang","Wild Strike","Headbutt","JustLucky","WreathOfFlame","Reflex","Underhanded Strike","Flex","Go for the Eyes","Protect","Wild Strike","Poisoned Stab","Go for the Eyes","Flame Barrier","Shrug It Off","Glacier","ForeignInfluence","Pommel Strike","Chill","Chaos","Prepared","Noxious Fumes","Dodge and Roll","CrushJoints","Burning Pact","Ball Lightning","Acrobatics","Streamline","Sweeping Beam","Sweeping Beam","Leap","Bouncing Flask","FlurryOfBlows","JustLucky","Blood for Blood","Accuracy","Backflip","Predator","Choke","Turbo","Pommel Strike","Sweeping Beam","Fasting2","EmptyFist","FlurryOfBlows","Pommel Strike","Underhanded Strike","Catalyst","Poisoned Stab","Whirlwind","Infinite Blades","White Noise","Hologram","Bouncing Flask","Apotheosis","CrushJoints","Night Terror","Leap+1","Bite","Bite","Bite","Bite","Bite","Dodge and Roll+1","Disarm+1","Burst","Second Wind+1","Protect","Barricade","Corpse Explosion","Dark Embrace+1","Echo Form","ThirdEye"],"relics":["Burning Blood","PreservedInsect","Tiny Chest","Centennial Puzzle","Question Card","Sling","Mark of Pain","Nloth\u0027s Gift","Letter Opener","Omamori","Red Skull","Boot","OrangePellets","Incense Burner","Busted Crown"],"acts_visited":["Exordium","TheCity","TheBeyond"],"potions_floor_usage":[16,27,27,29,33,35],"damage_taken":[{"damage":12,"enemies":"2 Louse","floor":1,"turns":2},{"damage":0,"enemies":"Small Slimes","floor":3,"turns":2},{"damage":0,"enemies":"Jaw Worm","floor":5,"turns":2},{"damage":16,"enemies":"Gremlin Nob","floor":6,"turns":4},{"damage":5,"enemies":"3 Louse","floor":7,"turns":2},{"damage":5,"enemies":"Large Slime","floor":8,"turns":4},{"damage":7,"enemies":"Red Slaver","floor":10,"turns":2},{"damage":0,"enemies":"Slime Boss","floor":16,"turns":4},{"damage":12,"enemies":"Shell Parasite","floor":18,"turns":4},{"damage":26,"enemies":"2 Thieves","floor":20,"turns":4},{"damage":18,"enemies":"Gremlin Leader","floor":23,"turns":6},{"damage":7,"enemies":"Snecko","floor":24,"turns":4},{"damage":42,"enemies":"Snake Plant","floor":25,"turns":5},{"damage":6,"enemies":"Slavers","floor":27,"turns":4},{"damage":0,"enemies":"Book of Stabbing","floor":29,"turns":3},{"damage":0,"enemies":"3 Cultists","floor":31,"turns":2},{"damage":11,"enemies":"Automaton","floor":33,"turns":11},{"damage":8,"enemies":"3 Darklings","floor":35,"turns":6}],"seed_played":"-6883343048586623114","potions_obtained":[{"floor":2,"key":"BlessingOfTheForge"},{"floor":2,"key":"DistilledChaos"},{"floor":2,"key":"Strength Potion"},{"floor":5,"key":"FearPotion"},{"floor":18,"key":"Dexterity Potion"}],"is_trial":true,"path_per_floor":["M","?","M","$","M","E","M","M","T","M","R","?","T","$","R","B",null,"M","?","M","?","T","E","M","M","T","E","$","E","R","M","R","B",null,"M"],"character_chosen":"IRONCLAD","items_purchased":["PreservedInsect","Apotheosis","Sling","CrushJoints","OrangePellets","Barricade","Corpse Explosion","HeartOfIron","AttackPotion"],"campfire_rested":4,"item_purchase_floors":[4,14,14,14,28,28,28,28,28],"current_hp_per_floor":[74,74,80,80,80,70,71,72,72,71,80,77,77,77,80,80,80,74,56,38,38,38,32,37,7,7,9,9,15,31,43,56,54,56,55,55],"gold":552,"neow_bonus":"","is_daily":false,"chose_seed":false,"campfire_upgraded":0,"win_rate":0.0,"timestamp":1612969334,"path_taken":["M","?","M","?","M","E","?","M","T","?","R","?","?","?","R","BOSS","M","?","M","?","?","E","M","M","T","E","?","E","R","?","R","BOSS","M"],"items_purchased_type":["Relic","Card","Relic","Card","Relic","Card","Card","Potion","Potion"],"build_version":"2020-12-22","purchased_purges":0,"victory":false,"max_hp_per_floor":[80,80,80,80,80,80,80,80,80,80,80,80,80,80,80,80,80,80,56,56,56,56,56,56,56,56,56,56,56,56,56,56,56,56,56,56],"relic_stats":{"OrangePellets":[0],"Centennial Puzzle":[27],"Busted Crown":2,"counters":[18,71],"Tiny Chest":2,"PreservedInsect":145,"Nloth\u0027s Gift":0,"Letter Opener":[57],"Question Card":11,"Boot":[19],"obtain_stats":[{"Blue Candle":12,"PreservedInsect":4,"Omamori":23,"Incense Burner":29,"Letter Opener":22,"Question Card":13,"Sling":14,"Boot":27,"Burning Blood":0,"OrangePellets":28,"Centennial Puzzle":9,"Busted Crown":34,"Tiny Chest":6,"Mark of Pain":17,"Nloth\u0027s Gift":21,"Red Skull":26},{"Blue Candle":7,"PreservedInsect":2,"Omamori":11,"Incense Burner":15,"Letter Opener":10,"Question Card":7,"Sling":7,"Boot":14,"Burning Blood":0,"OrangePellets":14,"Centennial Puzzle":6,"Busted Crown":17,"Tiny Chest":4,"Mark of Pain":8,"Nloth\u0027s Gift":10,"Red Skull":13},{"Blue Candle":18,"PreservedInsect":4,"Omamori":36,"Incense Burner":52,"Letter Opener":30,"Question Card":18,"Sling":18,"Boot":49,"Burning Blood":0,"OrangePellets":49,"Centennial Puzzle":16,"Busted Crown":65,"Tiny Chest":10,"Mark of Pain":22,"Nloth\u0027s Gift":30,"Red Skull":45}],"Burning Blood":96},"card_choices":[{"not_picked":["Prostrate","Flying Knee"],"picked":"Catalyst","floor":1},{"not_picked":["WreathOfFlame","Setup"],"picked":"Poisoned Stab","floor":3},{"not_picked":["Sweeping Beam","ThirdEye"],"picked":"Whirlwind","floor":5},{"not_picked":["Ball Lightning","Melter"],"picked":"Infinite Blades","floor":6},{"not_picked":["Quick Slash","Intimidate"],"picked":"White Noise","floor":7},{"not_picked":["Consecrate","Poisoned Stab"],"picked":"Hologram","floor":8},{"not_picked":["FollowUp","FearNoEvil"],"picked":"Bouncing Flask","floor":10},{"not_picked":["Phantasmal Killer","After Image","Brutality"],"picked":"Night Terror","floor":16},{"not_picked":["ClearTheMind+1","SashWhip","Cold Snap"],"picked":"Leap+1","floor":18},{"not_picked":["PiercingWail","Pommel Strike","Cold Snap"],"picked":"Dodge and Roll+1","floor":20},{"not_picked":["EmptyFist","Weave","Steam"],"picked":"Disarm+1","floor":23},{"not_picked":["Fusion","Acrobatics","FlyingSleeves+1"],"picked":"Burst","floor":24},{"not_picked":["Ball Lightning","Reflex","Sword Boomerang+1"],"picked":"Second Wind+1","floor":25},{"not_picked":["Static Discharge+1","Lockon","Defragment+1"],"picked":"Protect","floor":27},{"not_picked":["SignatureMove","Cold Snap","EmptyMind","Barricade"],"picked":"SKIP","floor":29},{"not_picked":["Crippling Poison","Infernal Blade","Underhanded Strike"],"picked":"Dark Embrace+1","floor":31},{"not_picked":["Grand Finale","Reboot","Envenom"],"picked":"Echo Form","floor":33},{"not_picked":["Searing Blow"],"picked":"ThirdEye","floor":35}],"player_experience":1311604,"relics_obtained":[{"floor":6,"key":"Tiny Chest"},{"floor":9,"key":"Centennial Puzzle"},{"floor":13,"key":"Question Card"},{"floor":22,"key":"Letter Opener"},{"floor":23,"key":"Omamori"},{"floor":26,"key":"Red Skull"},{"floor":27,"key":"Boot"},{"floor":29,"key":"Incense Burner"}],"event_choices":[{"damage_healed":0,"gold_gain":0,"player_choice":"Bought 3 Potions","damage_taken":0,"max_hp_gain":0,"max_hp_loss":0,"event_name":"The Woman in Blue","floor":2,"gold_loss":0},{"damage_healed":0,"gold_gain":0,"player_choice":"Success","damage_taken":3,"relics_obtained":["Blue Candle"],"max_hp_gain":0,"max_hp_loss":0,"event_name":"Scrap Ooze","floor":12,"gold_loss":0},{"damage_healed":0,"gold_gain":0,"player_choice":"Became a vampire","damage_taken":0,"max_hp_gain":0,"max_hp_loss":24,"event_name":"Vampires","floor":19,"gold_loss":0,"cards_obtained":["Bite","Bite","Bite","Bite","Bite"]},{"damage_healed":0,"gold_gain":0,"player_choice":"Traded Relic","damage_taken":0,"relics_obtained":["Nloth\u0027s Gift"],"max_hp_gain":0,"max_hp_loss":0,"event_name":"N\u0027loth","floor":21,"relics_lost":["Blue Candle"],"gold_loss":0}],"is_beta":false,"boss_relics":[{"not_picked":["Black Star","Sozu"],"picked":"Mark of Pain"},{"not_picked":["Tiny House","Calling Bell"],"picked":"Busted Crown"}],"items_purged_floors":[],"is_endless":false,"potions_floor_spawned":[3,5,6,10,18,24,25],"killed_by":"3 Darklings","ascension_level":0}}