{"host":"4so6zk3ni2nu7g2c","time":1612972009,"event":{"mods":["Act Like it!","BaseMod","Gensokyo","Hallownest","Marisa£®ÏF”Í°°ƒß¿Ì…≥£©","Minty Spire (QoL Compilation)","Prisma Mod","Quick Restart","Remilia£®¿Ÿ√◊¿Ú—«£©","Replay The Spire","Shop Mod","StSLib","The Bug Knight"],"gold_per_floor":[118,3,17,17,117,117,48,373,373,373,422,437,471,489,489,489,489],"floor_reached":16,"language":"ZHS","playtime":528,"items_purged":[],"score":121,"play_id":"99c942a4-60e1-4276-b787-d7ee17208aae","local_time":"20210210234649","is_ascension_mode":true,"campfire_choices":[{"data":"HollowMod:PogoStrike","floor":6,"key":"SMITH"},{"data":"HollowMod:MawleksShell","floor":10,"key":"SMITH"},{"data":"HollowMod:theNailsmith","floor":15,"key":"SMITH"}],"circlet_count":0,"master_deck":["HollowMod:NailStrikeStart","HollowMod:NailStrikeStart","HollowMod:NailStrikeStart","HollowMod:NailStrikeStart","HollowMod:QuickDashStart","HollowMod:QuickDashStart","HollowMod:QuickDashStart","HollowMod:QuickDashStart","HollowMod:FocusHealStart","HollowMod:PogoStrike+1","HollowMod:CloakDash","HollowMod:MylasSalvation","HollowMod:MawleksShell+1","HollowMod:CycloneSlash","HollowMod:theNailsmith+1"],"relics":["HollowMod:VesselMask","NeowsBlessing","Potion Belt","Replay:Accelerometer","Eternal Feather","Oddly Smooth Stone","PreservedInsect","HollowMod:IsmasTear"],"acts_visited":["Gensokyo:Gensokyo"],"potions_floor_usage":[16],"damage_taken":[{"damage":0,"enemies":"Gensokyo:Gryphon","floor":1,"turns":1},{"damage":0,"enemies":"Gensokyo:3_Fairies","floor":3,"turns":3},{"damage":2,"enemies":"Gensokyo:Cirno","floor":8,"turns":2},{"damage":0,"enemies":"Gensokyo:2_Kodama","floor":12,"turns":2},{"damage":48,"enemies":"Gensokyo:Aya","floor":13,"turns":7},{"damage":0,"enemies":"Gensokyo:5_Fairies","floor":14,"turns":3},{"damage":49,"enemies":"Gensokyo:Kokoro","floor":16,"turns":10}],"seed_played":"-7022485629085434176","potions_obtained":[{"floor":1,"key":"DuplicationPotion"},{"floor":8,"key":"Swift Potion"}],"is_trial":false,"path_per_floor":["M","COS","M","?","?","R","$","E","T","R","T","M","E","M","R","B"],"character_chosen":"THE_BUGKNIGHT","items_purchased":["HollowMod:MawleksShell"],"campfire_rested":0,"item_purchase_floors":[7],"current_hp_per_floor":[75,75,75,75,75,75,75,73,73,75,75,75,27,33,42,0,0],"gold":489,"neow_bonus":"THREE_ENEMY_KILL","is_daily":false,"chose_seed":false,"campfire_upgraded":3,"win_rate":0.0,"timestamp":1612972009,"path_taken":["M","COS","M","?","?","R","?","E","T","R","?","?","E","M","R","BOSS"],"items_purchased_type":["Card"],"build_version":"2020-12-22","purchased_purges":0,"victory":false,"max_hp_per_floor":[75,75,75,75,75,75,75,75,75,75,75,75,75,75,75,75,75],"card_choices":[{"not_picked":["HollowMod:DungDefenderAura","HollowMod:NewGlowingWomb","HollowMod:SiblingsSouls"],"picked":"SKIP","floor":1},{"not_picked":["HollowMod:VengefulVoid","HollowMod:TaintedHusks"],"picked":"HollowMod:CloakDash","floor":3},{"not_picked":["HollowMod:HeavyBlow","HollowMod:GrimmsGift"],"picked":"HollowMod:CycloneSlash","floor":8},{"not_picked":["HollowMod:InfectedAttack","HollowMod:DescendingDark"],"picked":"HollowMod:theNailsmith","floor":12},{"not_picked":["HollowMod:CycloneSlash","HollowMod:DescendingDark","HollowMod:BlackTendrils"],"picked":"SKIP","floor":13},{"not_picked":["HollowMod:RecoilStrike","HollowMod:ChannelNail","HollowMod:SoulShaman"],"picked":"SKIP","floor":14}],"player_experience":418467,"relics_obtained":[{"floor":8,"key":"Replay:Accelerometer"},{"floor":9,"key":"Eternal Feather"},{"floor":11,"key":"Oddly Smooth Stone"},{"floor":13,"key":"HollowMod:IsmasTear"}],"event_choices":[],"is_beta":false,"boss_relics":[],"items_purged_floors":[],"is_endless":false,"potions_floor_spawned":[1,8],"killed_by":"Gensokyo:Kokoro","ascension_level":3}}