{"host":"oehe2dxjvdgux73m","time":1612964365,"event":{"mods":["AchievementEnabler","BaseMod","Colored Map","Colored Powertips","DeckTracker","Keyboard Shortcuts","Minty Spire (QoL Compilation)","Permanent Neow","Quick Restart","StSLib","SuperFastMode"],"gold_per_floor":[144,144,189,234,162,252,252,342,342,292,337,382,107,152,152,452,452,497,547,592,637,682,682,772,817,867,879,891,948,1005,1062,1074,1386,1398,1455,1154,1154,1199,1244,1244,1289,1334,1359,1359,1359],"floor_reached":46,"language":"KOR","playtime":2115,"items_purged":["BowlingBash"],"score":756,"play_id":"9b9a7718-f3ba-47e1-8037-774767037214","local_time":"20210210223925","daily_mods":["SealedDeck","Purple Cards","Midas"],"is_ascension_mode":false,"campfire_choices":[{"floor":7.0,"key":"REST"},{"floor":15.0,"key":"REST"},{"floor":23.0,"key":"REST"},{"floor":28.0,"key":"REST"},{"floor":32.0,"key":"REST"},{"floor":40.0,"key":"REST"}],"circlet_count":0,"master_deck":["Evaluate+1","CrushJoints+1","Backflip+1","PiercingWail+1","Backflip+1","Blade Dance+1","Vengeance+1","InnerPeace+1","EmptyBody+1","Sanctity+1","LessonLearned+1","Flechettes+1","Backflip+1","After Image+1","WindmillStrike+1","SandsOfTime+1","Blade Dance+1","Prostrate+1","Deflect+1","Adrenaline+1","Concentrate+1","PiercingWail","Footwork+1","SpiritShield+1"],"relics":["Ring of the Snake","Snake Skull","Vajra","Centennial Puzzle","Membership Card","Sundial","WristBlade","PreservedInsect","MawBank","Runic Pyramid","Pen Nib","Potion Belt","Toolbox","Mark of the Bloom","Prayer Wheel","Bag of Preparation"],"acts_visited":["Exordium","TheCity","TheBeyond"],"potions_floor_usage":[42],"damage_taken":[{"damage":0.0,"enemies":"Jaw Worm","floor":1.0,"turns":3.0},{"damage":0.0,"enemies":"Small Slimes","floor":3.0,"turns":2.0},{"damage":0.0,"enemies":"Cultist","floor":4.0,"turns":2.0},{"damage":27.0,"enemies":"Gremlin Nob","floor":6.0,"turns":5.0},{"damage":0.0,"enemies":"Lagavulin","floor":8.0,"turns":3.0},{"damage":0.0,"enemies":"2 Fungi Beasts","floor":11.0,"turns":2.0},{"damage":2.0,"enemies":"Large Slime","floor":12.0,"turns":5.0},{"damage":5.0,"enemies":"3 Louse","floor":14.0,"turns":2.0},{"damage":16.0,"enemies":"Slime Boss","floor":16.0,"turns":5.0},{"damage":11.0,"enemies":"3 Byrds","floor":18.0,"turns":7.0},{"damage":14.0,"enemies":"2 Thieves","floor":20.0,"turns":4.0},{"damage":3.0,"enemies":"Snake Plant","floor":21.0,"turns":3.0},{"damage":0.0,"enemies":"Chosen and Byrds","floor":22.0,"turns":6.0},{"damage":19.0,"enemies":"Slavers","floor":24.0,"turns":4.0},{"damage":10.0,"enemies":"Shelled Parasite and Fungi","floor":25.0,"turns":4.0},{"damage":0.0,"enemies":"Centurion and Healer","floor":29.0,"turns":6.0},{"damage":0.0,"enemies":"3 Cultists","floor":30.0,"turns":6.0},{"damage":0.0,"enemies":"Snecko","floor":31.0,"turns":3.0},{"damage":58.0,"enemies":"Collector","floor":33.0,"turns":8.0},{"damage":1.0,"enemies":"3 Shapes","floor":35.0,"turns":4.0},{"damage":0.0,"enemies":"2 Orb Walkers","floor":38.0,"turns":3.0},{"damage":6.0,"enemies":"Orb Walker","floor":39.0,"turns":3.0},{"damage":2.0,"enemies":"Maw","floor":41.0,"turns":6.0},{"damage":26,"enemies":"Sphere and 2 Shapes","floor":42,"turns":6},{"damage":8,"enemies":"Awakened One","floor":45,"turns":11}],"seed_played":"-5810517303651203205","potions_obtained":[{"floor":1.0,"key":"PowerPotion"},{"floor":3.0,"key":"Explosive Potion"},{"floor":6.0,"key":"Ancient Potion"},{"floor":11.0,"key":"DistilledChaos"},{"floor":18.0,"key":"SteroidPotion"},{"floor":21.0,"key":"Swift Potion"},{"floor":30.0,"key":"FearPotion"},{"floor":31.0,"key":"Dexterity Potion"},{"floor":35.0,"key":"Swift Potion"}],"is_trial":false,"path_per_floor":["M","?","M","M","$","E","R","E","T","?","M","M","$","M","R","B",null,"M","?","M","M","M","R","E","M","T","$","R","M","M","M","R","B",null,"M","$","?","?","M","R","M","M","T","?","B",null],"character_chosen":"THE_SILENT","items_purchased":["LessonLearned","Membership Card","Sundial","Pen Nib","Potion Belt","Toolbox","FairyPotion"],"campfire_rested":6,"item_purchase_floors":[5,13,13,36,36,36,36],"current_hp_per_floor":[70,70,70,70,70,43,64,64,64,64,64,62,62,57,70,54,70,59,59,45,42,42,63,44,34,34,34,55,55,55,55,70,12,70,69,69,69,69,63,63,61,35,35,35,27],"gold":1359,"neow_bonus":"","is_daily":true,"chose_seed":false,"campfire_upgraded":0,"win_rate":0.0,"timestamp":1612964365,"path_taken":["M","?","M","M","$","E","R","E","T","?","M","M","$","M","R","BOSS","M","?","?","M","M","R","E","M","T","$","R","M","M","M","R","BOSS","M","$","?","?","M","R","M","M","T","?","BOSS"],"items_purchased_type":["Card","Relic","Relic","Relic","Relic","Relic","Potion"],"build_version":"2020-12-22","purchased_purges":1,"victory":true,"max_hp_per_floor":[70,70,70,70,70,70,70,70,70,70,70,70,70,70,70,70,70,70,70,70,70,70,70,70,70,70,70,70,70,70,70,70,70,70,70,70,70,70,70,70,70,70,70,70,70],"card_choices":[{"not_picked":["FollowUp","Dagger Throw"],"picked":"EmptyBody","floor":1.0},{"not_picked":["Consecrate","Endless Agony"],"picked":"Sanctity","floor":3.0},{"not_picked":["Sucker Punch","Evaluate","Protect"],"picked":"SKIP","floor":4.0},{"not_picked":["Prepared","Blasphemy"],"picked":"Flechettes","floor":6.0},{"not_picked":["EmptyBody","LikeWater","Underhanded Strike"],"picked":"SKIP","floor":8.0},{"not_picked":["Protect","Acrobatics"],"picked":"Backflip","floor":11.0},{"not_picked":["WheelKick","Consecrate","Deadly Poison"],"picked":"SKIP","floor":12.0},{"not_picked":["Judgement","SignatureMove","CutThroughFate"],"picked":"SKIP","floor":14.0},{"not_picked":["Phantasmal Killer","A Thousand Cuts"],"picked":"After Image","floor":16.0},{"not_picked":["EmptyMind","FlyingSleeves"],"picked":"WindmillStrike","floor":18.0},{"not_picked":["Reflex","FlurryOfBlows","Noxious Fumes+1"],"picked":"SKIP","floor":20.0},{"not_picked":["BowlingBash","Cloak And Dagger+1"],"picked":"SandsOfTime+1","floor":21.0},{"not_picked":["Endless Agony+1","PiercingWail"],"picked":"Blade Dance","floor":22.0},{"not_picked":["Deadly Poison","Poisoned Stab"],"picked":"Prostrate","floor":24.0},{"not_picked":["Bane","Noxious Fumes+1"],"picked":"Deflect+1","floor":25.0},{"not_picked":["FollowUp","Dagger Spray"],"picked":"Adrenaline","floor":29.0},{"not_picked":["Riddle With Holes","MentalFortress+1"],"picked":"Concentrate","floor":30.0},{"not_picked":["Dodge and Roll","Underhanded Strike","Deadly Poison"],"picked":"SKIP","floor":31.0},{"not_picked":["FlyingSleeves","Protect+1","EmptyBody"],"picked":"SKIP","floor":35.0},{"not_picked":["Outmaneuver","Protect+1"],"picked":"PiercingWail","floor":38.0},{"not_picked":["Prostrate+1","WheelKick"],"picked":"Footwork+1","floor":39.0},{"not_picked":["CrushJoints","Halt","Slice"],"picked":"SKIP","floor":39.0},{"not_picked":["Accuracy","BowlingBash"],"picked":"SpiritShield","floor":41},{"not_picked":["PathToVictory+1","Noxious Fumes","Consecrate"],"picked":"SKIP","floor":41},{"not_picked":["Flying Knee","BowlingBash","EmptyBody+1"],"picked":"SKIP","floor":42},{"not_picked":["Cloak And Dagger+1","Eviscerate","Corpse Explosion"],"picked":"SKIP","floor":42}],"player_experience":448949,"relics_obtained":[{"floor":6.0,"key":"Snake Skull"},{"floor":8.0,"key":"Vajra"},{"floor":9.0,"key":"Centennial Puzzle"},{"floor":24.0,"key":"PreservedInsect"},{"floor":26.0,"key":"MawBank"},{"floor":38.0,"key":"Prayer Wheel"},{"floor":43,"key":"Bag of Preparation"}],"event_choices":[{"damage_healed":0.0,"max_hp_gain":0.0,"max_hp_loss":0.0,"gold_gain":0.0,"event_name":"Liars Game","player_choice":"Ignored","floor":2.0,"gold_loss":0.0,"damage_taken":0.0},{"cards_removed":["ClearTheMind"],"damage_healed":0.0,"max_hp_gain":0.0,"max_hp_loss":0.0,"gold_gain":0.0,"event_name":"The Cleric","player_choice":"Card Removal","floor":10.0,"gold_loss":50.0,"damage_taken":0.0},{"damage_healed":0.0,"max_hp_gain":0.0,"max_hp_loss":0.0,"gold_gain":100.0,"event_name":"The Joust","player_choice":"Bet on Murderer","floor":19.0,"gold_loss":50.0,"damage_taken":0.0},{"damage_healed":0.0,"max_hp_gain":0.0,"max_hp_loss":0.0,"gold_gain":0.0,"event_name":"MindBloom","player_choice":"Upgrade","floor":37.0,"gold_loss":0.0,"damage_taken":0.0,"cards_upgraded":["Evaluate","Backflip","PiercingWail","Backflip","InnerPeace","Flechettes","After Image","Blade Dance","Concentrate"],"relics_obtained":["Mark of the Bloom"]},{"damage_healed":0.0,"max_hp_gain":0.0,"max_hp_loss":0.0,"gold_gain":0.0,"event_name":"Mysterious Sphere","player_choice":"Fight","floor":38.0,"gold_loss":0.0,"damage_taken":0.0},{"damage_healed":0,"gold_gain":0,"player_choice":"Took Portal","damage_taken":0,"max_hp_gain":0,"max_hp_loss":0,"event_name":"SecretPortal","floor":44,"gold_loss":0}],"is_beta":false,"boss_relics":[{"not_picked":["Ring of the Serpent","Philosopher\u0027s Stone"],"picked":"WristBlade"},{"not_picked":["Runic Dome","Snecko Eye"],"picked":"Runic Pyramid"}],"items_purged_floors":[36],"is_endless":false,"potions_floor_spawned":[1,3,6,11,14,18,21,30,31,35],"ascension_level":0}}