{"host":"28p8ce41sjwa6lzf","time":1612984734,"event":{"mods":["BaseMod","Bestiary","Colored Map","Colored Powertips","Dark Map","Highlight Path","Minty Spire (QoL Compilation)","Permanent Neow","Quick Restart","Random Character Button","Rare Cards Sparkle","Relic Stats","StSLib","Unceasing Turn Reminder"],"gold_per_floor":[363,80,80,96,21,65,65,65,65,65,78,78,97,110,110,199,199,214,214,74,87,99,134,134,166,193,207,233,249,278,278,278,349,349,367,379,379,379,391,391,420,440,440,282,282,282,302,28,28,28,28,28,28,1,29,29],"floor_reached":57,"language":"ENG","playtime":6636,"items_purged":["Regret","Injury","Strike_R","Strike_R","Bludgeon+1"],"score":2695,"play_id":"2361e0ff-cadd-4ae6-807e-98bea2825355","local_time":"20210210131854","is_ascension_mode":true,"campfire_choices":[{"floor":7.0,"key":"REST"},{"data":"Sever Soul","floor":10.0,"key":"SMITH"},{"data":"Inflame","floor":12.0,"key":"SMITH"},{"data":"Bludgeon","floor":15.0,"key":"SMITH"},{"floor":24.0,"key":"REST"},{"floor":32.0,"key":"REST"},{"data":"Disarm","floor":40.0,"key":"SMITH"},{"floor":49.0,"key":"RECALL"},{"data":"Feel No Pain","floor":53.0,"key":"SMITH"}],"circlet_count":0,"master_deck":["AscendersBane","Strike_R","Strike_R","Defend_R","Defend_R","Defend_R","Defend_R","Bash","Feel No Pain+1","Sever Soul+1","Shrug It Off","Inflame+1","Metallicize","Limit Break+1","Heavy Blade+1","Purity","Shrug It Off","True Grit","Disarm+1","Corruption","Headbutt+1","Flex","Shrug It Off","Shrug It Off","Disarm+1","Cleave+1","Dark Embrace+1","Ghostly Armor+1","Discovery","Battle Trance","Limit Break"],"relics":["Burning Blood","Membership Card","Blood Vial","Bloody Idol","Centennial Puzzle","White Beast Statue","Akabeko","Runic Pyramid","Pantograph","Lantern","Potion Belt","Whetstone","Thread and Needle","Coffee Dripper","Omamori","Vajra","WarpedTongs","Self Forming Clay","Strawberry"],"acts_visited":["Exordium","TheCity","TheBeyond","TheEnding"],"potions_floor_usage":[],"damage_taken":[{"damage":15.0,"enemies":"Cultist","floor":1.0,"turns":4.0},{"damage":12.0,"enemies":"Jaw Worm","floor":4.0,"turns":4.0},{"damage":48.0,"enemies":"Gremlin Nob","floor":6.0,"turns":5.0},{"damage":0.0,"enemies":"Small Slimes","floor":11.0,"turns":3.0},{"damage":1.0,"enemies":"2 Fungi Beasts","floor":13.0,"turns":5.0},{"damage":5.0,"enemies":"Red Slaver","floor":14.0,"turns":2.0},{"damage":35.0,"enemies":"Slime Boss","floor":16.0,"turns":7.0},{"damage":11.0,"enemies":"2 Thieves","floor":18.0,"turns":4.0},{"damage":21.0,"enemies":"3 Byrds","floor":21.0,"turns":8.0},{"damage":28.0,"enemies":"Centurion and Healer","floor":22.0,"turns":6.0},{"damage":29.0,"enemies":"Slavers","floor":23.0,"turns":7.0},{"damage":16.0,"enemies":"Book of Stabbing","floor":25.0,"turns":7.0},{"damage":23.0,"enemies":"Sentry and Sphere","floor":27.0,"turns":8.0},{"damage":35.0,"enemies":"Slavers","floor":28.0,"turns":7.0},{"damage":21.0,"enemies":"Snake Plant","floor":29.0,"turns":4.0},{"damage":6.0,"enemies":"Gremlin Leader","floor":30.0,"turns":5.0},{"damage":65.0,"enemies":"Collector","floor":33.0,"turns":8.0},{"damage":8.0,"enemies":"3 Darklings","floor":35.0,"turns":6.0},{"damage":6.0,"enemies":"Orb Walker","floor":36.0,"turns":3.0},{"damage":2.0,"enemies":"4 Shapes","floor":39.0,"turns":10.0},{"damage":16.0,"enemies":"Nemesis","floor":41.0,"turns":9.0},{"damage":0.0,"enemies":"Writhing Mass","floor":42.0,"turns":9.0},{"damage":2.0,"enemies":"Maw","floor":47.0,"turns":8.0},{"damage":59.0,"enemies":"Awakened One","floor":50.0,"turns":8.0},{"damage":29.0,"enemies":"Donu and Deca","floor":51.0,"turns":9.0},{"damage":13.0,"enemies":"Shield and Spear","floor":55.0,"turns":6.0},{"damage":39,"enemies":"The Heart","floor":56,"turns":8}],"seed_played":"-983560153102589228","potions_obtained":[{"floor":1.0,"key":"GamblersBrew"},{"floor":11.0,"key":"EssenceOfSteel"},{"floor":13.0,"key":"Fire Potion"},{"floor":14.0,"key":"Fire Potion"},{"floor":16.0,"key":"BloodPotion"},{"floor":18.0,"key":"SkillPotion"},{"floor":21.0,"key":"Block Potion"},{"floor":22.0,"key":"CultistPotion"},{"floor":23.0,"key":"Block Potion"},{"floor":25.0,"key":"EssenceOfSteel"},{"floor":27.0,"key":"AttackPotion"},{"floor":28.0,"key":"DuplicationPotion"},{"floor":29.0,"key":"Dexterity Potion"},{"floor":30.0,"key":"SpeedPotion"},{"floor":33.0,"key":"Dexterity Potion"},{"floor":35.0,"key":"BloodPotion"},{"floor":36.0,"key":"Dexterity Potion"},{"floor":39.0,"key":"DuplicationPotion"},{"floor":41.0,"key":"EssenceOfSteel"},{"floor":55.0,"key":"EssenceOfSteel"}],"is_trial":false,"path_per_floor":["M","$","?","M","$","E","R","T","T","R","M","R","M","M","R","B",null,"M","?","$","M","M","E","R","E","T","M","E","M","E","?","R","B",null,"M","M","?","?","M","R","E","M","T","$","?","?","M","$","R","B","B",null,"R","$","E","B",null],"character_chosen":"IRONCLAD","items_purchased":["Membership Card","Blood Vial","Shrug It Off","Purity","Shrug It Off","Vajra","Battle Trance","Self Forming Clay","SpeedPotion"],"campfire_rested":3,"item_purchase_floors":[2,2,5,20,20,44,48,48,54],"current_hp_per_floor":[59,59,59,55,55,15,37,37,37,37,45,45,52,55,55,28,63,60,60,60,52,52,36,58,55,60,50,28,20,27,27,49,21,62,67,74,74,74,75,75,75,75,75,75,75,75,75,75,75,22,26,63,63,63,70,49],"gold":29,"neow_bonus":"TWO_FIFTY_GOLD","is_daily":false,"chose_seed":false,"campfire_upgraded":5,"win_rate":0.0,"timestamp":1612984734,"path_taken":["M","$","?","M","$","E","R","?","T","R","M","R","M","M","R","BOSS","M","?","$","M","M","E","R","E","T","M","E","M","E","?","R","BOSS","M","?","?","?","M","R","E","?","T","?","?","?","M","$","R","BOSS","BOSS","R","$","E","BOSS"],"items_purchased_type":["Relic","Relic","Card","Card","Card","Relic","Card","Relic","Potion"],"build_version":"2020-12-22","purchased_purges":5,"victory":true,"max_hp_per_floor":[75,75,75,75,75,75,75,75,75,75,75,75,75,75,75,75,75,75,75,75,75,75,75,75,75,75,75,75,75,75,75,75,75,75,75,75,75,75,75,75,75,75,75,75,75,75,75,75,75,75,75,75,75,75,82,82],"relic_stats":{"Blood Vial":40,"Centennial Puzzle":[65],"counters":[27,170],"Self Forming Clay":[57],"Bloody Idol":70,"Pantograph":62,"Whetstone":["Heavy Blade","Headbutt"],"obtain_stats":[{"Potion Belt":26,"Lantern":25,"Golden Idol":3,"Self Forming Clay":48,"Vajra":44,"Thread and Needle":30,"Omamori":41,"Whetstone":28,"Burning Blood":0,"White Beast Statue":8,"Akabeko":9,"WarpedTongs":46,"Blood Vial":2,"Centennial Puzzle":6,"Bloody Idol":19,"Pantograph":23,"Strawberry":55,"Coffee Dripper":34,"Membership Card":2,"Runic Pyramid":17},{"Potion Belt":12,"Lantern":12,"Golden Idol":1,"Self Forming Clay":23,"Vajra":22,"Thread and Needle":16,"Omamori":21,"Whetstone":14,"Burning Blood":0,"White Beast Statue":3,"Akabeko":3,"WarpedTongs":22,"Blood Vial":1,"Centennial Puzzle":3,"Bloody Idol":8,"Pantograph":11,"Strawberry":26,"Coffee Dripper":17,"Membership Card":1,"Runic Pyramid":7},{"Potion Belt":62,"Lantern":62,"Golden Idol":4,"Self Forming Clay":139,"Vajra":131,"Thread and Needle":86,"Omamori":122,"Whetstone":77,"Burning Blood":0,"White Beast Statue":13,"Akabeko":13,"WarpedTongs":131,"Blood Vial":4,"Centennial Puzzle":13,"Bloody Idol":34,"Pantograph":55,"Strawberry":162,"Coffee Dripper":94,"Membership Card":4,"Runic Pyramid":30}],"Burning Blood":148,"WarpedTongs":[38]},"card_choices":[{"not_picked":["Warcry","Heavy Blade"],"picked":"Feel No Pain","floor":1.0},{"not_picked":["Thunderclap","Clothesline"],"picked":"Sever Soul","floor":4.0},{"not_picked":["Wild Strike","Warcry","Body Slam"],"picked":"SKIP","floor":6.0},{"not_picked":["Disarm","Battle Trance"],"picked":"Inflame","floor":11.0},{"not_picked":["Perfected Strike","Warcry"],"picked":"Bludgeon","floor":13.0},{"not_picked":["True Grit","Headbutt"],"picked":"Metallicize","floor":14.0},{"not_picked":["Bludgeon","Double Tap"],"picked":"Limit Break","floor":16.0},{"not_picked":["Perfected Strike","Rampage"],"picked":"Heavy Blade","floor":18.0},{"not_picked":["Perfected Strike","Wild Strike"],"picked":"True Grit","floor":21.0},{"not_picked":["Reckless Charge","Warcry"],"picked":"Disarm+1","floor":22.0},{"not_picked":["Headbutt","Perfected Strike"],"picked":"Corruption","floor":23.0},{"not_picked":["Corruption","Body Slam"],"picked":"Headbutt","floor":25.0},{"not_picked":["Seeing Red","Cleave"],"picked":"Flex","floor":27.0},{"not_picked":["Demon Form","Warcry"],"picked":"Shrug It Off","floor":28.0},{"not_picked":["Cleave","Wild Strike+1","Whirlwind"],"picked":"SKIP","floor":29.0},{"not_picked":["Warcry","Havoc"],"picked":"Shrug It Off","floor":30.0},{"not_picked":["Dropkick","Carnage+1"],"picked":"Disarm","floor":35.0},{"not_picked":["Metallicize","Perfected Strike"],"picked":"Cleave+1","floor":36.0},{"not_picked":["Headbutt","Iron Wave+1","Clothesline"],"picked":"SKIP","floor":39.0},{"not_picked":["Perfected Strike+1","Headbutt"],"picked":"Dark Embrace+1","floor":41.0},{"not_picked":["Flex","Infernal Blade"],"picked":"Ghostly Armor+1","floor":42.0},{"not_picked":["Master of Strategy","Magnetism"],"picked":"Discovery","floor":45.0},{"not_picked":["Twin Strike","Ghostly Armor","Perfected Strike"],"picked":"SKIP","floor":47.0},{"not_picked":["Rage","Body Slam"],"picked":"Limit Break","floor":55.0}],"player_experience":1021408,"relics_obtained":[{"floor":6.0,"key":"Centennial Puzzle"},{"floor":8.0,"key":"White Beast Statue"},{"floor":9.0,"key":"Akabeko"},{"floor":23.0,"key":"Pantograph"},{"floor":25.0,"key":"Lantern"},{"floor":26.0,"key":"Potion Belt"},{"floor":28.0,"key":"Whetstone"},{"floor":30.0,"key":"Thread and Needle"},{"floor":41.0,"key":"Omamori"},{"floor":55.0,"key":"Strawberry"}],"event_choices":[{"damage_healed":0.0,"max_hp_gain":0.0,"max_hp_loss":0.0,"gold_gain":0.0,"event_name":"Golden Idol","player_choice":"Take Wound","floor":3.0,"gold_loss":0.0,"damage_taken":0.0,"relics_obtained":["Golden Idol"],"cards_obtained":["Injury"]},{"damage_healed":0.0,"max_hp_gain":0.0,"max_hp_loss":0.0,"gold_gain":0.0,"event_name":"Forgotten Altar","player_choice":"Gave Idol","floor":19.0,"relics_lost":["Golden Idol"],"gold_loss":0.0,"damage_taken":0.0,"relics_obtained":["Bloody Idol"]},{"damage_healed":0.0,"max_hp_gain":0.0,"max_hp_loss":0.0,"gold_gain":0.0,"event_name":"Upgrade Shrine","player_choice":"Upgraded","floor":31.0,"gold_loss":0.0,"damage_taken":0.0,"cards_upgraded":["Limit Break"]},{"damage_healed":0.0,"max_hp_gain":0.0,"max_hp_loss":0.0,"gold_gain":0.0,"event_name":"Tomb of Lord Red Mask","player_choice":"Ignored","floor":37.0,"gold_loss":0.0,"damage_taken":0.0},{"cards_removed":["Strike_R"],"damage_healed":0.0,"max_hp_gain":0.0,"max_hp_loss":0.0,"gold_gain":0.0,"event_name":"Purifier","player_choice":"Purged","floor":38.0,"gold_loss":0.0,"damage_taken":0.0},{"damage_healed":0.0,"max_hp_gain":0.0,"max_hp_loss":0.0,"gold_gain":0.0,"event_name":"SensoryStone","player_choice":"Memory 1","floor":45.0,"gold_loss":0.0,"damage_taken":0.0},{"damage_healed":0.0,"max_hp_gain":0.0,"max_hp_loss":0.0,"gold_gain":0.0,"event_name":"Accursed Blacksmith","player_choice":"Rummage","floor":46.0,"gold_loss":0.0,"damage_taken":0.0,"relics_obtained":["WarpedTongs"],"cards_obtained":["Pain"]}],"is_beta":false,"boss_relics":[{"not_picked":["Calling Bell","Ectoplasm"],"picked":"Runic Pyramid"},{"not_picked":["Philosopher\u0027s Stone","Tiny House"],"picked":"Coffee Dripper"}],"items_purged_floors":[2,5,20,44,48],"is_endless":false,"potions_floor_spawned":[1,11,13,14,16,18,21,22,23,25,27,28,29,30,33,35,36,39,41,42,47,55],"ascension_level":20}}