{"host":"wyloba13dxa5qu9d","time":1612947552,"event":{"mods":["100% Spire Juice","AchievementEnabler","BaseMod","Bestiary","Colored Map","Colored Powertips","Curses Come First","Downfall","Lobotomy","Marked Mod","Minty Spire (QoL Compilation)","Quick Restart","StSLib","SuperFastMode"],"gold_per_floor":[113,113,127,127,25,51,51,51,75,99,124,136,159,171,183,195,195],"floor_reached":16,"language":"ZHS","playtime":302,"items_purged":[],"score":229,"play_id":"9fcee26b-ee22-477c-ba4c-9439db840335","local_time":"20210210165912","daily_mods":["Hoarder","Flight","Lethality"],"is_ascension_mode":true,"campfire_choices":[{"floor":7,"key":"REST"},{"floor":8,"key":"REST"},{"floor":15,"key":"REST"}],"circlet_count":0,"master_deck":["AscendersBane","Moonworks:Strike","Moonworks:Strike","Moonworks:Strike","Moonworks:Strike","Moonworks:Defend","Moonworks:Defend","Moonworks:Defend","Moonworks:Defend","Moonworks:Ambush","Moonworks:LongDistanceShot","Moonworks:JonathanRush","Moonworks:JonathanRush","Moonworks:JonathanRush","Moonworks:JonathanRush","Moonworks:JonathanRush","Moonworks:JonathanRush","Moonworks:CloudOfSeagulls","Moonworks:CloudOfSeagulls","Moonworks:CloudOfSeagulls","Moonworks:Wanted","Moonworks:Wanted","Moonworks:Wanted","Moonworks:JonathanRush","Moonworks:JonathanRush","Moonworks:JonathanRush"],"relics":["Moonworks:BrokenBomb","Moonworks:Homemark","Omamori","MawBank"],"acts_visited":["Exordium"],"potions_floor_usage":[16],"damage_taken":[{"damage":0,"enemies":"2 Louse","floor":1,"turns":2},{"damage":0,"enemies":"Cultist","floor":3,"turns":3},{"damage":10,"enemies":"Jaw Worm","floor":5,"turns":3},{"damage":35,"enemies":"3 Sentries","floor":6,"turns":6},{"damage":2,"enemies":"Looter","floor":10,"turns":2},{"damage":13,"enemies":"2 Fungi Beasts","floor":11,"turns":3},{"damage":18,"enemies":"Exordium Thugs","floor":13,"turns":3},{"damage":22,"enemies":"The Guardian","floor":16,"turns":3}],"seed_played":"-40037290185463545","potions_obtained":[{"floor":3,"key":"BlessingOfTheForge"},{"floor":10,"key":"AttackPotion"}],"is_trial":true,"path_per_floor":["M","?","M","$","M","E","R","R","T","M","M","$","M","?","R","B"],"character_chosen":"THE_STARBREAKER","items_purchased":[],"campfire_rested":3,"item_purchase_floors":[],"current_hp_per_floor":[50,50,50,50,40,5,21,37,37,35,22,22,4,4,20,0,0],"gold":195,"neow_bonus":"","is_daily":false,"chose_seed":false,"campfire_upgraded":0,"win_rate":0.0,"timestamp":1612947552,"path_taken":["M","?","M","$","M","E","R","R","T","M","M","?","M","?","R","BOSS"],"items_purchased_type":[],"build_version":"2020-12-22","purchased_purges":0,"victory":false,"max_hp_per_floor":[55,55,55,55,55,55,55,55,55,55,55,55,55,55,55,55,55],"card_choices":[{"not_picked":["Moonworks:EvilSpyWorkPreparation","Moonworks:BackdoorTrade"],"picked":"Moonworks:JonathanRush","floor":1},{"not_picked":["Moonworks:IndiscriminateFireSupport","Moonworks:Dinner","Moonworks:Bloodlust"],"picked":"SKIP","floor":3},{"not_picked":["Moonworks:LuckyCharm","Moonworks:NicePresent","Moonworks:SelfDestruct"],"picked":"SKIP","floor":5},{"not_picked":["Moonworks:UnpaidWork","Moonworks:Bloodlust"],"picked":"Moonworks:JonathanRush","floor":6},{"not_picked":["Moonworks:SakisCookie","Moonworks:Assault"],"picked":"Moonworks:CloudOfSeagulls","floor":10},{"not_picked":["Moonworks:LulusLuckyEgg","Moonworks:ForcedRevival"],"picked":"Moonworks:Wanted","floor":11},{"not_picked":["Moonworks:CastOff","Moonworks:NicePresent"],"picked":"Moonworks:JonathanRush","floor":13}],"player_experience":147773,"relics_obtained":[{"floor":6,"key":"Omamori"},{"floor":9,"key":"MawBank"}],"event_choices":[{"damage_healed":0,"gold_gain":0,"player_choice":"Ignored","damage_taken":0,"max_hp_gain":0,"max_hp_loss":0,"event_name":"Transmorgrifier","floor":2,"gold_loss":0},{"damage_healed":0,"gold_gain":0,"player_choice":"Leave","damage_taken":0,"max_hp_gain":0,"max_hp_loss":0,"event_name":"FaceTrader","floor":14,"gold_loss":0}],"is_beta":false,"boss_relics":[],"items_purged_floors":[],"is_endless":true,"potions_floor_spawned":[3,10,11],"killed_by":"The Guardian","ascension_level":20}}