{"host":"188x3om7sf6mgxv1","time":1612927251,"event":{"mods":["BaseMod","Block Reminder","Jorbs\u0027s Wanderer Trilogy","Minty Spire (QoL Compilation)","Relic Stats","StSLib"],"gold_per_floor":[115,125,125,135,27,27,27,47,94,121,132,161,161,188,188,293,293,267,267,48,67,19,46,46,80,80,80,6,39,39,51,51,149,149,162,162,19,0,13,13,44,44,99,124,175,125,145,179,179,179,179,179,129,158,158],"floor_reached":56,"language":"ENG","playtime":2334,"items_purged":["Defend_R","Rampage","Iron Wave"],"score":1536,"play_id":"93426a50-ff7f-4850-a3d3-7936403d79cf","local_time":"20210209222051","is_ascension_mode":true,"campfire_choices":[{"data":"Whirlwind","floor":6.0,"key":"SMITH"},{"data":"Flame Barrier","floor":15.0,"key":"SMITH"},{"floor":24.0,"key":"REST"},{"floor":27.0,"key":"REST"},{"data":"Offering","floor":30.0,"key":"SMITH"},{"floor":32.0,"key":"REST"},{"data":"Limit Break","floor":40.0,"key":"SMITH"},{"data":"Limit Break","floor":42.0,"key":"SMITH"},{"floor":49.0,"key":"RECALL"},{"data":"Offering","floor":52.0,"key":"SMITH"}],"circlet_count":0,"master_deck":["Bash","Impervious+1","Ghostly Armor+1","Reaper+1","Combust+1","Battle Trance","Whirlwind+1","Cleave","Juggernaut","Pommel Strike","Flame Barrier+1","Burning Pact","Offering+1","Berserk","Offering+1","Corruption","Uppercut","Shrug It Off+1","Inflame","Anger","Armaments","Inflame","Shrug It Off","Disarm","Limit Break+1","Battle Trance+1","Reaper","Flame Barrier+1","Limit Break+1","Bloodletting+1","Inflame","Uppercut+1","Feel No Pain+1","Disarm"],"relics":["Astrolabe","Bag of Marbles","Odd Mushroom","MealTicket","FossilizedHelix","Juzu Bracelet","Question Card","Pandora\u0027s Box","OrangePellets","Dream Catcher","Darkstone Periapt","Matryoshka","Bag of Preparation","Coffee Dripper","Red Mask","Smiling Mask","Bronze Scales","Thread and Needle","Incense Burner","Ornamental Fan","Blood Vial"],"acts_visited":["Exordium","TheCity","TheBeyond","TheEnding"],"potions_floor_usage":[55,55,55],"damage_taken":[{"damage":0.0,"enemies":"Cultist","floor":1.0,"turns":5.0},{"damage":0.0,"enemies":"Jaw Worm","floor":2.0,"turns":5.0},{"damage":3.0,"enemies":"Small Slimes","floor":4.0,"turns":4.0},{"damage":4.0,"enemies":"The Mushroom Lair","floor":8.0,"turns":4.0},{"damage":15.0,"enemies":"Lagavulin","floor":10.0,"turns":8.0},{"damage":0.0,"enemies":"2 Fungi Beasts","floor":11.0,"turns":1.0},{"damage":17.0,"enemies":"Gremlin Nob","floor":12.0,"turns":4.0},{"damage":6.0,"enemies":"3 Sentries","floor":14.0,"turns":4.0},{"damage":36.0,"enemies":"Hexaghost","floor":16.0,"turns":11.0},{"damage":24.0,"enemies":"2 Thieves","floor":18.0,"turns":5.0},{"damage":23.0,"enemies":"Spheric Guardian","floor":21.0,"turns":4.0},{"damage":45.0,"enemies":"Book of Stabbing","floor":23.0,"turns":5.0},{"damage":35.0,"enemies":"Slavers","floor":25.0,"turns":4.0},{"damage":32.0,"enemies":"Gremlin Leader","floor":29.0,"turns":7.0},{"damage":24.0,"enemies":"Snake Plant","floor":31.0,"turns":6.0},{"damage":26.0,"enemies":"Collector","floor":33.0,"turns":8.0},{"damage":6.0,"enemies":"3 Shapes","floor":35.0,"turns":2.0},{"damage":14.0,"enemies":"Orb Walker","floor":39.0,"turns":4.0},{"damage":66.0,"enemies":"Giant Head","floor":41.0,"turns":7.0},{"damage":9.0,"enemies":"Nemesis","floor":44.0,"turns":5.0},{"damage":29.0,"enemies":"2 Orb Walkers","floor":45.0,"turns":3.0},{"damage":9.0,"enemies":"4 Shapes","floor":47.0,"turns":6.0},{"damage":6.0,"enemies":"Giant Head","floor":48.0,"turns":5.0},{"damage":39.0,"enemies":"Time Eater","floor":50.0,"turns":8.0},{"damage":59.0,"enemies":"Shield and Spear","floor":54.0,"turns":9.0},{"damage":53,"enemies":"The Heart","floor":55,"turns":8}],"seed_played":"1564825215105616384","potions_obtained":[{"floor":2.0,"key":"Weak Potion"},{"floor":4.0,"key":"SkillPotion"},{"floor":8.0,"key":"SmokeBomb"},{"floor":14.0,"key":"SkillPotion"},{"floor":18.0,"key":"Energy Potion"},{"floor":19.0,"key":"EntropicBrew"},{"floor":31.0,"key":"Block Potion"},{"floor":45.0,"key":"SkillPotion"}],"is_trial":false,"path_per_floor":["M","M","?","M","$","R","$","?","T","E","M","E","?","E","R","B",null,"M","?","$","M","$","E","R","E","T","R","$","E","R","M","R","B",null,"M","?","$","?","M","R","E","R","T","E","?","$","M","E","R","B",null,"R","$","E","B",null],"character_chosen":"IRONCLAD","items_purchased":["Whirlwind","OrangePellets","Inflame","Armaments","Disarm","Limit Break"],"campfire_rested":3,"item_purchase_floors":[5,20,20,22,28,37],"current_hp_per_floor":[80,80,73,74,74,74,74,77,77,62,62,45,45,54,54,23,80,66,66,80,61,76,31,55,20,20,44,59,42,42,18,42,31,80,80,76,76,76,69,69,41,41,41,59,73,76,67,61,61,51,76,76,76,61,76],"gold":158,"neow_bonus":"BOSS_RELIC","is_daily":false,"chose_seed":false,"campfire_upgraded":6,"win_rate":0.0,"timestamp":1612927251,"path_taken":["M","?","?","M","$","R","$","?","T","E","M","E","?","E","R","BOSS","M","?","$","M","?","E","R","E","T","R","$","E","R","M","R","BOSS","M","?","$","?","M","R","E","R","T","E","?","?","M","E","R","BOSS","R","$","E","BOSS"],"items_purchased_type":["Card","Relic","Card","Card","Card","Card"],"build_version":"2020-12-22","purchased_purges":3,"victory":true,"max_hp_per_floor":[80,80,80,80,80,80,80,80,80,80,80,80,80,80,80,80,80,80,80,80,80,80,80,80,80,80,80,80,80,80,80,80,80,80,80,76,76,76,76,76,76,76,76,76,76,76,76,76,76,76,76,76,76,76,76],"relic_stats":{"Darkstone Periapt":0,"counters":[26,142],"Astrolabe":["Impervious","Ghostly Armor","Reaper"],"Juzu Bracelet":0,"Bag of Preparation":[24],"Question Card":20,"Smiling Mask":125,"Blood Vial":2,"OrangePellets":[28],"Dream Catcher":3,"Ornamental Fan":[8],"Bronze Scales":[249],"MealTicket":47,"Pandora\u0027s Box":["Rampage","Berserk","Offering","Corruption","Uppercut"],"obtain_stats":[{"Darkstone Periapt":25,"Astrolabe":0,"Thread and Needle":44,"Juzu Bracelet":12,"Bag of Preparation":29,"Incense Burner":45,"Odd Mushroom":8,"Question Card":14,"Smiling Mask":41,"Burning Blood":0,"Blood Vial":54,"OrangePellets":20,"Dream Catcher":23,"Matryoshka":26,"Ornamental Fan":48,"Bronze Scales":43,"MealTicket":9,"Pandora\u0027s Box":17,"Bag of Marbles":3,"Coffee Dripper":34,"Red Mask":38,"FossilizedHelix":10},{"Darkstone Periapt":13,"Astrolabe":0,"Thread and Needle":20,"Juzu Bracelet":7,"Bag of Preparation":14,"Incense Burner":21,"Odd Mushroom":4,"Question Card":8,"Smiling Mask":19,"Burning Blood":0,"Blood Vial":25,"OrangePellets":10,"Dream Catcher":12,"Matryoshka":13,"Ornamental Fan":23,"Bronze Scales":19,"MealTicket":4,"Pandora\u0027s Box":9,"Bag of Marbles":2,"Coffee Dripper":16,"Red Mask":17,"FossilizedHelix":5},{"Darkstone Periapt":64,"Astrolabe":0,"Thread and Needle":103,"Juzu Bracelet":31,"Bag of Preparation":71,"Incense Burner":106,"Odd Mushroom":18,"Question Card":35,"Smiling Mask":98,"Burning Blood":0,"Blood Vial":134,"OrangePellets":51,"Dream Catcher":60,"Matryoshka":64,"Ornamental Fan":117,"Bronze Scales":98,"MealTicket":18,"Pandora\u0027s Box":46,"Bag of Marbles":10,"Coffee Dripper":85,"Red Mask":87,"FossilizedHelix":26}]},"card_choices":[{"not_picked":["Clash","Power Through"],"picked":"Iron Wave","floor":1.0},{"not_picked":["Warcry","Sentinel"],"picked":"Combust","floor":2.0},{"not_picked":["Second Wind","Impervious"],"picked":"Battle Trance","floor":4.0},{"not_picked":["Pummel","Clothesline"],"picked":"Cleave","floor":8.0},{"not_picked":["Cleave","Reckless Charge"],"picked":"Juggernaut","floor":10.0},{"not_picked":["Bloodletting","Seeing Red"],"picked":"Pommel Strike","floor":11.0},{"not_picked":["Perfected Strike","Bloodletting"],"picked":"Flame Barrier","floor":12.0},{"not_picked":["Headbutt","True Grit"],"picked":"Burning Pact","floor":14.0},{"not_picked":["Exhume","Bludgeon","Barricade"],"picked":"Offering","floor":16.0},{"not_picked":["Entrench","Armaments+1","Sword Boomerang"],"picked":"Shrug It Off+1","floor":18.0},{"not_picked":["Body Slam+1","Wild Strike","Thunderclap"],"picked":"Anger","floor":21.0},{"not_picked":["Blood for Blood","Dark Embrace","Uppercut"],"picked":"Inflame","floor":23.0},{"not_picked":["True Grit","Barricade","Body Slam"],"picked":"Shrug It Off","floor":25.0},{"not_picked":["Power Through","Warcry","Flex","Clash"],"picked":"SKIP","floor":29.0},{"not_picked":["Warcry","Pommel Strike","Uppercut"],"picked":"Limit Break","floor":31.0},{"not_picked":["Body Slam","Pommel Strike","Power Through+1"],"picked":"Battle Trance+1","floor":32.0},{"not_picked":["Fiend Fire","Offering","Double Tap"],"picked":"Reaper","floor":33.0},{"not_picked":["Burning Pact","Perfected Strike","Wild Strike"],"picked":"Flame Barrier+1","floor":35.0},{"not_picked":["Whirlwind","Wild Strike+1","Rampage","Thunderclap+1"],"picked":"SKIP","floor":39.0},{"not_picked":["Havoc+1","Headbutt+1","Heavy Blade"],"picked":"Bloodletting+1","floor":41.0},{"not_picked":["Cleave","Metallicize","Impervious"],"picked":"Inflame","floor":44.0},{"not_picked":["Anger+1","True Grit","Thunderclap+1"],"picked":"Uppercut+1","floor":45.0},{"not_picked":["Intimidate+1","Shrug It Off+1","Perfected Strike"],"picked":"Feel No Pain+1","floor":47.0},{"not_picked":["Fire Breathing","Iron Wave","Searing Blow+1","Cleave"],"picked":"SKIP","floor":48.0},{"not_picked":["Power Through+1","Searing Blow+1","Evolve+1"],"picked":"Disarm","floor":54.0}],"player_experience":51200,"relics_obtained":[{"floor":8.0,"key":"Odd Mushroom"},{"floor":9.0,"key":"MealTicket"},{"floor":10.0,"key":"FossilizedHelix"},{"floor":12.0,"key":"Juzu Bracelet"},{"floor":14.0,"key":"Question Card"},{"floor":23.0,"key":"Dream Catcher"},{"floor":25.0,"key":"Darkstone Periapt"},{"floor":26.0,"key":"Matryoshka"},{"floor":29.0,"key":"Bag of Preparation"},{"floor":41.0,"key":"Smiling Mask"},{"floor":43.0,"key":"Bronze Scales"},{"floor":44.0,"key":"Thread and Needle"},{"floor":45.0,"key":"Incense Burner"},{"floor":48.0,"key":"Ornamental Fan"},{"floor":54.0,"key":"Blood Vial"}],"event_choices":[{"damage_healed":0.0,"max_hp_gain":0.0,"max_hp_loss":0.0,"gold_gain":0.0,"event_name":"Scrap Ooze","player_choice":"Success","floor":3.0,"gold_loss":0.0,"damage_taken":7.0,"relics_obtained":["Bag of Marbles"]},{"damage_healed":0.0,"max_hp_gain":0.0,"max_hp_loss":0.0,"gold_gain":0.0,"event_name":"Mushrooms","player_choice":"Fought Mushrooms","floor":8.0,"gold_loss":0.0,"damage_taken":0.0},{"damage_healed":0.0,"max_hp_gain":0.0,"max_hp_loss":0.0,"gold_gain":0.0,"event_name":"Living Wall","player_choice":"Grow","floor":13.0,"gold_loss":0.0,"damage_taken":0.0,"cards_upgraded":["Combust"]},{"damage_healed":0.0,"max_hp_gain":0.0,"max_hp_loss":0.0,"gold_gain":0.0,"event_name":"Lab","player_choice":"Got Potions","floor":19.0,"gold_loss":0.0,"damage_taken":0.0},{"damage_healed":0.0,"max_hp_gain":0.0,"max_hp_loss":4.0,"gold_gain":0.0,"event_name":"Winding Halls","player_choice":"Max HP","floor":36.0,"gold_loss":0.0,"damage_taken":0.0},{"damage_healed":0.0,"max_hp_gain":0.0,"max_hp_loss":0.0,"gold_gain":0.0,"event_name":"Tomb of Lord Red Mask","player_choice":"Paid","floor":38.0,"gold_loss":19.0,"damage_taken":0.0,"relics_obtained":["Red Mask"]},{"damage_healed":0.0,"max_hp_gain":0.0,"max_hp_loss":0.0,"gold_gain":0.0,"event_name":"Mysterious Sphere","player_choice":"Fight","floor":45.0,"gold_loss":0.0,"damage_taken":0.0}],"is_beta":false,"boss_relics":[{"not_picked":["Calling Bell","Tiny House"],"picked":"Pandora\u0027s Box"},{"not_picked":["SacredBark","Fusion Hammer"],"picked":"Coffee Dripper"}],"items_purged_floors":[5,46,53],"is_endless":false,"potions_floor_spawned":[2,4,8,11,14,18,31,45,47,48,54],"ascension_level":4}}