{"host":"iphsb0ccnjx0pfn6","time":1612960872,"event":{"mods":["2.2 Compatiblity","AchievementEnabler","BaseMod","Colored Map","DeckTracker","Keyboard Shortcuts","Minty Spire (QoL Compilation)","Permanent Neow","Quick Restart","Relic Stats","StSLib","SuperFastMode","Uncapped","everything is the same but u backflip on backflip"],"gold_per_floor":[113,38,50,65,80,80,99,99,171,171,171,187,205,220,220,297,297,308,103,0,0],"floor_reached":20,"language":"KOR","playtime":537,"items_purged":["Strike_P","Eruption"],"score":336,"play_id":"61a22155-46db-4777-99fd-b6ab41b70bec","local_time":"20210210214112","is_ascension_mode":true,"campfire_choices":[{"data":"PathToVictory","floor":6,"key":"SMITH"},{"data":"PathToVictory","floor":8,"key":"SMITH"},{"floor":10,"key":"REST"},{"floor":15,"key":"REST"}],"circlet_count":0,"master_deck":["AscendersBane","Vigilance","DevaForm","ForeignInfluence","Prostrate","Prostrate","PathToVictory+1","PathToVictory+1","EmptyMind+1","Protect+1","Adaptation","SpiritShield+1","Tantrum","Study","Swivel+1","ReachHeaven","Sanctity+1","Impatience+1"],"relics":["PureWater","Toxic Egg 2","Pandora\u0027s Box"],"acts_visited":["Exordium","TheCity"],"potions_floor_usage":[13,14,16],"damage_taken":[{"damage":24.0,"enemies":"Small Slimes","floor":1.0,"turns":3.0},{"damage":2.0,"enemies":"Cultist","floor":3.0,"turns":3.0},{"damage":0.0,"enemies":"Jaw Worm","floor":4.0,"turns":5.0},{"damage":31,"enemies":"Large Slime","floor":5,"turns":10},{"damage":3,"enemies":"2 Fungi Beasts","floor":7,"turns":4},{"damage":2,"enemies":"Looter","floor":12,"turns":3},{"damage":5,"enemies":"Exordium Wildlife","floor":13,"turns":2},{"damage":0,"enemies":"3 Louse","floor":14,"turns":3},{"damage":8,"enemies":"The Guardian","floor":16,"turns":8},{"damage":26,"enemies":"Chosen","floor":18,"turns":7},{"damage":41,"enemies":"2 Thieves","floor":20,"turns":3}],"seed_played":"-967798212150069054","potions_obtained":[{"floor":1.0,"key":"Energy Potion"},{"floor":3.0,"key":"Block Potion"},{"floor":14,"key":"SkillPotion"}],"is_trial":false,"path_per_floor":["M","$","M","M","M","R","M","R","T","R","?","M","M","M","R","B",null,"M","$","M"],"character_chosen":"WATCHER","items_purchased":["Impatience+1"],"campfire_rested":2,"item_purchase_floors":[19],"current_hp_per_floor":[37,37,35,35,4,4,1,1,1,21,11,9,4,4,24,16,55,29,29,0,0],"gold":0,"neow_bonus":"ONE_RANDOM_RARE_CARD","is_daily":false,"chose_seed":false,"campfire_upgraded":2,"win_rate":0.0,"timestamp":1612960872,"path_taken":["M","$","M","M","M","R","M","R","T","R","?","M","M","?","R","BOSS","M","$","M"],"items_purchased_type":["Card"],"build_version":"2020-12-22","purchased_purges":2,"victory":false,"max_hp_per_floor":[68,68,68,68,68,68,68,68,68,68,68,68,68,68,68,68,68,68,68,68,68],"relic_stats":{"counters":[11,51],"Pandora\u0027s Box":["Protect","Adaptation","SpiritShield","Tantrum","Study","Swivel","ReachHeaven"],"obtain_stats":[{"Pandora\u0027s Box":17,"PureWater":0,"Toxic Egg 2":9},{"Pandora\u0027s Box":9,"PureWater":0,"Toxic Egg 2":5},{"Pandora\u0027s Box":41,"PureWater":0,"Toxic Egg 2":25}]},"card_choices":[{"not_picked":["Swivel","CutThroughFate"],"picked":"ForeignInfluence","floor":1.0},{"not_picked":["FlurryOfBlows","Perseverance"],"picked":"Prostrate","floor":3.0},{"not_picked":["ClearTheMind","InnerPeace"],"picked":"Prostrate","floor":4},{"not_picked":["Sanctity","JustLucky"],"picked":"PathToVictory","floor":5},{"not_picked":["SashWhip","ConjureBlade"],"picked":"PathToVictory","floor":7},{"not_picked":["BowlingBash","Wireheading"],"picked":"EmptyMind+1","floor":12},{"not_picked":["FlyingSleeves","ReachHeaven","Protect+1"],"picked":"SKIP","floor":13},{"not_picked":["Fasting2","Perseverance+1","ClearTheMind+1"],"picked":"SKIP","floor":14},{"not_picked":["Evaluate+1","ReachHeaven"],"picked":"Sanctity+1","floor":18}],"player_experience":1301877,"relics_obtained":[{"floor":9,"key":"Toxic Egg 2"}],"event_choices":[{"damage_healed":0,"gold_gain":0,"player_choice":"Damaged","damage_taken":10,"max_hp_gain":0,"max_hp_loss":0,"event_name":"Wheel of Change","floor":11,"gold_loss":0}],"is_beta":false,"boss_relics":[{"not_picked":["HolyWater","Black Star"],"picked":"Pandora\u0027s Box"}],"items_purged_floors":[2,19],"is_endless":false,"potions_floor_spawned":[1,3,5,12,14],"killed_by":"2 Thieves","ascension_level":20}}