{"host":"f3chan41r3z23lol","time":1612947278,"event":{"mods":["BaseMod","Hermit","Minty Spire (QoL Compilation)","StSLib","The Poker Player"],"gold_per_floor":[109,109,124,50,50,50,50,50,102,129,54,54,70,70,70,175,175,187,202,55,70,100,100,100,128,128,160,160,172,87,87,87,189,189,199,247,297,519,318,318,318,318,318,318,348,348,382,7,7,7,7,7],"floor_reached":50,"language":"KOR","playtime":1531,"items_purged":["PokerPlayerMod:Diamond2","Forethought+1","PokerPlayerMod:ClubsClub"],"score":889,"play_id":"868f7c0d-1102-47f5-ad85-795e4944ac19","local_time":"20210210175438","daily_mods":["Draft","Vintage","Heirloom","Flight","Elite Swarm"],"is_ascension_mode":true,"metric_token":350,"campfire_choices":[{"data":"PokerPlayerMod:Spade2","floor":6.0,"key":"SMITH"},{"data":"PokerPlayerMod:Club2","floor":7.0,"key":"SMITH"},{"data":"PokerPlayerMod:Raise","floor":8.0,"key":"SMITH"},{"data":"PokerPlayerMod:Club3","floor":12.0,"key":"SMITH"},{"data":"PokerPlayerMod:Spade3","floor":15.0,"key":"SMITH"},{"data":"PokerPlayerMod:Club3","floor":23.0,"key":"SMITH"},{"data":"PokerPlayerMod:Spade3","floor":24.0,"key":"SMITH"},{"data":"PokerPlayerMod:Club3","floor":28.0,"key":"SMITH"},{"data":"PokerPlayerMod:Trickery","floor":32.0,"key":"SMITH"},{"data":"PokerPlayerMod:Club4","floor":41.0,"key":"SMITH"},{"data":"PokerPlayerMod:Club4","floor":44.0,"key":"SMITH"},{"data":"PokerPlayerMod:Club5","floor":46.0,"key":"SMITH"},{"data":"PokerPlayerMod:MagicTrick","floor":49.0,"key":"SMITH"}],"circlet_count":0,"master_deck":["PokerPlayerMod:Raise+1","PokerPlayerMod:Heart4","PokerPlayerMod:Spade4","PokerPlayerMod:Club4","PokerPlayerMod:Club5","PokerPlayerMod:Club5","PokerPlayerMod:MagicTrick+1","PokerPlayerMod:Spade4","PokerPlayerMod:Club4","PokerPlayerMod:Club6","PokerPlayerMod:Heart9","PokerPlayerMod:Club8","PokerPlayerMod:Mulligan+1","PokerPlayerMod:ItsShowtime+1","PokerPlayerMod:Club7","PokerPlayerMod:Club6","PokerPlayerMod:Duplicate+1"],"relics":["PokerPlayerMod:DeckCase","Du-Vu Doll","PokerPlayerMod:EnergeticBat","PokerPlayerMod:CoolBox","Strawberry","Oddly Smooth Stone","Shuriken","Empty Cage","Dream Catcher","PreservedInsect","PokerPlayerMod:PendantOfEscape","PokerPlayerMod:ClubPass","Red Mask","The Courier","Kunai","Toxic Egg 2","Darkstone Periapt","Mango","SlaversCollar","PokerPlayerMod:Splitter","CaptainsWheel","Turnip","Smiling Mask","Mercury Hourglass","Bird Faced Urn","Bottled Flame","Potion Belt"],"acts_visited":["Exordium","TheCity","TheBeyond"],"potions_floor_usage":[50,50],"damage_taken":[{"damage":0.0,"enemies":"Cultist","floor":1.0,"turns":2.0},{"damage":0.0,"enemies":"2 Louse","floor":3.0,"turns":2.0},{"damage":10.0,"enemies":"Gremlin Nob","floor":10.0,"turns":3.0},{"damage":0.0,"enemies":"Small Slimes","floor":13.0,"turns":1.0},{"damage":36.0,"enemies":"The Guardian","floor":16.0,"turns":8.0},{"damage":0.0,"enemies":"3 Byrds","floor":18.0,"turns":1.0},{"damage":12.0,"enemies":"2 Thieves","floor":19.0,"turns":2.0},{"damage":10.0,"enemies":"Cultist and Chosen","floor":21.0,"turns":4.0},{"damage":0.0,"enemies":"Masked Bandits","floor":22.0,"turns":1.0},{"damage":0.0,"enemies":"Slavers","floor":25.0,"turns":1.0},{"damage":0.0,"enemies":"Book of Stabbing","floor":27.0,"turns":2.0},{"damage":0.0,"enemies":"Sentry and Sphere","floor":29.0,"turns":1.0},{"damage":38.0,"enemies":"Collector","floor":33.0,"turns":5.0},{"damage":0.0,"enemies":"3 Darklings","floor":35.0,"turns":2.0},{"damage":0.0,"enemies":"2 Orb Walkers","floor":36.0,"turns":1.0},{"damage":16.0,"enemies":"Mind Bloom Boss Battle","floor":37.0,"turns":4.0},{"damage":30.0,"enemies":"Giant Head","floor":45.0,"turns":5.0},{"damage":0.0,"enemies":"Reptomancer","floor":47.0,"turns":2.0},{"damage":102,"enemies":"Awakened One","floor":50,"turns":11}],"seed_played":"1472601207820924932","potions_obtained":[{"floor":13.0,"key":"Block Potion"},{"floor":14.0,"key":"BlessingOfTheForge"},{"floor":14.0,"key":"Dexterity Potion"}],"is_trial":true,"path_per_floor":["M","?","M","$","?","R","R","R","T","E","$","R","M","?","R","B",null,"M","M","$","M","?","R","R","E","T","E","R","M","?","?","R","B",null,"M","?","?","?","$","?","R","?","T","R","E","R","E","$","R","B"],"character_chosen":"THE_POKER_PLAYER","items_purchased":["PokerPlayerMod:Heart9","PokerPlayerMod:PendantOfEscape","PokerPlayerMod:Club7","PokerPlayerMod:Club6","Bottled Flame","Potion Belt"],"campfire_rested":0,"item_purchase_floors":[4,20,39,39,48,48],"current_hp_per_floor":[52,52,52,52,52,52,52,52,59,54,54,54,59,59,59,29,59,59,47,47,56,56,56,56,56,56,56,56,56,70,70,70,32,73,73,73,73,73,73,69,69,69,69,69,54,54,54,54,54,0,0,0],"gold":7,"neow_bonus":"","is_daily":false,"chose_seed":false,"campfire_upgraded":13,"win_rate":0.0,"timestamp":1612947278,"path_taken":["M","?","?","$","?","R","R","R","T","E","$","R","?","?","R","BOSS","M","?","?","M","?","R","R","E","T","E","R","M","?","?","R","BOSS","M","?","?","?","$","?","R","?","T","R","E","R","E","$","R","BOSS"],"items_purchased_type":["Card","Relic","Card","Card","Relic","Relic"],"build_version":"2020-12-22","purchased_purges":3,"victory":false,"max_hp_per_floor":[52,52,52,52,52,52,52,52,59,59,59,59,59,59,59,59,59,59,59,59,59,59,59,59,59,59,59,59,59,73,73,73,73,73,73,73,73,73,73,69,69,69,69,69,69,69,69,69,69,69,69,69],"card_choices":[{"not_picked":["PokerPlayerMod:Spade2","PokerPlayerMod:Diamond5"],"picked":"PokerPlayerMod:Raise","floor":0.0},{"not_picked":["PokerPlayerMod:Spade3","PokerPlayerMod:SpadeStrike"],"picked":"PokerPlayerMod:Heart4","floor":0.0},{"not_picked":["PokerPlayerMod:DartThrow","PokerPlayerMod:SpadeStrike"],"picked":"PokerPlayerMod:Spade2","floor":0.0},{"not_picked":["PokerPlayerMod:Diamond5","PokerPlayerMod:Fold"],"picked":"PokerPlayerMod:Club3","floor":0.0},{"not_picked":["PokerPlayerMod:SpadeStrike","PokerPlayerMod:Diamond4"],"picked":"PokerPlayerMod:Configure","floor":0.0},{"not_picked":["PokerPlayerMod:JackOfSpades","PokerPlayerMod:Club4"],"picked":"PokerPlayerMod:Club5","floor":0.0},{"not_picked":["PokerPlayerMod:DiamondStrike","PokerPlayerMod:Fold"],"picked":"PokerPlayerMod:Club2","floor":0.0},{"not_picked":["PokerPlayerMod:MagicTrick","PokerPlayerMod:Diamond1"],"picked":"PokerPlayerMod:HiddenCard","floor":0.0},{"not_picked":["PokerPlayerMod:DamnStraight","PokerPlayerMod:Diamond5"],"picked":"PokerPlayerMod:MagicTrick","floor":0.0},{"not_picked":["PokerPlayerMod:MagicTrick","PokerPlayerMod:Spade3"],"picked":"PokerPlayerMod:ClubsClub","floor":0.0},{"not_picked":["PokerPlayerMod:Configure","PokerPlayerMod:Overdeal"],"picked":"PokerPlayerMod:SecondChance","floor":0.0},{"not_picked":["PokerPlayerMod:Raise","PokerPlayerMod:Spade2"],"picked":"PokerPlayerMod:Trickery","floor":0.0},{"not_picked":["PokerPlayerMod:DartThrow","PokerPlayerMod:DiamondStrike"],"picked":"PokerPlayerMod:Spade2","floor":0.0},{"not_picked":["PokerPlayerMod:DiamondStrike","PokerPlayerMod:Spade1"],"picked":"PokerPlayerMod:Club4","floor":0.0},{"not_picked":["PokerPlayerMod:Diamond1","PokerPlayerMod:Diamond8"],"picked":"PokerPlayerMod:Club3","floor":0.0},{"not_picked":["PokerPlayerMod:Spade8","PokerPlayerMod:Diamond5","PokerPlayerMod:RoyalStrike"],"picked":"SKIP","floor":10.0},{"not_picked":["PokerPlayerMod:ChangeRules","PokerPlayerMod:Diamond7"],"picked":"PokerPlayerMod:Club8","floor":16.0},{"not_picked":["PokerPlayerMod:StackedDeck","PokerPlayerMod:Spade7","PokerPlayerMod:TheDieIsCast"],"picked":"SKIP","floor":25.0},{"not_picked":["PokerPlayerMod:Diamond1","PokerPlayerMod:VarietyAttack","PokerPlayerMod:Heart10+"],"picked":"SKIP","floor":27.0},{"not_picked":["PokerPlayerMod:Duplicate+1","PokerPlayerMod:Spade7"],"picked":"PokerPlayerMod:ItsShowtime+1","floor":33.0},{"not_picked":["PokerPlayerMod:Heart2","PokerPlayerMod:WasteCollection+1","PokerPlayerMod:ItsShowtime+1"],"picked":"SKIP","floor":45.0},{"not_picked":["PokerPlayerMod:SecretDealer+1","PokerPlayerMod:RoyalStrike"],"picked":"PokerPlayerMod:Duplicate+1","floor":47.0}],"player_experience":251287,"relics_obtained":[{"floor":1.0,"key":"PokerPlayerMod:EnergeticBat"},{"floor":3.0,"key":"PokerPlayerMod:CoolBox"},{"floor":9.0,"key":"Strawberry"},{"floor":10.0,"key":"Oddly Smooth Stone"},{"floor":13.0,"key":"Shuriken"},{"floor":18.0,"key":"Dream Catcher"},{"floor":19.0,"key":"PreservedInsect"},{"floor":21.0,"key":"PokerPlayerMod:ClubPass"},{"floor":22.0,"key":"Red Mask"},{"floor":25.0,"key":"The Courier"},{"floor":26.0,"key":"Kunai"},{"floor":27.0,"key":"Toxic Egg 2"},{"floor":29.0,"key":"Darkstone Periapt"},{"floor":35.0,"key":"PokerPlayerMod:Splitter"},{"floor":36.0,"key":"CaptainsWheel"},{"floor":37.0,"key":"Turnip"},{"floor":43.0,"key":"Smiling Mask"},{"floor":45.0,"key":"Mercury Hourglass"},{"floor":47.0,"key":"Bird Faced Urn"}],"event_choices":[{"damage_healed":0.0,"max_hp_gain":0.0,"max_hp_loss":0.0,"gold_gain":0.0,"cards_transformed":["PokerPlayerMod:HiddenCard"],"event_name":"Transmorgrifier","player_choice":"Transformed","floor":2.0,"gold_loss":0.0,"damage_taken":0.0,"cards_obtained":["PokerPlayerMod:Diamond2"]},{"damage_healed":0.0,"max_hp_gain":0.0,"max_hp_loss":0.0,"gold_gain":0.0,"event_name":"Accursed Blacksmith","player_choice":"Forge","floor":5.0,"gold_loss":0.0,"damage_taken":0.0,"cards_upgraded":["PokerPlayerMod:Spade3"]},{"damage_healed":0.0,"max_hp_gain":0.0,"max_hp_loss":0.0,"gold_gain":0.0,"event_name":"Lab","player_choice":"Got Potions","floor":14.0,"gold_loss":0.0,"damage_taken":0.0},{"damage_healed":0.0,"max_hp_gain":0.0,"max_hp_loss":0.0,"gold_gain":0.0,"event_name":"Masked Bandits","player_choice":"Fought Bandits","floor":22.0,"gold_loss":0.0,"damage_taken":0.0},{"damage_healed":0.0,"max_hp_gain":0.0,"max_hp_loss":0.0,"gold_gain":0.0,"event_name":"Addict","player_choice":"Obtained Relic","floor":30.0,"gold_loss":85.0,"damage_taken":0.0,"relics_obtained":["Mango"]},{"damage_healed":0.0,"max_hp_gain":0.0,"max_hp_loss":0.0,"gold_gain":0.0,"event_name":"Match and Keep!","player_choice":"2 cards matched","floor":31.0,"gold_loss":0.0,"damage_taken":0.0,"cards_obtained":["PokerPlayerMod:Mulligan","Forethought"]},{"damage_healed":0.0,"max_hp_gain":0.0,"max_hp_loss":0.0,"gold_gain":0.0,"event_name":"Mysterious Sphere","player_choice":"Fight","floor":36.0,"gold_loss":0.0,"damage_taken":0.0},{"damage_healed":0.0,"max_hp_gain":0.0,"max_hp_loss":0.0,"gold_gain":0.0,"event_name":"MindBloom","player_choice":"Fight","floor":37.0,"gold_loss":0.0,"damage_taken":0.0},{"damage_healed":0.0,"max_hp_gain":0.0,"max_hp_loss":0.0,"gold_gain":222.0,"event_name":"Tomb of Lord Red Mask","player_choice":"Wore Mask","floor":38.0,"gold_loss":0.0,"damage_taken":0.0},{"damage_healed":0.0,"max_hp_gain":0.0,"max_hp_loss":4.0,"gold_gain":0.0,"event_name":"Winding Halls","player_choice":"Max HP","floor":40.0,"gold_loss":0.0,"damage_taken":0.0},{"cards_removed":["PokerPlayerMod:Trickery"],"damage_healed":0.0,"max_hp_gain":0.0,"max_hp_loss":0.0,"gold_gain":0.0,"event_name":"Falling","player_choice":"Removed Attack","floor":42.0,"gold_loss":0.0,"damage_taken":0.0}],"is_beta":false,"boss_relics":[{"not_picked":["Tiny House","Coffee Dripper"],"picked":"Empty Cage"},{"not_picked":["Runic Dome","Fusion Hammer"],"picked":"SlaversCollar"}],"items_purged_floors":[11,39,48],"is_endless":true,"potions_floor_spawned":[13,16,18,21,25,27],"killed_by":"Awakened One","ascension_level":1}}