{"host":"5uuadjc5gi6cs0xs","time":1612980913,"event":{"mods":["2.2 Compatiblity","Abigail Mod","AchievementEnabler","Act Like it!","BaseMod","BetterRewards","Chen","FTL Soundtrack","Friendly Minions","Hero for Fun","KinomotoSakuraMod(????)","Kiyohime????","Koishi","Marisa????????","Minty Spire (QoL Compilation)","Onozuka Komachi Mod","Permanent Neow","Prisma Mod","Quick Restart","Railgun Mod","Rare Cards Sparkle","Relic Stats","Remilia??????","StSLib","The Administrix","The Animator","The Exalted","The Gatherer","TheSwordswoman","Waifu the Spire","WarShipGirlsR/????R mod","Yohane!","Yuri Mod","Yuyuko"],"gold_per_floor":[364,364,375,388,170,170,202,202,202,202,4,19,48,65,65,164,164,180,31,47,7,7,37,50,50,50,50,64,64,89,104,104,205,205,225,225,225],"floor_reached":36,"language":"DEU","playtime":2213,"items_purged":[],"score":474,"play_id":"95a3fc0a-52a0-427b-81f0-3b4388a3ed1b","local_time":"20210210191513","is_ascension_mode":true,"campfire_choices":[{"data":"Poisoned Stab","floor":6,"key":"SMITH"},{"floor":8,"key":"REST"},{"floor":10,"key":"REST"},{"data":"Footwork","floor":15,"key":"SMITH"},{"data":"1","floor":25,"key":"LIFT"},{"floor":32,"key":"REST"}],"circlet_count":0,"master_deck":["Strike_G+1","Strike_G+1","Strike_G","Strike_G","Strike_G","Defend_G","Defend_G","Defend_G","Defend_G","Defend_G","Survivor","Neutralize","Heel Hook","Poisoned Stab+1","Caltrops","Accuracy","Footwork+1","Backflip","Infinite Blades","Backstab","Blade Dance","Envenom","Dagger Spray+1","Deadly Poison","Adrenaline","Acrobatics+1","Infinite Blades","Slice","Necronomicurse","PiercingWail","Die Die Die","Heel Hook"],"relics":["Ring of the Snake","Bag of Marbles","Meat on the Bone","Mercury Hourglass","Membership Card","Ninja Scroll","Fusion Hammer","Girya","Whetstone","Bromod:ArcaneDeflection","Necronomicon","ScarletDevilRocket","Sozu"],"acts_visited":["Exordium","TheCity","TheBeyond"],"potions_floor_usage":[7,13,13,30,33,33],"damage_taken":[{"damage":5,"enemies":"2 Louse","floor":1,"turns":4},{"damage":4,"enemies":"Jaw Worm","floor":3,"turns":3},{"damage":0,"enemies":"Cultist","floor":4,"turns":3},{"damage":26,"enemies":"Lagavulin","floor":7,"turns":6},{"damage":14,"enemies":"Exordium Wildlife","floor":12,"turns":4},{"damage":8,"enemies":"Gremlin Nob","floor":13,"turns":3},{"damage":0,"enemies":"3 Louse","floor":14,"turns":1},{"damage":24,"enemies":"Hexaghost","floor":16,"turns":8},{"damage":1,"enemies":"3 Byrds","floor":18,"turns":3},{"damage":9,"enemies":"Shell Parasite","floor":20,"turns":2},{"damage":24,"enemies":"Gremlin Leader","floor":23,"turns":4},{"damage":3,"enemies":"Cultist and Chosen","floor":24,"turns":3},{"damage":0,"enemies":"Snecko","floor":28,"turns":2},{"damage":28,"enemies":"Book of Stabbing","floor":30,"turns":5},{"damage":18,"enemies":"Snake Plant","floor":31,"turns":3},{"damage":28,"enemies":"Automaton","floor":33,"turns":8},{"damage":3,"enemies":"Orb Walker","floor":35,"turns":2},{"damage":69,"enemies":"Orin","floor":36,"turns":5}],"seed_played":"-5912282571373839926","potions_obtained":[{"floor":1,"key":"PowerPotion"},{"floor":12,"key":"ColorlessPotion"},{"floor":13,"key":"FairyPotion"},{"floor":14,"key":"Ancient Potion"},{"floor":16,"key":"FearPotion"},{"floor":24,"key":"SkillPotion"},{"floor":30,"key":"Block Potion"},{"floor":31,"key":"Energy Potion"}],"is_trial":false,"path_per_floor":["M","?","M","M","$","R","E","R","T","R","$","M","E","M","R","B",null,"M","$","M","?","$","E","M","R","T","?","M","?","E","M","R","B",null,"M","?"],"character_chosen":"THE_SILENT","items_purchased":["Bag of Marbles","Accuracy","Membership Card","AttackPotion","Backflip","Girya"],"campfire_rested":3,"item_purchase_floors":[5,5,11,11,11,19],"current_hp_per_floor":[44,44,40,40,40,40,14,35,35,56,56,42,46,46,46,34,70,69,69,60,60,60,36,45,45,45,45,45,29,13,33,54,38,70,67,0,0],"gold":225,"neow_bonus":"TWO_FIFTY_GOLD","is_daily":false,"chose_seed":false,"campfire_upgraded":2,"win_rate":0.0,"timestamp":1612980913,"path_taken":["M","?","M","M","$","R","E","R","T","R","$","M","E","M","R","BOSS","M","$","M","?","$","E","M","R","T","?","?","?","E","M","R","BOSS","M","?"],"items_purchased_type":["Relic","Card","Relic","Potion","Card","Relic"],"build_version":"2020-12-22","purchased_purges":0,"victory":false,"max_hp_per_floor":[70,70,70,70,70,70,70,70,70,70,70,70,70,70,70,70,70,70,70,70,70,70,70,70,70,70,70,70,70,70,70,70,70,70,70,70,70],"relic_stats":{"Sozu":1,"counters":[18,68],"Necronomicon":[0],"Whetstone":["Strike_G","Strike_G"],"obtain_stats":[{"Girya":19,"ScarletDevilRocket":30,"Whetstone":23,"Mercury Hourglass":9,"Sozu":34,"Ninja Scroll":13,"Bromod:ArcaneDeflection":26,"Fusion Hammer":17,"Bag of Marbles":5,"Necronomicon":29,"Membership Card":11,"Ring of the Snake":0,"Meat on the Bone":7},{"Girya":9,"ScarletDevilRocket":14,"Whetstone":11,"Mercury Hourglass":4,"Sozu":16,"Ninja Scroll":6,"Bromod:ArcaneDeflection":12,"Fusion Hammer":8,"Bag of Marbles":3,"Necronomicon":13,"Membership Card":4,"Ring of the Snake":0,"Meat on the Bone":4},{"Girya":34,"ScarletDevilRocket":50,"Whetstone":40,"Mercury Hourglass":16,"Sozu":61,"Ninja Scroll":22,"Bromod:ArcaneDeflection":43,"Fusion Hammer":31,"Bag of Marbles":10,"Necronomicon":45,"Membership Card":16,"Ring of the Snake":0,"Meat on the Bone":16}],"Ring of the Snake":[36],"Meat on the Bone":72,"Mercury Hourglass":[211]},"card_choices":[{"not_picked":["PiercingWail","Deflect"],"picked":"Heel Hook","floor":1},{"not_picked":["Prepared","Backstab"],"picked":"Poisoned Stab","floor":3},{"not_picked":["Deflect","Dagger Spray"],"picked":"Caltrops","floor":4},{"not_picked":["Dagger Spray","Underhanded Strike"],"picked":"Footwork","floor":7},{"not_picked":["Crippling Poison","Riddle With Holes"],"picked":"Infinite Blades","floor":12},{"not_picked":["Tools of the Trade","Acrobatics"],"picked":"Backstab","floor":13},{"not_picked":["Concentrate","Acrobatics"],"picked":"Blade Dance","floor":14},{"not_picked":["Tools of the Trade","Burst"],"picked":"Envenom","floor":16},{"not_picked":["Deflect","Skewer"],"picked":"Dagger Spray+1","floor":18},{"not_picked":["Dagger Spray","Deflect"],"picked":"Deadly Poison","floor":20},{"not_picked":["Slice","Sucker Punch+1"],"picked":"Adrenaline","floor":23},{"not_picked":["Prepared","Bane"],"picked":"Acrobatics+1","floor":24},{"not_picked":["Underhanded Strike","Sucker Punch"],"picked":"Slice","floor":28},{"not_picked":["Well Laid Plans","Dodge and Roll","Calculated Gamble"],"picked":"SKIP","floor":30},{"not_picked":["Catalyst","Dagger Spray"],"picked":"PiercingWail","floor":31},{"not_picked":["Unload","Tools of the Trade"],"picked":"Die Die Die","floor":33},{"not_picked":["Acrobatics+1","Poisoned Stab"],"picked":"Heel Hook","floor":35}],"player_experience":408626,"relics_obtained":[{"floor":7,"key":"Meat on the Bone"},{"floor":9,"key":"Mercury Hourglass"},{"floor":13,"key":"Ninja Scroll"},{"floor":23,"key":"Whetstone"},{"floor":26,"key":"Bromod:ArcaneDeflection"},{"floor":29,"key":"Necronomicon"},{"floor":30,"key":"ScarletDevilRocket"}],"event_choices":[{"damage_healed":0,"gold_gain":0,"player_choice":"Ignored","damage_taken":0,"max_hp_gain":0,"max_hp_loss":0,"event_name":"Golden Wing","floor":2,"gold_loss":0},{"damage_healed":0,"gold_gain":0,"player_choice":"Copied","damage_taken":0,"max_hp_gain":0,"max_hp_loss":0,"event_name":"Duplicator","floor":27,"gold_loss":0,"cards_obtained":["Infinite Blades"]},{"damage_healed":0,"gold_gain":0,"player_choice":"Obtained Book","damage_taken":16,"max_hp_gain":0,"max_hp_loss":0,"event_name":"Cursed Tome","floor":29,"gold_loss":0},{"damage_healed":0,"gold_gain":0,"player_choice":"Fight","damage_taken":0,"max_hp_gain":0,"max_hp_loss":0,"event_name":"OrinTheCat","floor":36,"gold_loss":0}],"is_beta":false,"boss_relics":[{"not_picked":["Pandora\u0027s Box","Ectoplasm"],"picked":"Fusion Hammer"},{"not_picked":["SacredBark","Philosopher\u0027s Stone"],"picked":"Sozu"}],"items_purged_floors":[],"is_endless":false,"potions_floor_spawned":[1,12,13,14,16,24,30,31,35],"killed_by":"Orin","ascension_level":3}}