{"host":"farxtl2u8hmkbdo2","time":1612968042,"event":{"mods":["A Magickal Journey","BaseMod","Better Altar","Better Note","Better Sensory Stone","Better Skull","Better Third Choice","Challenge The Spire","Colored Map","Colored Powertips","Current Relic Mod","Downfall","Energized Spire","Fox Events","Gremlin Mod","Hermit","Hubris","Mimic Mod","Minty Spire (QoL Compilation)","Quick Restart","READ ME - Guardian Mod","Rare Cards Sparkle","StSLib","The Bladedancer","The Bug Knight","The Cursed","The Disciple","The Hierophant","The Marked","The Necromancer","The Runesmith","Transform Curses"],"gold_per_floor":[99,99,99,549,5,5,32,32,32,59,59,4,4,14,31,129,129,129,146,146,160,160,170,170,4,17,30,15,30,30,42,59,159,159,59,78,178,32,109,139,162,162,198,198,198,231,253,290,309,309],"floor_reached":51,"language":"SPA","playtime":4707,"items_purged":["downfall:Icky","Pain","downfall:Malfunctioning"],"score":911,"play_id":"256745f4-fce0-498d-86b1-dad5f1b86c0c","local_time":"20210210114042","is_ascension_mode":false,"campfire_choices":[{"data":"Guardian:CurlUp","floor":1,"key":"SMITH"},{"data":"Guardian:TwinSlam","floor":9,"key":"SMITH"},{"data":"Guardian:BronzeOrb","floor":11,"key":"SMITH"},{"data":"Guardian:SentryBeam","floor":13,"key":"SMITH"},{"data":"Guardian:AncientConstruct","floor":18,"key":"SMITH"},{"floor":30,"key":"REST"},{"data":"Guardian:ShieldCharger","floor":35,"key":"SMITH"},{"data":"Guardian:PrismaticBarrier","floor":42,"key":"SMITH"},{"data":"Guardian:BodySlam","floor":44,"key":"SMITH"}],"circlet_count":0,"master_deck":["Guardian:Strike_Guardian","Guardian:Strike_Guardian","Guardian:Defend_Guardian","Guardian:Defend_Guardian+1","Guardian:CurlUp+1","Guardian:TwinSlam+1","Guardian:BronzeOrb+1","Guardian:ShieldCharger+1","Guardian:PrimingBeam","Guardian:SentryBeam+1","Guardian:Harden","Guardian:PrismaticBarrier+1","Guardian:AncientConstruct+1","Guardian:PolyBeam+1","Guardian:TimeCapacitor+1","Guardian:BronzeOrb+1","Guardian:SpikerProtocol+1","Guardian:TemporalShield","Guardian:TimeCapacitor","Guardian:BodySlam+1","Guardian:PiercingHide+1","Guardian:AncientConstruct","Guardian:Reroute","Guardian:ExploitGems","Guardian:FloatingOrbs+1","Clumsy","Guardian:BodySlam+1","Guardian:SphericShield","Regret","Clumsy","Guardian:StasisStrike","hubris:Lust","hubris:Greed","Guardian:WalkerClaw+1","Guardian:ShieldCharger+1","Guardian:BronzeOrb+1","Guardian:Orbwalk","Guardian:PolyBeam"],"relics":["Guardian:ModeShifter","downfall:HeartsMalice","Bag of Preparation","Kunai","hubris:ToyBattleship","White Beast Statue","Astrolabe","Potion Belt","hubris:TerracottaHorce","downfall:HeartBlessingBlue","downfall:ExtraCursedKey","Toy Ornithopter","Vajra","hubris:DeckOfHolding","Akabeko","Art of War","Happy Flower","hubris:Reverence","Pear"],"acts_visited":["Exordium","TheCity","TheBeyond"],"potions_floor_usage":[16,25,25,25,27,28,32,33,33,33,33,43,43,47,47,48,50,50],"damage_taken":[{"damage":0,"enemies":"2 Louse","floor":2,"turns":1},{"damage":0,"enemies":"downfall:FleeingMerchant","floor":5,"turns":1},{"damage":0,"enemies":"Jaw Worm","floor":8,"turns":1},{"damage":3,"enemies":"3 Sentries","floor":10,"turns":7},{"damage":0,"enemies":"downfall:FleeingMerchant","floor":12,"turns":4},{"damage":0,"enemies":"Small Slimes","floor":14,"turns":2},{"damage":0,"enemies":"2 Fungi Beasts","floor":15,"turns":4},{"damage":21,"enemies":"IC_STATUS_ARCHETYPE","floor":16,"turns":14},{"damage":10,"enemies":"Spheric Guardian","floor":19,"turns":3},{"damage":0,"enemies":"Chosen","floor":21,"turns":6},{"damage":8,"enemies":"Sentry and Sphere","floor":23,"turns":4},{"damage":7,"enemies":"downfall:FleeingMerchant","floor":25,"turns":4},{"damage":6,"enemies":"Cultist and Chosen","floor":26,"turns":7},{"damage":1,"enemies":"Shelled Parasite and Fungi","floor":27,"turns":5},{"damage":0,"enemies":"downfall:FleeingMerchant","floor":28,"turns":4},{"damage":20,"enemies":"Sentry and Sphere","floor":29,"turns":7},{"damage":15,"enemies":"Snecko","floor":31,"turns":7},{"damage":3,"enemies":"3 Cultists","floor":32,"turns":6},{"damage":1,"enemies":"WA_ARCHETYPE_CALM","floor":33,"turns":7},{"damage":6,"enemies":"3 Shapes","floor":36,"turns":4},{"damage":0,"enemies":"downfall:FleeingMerchant","floor":38,"turns":3},{"damage":7,"enemies":"Giant Head","floor":40,"turns":7},{"damage":9,"enemies":"Reptomancer","floor":43,"turns":6},{"damage":17,"enemies":"Giant Head","floor":46,"turns":7},{"damage":8,"enemies":"3 Darklings","floor":47,"turns":4},{"damage":8,"enemies":"Reptomancer","floor":48,"turns":7},{"damage":9,"enemies":"Sphere and 2 Shapes","floor":49,"turns":5},{"damage":37,"enemies":"SI_POISON_ARCHETYPE","floor":50,"turns":8}],"seed_played":"-1443739580899711843","potions_obtained":[{"floor":10,"key":"Ancient Potion"},{"floor":12,"key":"FearPotion"},{"floor":14,"key":"FairyPotion"},{"floor":15,"key":"DuplicationPotion"},{"floor":16,"key":"bronze:BurnAndBuffPotion"},{"floor":19,"key":"Block Potion"},{"floor":23,"key":"PowerPotion"},{"floor":25,"key":"ColorlessPotion"},{"floor":26,"key":"BlessingOfTheForge"},{"floor":27,"key":"Guardian:AcceleratePotion"},{"floor":28,"key":"Energy Potion"},{"floor":29,"key":"FearPotion"},{"floor":31,"key":"CultistPotion"},{"floor":32,"key":"AttackPotion"},{"floor":33,"key":"BlessingOfTheForge"},{"floor":36,"key":"Weak Potion"},{"floor":38,"key":"Guardian:DefensiveModePotion"},{"floor":40,"key":"Fruit Juice"},{"floor":43,"key":"Guardian:BlockOnCardUsePotion"},{"floor":45,"key":"Guardian:StasisDiscoveryPotion"},{"floor":45,"key":"LiquidBronze"},{"floor":46,"key":"Regen Potion"},{"floor":47,"key":"Guardian:BlockOnCardUsePotion"},{"floor":48,"key":"GamblersBrew"},{"floor":49,"key":"GamblersBrew"}],"is_trial":false,"path_per_floor":["R","M","?","?","$","?","T","M","R","E","R","$","R","M","M","B",null,"R","M","?","M","?","M","T","$","M","M","$","M","R","M","M","B",null,"R","M","?","$","?","E","T","R","E","R","?","E","M","E","M","B",null],"character_chosen":"GUARDIAN","items_purchased":["Bag of Preparation","Kunai","Guardian:Gem_Green","Guardian:PrimingBeam","Guardian:Harden","Guardian:Gem_Lightblue","Toy Ornithopter","Vajra","Guardian:SphericShield"],"campfire_rested":1,"item_purchase_floors":[5,5,5,5,12,25,38,38,38],"current_hp_per_floor":[80,80,80,80,80,80,80,80,80,77,77,77,77,77,77,56,80,80,70,62,62,62,54,54,47,41,40,40,20,44,29,26,25,66,76,70,70,70,70,63,63,63,69,69,69,52,66,73,64,37],"gold":309,"neow_bonus":"THREE_ENEMY_KILL","is_daily":false,"chose_seed":false,"campfire_upgraded":8,"win_rate":0.0,"timestamp":1612968042,"path_taken":["R","M","?","?","$","?","T","M","R","E","R","$","R","M","M","BOSS","R","M","?","M","?","M","T","$","M","M","$","M","R","?","M","BOSS","R","M","?","$","?","E","T","R","E","R","?","E","M","E","M","BOSS"],"items_purchased_type":["Relic","Relic","Card","Card","Card","Card","Relic","Relic","Card"],"build_version":"2020-12-22","purchased_purges":3,"victory":true,"max_hp_per_floor":[80,80,80,80,80,80,80,80,80,80,80,80,80,80,80,80,80,80,80,80,80,80,80,80,80,80,80,80,80,80,80,80,80,80,90,90,90,90,90,90,90,90,95,95,95,95,95,105,105,105],"card_choices":[{"not_picked":["Guardian:ShieldSpikes","Guardian:Gem_Blue"],"picked":"Guardian:BronzeOrb","floor":2},{"not_picked":["Guardian:Preprogram","Guardian:PrimingBeam"],"picked":"Guardian:ShieldCharger","floor":5},{"not_picked":["Guardian:DonusPower","Guardian:Gem_Lightblue"],"picked":"Guardian:SentryBeam","floor":8},{"not_picked":["Guardian:VentSteam","Guardian:Reroute"],"picked":"Guardian:Gem_Red","floor":10},{"not_picked":["Guardian:RollAttack","Guardian:EvasiveProtocol"],"picked":"Guardian:Gem_Cyan","floor":12},{"not_picked":["Guardian:VentSteam","Guardian:ShieldCharger"],"picked":"Guardian:PrismaticBarrier","floor":14},{"not_picked":["Guardian:Recover","Guardian:WalkerClaw"],"picked":"Guardian:Gem_Yellow","floor":15},{"not_picked":["Guardian:HyperBeam_Guardian","Guardian:ConstructionForm"],"picked":"Guardian:AncientConstruct","floor":16},{"not_picked":["Guardian:PrismaticBeam","Guardian:Harden"],"picked":"Guardian:Gem_Red","floor":19},{"not_picked":["Guardian:TemporalStrike","Guardian:Suspension"],"picked":"Guardian:SpikerProtocol+1","floor":21},{"not_picked":["Guardian:Harden","Guardian:Incinerate"],"picked":"Guardian:TemporalShield","floor":23},{"not_picked":["Guardian:ShieldCharger","Guardian:GuardianWhirl"],"picked":"Guardian:TimeCapacitor","floor":25},{"not_picked":["Guardian:PiercingHide","Guardian:Emergency"],"picked":"Guardian:Gem_Red","floor":26},{"not_picked":["Guardian:Gem_Red","Guardian:Gem_Lightblue"],"picked":"Guardian:BodySlam+1","floor":27},{"not_picked":["Guardian:Gem_Cyan","Guardian:WalkerClaw"],"picked":"Guardian:PiercingHide+1","floor":28},{"not_picked":["Guardian:ChargeCore","Guardian:TemporalShield"],"picked":"Guardian:Gem_Lightblue","floor":29},{"not_picked":["Guardian:VentSteam","Guardian:Suspension"],"picked":"Guardian:AncientConstruct","floor":31},{"not_picked":["Guardian:ChargeCore","Guardian:TemporalStrike"],"picked":"Guardian:Reroute","floor":32},{"not_picked":["Guardian:HyperBeam_Guardian","Guardian:FierceBash"],"picked":"Guardian:ExploitGems","floor":33},{"not_picked":["Guardian:Gem_Fragmented","Guardian:BronzeArmor"],"picked":"Guardian:FloatingOrbs+1","floor":36},{"not_picked":["Guardian:MultiBeam","Guardian:Reroute+1"],"picked":"Guardian:BodySlam","floor":38},{"not_picked":["Guardian:Gem_Lightblue","Guardian:PolyBeam"],"picked":"Guardian:StasisStrike","floor":40},{"not_picked":["Guardian:Planning","Guardian:TemporalStrike+1"],"picked":"Guardian:WalkerClaw+1","floor":43},{"not_picked":["Guardian:Gem_Green","Guardian:VentSteam"],"picked":"Guardian:ShieldCharger+1","floor":46},{"not_picked":["Guardian:Gem_Green","Guardian:ShieldCharger"],"picked":"Guardian:BronzeOrb+1","floor":47},{"not_picked":["Guardian:CrystalBeam","Guardian:Gem_Blue"],"picked":"Guardian:Orbwalk","floor":48},{"not_picked":["Guardian:Gem_Cyan","Guardian:Orbwalk"],"picked":"Guardian:PolyBeam","floor":49}],"player_experience":2081094,"relics_obtained":[{"floor":7,"key":"hubris:ToyBattleship"},{"floor":10,"key":"White Beast Statue"},{"floor":39,"key":"hubris:DeckOfHolding"},{"floor":40,"key":"Akabeko"},{"floor":41,"key":"Art of War"},{"floor":43,"key":"Happy Flower"},{"floor":46,"key":"hubris:Reverence"},{"floor":48,"key":"Pear"}],"event_choices":[{"cards_removed":["downfall:Icky"],"damage_healed":0,"gold_gain":0,"player_choice":"Forget","damage_taken":0,"max_hp_gain":0,"max_hp_loss":0,"event_name":"Living Wall","floor":6,"gold_loss":0},{"damage_healed":0,"gold_gain":0,"player_choice":"Got Potions","damage_taken":0,"max_hp_gain":0,"max_hp_loss":0,"event_name":"Lab","floor":45,"gold_loss":0}],"is_beta":false,"boss_relics":[{"not_picked":["Tiny House","Philosopher\u0027s Stone"],"picked":"Astrolabe"},{"not_picked":["Sozu","hubris:GrandSneckoEye"],"picked":"hubris:TerracottaHorce"}],"items_purged_floors":[5,25,38],"is_endless":false,"potions_floor_spawned":[10,12,14,15,16,19,21,23,25,26,27,28,29,31,32,33,36,38,40,43,46,47,48,49],"ascension_level":0}}