{"host":"fxrgx7wt2cpkbhka","time":1612968748,"event":{"mods":["AchievementEnabler","BaseMod","Colored Powertips","Dark Map","Minty Spire (QoL Compilation)","Permanent Neow","Quick Restart","Slay-I","StSLib","Waifu the Spire"],"gold_per_floor":[109,127,127,302,232,258,270,270,347,347,357,240,240,258,258,335,335,352,369,369,369,369],"floor_reached":21,"language":"ENG","playtime":594,"items_purged":[],"score":304,"play_id":"c587177e-9439-48c7-a22d-d6c009918cea","local_time":"20210210065228","is_ascension_mode":true,"campfire_choices":[{"data":"Defragment","floor":8,"key":"SMITH"},{"floor":10,"key":"REST"},{"data":"Defragment","floor":15,"key":"SMITH"}],"circlet_count":0,"master_deck":["AscendersBane","Strike_B","Strike_B","Strike_B","Strike_B","Defend_B","Defend_B","Defend_B","Defend_B","Zap","Dualcast","Biased Cognition","Doubt","Seek","Defragment+1","Ball Lightning+1","Defragment+1","Cold Snap+1","Defragment","Leap","BootSequence"],"relics":["Cracked Core","Art of War","Blue Candle","Molten Egg 2","Singing Bowl","SlaversCollar","MutagenicStrength"],"acts_visited":["Exordium","TheCity"],"potions_floor_usage":[16,19],"damage_taken":[{"damage":7,"enemies":"Jaw Worm","floor":1,"turns":3},{"damage":4,"enemies":"Small Slimes","floor":2,"turns":2},{"damage":45,"enemies":"3 Sentries","floor":6,"turns":10},{"damage":3,"enemies":"Cultist","floor":7,"turns":3},{"damage":15,"enemies":"Lots of Slimes","floor":11,"turns":4},{"damage":1,"enemies":"Large Slime","floor":14,"turns":4},{"damage":4,"enemies":"Slime Boss","floor":16,"turns":7},{"damage":43,"enemies":"2 Thieves","floor":18,"turns":5},{"damage":15,"enemies":"3 Byrds","floor":19,"turns":5},{"damage":19,"enemies":"Snecko","floor":21,"turns":2}],"seed_played":"-8478044794347474725","potions_obtained":[{"floor":6,"key":"SpeedPotion"},{"floor":14,"key":"Swift Potion"},{"floor":16,"key":"PowerPotion"}],"is_trial":false,"path_per_floor":["M","M","?","?","?","E","M","R","T","R","M","$","?","M","R","B",null,"M","M","?","M"],"character_chosen":"DEFECT","items_purchased":["Defragment","Cold Snap+1"],"campfire_rested":1,"item_purchase_floors":[12,12],"current_hp_per_floor":[57,53,58,58,58,13,10,10,10,32,17,17,17,16,16,14,62,19,4,4,0,0],"gold":369,"neow_bonus":"ONE_RANDOM_RARE_CARD","is_daily":false,"chose_seed":false,"campfire_upgraded":2,"win_rate":0.0,"timestamp":1612968748,"path_taken":["M","M","?","?","?","E","M","R","T","R","?","?","?","M","R","BOSS","M","M","?","M"],"items_purchased_type":["Card","Card"],"build_version":"2020-12-22","purchased_purges":0,"victory":false,"max_hp_per_floor":[71,71,76,76,76,76,76,76,76,76,76,76,76,76,76,78,78,78,78,78,78,78],"card_choices":[{"not_picked":["Gash","Turbo","Steam"],"picked":"SKIP","floor":1},{"not_picked":["Hologram","Conserve Battery","Blizzard"],"picked":"SKIP","floor":2},{"not_picked":["Loop","Chaos"],"picked":"Seek","floor":6},{"not_picked":["Steam","Leap"],"picked":"Defragment","floor":7},{"not_picked":["Go for the Eyes+1","Consume"],"picked":"Ball Lightning+1","floor":11},{"not_picked":["Cold Snap+1","Beam Cell+1"],"picked":"Defragment","floor":14},{"not_picked":["Fission","All For One+1","Creative AI"],"picked":"Singing Bowl","floor":16},{"not_picked":["Chaos","Turbo"],"picked":"Leap","floor":18},{"not_picked":["Stack","Go for the Eyes+1"],"picked":"BootSequence","floor":19}],"player_experience":760953,"relics_obtained":[{"floor":6,"key":"Blue Candle"},{"floor":9,"key":"Molten Egg 2"}],"event_choices":[{"damage_healed":0,"gold_gain":0,"player_choice":"Donut","damage_taken":0,"max_hp_gain":5,"max_hp_loss":0,"event_name":"Big Fish","floor":3,"gold_loss":0},{"damage_healed":0,"gold_gain":175,"player_choice":"AGREE","damage_taken":0,"max_hp_gain":0,"max_hp_loss":0,"event_name":"Liars Game","floor":4,"gold_loss":0,"cards_obtained":["Doubt"]},{"damage_healed":0,"gold_gain":0,"player_choice":"Paid Gold","damage_taken":0,"relics_obtained":["Art of War"],"max_hp_gain":0,"max_hp_loss":0,"event_name":"WeMeetAgain","floor":5,"gold_loss":70},{"damage_healed":0,"gold_gain":0,"player_choice":"Searched \u00272\u0027 times","damage_taken":0,"relics_obtained":["Singing Bowl"],"max_hp_gain":0,"max_hp_loss":0,"event_name":"Dead Adventurer","floor":13,"gold_loss":0},{"damage_healed":0,"gold_gain":0,"player_choice":"Inject Mutagens","damage_taken":0,"relics_obtained":["MutagenicStrength"],"max_hp_gain":0,"max_hp_loss":0,"event_name":"Drug Dealer","floor":20,"gold_loss":0}],"is_beta":false,"boss_relics":[{"not_picked":["Philosopher\u0027s Stone","Tiny House"],"picked":"SlaversCollar"}],"items_purged_floors":[],"is_endless":false,"potions_floor_spawned":[6,14,16,18],"killed_by":"Snecko","ascension_level":14}}