{"host":"8is2j71l4wmybkoi","time":1612954818,"event":{"mods":["AchievementEnabler","BaseMod","Colored Map","Minty Spire (QoL Compilation)","Rare Cards Sparkle","StSLib","SuperFastMode"],"gold_per_floor":[118,43,93,106,106,106,139,156,156,175,195,225,260,277,277,348,348,361,113,113,113,113,143,143,157,157,157,157],"floor_reached":27,"language":"KOR","playtime":3728,"items_purged":["Strike_R","Uppercut"],"score":466,"play_id":"77ed202f-30dd-4483-b66f-8d38e27ce22c","local_time":"20210210200018","is_ascension_mode":true,"campfire_choices":[{"data":"Whirlwind","floor":6.0,"key":"SMITH"},{"data":"Demon Form","floor":15.0,"key":"SMITH"},{"floor":24,"key":"REST"}],"circlet_count":0,"master_deck":["AscendersBane","Hemokinesis","Whirlwind+1","Shrug It Off","Pommel Strike","Demon Form+1","Double Tap","Limit Break","Pummel","Berserk","Uppercut","Impervious","Brutality","Spot Weakness","Seeing Red","Rupture","True Grit","Bloodletting","Armaments+1","Shrug It Off"],"relics":["Burning Blood","NeowsBlessing","Blue Candle","Letter Opener","Pen Nib","Potion Belt","Pandora\u0027s Box","Orrery","Eternal Feather"],"acts_visited":["Exordium","TheCity"],"potions_floor_usage":[],"damage_taken":[{"damage":0.0,"enemies":"Small Slimes","floor":1.0,"turns":1.0},{"damage":0.0,"enemies":"Cultist","floor":4.0,"turns":1.0},{"damage":0.0,"enemies":"Gremlin Nob","floor":7.0,"turns":1.0},{"damage":0.0,"enemies":"2 Louse","floor":8.0,"turns":1.0},{"damage":5.0,"enemies":"2 Fungi Beasts","floor":10.0,"turns":3.0},{"damage":8.0,"enemies":"Looter","floor":11.0,"turns":2.0},{"damage":19.0,"enemies":"Lagavulin","floor":13.0,"turns":6.0},{"damage":13.0,"enemies":"Blue Slaver","floor":14.0,"turns":3.0},{"damage":40.0,"enemies":"Hexaghost","floor":16.0,"turns":7.0},{"damage":0.0,"enemies":"Chosen","floor":18.0,"turns":4.0},{"damage":41.0,"enemies":"Book of Stabbing","floor":23.0,"turns":4.0},{"damage":3,"enemies":"Spheric Guardian","floor":25,"turns":2},{"damage":60,"enemies":"Slavers","floor":27,"turns":5}],"seed_played":"-4314304567455626230","potions_obtained":[{"floor":1.0,"key":"Strength Potion"},{"floor":4.0,"key":"BlessingOfTheForge"},{"floor":7.0,"key":"CultistPotion"},{"floor":10.0,"key":"Block Potion"}],"is_trial":false,"path_per_floor":["M","$","?","M","?","R","E","M","T","M","M","?","E","M","R","B",null,"M","$","?","?","?","E","R","M","T","E"],"character_chosen":"IRONCLAD","items_purchased":["Orrery"],"campfire_rested":1,"item_purchase_floors":[19],"current_hp_per_floor":[74,74,67,73,73,73,75,75,75,75,73,73,60,53,53,19,61,67,67,67,67,67,32,54,57,57,0,0],"gold":157,"neow_bonus":"THREE_ENEMY_KILL","is_daily":false,"chose_seed":false,"campfire_upgraded":2,"win_rate":0.0,"timestamp":1612954818,"path_taken":["M","$","?","?","?","R","E","M","T","M","M","?","E","M","R","BOSS","M","$","?","?","?","E","R","M","T","E"],"items_purchased_type":["Relic"],"build_version":"2020-12-22","purchased_purges":2,"victory":false,"max_hp_per_floor":[75,75,75,75,75,75,75,75,75,75,75,75,75,75,75,75,75,75,75,75,75,75,75,75,75,75,75,75],"card_choices":[{"not_picked":["Sever Soul","Warcry"],"picked":"Hemokinesis","floor":1.0},{"not_picked":["Anger","Spot Weakness"],"picked":"Whirlwind","floor":4.0},{"not_picked":["Clothesline","Twin Strike","Perfected Strike"],"picked":"SKIP","floor":7.0},{"not_picked":["Entrench","Flex"],"picked":"Shrug It Off","floor":8.0},{"not_picked":["Thunderclap","Body Slam"],"picked":"Pommel Strike","floor":10.0},{"not_picked":["Dropkick","Iron Wave","Heavy Blade"],"picked":"SKIP","floor":11.0},{"not_picked":["Infernal Blade","Entrench","Wild Strike"],"picked":"SKIP","floor":13.0},{"not_picked":["Headbutt","Pummel"],"picked":"Demon Form","floor":14.0},{"not_picked":["Fiend Fire","Feed"],"picked":"Double Tap","floor":16.0},{"not_picked":["Sword Boomerang","True Grit"],"picked":"Spot Weakness","floor":18.0},{"not_picked":["Warcry","Pommel Strike"],"picked":"Seeing Red","floor":19.0},{"not_picked":["Intimidate","Clash"],"picked":"Rupture","floor":19.0},{"not_picked":["Bludgeon","Anger"],"picked":"True Grit","floor":19.0},{"not_picked":["Dropkick+1","Havoc"],"picked":"Armaments+1","floor":23},{"not_picked":["Shockwave","Heavy Blade"],"picked":"Shrug It Off","floor":25}],"player_experience":1100846,"relics_obtained":[{"floor":7.0,"key":"Blue Candle"},{"floor":9.0,"key":"Letter Opener"},{"floor":13.0,"key":"Potion Belt"},{"floor":26,"key":"Eternal Feather"}],"event_choices":[{"damage_healed":0.0,"max_hp_gain":0.0,"max_hp_loss":0.0,"gold_gain":50.0,"event_name":"FaceTrader","player_choice":"Touch","floor":3.0,"gold_loss":0.0,"damage_taken":7.0},{"cards_removed":["Strike_R"],"damage_healed":0.0,"max_hp_gain":0.0,"max_hp_loss":0.0,"gold_gain":0.0,"event_name":"Living Wall","player_choice":"Forget","floor":5.0,"gold_loss":0.0,"damage_taken":0.0},{"damage_healed":0.0,"max_hp_gain":0.0,"max_hp_loss":0.0,"gold_gain":30.0,"event_name":"Dead Adventurer","player_choice":"Searched \u00273\u0027 times","floor":12.0,"gold_loss":0.0,"damage_taken":0.0,"relics_obtained":["Pen Nib"]},{"cards_removed":["Bash"],"damage_healed":0.0,"max_hp_gain":0.0,"max_hp_loss":0.0,"gold_gain":0.0,"event_name":"Back to Basics","player_choice":"Elegance","floor":20.0,"gold_loss":0.0,"damage_taken":0.0},{"damage_healed":0.0,"max_hp_gain":0.0,"max_hp_loss":0.0,"gold_gain":0.0,"event_name":"Vampires","player_choice":"Ignored","floor":21.0,"gold_loss":0.0,"damage_taken":0.0},{"damage_healed":0.0,"max_hp_gain":0.0,"max_hp_loss":0.0,"gold_gain":0.0,"event_name":"The Library","player_choice":"Read","floor":22.0,"gold_loss":0.0,"damage_taken":0.0,"cards_obtained":["Bloodletting"]}],"is_beta":false,"boss_relics":[{"not_picked":["Runic Dome","Snecko Eye"],"picked":"Pandora\u0027s Box"}],"items_purged_floors":[2,19],"is_endless":false,"potions_floor_spawned":[1,4,7,10],"killed_by":"Slavers","ascension_level":15}}