{"host":"o9lehcdjc4u6j9un","time":1612988998,"event":{"mods":["Aspiration","BaseMod","Colored Map","Downfall","Gremlin Mod","Hermit","LagranYue(¿≠∏Ò¿ °§‘¬)","Marisa£®ÏF”Í°°ƒß¿Ì…≥£©","Minty Spire (QoL Compilation)","Reimu£®≤©¿ˆ¡È√Œ£©","Remilia£®¿Ÿ√◊¿Ú—«£©","StSLib","The Alterego","The Runesmith","The Senshi","The Servant 0.9.4","Yakumo Yukari mod","Youmu£®ªÍ∆«—˝√Œ£©"],"gold_per_floor":[118,133,133,83,100,126,126,137,137,166,441,441,453,478,478,583,583,583],"floor_reached":17,"language":"ZHS","playtime":877,"items_purged":[],"score":225,"play_id":"ece05199-1998-411e-b3cf-282e6e670f3f","local_time":"20210211042958","is_ascension_mode":false,"campfire_choices":[{"data":"LightFlow","floor":7.0,"key":"SMITH"},{"data":"SurpressingFire","floor":12.0,"key":"SMITH"},{"data":"Moonlight","floor":15,"key":"SMITH"}],"circlet_count":0,"master_deck":["Strike_S","Strike_S","Strike_S","Defend_S","Defend_S","Defend_S","Defend_S","KidneyShot","Exchange","Rearm","FastForward","FanOfKnives","LightFlow+1","SpecialFormula","SurpressingFire+1","Regret","Moonlight+1","FanOfKnives","FlawlessForm"],"relics":["Uniform","LagranYue:RandomDrawCardRelic","Lizard Tail","Calipers","Bag of Preparation","Bronze Scales","Omamori","aspiration:PoetsPen_weak"],"acts_visited":["Exordium","TheCity"],"potions_floor_usage":[14,16,16],"damage_taken":[{"damage":0.0,"enemies":"2 Louse","floor":1.0,"turns":4.0},{"damage":0.0,"enemies":"Small Slimes","floor":2.0,"turns":3.0},{"damage":6.0,"enemies":"Cultist","floor":5.0,"turns":6.0},{"damage":23.0,"enemies":"3 Sentries","floor":6.0,"turns":6.0},{"damage":12.0,"enemies":"Gremlin Gang","floor":8.0,"turns":4.0},{"damage":4.0,"enemies":"Gremlin Nob","floor":10.0,"turns":3.0},{"damage":4,"enemies":"Lots of Slimes","floor":13,"turns":3},{"damage":4,"enemies":"Lagavulin","floor":14,"turns":3},{"damage":9,"enemies":"Slime Boss","floor":16,"turns":8}],"seed_played":"-6156676931361650528","potions_obtained":[{"floor":1.0,"key":"Strength Potion"},{"floor":5.0,"key":"Fire Potion"},{"floor":6.0,"key":"Swift Potion"},{"floor":10.0,"key":"SteroidPotion"}],"is_trial":false,"path_per_floor":["M","M","?","?","M","E","R","M","T","E","?","R","M","E","R","B",null],"character_chosen":"THE_SERVANT","items_purchased":[],"campfire_rested":0,"item_purchase_floors":[],"current_hp_per_floor":[71,71,59,59,53,30,30,18,18,14,14,14,10,6,6,2,71,71],"gold":583,"neow_bonus":"TEN_PERCENT_HP_BONUS","is_daily":false,"chose_seed":false,"campfire_upgraded":3,"win_rate":0.0,"timestamp":1612988998,"path_taken":["M","M","?","?","M","E","R","M","T","E","?","R","M","E","R","BOSS"],"items_purchased_type":[],"build_version":"2020-12-22","purchased_purges":0,"victory":false,"max_hp_per_floor":[71,71,71,71,71,71,71,71,71,71,71,71,71,71,71,71,71,71],"card_choices":[{"not_picked":["Misdirection","Gouge"],"picked":"Rearm","floor":1.0},{"not_picked":["BottledTime","Desolation"],"picked":"FastForward","floor":2.0},{"not_picked":["Alleviate","Replace"],"picked":"FanOfKnives","floor":5.0},{"not_picked":["TimeWarp","Defy"],"picked":"LightFlow","floor":6.0},{"not_picked":["Rearm","Collapse"],"picked":"SpecialFormula","floor":8.0},{"not_picked":["Rewind","Misdirection"],"picked":"SurpressingFire","floor":10.0},{"not_picked":["Unruled","Barrier"],"picked":"Moonlight","floor":13},{"not_picked":["Collapse","TimeWarp"],"picked":"FanOfKnives","floor":14},{"not_picked":["Deny","KillingDoll"],"picked":"FlawlessForm","floor":16}],"player_experience":225289,"relics_obtained":[{"floor":6.0,"key":"Calipers"},{"floor":9.0,"key":"Bag of Preparation"},{"floor":10.0,"key":"Bronze Scales"},{"floor":14,"key":"Omamori"}],"event_choices":[{"damage_healed":0.0,"max_hp_gain":0.0,"max_hp_loss":0.0,"gold_gain":0.0,"event_name":"Scrap Ooze","player_choice":"Success","floor":3.0,"gold_loss":0.0,"damage_taken":12.0,"relics_obtained":["Lizard Tail"]},{"cards_removed":["Strike_S"],"damage_healed":0.0,"max_hp_gain":0.0,"max_hp_loss":0.0,"gold_gain":0.0,"event_name":"The Cleric","player_choice":"Card Removal","floor":4.0,"gold_loss":50.0,"damage_taken":0.0},{"damage_healed":0.0,"max_hp_gain":0.0,"max_hp_loss":0.0,"gold_gain":275.0,"event_name":"Golden Shrine","player_choice":"Desecrate","floor":11.0,"gold_loss":0.0,"damage_taken":0.0,"cards_obtained":["Regret"]}],"is_beta":false,"boss_relics":[{"not_picked":["SacredBark","aspiration:RandomNobGenerator"],"picked":"aspiration:PoetsPen_weak"}],"items_purged_floors":[],"is_endless":false,"potions_floor_spawned":[1,5,6,10,13],"ascension_level":0}}