{"host":"Tuck","time":1612949386,"event":{"mods":["BaseMod","Minty Spire (QoL Compilation)","StSLib"],"gold_per_floor":[6099,6099,6099,6099,6099,6099,6099,6099,6099,6099,5725,5725,5572,5572,5572,5572,5572,5572,4486,4486,4486,4486,4486,4486,4486,4486,4486,4486,4486,4486,4486,4486,4486,4486,4486,4486,4309,4309,3774,3774,3774,3774,3774,3774,3774,3774,3774,3774,3774,3774,3774,3774,3166,3166,3166],"floor_reached":56,"language":"ENG","playtime":4748,"items_purged":["Strike_B","Strike_B","Strike_B","Strike_B","Streamline+1","Self Repair"],"score":2109,"play_id":"87344047-cef8-4489-afbd-62a8cb2e7af6","local_time":"20210210022946","is_ascension_mode":true,"campfire_choices":[{"data":"Loop","floor":7.0,"key":"SMITH"},{"data":"Streamline","floor":10.0,"key":"SMITH"},{"data":"Defragment","floor":15.0,"key":"SMITH"},{"data":"Amplify","floor":29.0,"key":"SMITH"},{"data":"Loop","floor":32.0,"key":"SMITH"},{"data":"Hologram","floor":41.0,"key":"SMITH"},{"data":"Go for the Eyes","floor":42.0,"key":"SMITH"},{"data":"Meteor Strike","floor":49.0,"key":"SMITH"},{"data":"WheelKick","floor":52.0,"key":"SMITH"}],"circlet_count":0,"master_deck":["Defend_B","Defend_B","Defend_B","Defend_B","Dualcast+1","Loop+1","Glacier","Chill+1","Loop+1","Defragment+1","Amplify+1","Go for the Eyes+1","Hologram+1","Meteor Strike+1","Loop+1","Capacitor+1","Defragment+1","Capacitor+1","Coolheaded+1","Echo Form+1","Turbo+1","Loop+1","Machine Learning+1","Coolheaded+1","Coolheaded+1","Recycle+1","Heatsinks+1","WheelKick+1","Panacea+1","Seeing Red+1","Core Surge+1","FTL+1","Coolheaded+1","Seek+1","Recycle+1","Heatsinks+1","Leap+1","Sunder+1","Loop+1"],"relics":["TungstenRod","PreservedInsect","MawBank","Singing Bowl","Membership Card","Bag of Preparation","Oddly Smooth Stone","Art of War","WingedGreaves","Nunchaku","Nuclear Battery","Ectoplasm","Black Star","The Courier","War Paint","Ginger","Toxic Egg 2","Frozen Egg 2","Meat on the Bone","Turnip","Ice Cream","HandDrill","StoneCalendar","Nilry\u0027s Codex","WarpedTongs","Happy Flower","DataDisk","Ornamental Fan","Calipers","Symbiotic Virus","Omamori","Toy Ornithopter","Bag of Marbles","Incense Burner","Runic Pyramid","PrismaticShard","Centennial Puzzle","Blood Vial","Pear","Bronze Scales","Lee\u0027s Waffle","Shuriken","Mummified Hand","Juzu Bracelet","Darkstone Periapt","Anchor","Bottled Tornado","Smiling Mask","Molten Egg 2","Lantern","Du-Vu Doll","Pantograph","Orichalcum","Vajra","Strawberry","Bottled Lightning","Boot","HornCleat","Bird Faced Urn","Sundial","Eternal Feather"],"acts_visited":["Exordium","TheCity","TheBeyond","TheEnding"],"potions_floor_usage":[],"damage_taken":[{"damage":0.0,"enemies":"2 Louse","floor":1.0,"turns":2.0},{"damage":0.0,"enemies":"Small Slimes","floor":3.0,"turns":2.0},{"damage":5.0,"enemies":"Jaw Worm","floor":5.0,"turns":3.0},{"damage":18.0,"enemies":"Gremlin Nob","floor":6.0,"turns":4.0},{"damage":0.0,"enemies":"Gremlin Nob","floor":8.0,"turns":3.0},{"damage":0.0,"enemies":"Lagavulin","floor":12.0,"turns":6.0},{"damage":2.0,"enemies":"Gremlin Nob","floor":14.0,"turns":8.0},{"damage":0.0,"enemies":"Slime Boss","floor":16.0,"turns":8.0},{"damage":0.0,"enemies":"Shell Parasite","floor":18.0,"turns":3.0},{"damage":0.0,"enemies":"Spheric Guardian","floor":20.0,"turns":5.0},{"damage":0.0,"enemies":"Gremlin Leader","floor":23.0,"turns":7.0},{"damage":0.0,"enemies":"Snecko","floor":24.0,"turns":6.0},{"damage":0.0,"enemies":"Book of Stabbing","floor":25.0,"turns":2.0},{"damage":0.0,"enemies":"Slavers","floor":27.0,"turns":5.0},{"damage":0.0,"enemies":"Snake Plant","floor":28.0,"turns":4.0},{"damage":0.0,"enemies":"Book of Stabbing","floor":30.0,"turns":4.0},{"damage":0.0,"enemies":"Shelled Parasite and Fungi","floor":31.0,"turns":5.0},{"damage":0.0,"enemies":"Collector","floor":33.0,"turns":4.0},{"damage":0.0,"enemies":"3 Darklings","floor":35.0,"turns":6.0},{"damage":0.0,"enemies":"Orb Walker","floor":38.0,"turns":4.0},{"damage":0.0,"enemies":"Reptomancer","floor":40.0,"turns":6.0},{"damage":0.0,"enemies":"Nemesis","floor":44.0,"turns":3.0},{"damage":0.0,"enemies":"Giant Head","floor":45.0,"turns":3.0},{"damage":0.0,"enemies":"2 Orb Walkers","floor":46.0,"turns":2.0},{"damage":0.0,"enemies":"Nemesis","floor":47.0,"turns":1.0},{"damage":0.0,"enemies":"Maw","floor":48.0,"turns":4.0},{"damage":8.0,"enemies":"Time Eater","floor":50.0,"turns":7.0},{"damage":0,"enemies":"Shield and Spear","floor":54,"turns":2},{"damage":0,"enemies":"The Heart","floor":55,"turns":7}],"seed_played":"-6611924319797843407","potions_obtained":[{"floor":6.0,"key":"Explosive Potion"},{"floor":8.0,"key":"Explosive Potion"},{"floor":14.0,"key":"EntropicBrew"}],"is_trial":false,"path_per_floor":["M","?","M","?","M","E","R","?","T","R","$","E","$","E","R","B",null,"M","$","M","?","T","E","M","E","T","E","M","R","E","M","R","B",null,"M","?","$","M","$","E","R","R","T","E","E","?","E","M","R","B",null,"R","$","E","B",null],"character_chosen":"DEFECT","items_purchased":["Membership Card","Bag of Preparation","Oddly Smooth Stone","Loop","Defragment","Amplify","Go for the Eyes","War Paint","Ginger","Toxic Egg 2","Loop","Capacitor+1","Defragment+1","Capacitor+1","Meat on the Bone","Turnip","Ice Cream","HandDrill","StoneCalendar","Good Instincts+1","Recycle+1","Heatsinks+1","PrismaticShard","Centennial Puzzle","Blood Vial","Pear","Bronze Scales","Lee\u0027s Waffle","Shuriken","Coolheaded+1","Vajra","Strawberry","Bottled Lightning","Boot","HornCleat","Bird Faced Urn","Leap+1","Sunder+1"],"campfire_rested":0,"item_purchase_floors":[11,11,11,11,13,13,13,19,19,19,19,19,19,19,19,19,19,19,19,19,37,37,37,39,39,39,39,39,39,53,53,53,53,53,53,53,53,53],"current_hp_per_floor":[75,80,80,62,57,39,39,39,39,39,39,39,39,51,51,58,80,82,82,84,72,72,79,79,81,81,86,88,88,88,90,90,90,90,92,92,92,94,111,111,111,111,111,113,113,113,113,113,113,113,113,113,120,120,120],"gold":3166,"neow_bonus":"BOSS_RELIC","is_daily":false,"chose_seed":false,"campfire_upgraded":9,"win_rate":0.0,"timestamp":1612949386,"path_taken":["M","?","M","?","M","E","R","?","T","R","$","E","$","E","R","BOSS","M","$","M","?","?","E","M","E","T","E","M","R","E","?","R","BOSS","M","?","$","M","$","E","R","R","T","E","E","?","E","M","R","BOSS","R","$","E","BOSS"],"items_purchased_type":["Relic","Relic","Relic","Card","Card","Card","Card","Relic","Relic","Relic","Card","Card","Card","Card","Relic","Relic","Relic","Relic","Relic","Card","Card","Card","Relic","Relic","Relic","Relic","Relic","Relic","Relic","Card","Relic","Relic","Relic","Relic","Relic","Relic","Card","Card"],"build_version":"2020-12-18","purchased_purges":6,"victory":true,"max_hp_per_floor":[75,80,80,80,80,80,80,80,80,80,80,80,80,80,80,80,80,82,82,84,84,84,84,84,86,86,86,88,88,88,90,90,90,90,92,92,92,94,111,111,111,111,111,113,113,113,113,113,113,113,113,113,120,120,120],"card_choices":[{"not_picked":["Gash","Hello World"],"picked":"Streamline","floor":1.0},{"not_picked":["Turbo","Compile Driver"],"picked":"Loop","floor":3.0},{"not_picked":["Stack","Beam Cell","Sweeping Beam"],"picked":"SKIP","floor":5.0},{"not_picked":["Consume","Lockon"],"picked":"Glacier","floor":6.0},{"not_picked":["Redo","Steam"],"picked":"Chill","floor":8.0},{"not_picked":["Force Field","Chill"],"picked":"Self Repair","floor":12.0},{"not_picked":["Consume","Go for the Eyes"],"picked":"Hologram","floor":14.0},{"not_picked":["Multi-Cast","Machine Learning"],"picked":"Meteor Strike","floor":16.0},{"not_picked":["Steam","Reprogram","Fusion"],"picked":"Singing Bowl","floor":18.0},{"not_picked":["Blizzard+1","Gash+1","Auto Shields+1"],"picked":"Singing Bowl","floor":20.0},{"not_picked":["Barrage","Turbo+1"],"picked":"Coolheaded+1","floor":23.0},{"not_picked":["Skim+1","Leap+1"],"picked":"Echo Form+1","floor":24.0},{"not_picked":["Darkness+1","Rebound","Undo+1"],"picked":"Singing Bowl","floor":25.0},{"not_picked":["Blizzard+1","Streamline"],"picked":"Turbo+1","floor":27.0},{"not_picked":["Stack+1","Double Energy+1","Compile Driver"],"picked":"Singing Bowl","floor":28.0},{"not_picked":["Self Repair+1","Conserve Battery+1"],"picked":"Loop+1","floor":30.0},{"not_picked":["Blizzard","Sweeping Beam","Rip and Tear+1"],"picked":"Singing Bowl","floor":31.0},{"not_picked":["Creative AI+1","Meteor Strike"],"picked":"Machine Learning+1","floor":33.0},{"not_picked":["Glacier+1","Double Energy+1","Go for the Eyes+1"],"picked":"Singing Bowl","floor":35.0},{"not_picked":["Dramatic Entrance+1","Worship+1","Reprogram+1"],"picked":"Singing Bowl","floor":38.0},{"not_picked":["Terror+1","Havoc+1"],"picked":"WheelKick","floor":40.0},{"not_picked":["Protect+1","Ball Lightning+1","Sword Boomerang"],"picked":"Singing Bowl","floor":44.0},{"not_picked":["Blasphemy+1","Reckless Charge+1"],"picked":"Panacea+1","floor":45.0},{"not_picked":["Beam Cell+1","Acrobatics+1"],"picked":"Seeing Red+1","floor":46.0},{"not_picked":["Flechettes+1","PathToVictory+1"],"picked":"Core Surge+1","floor":47.0},{"not_picked":["Bane+1","Headbutt+1"],"picked":"FTL+1","floor":48.0},{"not_picked":["Reckless Charge+1","Dark Shackles+1"],"picked":"Loop+1","floor":54}],"player_experience":2357162,"relics_obtained":[{"floor":6.0,"key":"PreservedInsect"},{"floor":8.0,"key":"MawBank"},{"floor":9.0,"key":"Singing Bowl"},{"floor":12.0,"key":"Art of War"},{"floor":14.0,"key":"Nunchaku"},{"floor":23.0,"key":"Happy Flower"},{"floor":23.0,"key":"DataDisk"},{"floor":25.0,"key":"Ornamental Fan"},{"floor":25.0,"key":"Calipers"},{"floor":26.0,"key":"Symbiotic Virus"},{"floor":27.0,"key":"Omamori"},{"floor":27.0,"key":"Toy Ornithopter"},{"floor":30.0,"key":"Bag of Marbles"},{"floor":30.0,"key":"Incense Burner"},{"floor":40.0,"key":"Juzu Bracelet"},{"floor":40.0,"key":"Darkstone Periapt"},{"floor":43.0,"key":"Anchor"},{"floor":44.0,"key":"Bottled Tornado"},{"floor":44.0,"key":"Smiling Mask"},{"floor":45.0,"key":"Molten Egg 2"},{"floor":45.0,"key":"Lantern"},{"floor":46.0,"key":"Du-Vu Doll"},{"floor":47.0,"key":"Pantograph"},{"floor":47.0,"key":"Orichalcum"},{"floor":54,"key":"Sundial"},{"floor":54,"key":"Eternal Feather"}],"event_choices":[{"damage_healed":0.0,"max_hp_gain":5.0,"max_hp_loss":0.0,"gold_gain":0.0,"event_name":"Big Fish","player_choice":"Donut","floor":2.0,"gold_loss":0.0,"damage_taken":0.0},{"damage_healed":0.0,"max_hp_gain":0.0,"max_hp_loss":0.0,"gold_gain":0.0,"event_name":"Scrap Ooze","player_choice":"Success","floor":4.0,"gold_loss":0.0,"damage_taken":18.0,"relics_obtained":["TungstenRod"]},{"damage_healed":0.0,"max_hp_gain":0.0,"max_hp_loss":0.0,"gold_gain":0.0,"event_name":"Dead Adventurer","player_choice":"Searched \u00271\u0027 times","floor":8.0,"gold_loss":0.0,"damage_taken":0.0},{"damage_healed":0.0,"max_hp_gain":0.0,"max_hp_loss":0.0,"gold_gain":0.0,"event_name":"Cursed Tome","player_choice":"Obtained Book","floor":21.0,"gold_loss":0.0,"damage_taken":16.0},{"cards_removed":["Zap"],"damage_healed":0.0,"max_hp_gain":0.0,"max_hp_loss":0.0,"gold_gain":0.0,"event_name":"Falling","player_choice":"Removed Skill","floor":36.0,"gold_loss":0.0,"damage_taken":0.0},{"damage_healed":0.0,"max_hp_gain":0.0,"max_hp_loss":0.0,"gold_gain":0.0,"event_name":"Mysterious Sphere","player_choice":"Fight","floor":46.0,"gold_loss":0.0,"damage_taken":0.0}],"is_beta":true,"boss_relics":[{"not_picked":["Cursed Key","Fusion Hammer"],"picked":"Nuclear Battery"},{"not_picked":["SlaversCollar","Pandora\u0027s Box"],"picked":"Runic Pyramid"}],"items_purged_floors":[11,13,19,37,39,53],"is_endless":false,"potions_floor_spawned":[6,8,14,16,23,24,28,33,35,38,46],"ascension_level":1}}