{"host":"msfr2axb1w9025n0","time":1612949983,"event":{"mods":["BaseMod","Bestiary","Block Reminder","Colored Map","DeckTracker","Minty Spire (QoL Compilation)","Relic Stats","Weighted Paths"],"gold_per_floor":[118,118,137,137,149,174,17,17,40,40,52,52,52],"floor_reached":12,"language":"ENG","playtime":325,"items_purged":[],"score":133,"play_id":"f27e6010-5f1a-4136-a96e-5c9e8c82479d","local_time":"20210210163943","is_ascension_mode":true,"campfire_choices":[{"data":"Bane","floor":8,"key":"SMITH"},{"floor":10,"key":"REST"}],"circlet_count":0,"master_deck":["AscendersBane","Strike_G","Strike_G","Strike_G","Strike_G","Defend_G","Defend_G","Defend_G","Defend_G","Defend_G","Survivor+1","Neutralize+1","Dagger Spray","Flying Knee","Well Laid Plans","Poisoned Stab","Bane+1"],"relics":["Ring of the Snake","Toy Ornithopter","Bag of Marbles","CeramicFish"],"acts_visited":["Exordium"],"potions_floor_usage":[6],"damage_taken":[{"damage":4,"enemies":"Small Slimes","floor":1,"turns":4},{"damage":2,"enemies":"Jaw Worm","floor":3,"turns":7},{"damage":0,"enemies":"2 Louse","floor":5,"turns":2},{"damage":14,"enemies":"3 Sentries","floor":6,"turns":10},{"damage":6,"enemies":"Large Slime","floor":11,"turns":5},{"damage":20,"enemies":"Lagavulin","floor":12,"turns":5}],"seed_played":"3385821963622350041","potions_obtained":[{"floor":3,"key":"CunningPotion"}],"is_trial":false,"path_per_floor":["M","?","M","?","M","E","$","R","T","R","M","E"],"character_chosen":"THE_SILENT","items_purchased":["GhostInAJar","Bane"],"campfire_rested":1,"item_purchase_floors":[7,7],"current_hp_per_floor":[55,42,40,33,33,24,24,24,24,43,37,17,17],"gold":52,"neow_bonus":"RANDOM_COMMON_RELIC","is_daily":false,"chose_seed":false,"campfire_upgraded":1,"win_rate":0.0,"timestamp":1612949983,"path_taken":["M","?","M","?","M","E","?","R","T","R","M","E"],"items_purchased_type":["Potion","Card"],"build_version":"2020-12-22","purchased_purges":0,"victory":false,"max_hp_per_floor":[66,66,66,66,66,66,66,66,66,66,66,66,66],"relic_stats":{"counters":[6,33],"CeramicFish":0,"obtain_stats":[{"CeramicFish":9,"Bag of Marbles":6,"Toy Ornithopter":0,"Ring of the Snake":0},{"CeramicFish":4,"Bag of Marbles":4,"Toy Ornithopter":0,"Ring of the Snake":0},{"CeramicFish":23,"Bag of Marbles":23,"Toy Ornithopter":0,"Ring of the Snake":0}],"Toy Ornithopter":5,"Ring of the Snake":[12]},"card_choices":[{"not_picked":["Flying Knee","Backflip"],"picked":"Dagger Spray","floor":1},{"not_picked":["PiercingWail","Quick Slash"],"picked":"Flying Knee","floor":3},{"not_picked":["Flying Knee","A Thousand Cuts"],"picked":"Well Laid Plans","floor":5},{"not_picked":["Flechettes","Deadly Poison"],"picked":"Poisoned Stab","floor":6},{"not_picked":["Acrobatics","Accuracy","All Out Attack"],"picked":"SKIP","floor":11}],"player_experience":310830,"relics_obtained":[{"floor":6,"key":"Bag of Marbles"},{"floor":9,"key":"CeramicFish"}],"event_choices":[{"damage_healed":0,"gold_gain":0,"player_choice":"Entered Light","damage_taken":13,"max_hp_gain":0,"max_hp_loss":0,"event_name":"Shining Light","floor":2,"gold_loss":0,"cards_upgraded":["Neutralize","Survivor"]},{"cards_removed":["Strike_G"],"damage_healed":0,"gold_gain":0,"player_choice":"Card Removal","damage_taken":7,"max_hp_gain":0,"max_hp_loss":0,"event_name":"Golden Wing","floor":4,"gold_loss":0}],"is_beta":false,"boss_relics":[],"items_purged_floors":[],"is_endless":false,"potions_floor_spawned":[3],"killed_by":"Lagavulin","ascension_level":14}}