{"host":"cj3w8v5z0njuqga9","time":1612949011,"event":{"mods":["BaseMod","BetterRewards","Card Forge","Colored Powertips","Custom Start","Minty Spire (QoL Compilation)","Permanent Neow","Relic Stats","Shop Mod","StSLib","Treasure Hunter"],"gold_per_floor":[1024,1038,1038,308,329,329,367,381,430,10,35,70,70,114,114,213,213,226,226,226,155,171,171,209,222,222,222,238,50,50,94,94,192,192,206,124,142,66,84,84,127,150,150,193,193,143,164,205,205,205,205,205,155,186,186],"floor_reached":56,"language":"ENG","playtime":2298,"items_purged":["Defend_B","Dualcast+1","Defend_B+1"],"score":2351,"play_id":"49b4e472-e938-47aa-a3b6-f72ac7c31c8e","local_time":"20210210032331","is_ascension_mode":true,"campfire_choices":[{"floor":6,"key":"REST"},{"floor":13,"key":"REST"},{"floor":15,"key":"REST"},{"floor":23,"key":"REST"},{"floor":32,"key":"REST"},{"floor":40,"key":"REST"},{"floor":49,"key":"RECALL"},{"floor":52,"key":"REST"}],"circlet_count":0,"master_deck":["AscendersBane","Strike_B+1","Defend_B+1","Defend_B+1","Zap+1","Coolheaded+1","Cold Snap+1","Genetic Algorithm+1","Electrodynamics+1","Creative AI+1","Capacitor+1","Ball Lightning+1","Loop+1","Seek+1","Undo+1","White Noise+1","Defragment+1","Force Field+1","Loop+1","Leap+1","Heatsinks+1","Conserve Battery+1","Capacitor+1","Capacitor+1","Multi-Cast+1","Biased Cognition+1","Storm+1","Loop+1","Loop+1","Capacitor+1","Echo Form+1","Heatsinks+1","Defragment+1","Fission+1","Loop+1"],"relics":["Cracked Core","Hammer of Thor","Seething Fire","Anvil of the Gods","Golden Idol","ClockworkSouvenir","Prayer Wheel","Orichalcum","Mummified Hand","MawBank","Bronze Scales","Oddly Smooth Stone","Nunchaku","PreservedInsect","Philosopher\u0027s Stone","Toy Ornithopter","Enchiridion","Runic Capacitor","Juzu Bracelet","Black Star","Thread and Needle","Lizard Tail","Calipers","Smiling Mask","Lantern","The Courier","InkBottle","Pear","Vajra"],"acts_visited":["Exordium","TheCity","TheBeyond","TheEnding"],"potions_floor_usage":[7,7,18,55],"damage_taken":[{"damage":0,"enemies":"Small Slimes","floor":1,"turns":2},{"damage":7,"enemies":"Jaw Worm","floor":2,"turns":4},{"damage":1,"enemies":"2 Louse","floor":5,"turns":3},{"damage":28,"enemies":"Lagavulin","floor":7,"turns":7},{"damage":8,"enemies":"Exordium Wildlife","floor":8,"turns":3},{"damage":14,"enemies":"Blue Slaver","floor":11,"turns":4},{"damage":14,"enemies":"Gremlin Nob","floor":12,"turns":5},{"damage":11,"enemies":"Lagavulin","floor":14,"turns":7},{"damage":10,"enemies":"The Guardian","floor":16,"turns":7},{"damage":1,"enemies":"Chosen","floor":18,"turns":4},{"damage":17,"enemies":"Shell Parasite","floor":22,"turns":4},{"damage":27,"enemies":"Slavers","floor":24,"turns":3},{"damage":0,"enemies":"Chosen and Byrds","floor":25,"turns":4},{"damage":0,"enemies":"Cultist and Chosen","floor":28,"turns":4},{"damage":11,"enemies":"Gremlin Leader","floor":31,"turns":5},{"damage":0,"enemies":"Collector","floor":33,"turns":4},{"damage":0,"enemies":"3 Darklings","floor":35,"turns":1},{"damage":0,"enemies":"3 Shapes","floor":37,"turns":2},{"damage":0,"enemies":"Spire Growth","floor":39,"turns":3},{"damage":0,"enemies":"Giant Head","floor":41,"turns":3},{"damage":0,"enemies":"Maw","floor":42,"turns":3},{"damage":6,"enemies":"Nemesis","floor":44,"turns":3},{"damage":0,"enemies":"4 Shapes","floor":47,"turns":2},{"damage":0,"enemies":"Giant Head","floor":48,"turns":3},{"damage":5,"enemies":"Donu and Deca","floor":50,"turns":3},{"damage":0,"enemies":"Shield and Spear","floor":54,"turns":2},{"damage":24,"enemies":"The Heart","floor":55,"turns":5}],"seed_played":"-8011716488475966058","potions_obtained":[{"floor":1,"key":"AttackPotion"},{"floor":12,"key":"DuplicationPotion"},{"floor":16,"key":"SkillPotion"},{"floor":18,"key":"FairyPotion"}],"is_trial":false,"path_per_floor":["M","M","?","$","M","R","E","M","T","$","M","E","R","E","R","B",null,"M","?","?","$","M","R","E","M","T","?","M","$","?","E","R","B",null,"M","$","M","$","M","R","E","M","T","E","?","$","M","E","R","B",null,"R","$","E","B",null],"character_chosen":"DEFECT","items_purchased":["ClockworkSouvenir","Prayer Wheel","Orichalcum","PowerPotion","Creative AI","Bronze Scales","Oddly Smooth Stone","Defragment","Runic Capacitor","Capacitor","Storm","Loop"],"campfire_rested":7,"item_purchase_floors":[4,4,4,4,10,10,10,21,29,29,36,38],"current_hp_per_floor":[64,57,57,57,56,71,43,35,35,35,21,7,28,17,38,28,60,59,59,59,59,42,63,36,36,36,20,20,20,20,9,30,30,61,61,61,61,61,61,71,71,71,71,65,65,65,65,65,65,60,68,71,71,81,58],"gold":186,"neow_bonus":"HUNDRED_GOLD","is_daily":false,"chose_seed":false,"campfire_upgraded":0,"win_rate":0.0,"timestamp":1612949011,"path_taken":["M","M","?","$","M","R","E","M","T","$","M","E","R","E","R","BOSS","M","?","?","$","M","R","E","M","T","?","M","$","?","E","R","BOSS","M","$","M","$","M","R","E","M","T","E","?","$","M","E","R","BOSS","R","$","E","BOSS"],"items_purchased_type":["Relic","Relic","Relic","Potion","Card","Relic","Relic","Card","Relic","Card","Card","Card"],"build_version":"2020-12-22","purchased_purges":3,"victory":true,"max_hp_per_floor":[71,71,71,71,71,71,71,71,71,71,71,71,71,71,71,71,71,71,71,71,71,71,71,71,71,71,71,71,71,71,71,71,71,71,71,71,71,71,71,71,71,71,71,71,71,71,71,71,71,71,71,71,71,81,81],"relic_stats":{"counters":[27,95],"Golden Idol":196,"PreservedInsect":472,"Juzu Bracelet":0,"Orichalcum":[120],"MawBank":12,"Smiling Mask":100,"Nunchaku":[6],"Lizard Tail":0,"Mummified Hand":[264],"Bronze Scales":[187],"Prayer Wheel":12,"Black Star":4,"obtain_stats":[{"Lantern":44,"Calipers":43,"Enchiridion":27,"Vajra":54,"Hammer of Thor":0,"Runic Capacitor":29,"Juzu Bracelet":31,"Smiling Mask":44,"ClockworkSouvenir":4,"Nunchaku":12,"Lizard Tail":41,"Mummified Hand":7,"Prayer Wheel":4,"Philosopher\u0027s Stone":17,"Cracked Core":0,"InkBottle":48,"Pear":54,"Golden Idol":3,"Oddly Smooth Stone":10,"Thread and Needle":41,"PreservedInsect":14,"The Courier":48,"Seething Fire":0,"Orichalcum":4,"MawBank":9,"Anvil of the Gods":0,"Bronze Scales":10,"Black Star":34,"Toy Ornithopter":24},{"Lantern":22,"Calipers":21,"Enchiridion":13,"Vajra":26,"Hammer of Thor":0,"Runic Capacitor":14,"Juzu Bracelet":15,"Smiling Mask":22,"ClockworkSouvenir":2,"Nunchaku":7,"Lizard Tail":20,"Mummified Hand":4,"Prayer Wheel":2,"Philosopher\u0027s Stone":9,"Cracked Core":0,"InkBottle":24,"Pear":26,"Golden Idol":2,"Oddly Smooth Stone":5,"Thread and Needle":20,"PreservedInsect":8,"The Courier":24,"Seething Fire":0,"Orichalcum":2,"MawBank":5,"Anvil of the Gods":0,"Bronze Scales":5,"Black Star":16,"Toy Ornithopter":12},{"Lantern":81,"Calipers":78,"Enchiridion":54,"Vajra":91,"Hammer of Thor":0,"Runic Capacitor":58,"Juzu Bracelet":63,"Smiling Mask":81,"ClockworkSouvenir":6,"Nunchaku":27,"Lizard Tail":75,"Mummified Hand":16,"Prayer Wheel":6,"Philosopher\u0027s Stone":41,"Cracked Core":0,"InkBottle":86,"Pear":91,"Golden Idol":6,"Oddly Smooth Stone":19,"Thread and Needle":75,"PreservedInsect":34,"The Courier":86,"Seething Fire":0,"Orichalcum":6,"MawBank":19,"Anvil of the Gods":0,"Bronze Scales":19,"Black Star":67,"Toy Ornithopter":51}],"Toy Ornithopter":1,"InkBottle":[5]},"card_choices":[{"not_picked":["Compile Driver","Redo"],"picked":"Coolheaded","floor":1},{"not_picked":["Storm","Hologram"],"picked":"Cold Snap","floor":2},{"not_picked":["Hello World","FTL"],"picked":"Genetic Algorithm","floor":5},{"not_picked":["Turbo","Beam Cell","Hologram"],"picked":"SKIP","floor":5},{"not_picked":["Recycle","Turbo"],"picked":"Electrodynamics","floor":7},{"not_picked":["TH:CursedSword","TH:PixieDust"],"picked":"SKIP","floor":7},{"not_picked":["Heatsinks","Auto Shields","Darkness"],"picked":"SKIP","floor":8},{"not_picked":["Redo","Consume","Turbo"],"picked":"SKIP","floor":8},{"not_picked":["TH:CopperCoins","TH:Mimic"],"picked":"SKIP","floor":9},{"not_picked":["Gash","Rip and Tear"],"picked":"Capacitor","floor":11},{"not_picked":["Chill","Compile Driver"],"picked":"Ball Lightning","floor":11},{"not_picked":["TH:Mimic","TH:ArmorSpikes"],"picked":"SKIP","floor":12},{"not_picked":["Ball Lightning","Rip and Tear","Steam"],"picked":"SKIP","floor":12},{"not_picked":["Tempest","Turbo"],"picked":"Loop","floor":14},{"not_picked":["TH:BikiniMail","TH:ArmorSpikes"],"picked":"SKIP","floor":14},{"not_picked":["Thunder Strike","Electrodynamics"],"picked":"Seek","floor":16},{"not_picked":["Gash","Recycle"],"picked":"Undo","floor":18},{"not_picked":["Cold Snap","Gash+1","Rebound"],"picked":"SKIP","floor":18},{"not_picked":["Turbo","Ball Lightning"],"picked":"Force Field+1","floor":22},{"not_picked":["Streamline","Gash"],"picked":"Loop+1","floor":22},{"not_picked":["FTL","Melter"],"picked":"Leap","floor":24},{"not_picked":["TH:PixieDust","TH:ElvenBoots"],"picked":"SKIP","floor":24},{"not_picked":["Doom and Gloom","Streamline+1"],"picked":"Heatsinks","floor":25},{"not_picked":["Streamline","Steam","Stack"],"picked":"SKIP","floor":25},{"not_picked":["TH:EnergyPotion","TH:PixieDust"],"picked":"SKIP","floor":26},{"not_picked":["Coolheaded+1","Steam"],"picked":"Conserve Battery","floor":28},{"not_picked":["Streamline","Redo","Stack"],"picked":"SKIP","floor":28},{"not_picked":["TH:PixieDust","TH:CursedSword"],"picked":"SKIP","floor":31},{"not_picked":["Meteor Strike","Blizzard","Stack"],"picked":"SKIP","floor":31},{"not_picked":["Multi-Cast","Buffer"],"picked":"Biased Cognition","floor":33},{"not_picked":["Ball Lightning","Go for the Eyes","Double Energy"],"picked":"SKIP","floor":35},{"not_picked":["Doom and Gloom","Gash+1","Barrage+1"],"picked":"SKIP","floor":35},{"not_picked":["Turbo","Storm"],"picked":"Loop+1","floor":37},{"not_picked":["Double Energy","Barrage","Fusion"],"picked":"SKIP","floor":37},{"not_picked":["Conserve Battery+1","Steam Power"],"picked":"Capacitor+1","floor":39},{"not_picked":["Doom and Gloom","Turbo","Ball Lightning+1"],"picked":"SKIP","floor":39},{"not_picked":["Beam Cell","Chill+1"],"picked":"Echo Form","floor":41},{"not_picked":["TH:TreasureMap","TH:PixieDust"],"picked":"SKIP","floor":41},{"not_picked":["Stack","Coolheaded+1"],"picked":"Heatsinks","floor":42},{"not_picked":["Hologram","Steam"],"picked":"Defragment","floor":42},{"not_picked":["TH:EnergyPotion","TH:DeckOfManyThings"],"picked":"SKIP","floor":43},{"not_picked":["Chill","Sweeping Beam+1"],"picked":"Fission","floor":44},{"not_picked":["TH:DeckOfManyThings","TH:CursedSword"],"picked":"SKIP","floor":44},{"not_picked":["Ball Lightning","Doom and Gloom","Hologram"],"picked":"SKIP","floor":47},{"not_picked":["Stack","Hologram","Beam Cell"],"picked":"SKIP","floor":47},{"not_picked":["Double Energy+1","Streamline"],"picked":"Loop+1","floor":48},{"not_picked":["TH:CopperCoins","TH:TreasureMap"],"picked":"SKIP","floor":48},{"not_picked":["TH:Mimic","TH:DeckOfManyThings"],"picked":"SKIP","floor":54},{"not_picked":["Steam+1","Machine Learning","Turbo"],"picked":"SKIP","floor":54}],"player_experience":385319,"relics_obtained":[{"floor":7,"key":"Mummified Hand"},{"floor":9,"key":"MawBank"},{"floor":12,"key":"Nunchaku"},{"floor":14,"key":"PreservedInsect"},{"floor":24,"key":"Toy Ornithopter"},{"floor":27,"key":"Enchiridion"},{"floor":31,"key":"Juzu Bracelet"},{"floor":41,"key":"Thread and Needle"},{"floor":41,"key":"Lizard Tail"},{"floor":43,"key":"Calipers"},{"floor":44,"key":"Smiling Mask"},{"floor":44,"key":"Lantern"},{"floor":48,"key":"The Courier"},{"floor":48,"key":"InkBottle"},{"floor":54,"key":"Pear"},{"floor":54,"key":"Vajra"}],"event_choices":[{"damage_healed":0,"gold_gain":0,"player_choice":"Take Wound","damage_taken":0,"relics_obtained":["Golden Idol"],"max_hp_gain":0,"max_hp_loss":0,"event_name":"Golden Idol","floor":3,"gold_loss":0,"cards_obtained":["Injury"]},{"damage_healed":0,"gold_gain":0,"player_choice":"Read","damage_taken":0,"max_hp_gain":0,"max_hp_loss":0,"event_name":"The Library","floor":19,"gold_loss":0,"cards_obtained":["White Noise"]},{"cards_removed":["Strike_B"],"damage_healed":0,"gold_gain":0,"player_choice":"Elegance","damage_taken":0,"max_hp_gain":0,"max_hp_loss":0,"event_name":"Back to Basics","floor":20,"gold_loss":0},{"damage_healed":0,"gold_gain":0,"player_choice":"Obtained Book","damage_taken":16,"max_hp_gain":0,"max_hp_loss":0,"event_name":"Cursed Tome","floor":27,"gold_loss":0},{"damage_healed":0,"gold_gain":0,"cards_transformed":["Strike_B","Strike_B"],"player_choice":"Became Test Subject","damage_taken":0,"max_hp_gain":0,"max_hp_loss":0,"event_name":"Drug Dealer","floor":30,"gold_loss":0,"cards_obtained":["Capacitor","Multi-Cast"]},{"damage_healed":0,"gold_gain":0,"player_choice":"Memory 1","damage_taken":0,"max_hp_gain":0,"max_hp_loss":0,"event_name":"SensoryStone","floor":45,"gold_loss":0}],"is_beta":false,"boss_relics":[{"not_picked":["Snecko Eye","Nuclear Battery"],"picked":"Philosopher\u0027s Stone"},{"not_picked":["Coffee Dripper","Pandora\u0027s Box"],"picked":"Black Star"}],"items_purged_floors":[4,46,53],"is_endless":false,"potions_floor_spawned":[1,12,16,18,22,25,33,37,41,44],"ascension_level":14}}