{"host":"shb6fs4xkmgx64v4","time":1612925883,"event":{"mods":["AchievementEnabler","BaseMod","Colored Map","Downfall","Minty Spire (QoL Compilation)","StSLib"],"gold_per_floor":[99,115,134,134,154,154,177,77,88,88,139,52,52,66,85,185,185,85,102,18,18,18,32,32,45,62,162,162,162,162],"floor_reached":29,"language":"ENG","playtime":1277,"items_purged":[],"score":240,"play_id":"86425b41-6d59-4938-b9f3-f6a31c7b43f7","local_time":"20210209215803","is_ascension_mode":false,"campfire_choices":[{"floor":1.0,"key":"RECALL"},{"data":"1","floor":8.0,"key":"LIFT"},{"data":"2","floor":10.0,"key":"LIFT"},{"data":"3","floor":13.0,"key":"LIFT"},{"data":"sneckomod:SoulCleanse","floor":18.0,"key":"SMITH"},{"data":"sneckomod:UnendingSupply","floor":28,"key":"SMITH"}],"circlet_count":0,"master_deck":["sneckomod:Strike","sneckomod:Strike","sneckomod:Strike","sneckomod:Defend","sneckomod:Defend","sneckomod:Defend","sneckomod:TailWhip","sneckomod:SnekBite","sneckomod:Unknown","sneckomod:Unknown","sneckomod:SoulCleanse+1","sneckomod:UnknownBlock","sneckomod:SoulRoll","sneckomod:Unknown0Cost","sneckomod:Unknown1Cost","sneckomod:UnknownUncommonPower","sneckomod:UnknownBlock","sneckomod:UnknownCommonSkill","sneckomod:UnknownRareSkill","sneckomod:UnknownClassPURPLE+1","sneckomod:CheapStock+1","sneckomod:UnendingSupply+1","Injury","sneckomod:UnknownUncommonAttack+1","Writhe","sneckomod:DiceBlock","sneckomod:QuickBite"],"relics":["Coffee Dripper","Girya","downfall:HeartBlessingRed","Akabeko","Cursed Key","downfall:HeartBlessingBlue","Ginger","Frozen Egg 2"],"acts_visited":["Exordium","TheCity"],"potions_floor_usage":[],"damage_taken":[{"damage":0.0,"enemies":"Small Slimes","floor":2.0,"turns":3.0},{"damage":3.0,"enemies":"Jaw Worm","floor":3.0,"turns":4.0},{"damage":0.0,"enemies":"Cultist","floor":5.0,"turns":3.0},{"damage":2.0,"enemies":"Blue Slaver","floor":9.0,"turns":2.0},{"damage":4.0,"enemies":"downfall:FleeingMerchant","floor":12.0,"turns":4.0},{"damage":3.0,"enemies":"Exordium Thugs","floor":14.0,"turns":4.0},{"damage":0.0,"enemies":"2 Fungi Beasts","floor":15.0,"turns":2.0},{"damage":35.0,"enemies":"IC_STATUS_ARCHETYPE","floor":16.0,"turns":10.0},{"damage":14.0,"enemies":"Chosen","floor":19.0,"turns":6.0},{"damage":10.0,"enemies":"downfall:FleeingMerchant","floor":20.0,"turns":5.0},{"damage":8.0,"enemies":"Centurion and Healer","floor":23.0,"turns":3.0},{"damage":32.0,"enemies":"Shelled Parasite and Fungi","floor":25.0,"turns":7.0},{"damage":33.0,"enemies":"Cultist and Chosen","floor":26.0,"turns":6.0},{"damage":16,"enemies":"Snake Plant","floor":29,"turns":3}],"seed_played":"-7792947972858838229","potions_obtained":[{"floor":2.0,"key":"ColorlessPotion"},{"floor":5.0,"key":"Guardian:BlockOnCardUsePotion"},{"floor":15.0,"key":"Dexterity Potion"},{"floor":16.0,"key":"Guardian:BlockOnCardUsePotion"},{"floor":19.0,"key":"Strength Potion"},{"floor":26.0,"key":"Fruit Juice"}],"is_trial":false,"path_per_floor":["R","M","M","?","M","?","T","R","M","R","T","$","R","M","M","B",null,"R","M","$","?","T","M","T","M","M","?","R","M"],"character_chosen":"THE_SNECKO","items_purchased":["sneckomod:UnknownUncommonPower","sneckomod:UnendingSupply"],"campfire_rested":0,"item_purchase_floors":[12,20],"current_hp_per_floor":[90,90,87,45,45,45,45,45,43,43,43,39,39,43,43,8,90,100,86,76,76,76,75,75,43,15,15,15,0,0,0],"gold":162,"neow_bonus":"BOSS_RELIC","is_daily":false,"chose_seed":false,"campfire_upgraded":2,"win_rate":0.0,"timestamp":1612925883,"path_taken":["R","M","M","?","M","?","T","R","M","R","?","?","R","?","M","BOSS","R","M","?","?","?","?","T","M","M","?","R","M"],"items_purchased_type":["Card","Card"],"build_version":"2020-12-22","purchased_purges":0,"victory":false,"max_hp_per_floor":[90,90,90,90,90,90,90,90,90,90,90,90,90,90,90,90,90,100,100,100,100,100,100,100,100,105,105,105,105,105,105],"card_choices":[{"not_picked":["sneckomod:SnekBeam","sneckomod:Nope"],"picked":"sneckomod:SoulCleanse","floor":2.0},{"not_picked":["sneckomod:UnknownCommonSkill","sneckomod:Unknown1Cost"],"picked":"sneckomod:UnknownBlock","floor":3.0},{"not_picked":["sneckomod:UnknownCommonSkill","sneckomod:DiceBlock"],"picked":"sneckomod:SoulRoll","floor":5.0},{"not_picked":["sneckomod:DiceCrush","sneckomod:UnknownCommonSkill"],"picked":"sneckomod:Unknown0Cost","floor":9.0},{"not_picked":["sneckomod:Unknown0Cost","sneckomod:Nope"],"picked":"sneckomod:Unknown1Cost","floor":12.0},{"not_picked":["sneckomod:Unknown0Cost","sneckomod:DiceCrush"],"picked":"sneckomod:UnknownBlock","floor":14.0},{"not_picked":["sneckomod:RainOfDice","sneckomod:UnknownCommonAttack"],"picked":"sneckomod:UnknownCommonSkill","floor":15.0},{"not_picked":["sneckomod:Cheat","sneckomod:DangerNoodle"],"picked":"sneckomod:UnknownRareSkill","floor":16.0},{"not_picked":["sneckomod:UnknownClassGUARDIAN","sneckomod:SoulRoll"],"picked":"sneckomod:UnknownClassPURPLE+1","floor":19.0},{"not_picked":["sneckomod:UnknownCommonAttack","sneckomod:UnknownUncommonSkill"],"picked":"sneckomod:CheapStock+1","floor":20.0},{"not_picked":["sneckomod:QuickMove","sneckomod:UnknownCommonAttack+1"],"picked":"sneckomod:UnknownUncommonAttack+1","floor":23.0},{"not_picked":["sneckomod:QuickBite","sneckomod:Rotation"],"picked":"sneckomod:DiceBlock","floor":25.0},{"not_picked":["sneckomod:Restock","sneckomod:SoulRoll"],"picked":"sneckomod:QuickBite","floor":26.0}],"player_experience":294061,"relics_obtained":[{"floor":11.0,"key":"Akabeko"},{"floor":22.0,"key":"Ginger"},{"floor":24.0,"key":"Frozen Egg 2"}],"event_choices":[{"damage_healed":0.0,"max_hp_gain":0.0,"max_hp_loss":0.0,"gold_gain":0.0,"event_name":"Scrap Ooze","player_choice":"Success","floor":4.0,"gold_loss":0.0,"damage_taken":42.0,"relics_obtained":["Girya"]}],"is_beta":false,"boss_relics":[{"not_picked":["Sozu","Fusion Hammer"],"picked":"Cursed Key"}],"items_purged_floors":[],"is_endless":false,"potions_floor_spawned":[2,5,15,16,19,26],"killed_by":"Snake Plant","ascension_level":0}}