{"host":"c97twqu0op5dg8i4","time":1612985661,"event":{"mods":["AchievementEnabler","BaseMod","Colored Map","Minty Spire (QoL Compilation)","Permanent Neow"],"gold_per_floor":[118,43,118,47,47,47,64,81,81,113,133,148,179,191,191,293,293,309,408,408,100,50,50,50,70,70,70,87,87,37,37,37],"floor_reached":31,"language":"ENG","playtime":697,"items_purged":["Strike_R","Strike_R","Limit Break"],"score":485,"play_id":"0dcf9c1f-c7bc-4fe9-a620-7ae6bb5d19f7","local_time":"20210210143421","is_ascension_mode":true,"campfire_choices":[{"data":"Bludgeon","floor":6,"key":"SMITH"},{"data":"Rampage","floor":15,"key":"SMITH"},{"floor":24,"key":"REST"},{"data":"Seeing Red","floor":27,"key":"SMITH"}],"circlet_count":0,"master_deck":["AscendersBane","Strike_R","Strike_R","Strike_R","Defend_R","Defend_R","Defend_R","Defend_R","Bash","Bludgeon+1","Shrug It Off","Battle Trance","Rampage+1","Seeing Red+1"],"relics":["Burning Blood","FossilizedHelix","Akabeko","Gremlin Horn","Smiling Mask","Runic Pyramid","HornCleat","Sundial","Singing Bowl"],"acts_visited":["Exordium","TheCity"],"potions_floor_usage":[23],"damage_taken":[{"damage":0,"enemies":"Cultist","floor":1,"turns":2},{"damage":0,"enemies":"Jaw Worm","floor":7,"turns":2},{"damage":6,"enemies":"2 Louse","floor":8,"turns":3},{"damage":8,"enemies":"Gremlin Nob","floor":10,"turns":4},{"damage":0,"enemies":"Large Slime","floor":11,"turns":2},{"damage":0,"enemies":"Exordium Wildlife","floor":12,"turns":2},{"damage":5,"enemies":"3 Sentries","floor":13,"turns":5},{"damage":0,"enemies":"Blue Slaver","floor":14,"turns":2},{"damage":0,"enemies":"Slime Boss","floor":16,"turns":9},{"damage":0,"enemies":"Spheric Guardian","floor":18,"turns":3},{"damage":49,"enemies":"Gremlin Leader","floor":23,"turns":5},{"damage":0,"enemies":"Chosen","floor":25,"turns":5},{"damage":0,"enemies":"Snecko","floor":28,"turns":3},{"damage":67,"enemies":"Book of Stabbing","floor":31,"turns":6}],"seed_played":"5463721300984023494","potions_obtained":[{"floor":1,"key":"Fire Potion"},{"floor":10,"key":"Fire Potion"},{"floor":12,"key":"SmokeBomb"}],"is_trial":false,"path_per_floor":["M","$","?","$","?","R","M","M","T","E","M","M","E","M","R","B",null,"M","?","?","$","$","E","R","M","T","R","M","T","$","E"],"character_chosen":"IRONCLAD","items_purchased":["Battle Trance","Rampage","HornCleat"],"campfire_rested":1,"item_purchase_floors":[2,4,21],"current_hp_per_floor":[72,72,61,61,61,61,67,67,67,65,71,72,72,72,72,72,72,72,72,72,72,72,29,50,56,56,56,62,62,62,0,0],"gold":37,"neow_bonus":"THREE_RARE_CARDS","is_daily":false,"chose_seed":false,"campfire_upgraded":3,"win_rate":0.0,"timestamp":1612985661,"path_taken":["M","$","?","$","?","R","M","M","T","E","M","?","E","M","R","BOSS","M","?","?","?","$","E","R","M","T","R","M","?","$","E"],"items_purchased_type":["Card","Card","Relic"],"build_version":"2020-12-22","purchased_purges":3,"victory":false,"max_hp_per_floor":[72,72,72,72,72,72,72,72,72,72,72,72,72,72,72,72,72,72,72,72,72,72,72,72,72,72,72,72,72,72,72,72],"card_choices":[{"not_picked":["Offering","Double Tap"],"picked":"Bludgeon","floor":0},{"not_picked":["Pummel","Clothesline"],"picked":"Shrug It Off","floor":1},{"not_picked":["Twin Strike","Intimidate"],"picked":"Seeing Red","floor":7},{"not_picked":["Twin Strike","Combust","Thunderclap"],"picked":"SKIP","floor":8},{"not_picked":["Exhume","Fiend Fire","Combust"],"picked":"SKIP","floor":10},{"not_picked":["Thunderclap","Dropkick","Rage"],"picked":"SKIP","floor":11},{"not_picked":["Pummel","Armaments","Pommel Strike"],"picked":"SKIP","floor":12},{"not_picked":["Pummel","Armaments","Pommel Strike"],"picked":"SKIP","floor":12},{"not_picked":["Intimidate","Warcry","Carnage"],"picked":"SKIP","floor":13},{"not_picked":["Clothesline","Havoc","Anger"],"picked":"SKIP","floor":14},{"not_picked":["Juggernaut","Reaper"],"picked":"Limit Break","floor":16},{"not_picked":["Thunderclap+1","Wild Strike","Clothesline+1"],"picked":"SKIP","floor":18},{"not_picked":["Clash","Headbutt","Warcry"],"picked":"SKIP","floor":25},{"not_picked":["Havoc","Entrench","Heavy Blade+1"],"picked":"SKIP","floor":28}],"player_experience":364408,"relics_obtained":[{"floor":9,"key":"Akabeko"},{"floor":10,"key":"Gremlin Horn"},{"floor":13,"key":"Smiling Mask"},{"floor":26,"key":"Sundial"},{"floor":29,"key":"Singing Bowl"}],"event_choices":[{"damage_healed":0,"gold_gain":75,"player_choice":"Gather Gold","damage_taken":11,"max_hp_gain":0,"max_hp_loss":0,"event_name":"World of Goop","floor":3,"gold_loss":0},{"damage_healed":0,"gold_gain":0,"player_choice":"Gave Potion","damage_taken":0,"relics_obtained":["FossilizedHelix"],"max_hp_gain":0,"max_hp_loss":0,"event_name":"WeMeetAgain","floor":5,"gold_loss":0},{"damage_healed":0,"gold_gain":99,"player_choice":"Stole From Cult","damage_taken":0,"max_hp_gain":0,"max_hp_loss":0,"event_name":"Nest","floor":19,"gold_loss":0},{"damage_healed":0,"gold_gain":0,"player_choice":"Ignored","damage_taken":0,"max_hp_gain":0,"max_hp_loss":0,"event_name":"Vampires","floor":20,"gold_loss":0}],"is_beta":false,"boss_relics":[{"not_picked":["SlaversCollar","Cursed Key"],"picked":"Runic Pyramid"}],"items_purged_floors":[21,22,30],"is_endless":false,"potions_floor_spawned":[1,10,12,16,18,23],"killed_by":"Book of Stabbing","ascension_level":11}}