{"host":"i2ntsfwoh5q5m216","time":1612920140,"event":{"mods":["BaseMod","Colored Map","Downfall","Minty Spire (QoL Compilation)","StSLib"],"gold_per_floor":[12,12,22,22,38,38,38,67,79,79,106,116,38,38,65,65,167,167,182,37,53,63,63,63,63],"floor_reached":24,"language":"ENG","playtime":813,"items_purged":[],"score":227,"play_id":"e139db8a-e41f-401d-af7d-bce08800e081","local_time":"20210209192220","is_ascension_mode":true,"campfire_choices":[{"data":"Deadly Poison","floor":7,"key":"SMITH"},{"floor":14,"key":"REST"},{"data":"Caltrops","floor":16,"key":"SMITH"}],"circlet_count":0,"master_deck":["Strike_G","Strike_G","Strike_G","Strike_G","Defend_G","Defend_G","Defend_G","Defend_G","Defend_G","Survivor","Neutralize","Deadly Poison+1","Poisoned Stab","Backstab","Prepared","Storm of Steel","Accuracy","Caltrops+1","A Thousand Cuts","Tactician","Acrobatics"],"relics":["Ring of the Snake","Calipers","Regal Pillow","Paper Crane","Tingsha","Bag of Preparation","Cursed Key","Blood Vial","MutagenicStrength"],"acts_visited":["Exordium","TheCity"],"potions_floor_usage":[8,19,24],"damage_taken":[{"damage":0,"enemies":"Cultist","floor":1,"turns":4},{"damage":0,"enemies":"2 Louse","floor":3,"turns":4},{"damage":0,"enemies":"Jaw Worm","floor":5,"turns":4},{"damage":11,"enemies":"3 Sentries","floor":8,"turns":15},{"damage":11,"enemies":"Lots of Slimes","floor":9,"turns":5},{"damage":13,"enemies":"Lagavulin","floor":11,"turns":7},{"damage":0,"enemies":"Red Slaver","floor":12,"turns":2},{"damage":10,"enemies":"Gremlin Nob","floor":15,"turns":3},{"damage":18,"enemies":"Hexaghost","floor":17,"turns":8},{"damage":9,"enemies":"Shell Parasite","floor":19,"turns":5},{"damage":13,"enemies":"Spheric Guardian","floor":21,"turns":4},{"damage":12,"enemies":"Centurion and Healer","floor":22,"turns":5},{"damage":42,"enemies":"Slavers","floor":24,"turns":5}],"seed_played":"6162670795772229996","potions_obtained":[{"floor":3,"key":"SpeedPotion"},{"floor":11,"key":"bronze:BurnAndBuffPotion"},{"floor":12,"key":"Dexterity Potion"},{"floor":17,"key":"Block Potion"}],"is_trial":false,"path_per_floor":["M","$","M","?","M","$","R","E","M","T","E","M","$","R","E","R","B",null,"M","?","M","M","?","E"],"character_chosen":"THE_SILENT","items_purchased":["Accuracy"],"campfire_rested":1,"item_purchase_floors":[13],"current_hp_per_floor":[70,70,70,63,63,63,63,52,41,41,28,28,28,64,54,54,36,70,61,61,50,40,40,0,0],"gold":63,"neow_bonus":"ONE_RARE_RELIC","is_daily":false,"chose_seed":false,"campfire_upgraded":2,"win_rate":0.0,"timestamp":1612920140,"path_taken":["M","?","M","?","?","$","R","E","?","T","E","M","?","R","E","R","BOSS","M","?","?","M","?","E"],"items_purchased_type":["Card"],"build_version":"2020-12-22","purchased_purges":0,"victory":false,"max_hp_per_floor":[70,70,70,70,70,70,70,70,70,70,70,70,70,70,70,70,70,70,70,70,70,70,70,70,70],"card_choices":[{"not_picked":["Acrobatics","Bane"],"picked":"Deadly Poison","floor":1},{"not_picked":["Dagger Throw","PiercingWail","Deflect"],"picked":"SKIP","floor":3},{"not_picked":["Prepared","Calculated Gamble","Underhanded Strike"],"picked":"SKIP","floor":5},{"not_picked":["Backflip","Acrobatics"],"picked":"Poisoned Stab","floor":8},{"not_picked":["Catalyst","Quick Slash"],"picked":"Backstab","floor":9},{"not_picked":["Masterful Stab","Expertise"],"picked":"Prepared","floor":11},{"not_picked":["Masterful Stab","Terror"],"picked":"Storm of Steel","floor":12},{"not_picked":["Accuracy","Flying Knee"],"picked":"Caltrops","floor":15},{"not_picked":["Unload","Bullet Time"],"picked":"A Thousand Cuts","floor":17},{"not_picked":["Prepared","Bane+1"],"picked":"Tactician","floor":19},{"not_picked":["Poisoned Stab","Endless Agony"],"picked":"Acrobatics","floor":21},{"not_picked":["Backflip","Quick Slash","Slice"],"picked":"SKIP","floor":22}],"player_experience":63940,"relics_obtained":[{"floor":8,"key":"Regal Pillow"},{"floor":10,"key":"Paper Crane"},{"floor":11,"key":"Tingsha"},{"floor":15,"key":"Bag of Preparation"}],"event_choices":[{"cards_removed":["Strike_G"],"damage_healed":0,"gold_gain":0,"player_choice":"Card Removal","damage_taken":7,"max_hp_gain":0,"max_hp_loss":0,"event_name":"Golden Wing","floor":4,"gold_loss":0},{"damage_healed":0,"gold_gain":0,"player_choice":"Paid Gold","damage_taken":0,"relics_obtained":["Blood Vial"],"max_hp_gain":0,"max_hp_loss":0,"event_name":"WeMeetAgain","floor":20,"gold_loss":145},{"damage_healed":0,"gold_gain":0,"player_choice":"Inject Mutagens","damage_taken":0,"relics_obtained":["MutagenicStrength"],"max_hp_gain":0,"max_hp_loss":0,"event_name":"Drug Dealer","floor":23,"gold_loss":0}],"is_beta":false,"boss_relics":[{"not_picked":["Coffee Dripper","Astrolabe"],"picked":"Cursed Key"}],"items_purged_floors":[],"is_endless":false,"potions_floor_spawned":[3,11,12,17],"killed_by":"Slavers","ascension_level":1}}