{"host":"ttx8tv95o5vka1nm","time":1612953030,"event":{"mods":["AchievementEnabler","BaseMod","BetterRewards","Colored Map","Evolution","Hermit","Hubris","Infinite Spire","Jorbs\u0027s Wanderer Trilogy","Minty Spire (QoL Compilation)","Relic Filter Mod","Reliquary","Robot Space Explorer","Shop Mod","Spicy Shops","StSLib","The Blue Laboratory","The Bug Knight","The Construct","The Cursed","The Disciple","The Forsaken","The Hierophant","The Necromancer","The Runesmith","TheBandit"],"gold_per_floor":[109,109,126,136,155,183,183,213,213,14,32,66,85,101,101,197,197,212,231,251,251,265,265,295,309,336,353,379,294,305,336,336,433,433,453,453,453,453,464,464,490,508,535,547,577,594,609,638,638,742,742,742,507,542,542,542],"floor_reached":55,"language":"ENG","playtime":8524,"items_purged":["Writhe","Defend_W"],"score":1245,"play_id":"caf013dc-0299-4318-afc9-fb32d6b8a9a8","local_time":"20210210203030","is_ascension_mode":false,"campfire_choices":[{"data":"Summon_Death_Knight","floor":7,"key":"SMITH"},{"data":"1","floor":15,"key":"LIFT"},{"data":"2","floor":23,"key":"LIFT"},{"data":"3","floor":32,"key":"LIFT"},{"data":"Summon_Lich","floor":40,"key":"SMITH"},{"data":"Blood_Is_Power","floor":49,"key":"SMITH"},{"data":"Summon_Undead_Army","floor":52,"key":"SMITH"}],"circlet_count":0,"master_deck":["Death_Coil","Strike_W","Defend_W+1","Defend_W","Defend_W","Negative_Energy_Arrows+1","Bone_Wall","Summon_Lich+1","Siphon_Strength+1","Summon_Lich","Negative_Energy_Shield+1","Life_Drain","Negative_Energy_Javelin","Summon_Death_Knight+1","Plague_Bolt","Spectral_Armor","Pandemic","Vampiric_Strike","Scare","Summon_Death_Knight","Bone_Armor","Thousand_Bone_Knives+1","J.A.X.","Consume_Illness","Summon_Undead_Army+1","Bones_to_Steel","Blood_Curse+1","Blood_Is_Power+1","Summon_Undead_Army+1","Grasp_Heart","Death_March_Dance","Summon_Undead+1","Negative_Energy_Sphere+1","Uncharnel+1","Blood_for_Blood","Blood_Magic","Grasp_Heart","Summon_Undead_Army","Summon_Undead_Army"],"relics":["Vampire_Amulet","EVO:Axolotl","Gremlin Horn","reliquary:ExpiredCoupon","CaptainsWheel","Girya","Membership Card","MerchantsRug","Bronze Scales","reliquary:RoseTintedGlasses","Philosopher\u0027s Stone","theForsaken:Lifeblossom","Centennial Puzzle","reliquary:Buckler","Runesmith:Locket","construct:WeddingRing","hubris:Icosahedron","hubris:Towel","theForsaken:HumbleEgg","Happy Flower","infinitespire:Beetle Shell","infinitespire:Cupcake","reliquary:PartyBalloon","Pen Nib","Bottled Lightning","Lantern"],"acts_visited":["Exordium","TheCity","TheBeyond","TheEnding"],"potions_floor_usage":[6,6,18,28,33,33,33,39],"damage_taken":[{"damage":0,"enemies":"Cultist","floor":1,"turns":3},{"damage":0,"enemies":"Small Slimes","floor":3,"turns":3},{"damage":3,"enemies":"Jaw Worm","floor":4,"turns":3},{"damage":1,"enemies":"Looter","floor":5,"turns":4},{"damage":0,"enemies":"3 Sentries","floor":6,"turns":3},{"damage":0,"enemies":"Lagavulin","floor":8,"turns":6},{"damage":5,"enemies":"Exordium Thugs","floor":11,"turns":3},{"damage":6,"enemies":"Gremlin Nob","floor":12,"turns":4},{"damage":0,"enemies":"2 Fungi Beasts","floor":13,"turns":3},{"damage":5,"enemies":"Blue Slaver","floor":14,"turns":3},{"damage":16,"enemies":"Slime Boss","floor":16,"turns":7},{"damage":0,"enemies":"3 Byrds","floor":18,"turns":4},{"damage":1,"enemies":"2 Thieves","floor":19,"turns":4},{"damage":0,"enemies":"Shelled Parasite and Fungi","floor":20,"turns":4},{"damage":8,"enemies":"Chosen and Byrds","floor":22,"turns":5},{"damage":3,"enemies":"Gremlin Leader","floor":24,"turns":6},{"damage":3,"enemies":"Snecko","floor":25,"turns":3},{"damage":16,"enemies":"Centurion and Healer","floor":27,"turns":5},{"damage":11,"enemies":"Slavers","floor":28,"turns":4},{"damage":5,"enemies":"3 Cultists","floor":30,"turns":4},{"damage":5,"enemies":"Gremlin Leader","floor":31,"turns":4},{"damage":42,"enemies":"Champ","floor":33,"turns":9},{"damage":1,"enemies":"Orb Walker","floor":35,"turns":3},{"damage":15,"enemies":"3 Shapes","floor":39,"turns":2},{"damage":14,"enemies":"Nightmare","floor":41,"turns":6},{"damage":14,"enemies":"Spire Growth","floor":42,"turns":4},{"damage":26,"enemies":"Writhing Mass","floor":44,"turns":4},{"damage":6,"enemies":"Nemesis","floor":45,"turns":4},{"damage":27,"enemies":"Jaw Worm Horde","floor":46,"turns":3},{"damage":5,"enemies":"Transient","floor":47,"turns":5},{"damage":19,"enemies":"Reptomancer","floor":48,"turns":5},{"damage":87,"enemies":"hubris:GrandSnecko","floor":50,"turns":11},{"damage":94,"enemies":"Shield and Spear","floor":54,"turns":4},{"damage":56,"enemies":"The Heart","floor":55,"turns":2}],"seed_played":"-2946829194505281808","potions_obtained":[{"floor":1,"key":"AttackPotion"},{"floor":3,"key":"Block Potion"},{"floor":5,"key":"blueLaboratory:SavagePotion"},{"floor":6,"key":"Block Potion"},{"floor":13,"key":"LiquidMemories"},{"floor":16,"key":"SkillPotion"},{"floor":19,"key":"blueLaboratory:StoneskinPotion"},{"floor":28,"key":"Block Potion"},{"floor":35,"key":"SkillPotion"},{"floor":41,"key":"blueLaboratory:Moonshine"},{"floor":44,"key":"Weak Potion"},{"floor":46,"key":"blueLaboratory:StoneskinPotion"}],"is_trial":false,"path_per_floor":["M","?","M","M","M","E","R","E","T","$","M","E","M","M","R","B",null,"M","M","M","?","M","R","E","M","T","M","E","?","M","E","R","B",null,"M","?","?","?","M","R","NM","M","T","M","E","M","M","E","R","B",null,"R","$","E","B"],"character_chosen":"NECROMANCER","items_purchased":["Summon_Lich","Siphon_Strength","Gremlin Horn","reliquary:ExpiredCoupon","Membership Card","MerchantsRug","Bronze Scales","Summon_Undead_Army","reliquary:PartyBalloon","Pen Nib","Bottled Lightning"],"campfire_rested":0,"item_purchase_floors":[0,0,0,0,10,10,10,53,53,53,53],"current_hp_per_floor":[55,55,59,58,65,75,75,75,75,75,74,75,75,72,72,71,75,75,75,75,75,72,72,75,75,75,72,73,83,85,84,84,60,85,85,85,85,85,84,84,74,74,74,62,86,77,88,89,89,33,92,92,92,13,0,0],"gold":542,"neow_bonus":"","is_daily":false,"chose_seed":false,"campfire_upgraded":4,"win_rate":0.0,"timestamp":1612953030,"path_taken":["M","?","M","?","M","E","R","E","T","?","M","E","M","M","R","BOSS","M","M","M","?","M","R","E","M","T","M","E","?","M","E","R","BOSS","M","?","?","?","M","R","NM","M","T","M","E","M","M","E","R","BOSS","R","$","E","BOSS"],"items_purchased_type":["Card","Card","Relic","Relic","Relic","Relic","Relic","Card","Relic","Relic","Relic"],"build_version":"2020-12-22","purchased_purges":2,"victory":false,"max_hp_per_floor":[75,75,75,75,75,75,75,75,75,75,75,75,75,75,75,75,75,75,75,75,75,75,75,75,75,75,75,75,85,85,85,85,85,85,85,85,85,85,85,85,85,85,85,85,92,92,92,92,92,92,92,92,92,92,92,92],"card_choices":[{"not_picked":["Flesh_Made_Foul","Chill_Blood"],"picked":"Summon_Lich","floor":1},{"not_picked":["Blood_Curse","Toxic_Smoke_Screen"],"picked":"Negative_Energy_Shield","floor":3},{"not_picked":["Negative_Energy_Javelin","Bone_Spikes"],"picked":"Life_Drain","floor":4},{"not_picked":["Scare","Bone_Armory"],"picked":"Negative_Energy_Javelin","floor":5},{"not_picked":["Toxic_Smoke_Screen","Flesh_Made_Foul"],"picked":"Summon_Death_Knight","floor":6},{"not_picked":["Negative_Energy_Shield","Violent_Necrosis"],"picked":"Plague_Bolt","floor":8},{"not_picked":["Vampiric_Strike","Chill_Blood"],"picked":"Spectral_Armor","floor":11},{"not_picked":["Requiem","Chill_Blood"],"picked":"Pandemic","floor":12},{"not_picked":["Bone_Armory","Negative_Energy_Shield"],"picked":"Vampiric_Strike","floor":13},{"not_picked":["Blood_Curse","Bone_Armor"],"picked":"Scare","floor":14},{"not_picked":["Skeleton_Dragon","Grasp_Heart"],"picked":"Summon_Death_Knight","floor":16},{"not_picked":["Negative_Energy_Javelin","Scare","Uncharnel"],"picked":"SKIP","floor":18},{"not_picked":["Shackles_Of_Pain+1","Negative_Energy_Mist"],"picked":"Bone_Armor","floor":19},{"not_picked":["Bone_Shift","Bone_Bullets+1"],"picked":"Thousand_Bone_Knives+1","floor":20},{"not_picked":["Blood_Whip","Vampiric_Strike+1"],"picked":"Consume_Illness","floor":22},{"not_picked":["Vampiric_Strike","Blood_Whip"],"picked":"Summon_Undead_Army+1","floor":24},{"not_picked":["Blood_Whip","Life_Drain"],"picked":"Bones_to_Steel","floor":25},{"not_picked":["Bone_Armor","Negative_Energy_Shield"],"picked":"Blood_Curse+1","floor":27},{"not_picked":["Deaths_Shadow","Hellfire"],"picked":"Blood_Is_Power","floor":28},{"not_picked":["Bone_Spikes","Bone_Bullets"],"picked":"Summon_Undead_Army","floor":30},{"not_picked":["Siphon_Strength","Blood_Is_Power","Consume_Illness"],"picked":"SKIP","floor":31},{"not_picked":["Skeleton_Dragon","Blood_Magic"],"picked":"Grasp_Heart","floor":33},{"not_picked":["Plague_Bolt","Bones_to_Steel+1"],"picked":"Death_March_Dance","floor":35},{"not_picked":["Bone_Bullets+1","Bones_to_Steel"],"picked":"Summon_Undead+1","floor":39},{"not_picked":["Shackles_Of_Pain+1","Death_March_Dance+1"],"picked":"Negative_Energy_Sphere+1","floor":41},{"not_picked":["Bone_Spikes+1","Blood_Whip+1","Shackles_Of_Pain+1"],"picked":"SKIP","floor":42},{"not_picked":["Summon_Undead_Army+1","Negative_Energy_Sphere+1","Bone_Bullets+1"],"picked":"SKIP","floor":44},{"not_picked":["Bone_Bullets+1","Chill_Blood+1"],"picked":"Uncharnel+1","floor":45},{"not_picked":["Death_Coil+1","Consume_Illness+1"],"picked":"Blood_for_Blood","floor":46},{"not_picked":["Thousand_Bone_Knives","Bones_to_Steel+1","Death_March_Dance+1"],"picked":"SKIP","floor":47},{"not_picked":["Death_March_Dance+1","Blood_Whip+1"],"picked":"Blood_Magic","floor":48},{"not_picked":["Negative_Energy_Bomb","Blood_Magic"],"picked":"Grasp_Heart","floor":50},{"not_picked":["Vampiric_Strike+1","Epidemic+1"],"picked":"Summon_Undead_Army","floor":54}],"player_experience":874392,"relics_obtained":[{"floor":6,"key":"CaptainsWheel"},{"floor":8,"key":"War Paint"},{"floor":9,"key":"Girya"},{"floor":12,"key":"reliquary:RoseTintedGlasses"},{"floor":24,"key":"theForsaken:Lifeblossom"},{"floor":26,"key":"Centennial Puzzle"},{"floor":28,"key":"reliquary:Buckler"},{"floor":31,"key":"Runesmith:Locket"},{"floor":41,"key":"theForsaken:HumbleEgg"},{"floor":43,"key":"Happy Flower"},{"floor":45,"key":"Strawberry"},{"floor":48,"key":"infinitespire:Beetle Shell"},{"floor":54,"key":"Lantern"}],"event_choices":[{"cards_removed":["Strike_W"],"damage_healed":0,"gold_gain":0,"player_choice":"Purged","damage_taken":0,"max_hp_gain":0,"max_hp_loss":0,"event_name":"Purifier","floor":2,"gold_loss":0},{"damage_healed":0,"gold_gain":0,"player_choice":"Obtain J.A.X.","damage_taken":0,"max_hp_gain":0,"max_hp_loss":0,"event_name":"Drug Dealer","floor":21,"gold_loss":0,"cards_obtained":["J.A.X."]},{"damage_healed":0,"gold_gain":0,"player_choice":"Obtained Relic","damage_taken":0,"relics_obtained":["Pear"],"max_hp_gain":0,"max_hp_loss":0,"event_name":"Addict","floor":29,"gold_loss":85},{"damage_healed":0,"gold_gain":0,"player_choice":"Ignored","damage_taken":0,"max_hp_gain":0,"max_hp_loss":0,"event_name":"WeMeetAgain","floor":38,"gold_loss":0}],"is_beta":false,"boss_relics":[{"not_picked":["hubris:ScarierMask","Snecko Eye"],"picked":"Philosopher\u0027s Stone"},{"not_picked":["Runic Pyramid","Runic Dome"],"picked":"construct:WeddingRing"},{"not_picked":["Tiny House","hubris:RunicObelisk"],"picked":"infinitespire:Cupcake"}],"items_purged_floors":[10,53],"is_endless":true,"potions_floor_spawned":[1,3,5,6,13,16,19,20,25,28,35,41,44,46,50],"killed_by":"The Heart","ascension_level":0}}