{"host":"4so6zk3ni2nu7g2c","time":1612968718,"event":{"mods":["Act Like it!","BaseMod","Gensokyo","Hallownest","Marisa£®ÏF”Í°°ƒß¿Ì…≥£©","Minty Spire (QoL Compilation)","Prisma Mod","Quick Restart","Remilia£®¿Ÿ√◊¿Ú—«£©","Replay The Spire","Shop Mod","StSLib","The Bug Knight"],"gold_per_floor":[116,126,126,160,85,112,126,126,126,51,51,62,62,88,88,187,187,201,579,629,629,640,665,665,693,693,703,138,138,93,126,126,224,224,237,252,252,252,314,314,343,357,357,382,382,416,436,23,23,23],"floor_reached":51,"language":"ZHS","playtime":3722,"items_purged":["Languid","HollowMod:SoulEater","HollowMod:NailStrikeStart"],"score":1047,"play_id":"bee69886-f7ab-42e1-b520-290465b89356","local_time":"20210210225158","is_ascension_mode":true,"campfire_choices":[{"data":"HollowMod:PogoStrike","floor":13.0,"key":"SMITH"},{"data":"HollowMod:GoodIntentions","floor":15.0,"key":"SMITH"},{"data":"HollowMod:theNailsmith","floor":24.0,"key":"SMITH"},{"floor":32.0,"key":"DIG"},{"data":"HollowMod:GreatSlash","floor":40.0,"key":"SMITH"},{"data":"HollowMod:HornetsHelp","floor":45.0,"key":"SMITH"},{"data":"HollowMod:AwokenDreamNail","floor":49,"key":"SMITH"}],"circlet_count":0,"master_deck":["HollowMod:NailStrikeStart","HollowMod:NailStrikeStart+1","HollowMod:NailStrikeStart","HollowMod:FocusHealStart","HollowMod:PogoStrike+1","HollowMod:DashSlash+1","HollowMod:SharpenedNail","Hallownest:skillLeafShield","Hallownest:skillLeafShield","Hallownest:skillLeafShield","Hallownest:skillLeafShield","Hallownest:skillLeafShield","HollowMod:SoulEater","HollowMod:GoodIntentions+1","HollowMod:CloakDash","HollowMod:HuntersJournal","HollowMod:theNailsmith+1","HollowMod:SiblingsSouls+1","HollowMod:SoulVessel+1","HollowMod:CycloneSlash+1","HollowMod:SoulSplash","HollowMod:SoulStrike+1","HollowMod:AwokenDreamNail+1","ReplayTheSpireMod:Brewmster+1","HollowMod:PerfectDash+1","HollowMod:HornetsHelp+1","HollowMod:GreatSlash+1","HollowMod:CloakDash+1","HollowMod:SoulSplash+1","HollowMod:MawleksShell+1","HollowMod:MonarchWings+1","HollowMod:SoulShaman+1","HollowMod:PureNailStrike+1","HollowMod:SoulSplash+1","HollowMod:DoubleDash+1"],"relics":["HollowMod:VesselMask","Incense Burner","StoneCalendar","Gremlin Horn","Replay:Kaleidoscope","Hallownest:DreamNailRelic","SlaversCollar","HollowMod:StagPassRelic","StrikeDummy","MealTicket","Replay:Baseball","Prayer Wheel","Oddly Smooth Stone","Lee\u0027s Waffle","Red Mask","Whetstone","Blue Candle","Philosopher\u0027s Stone","Ring of Peace","ReplayTheSpireMod:Ring of Challenge","Hallownest:HeavyBlowRelic","Pear","Replay:Towering Pillar of Hats","HollowMod:KingsBrand","Pantograph","Pocketwatch"],"acts_visited":["Hallownest:Greenpath","Hallownest:CityofTears","Hallownest:KingdomsEdge"],"potions_floor_usage":[47,47,50,50,50,50,50,50,50,50,50,50,50,50],"damage_taken":[{"damage":23.0,"enemies":"Hallownest:2_Tiktiks_and_1_Crawlid","floor":1.0,"turns":5.0},{"damage":0.0,"enemies":"Hallownest:monsterHuskWarrior","floor":2.0,"turns":4.0},{"damage":22.0,"enemies":"Hallownest:eliteVengeflyKing","floor":4.0,"turns":10.0},{"damage":16.0,"enemies":"Hallownest:eliteCrystalGuardian","floor":6.0,"turns":7.0},{"damage":4.0,"enemies":"Hallownest:monsterHuskGuard","floor":7.0,"turns":7.0},{"damage":6.0,"enemies":"Hallownest:1_Baldur_1_Crawlid_1_Warrior","floor":12.0,"turns":7.0},{"damage":14.0,"enemies":"Hallownest:eliteMossKnight","floor":14.0,"turns":12.0},{"damage":15.0,"enemies":"Hallownest:BossBrokenVessel","floor":16.0,"turns":11.0},{"damage":10.0,"enemies":"Hallownest:Flukemon_and_Top","floor":18.0,"turns":7.0},{"damage":13.0,"enemies":"Hallownest:Guard_and_Sentry","floor":22.0,"turns":5.0},{"damage":17.0,"enemies":"Hallownest:eliteSoulWarrior","floor":23.0,"turns":11.0},{"damage":17.0,"enemies":"Hallownest:eliteWatcherKnight","floor":25.0,"turns":10.0},{"damage":11.0,"enemies":"Hallownest:Master_and_Novice","floor":27.0,"turns":6.0},{"damage":22.0,"enemies":"Hallownest:eliteSoulWarrior","floor":31.0,"turns":8.0},{"damage":15.0,"enemies":"Hallownest:BossMantisLord","floor":33.0,"turns":7.0},{"damage":18.0,"enemies":"Hallownest:3_Siblings","floor":35.0,"turns":7.0},{"damage":30.0,"enemies":"Hallownest:2_Littles","floor":36.0,"turns":7.0},{"damage":11.0,"enemies":"Hallownest:Shield_Sturdy","floor":39.0,"turns":9.0},{"damage":0.0,"enemies":"Hallownest:StalkingDevout","floor":41.0,"turns":7.0},{"damage":3.0,"enemies":"Hallownest:2_Wing_and_1_Kings","floor":42.0,"turns":8.0},{"damage":7.0,"enemies":"Hallownest:eliteHiveKnight","floor":44.0,"turns":7.0},{"damage":0.0,"enemies":"Hallownest:eliteCollector","floor":46.0,"turns":8.0},{"damage":35,"enemies":"Hallownest:Xero_Hu_Marmu","floor":47,"turns":6},{"damage":76,"enemies":"Hallownest:BossHollowKnight","floor":50,"turns":9}],"seed_played":"588653601077975079","potions_obtained":[{"floor":4.0,"key":"Explosive Potion"},{"floor":7.0,"key":"Strength Potion"},{"floor":14.0,"key":"EssenceOfSteel"},{"floor":20.0,"key":"Fire Potion"},{"floor":22.0,"key":"SteroidPotion"},{"floor":41.0,"key":"Fire Potion"},{"floor":44.0,"key":"Energy Potion"}],"is_trial":false,"path_per_floor":["M","M","?","?","?","E","M","?","T","$","?","M","R","E","R","B",null,"M","?","?","T","M","E","R","E","T","M","$","?","?","E","R","B",null,"M","M","?","?","M","R","E","M","T","E","R","E","M","$","R","B",null],"character_chosen":"THE_BUGKNIGHT","items_purchased":["Oddly Smooth Stone","Lee\u0027s Waffle","ReplayTheSpireMod:Brewmster","Pocketwatch"],"campfire_rested":0,"item_purchase_floors":[28,28,28,48],"current_hp_per_floor":[58,64,64,48,53,47,55,46,46,46,46,46,46,44,44,29,80,76,76,44,44,37,26,26,19,19,18,87,87,87,65,65,50,87,69,45,45,45,40,40,62,59,59,52,52,52,17,32,32,2],"gold":23,"neow_bonus":"ONE_RARE_RELIC","is_daily":false,"chose_seed":false,"campfire_upgraded":6,"win_rate":0.0,"timestamp":1612968718,"path_taken":["M","M","?","?","?","E","M","?","T","$","?","?","R","E","R","BOSS","M","?","?","?","?","E","R","E","T","?","$","?","?","E","R","BOSS","M","M","?","?","?","R","E","M","T","E","R","E","M","$","R","BOSS"],"items_purchased_type":["Relic","Relic","Card","Relic"],"build_version":"2020-12-22","purchased_purges":3,"victory":true,"max_hp_per_floor":[75,75,75,75,80,80,80,80,80,80,80,80,80,80,80,80,80,80,80,80,80,80,80,80,80,80,80,87,87,87,87,87,87,87,87,87,87,87,87,87,97,97,97,97,97,97,97,97,97,97],"card_choices":[{"not_picked":["HollowMod:DungDefenderAura","HollowMod:DoubleDash"],"picked":"HollowMod:DashSlash","floor":1.0},{"not_picked":["HollowMod:InfectedAttack","HollowMod:CornifersMapStart"],"picked":"HollowMod:SharpenedNail","floor":2.0},{"not_picked":["HollowMod:MothsMistake","HollowMod:Grubsong"],"picked":"HollowMod:SoulEater","floor":4.0},{"not_picked":["HollowMod:NewGlowingWomb","HollowMod:VengefulSpirit"],"picked":"HollowMod:GoodIntentions","floor":6.0},{"not_picked":["HollowMod:ChannelNail","HollowMod:MothsMistake"],"picked":"HollowMod:SoulEater","floor":7.0},{"not_picked":["HollowMod:SiblingsSouls","HollowMod:VengefulSpirit"],"picked":"HollowMod:CloakDash","floor":12.0},{"not_picked":["HollowMod:TaintedHusks","HollowMod:SoulMaster"],"picked":"HollowMod:HuntersJournal","floor":14.0},{"not_picked":["HollowMod:VoidDash","HollowMod:PureVessel"],"picked":"HollowMod:theNailsmith","floor":16.0},{"not_picked":["HollowMod:SharpenedShadows+1","HollowMod:VengefulVoid"],"picked":"HollowMod:SiblingsSouls+1","floor":18.0},{"not_picked":["HollowMod:DoubleDash","HollowMod:WraithStrike+1"],"picked":"HollowMod:SoulVessel+1","floor":20.0},{"not_picked":["HollowMod:DreamGate","HollowMod:GoodIntentions"],"picked":"HollowMod:CycloneSlash+1","floor":22.0},{"not_picked":["HollowMod:LifebloodCocoon","HollowMod:WraithStrike"],"picked":"HollowMod:SoulSplash","floor":23.0},{"not_picked":["HollowMod:ShadowDash+1","HollowMod:VengefulSpirit"],"picked":"HollowMod:SoulStrike+1","floor":25.0},{"not_picked":["HollowMod:VengefulVoid","HollowMod:HeavyBlow","HollowMod:GoodIntentions"],"picked":"SKIP","floor":27.0},{"not_picked":["HollowMod:DreamGate","HollowMod:AwokenDreamNail","HollowMod:ShadowDash"],"picked":"SKIP","floor":27.0},{"not_picked":["HollowMod:DreamGate","HollowMod:ShadowDash"],"picked":"HollowMod:AwokenDreamNail","floor":27.0},{"not_picked":["HollowMod:VengefulVoid","HollowMod:HeavyBlow","HollowMod:GoodIntentions"],"picked":"SKIP","floor":27.0},{"not_picked":["HollowMod:HuntersJournal","HollowMod:QuirrelsAssistance+1"],"picked":"HollowMod:PerfectDash+1","floor":31.0},{"not_picked":["HollowMod:VoidDash","HollowMod:LordofShades"],"picked":"HollowMod:HornetsHelp","floor":33.0},{"not_picked":["HollowMod:LifebloodCocoon+1","HollowMod:FallenFury+1"],"picked":"HollowMod:GreatSlash","floor":35.0},{"not_picked":["HollowMod:HowlingWraiths","HollowMod:DungDefenderAura+1"],"picked":"HollowMod:CloakDash+1","floor":35.0},{"not_picked":["HollowMod:InfectedAttack","HollowMod:CornifersMapStart+1"],"picked":"HollowMod:SoulSplash+1","floor":36.0},{"not_picked":["HollowMod:GoodIntentions","HollowMod:SharpenedNail+1"],"picked":"HollowMod:MawleksShell+1","floor":36.0},{"not_picked":["HollowMod:GoodIntentions","HollowMod:ShadowDash+1","HollowMod:GrimmsGift"],"picked":"SKIP","floor":39.0},{"not_picked":["HollowMod:AwokenDreamNail","HollowMod:SiblingsSouls","HollowMod:TaintedHusks"],"picked":"SKIP","floor":39.0},{"not_picked":["HollowMod:DoubleDash","HollowMod:ShapeofUnn"],"picked":"HollowMod:MonarchWings+1","floor":41.0},{"not_picked":["HollowMod:TaintedHusks+1","HollowMod:MonarchWings+1"],"picked":"HollowMod:SoulShaman+1","floor":42.0},{"not_picked":["HollowMod:InfectedCysts+1","HollowMod:SoulStrike+1"],"picked":"HollowMod:PureNailStrike+1","floor":42.0},{"not_picked":["HollowMod:SoulStrike","HollowMod:NewLittleFool","HollowMod:SharpenedNail"],"picked":"SKIP","floor":44.0},{"not_picked":["HollowMod:DesolateDive","HollowMod:ChannelNail"],"picked":"HollowMod:SoulSplash+1","floor":46.0},{"not_picked":["HollowMod:AbyssShriek+1","HollowMod:SharpenedShadows+1"],"picked":"HollowMod:DoubleDash+1","floor":47},{"not_picked":["HollowMod:SharpenedNail+1","HollowMod:SoulShaman","HollowMod:DescendingDark"],"picked":"SKIP","floor":47}],"player_experience":412701,"relics_obtained":[{"floor":4.0,"key":"StoneCalendar"},{"floor":6.0,"key":"Gremlin Horn"},{"floor":9.0,"key":"Replay:Kaleidoscope"},{"floor":14.0,"key":"The Courier"},{"floor":20.0,"key":"HollowMod:StagPassRelic"},{"floor":21.0,"key":"StrikeDummy"},{"floor":23.0,"key":"MealTicket"},{"floor":25.0,"key":"Replay:Baseball"},{"floor":26.0,"key":"Prayer Wheel"},{"floor":31.0,"key":"Whetstone"},{"floor":32.0,"key":"Blue Candle"},{"floor":37.0,"key":"Ring of Peace"},{"floor":37.0,"key":"ReplayTheSpireMod:Ring of Challenge"},{"floor":41.0,"key":"Pear"},{"floor":43.0,"key":"Replay:Towering Pillar of Hats"},{"floor":44.0,"key":"HollowMod:KingsBrand"},{"floor":46.0,"key":"Pantograph"}],"event_choices":[],"is_beta":false,"boss_relics":[{"not_picked":["Painkiller Herb","Replay:Ancient Bell"],"picked":"SlaversCollar"},{"not_picked":["Snecko Eye","ChewingGum"],"picked":"Philosopher\u0027s Stone"}],"items_purged_floors":[10,28,48],"is_endless":false,"potions_floor_spawned":[4,7,14,22,23,36,41,44],"ascension_level":2}}