{"host":"9bcvatsnbq1a3xq4","time":1612959642,"event":{"mods":["BaseMod","Bestiary","Block Reminder","Highlight Path","Minty Spire (QoL Compilation)","Relic Stats"],"gold_per_floor":[117,117,117,132,37,37,71,97,167,2,2,40,55,76,76,166,166,180,201,201,215,228,272,272,313,313,327,340,355,693,369,369,369,369],"floor_reached":33,"language":"ENG","playtime":3453,"items_purged":["Strike_B"],"score":834,"play_id":"a131b7d7-6793-49af-b680-3a1f2a635b16","local_time":"20210210132042","is_ascension_mode":true,"campfire_choices":[{"data":"Sunder","floor":6,"key":"SMITH"},{"data":"Cold Snap","floor":11,"key":"SMITH"},{"data":"Doom and Gloom","floor":15,"key":"SMITH"},{"data":"Seek","floor":24,"key":"SMITH"},{"floor":32,"key":"REST"}],"circlet_count":0,"master_deck":["AscendersBane","Defend_B","Defend_B","Defend_B","Zap","Dualcast","Blizzard","BootSequence","Cold Snap+1","Sunder+1","Seek","Rebound","Doom and Gloom+1","Compile Driver","Skim","Core Surge","Steam Power+1","Chaos+1","Conserve Battery+1","Aggregate","Genetic Algorithm","Stack","Double Energy","Steam","Seek+1","Cold Snap","Rainbow","Hologram","Capacitor"],"relics":["Cracked Core","Golden Idol","Pen Nib","Odd Mushroom","Meat on the Bone","Bag of Preparation","Regal Pillow","Astrolabe","Boot","Peace Pipe","Bottled Lightning","Old Coin","Toolbox"],"acts_visited":["Exordium","TheCity"],"potions_floor_usage":[12,18,21,23,23,30,33,33],"damage_taken":[{"damage":2,"enemies":"2 Louse","floor":1,"turns":4},{"damage":2,"enemies":"Jaw Worm","floor":4,"turns":3},{"damage":20,"enemies":"Lagavulin","floor":7,"turns":6},{"damage":2,"enemies":"The Mushroom Lair","floor":8,"turns":4},{"damage":9,"enemies":"3 Sentries","floor":12,"turns":6},{"damage":0,"enemies":"Cultist","floor":13,"turns":2},{"damage":0,"enemies":"Gremlin Gang","floor":14,"turns":3},{"damage":0,"enemies":"Slime Boss","floor":16,"turns":4},{"damage":11,"enemies":"2 Thieves","floor":18,"turns":3},{"damage":20,"enemies":"Chosen","floor":19,"turns":5},{"damage":21,"enemies":"Snecko","floor":21,"turns":7},{"damage":13,"enemies":"Centurion and Healer","floor":22,"turns":8},{"damage":9,"enemies":"Book of Stabbing","floor":23,"turns":5},{"damage":0,"enemies":"Slavers","floor":25,"turns":4},{"damage":0,"enemies":"Sentry and Sphere","floor":27,"turns":2},{"damage":0,"enemies":"Snake Plant","floor":28,"turns":4},{"damage":0,"enemies":"Centurion and Healer","floor":29,"turns":4},{"damage":25,"enemies":"Book of Stabbing","floor":30,"turns":5},{"damage":80,"enemies":"Champ","floor":33,"turns":20}],"seed_played":"7711585636171375820","potions_obtained":[{"floor":8,"key":"EntropicBrew"},{"floor":12,"key":"AttackPotion"},{"floor":18,"key":"Ancient Potion"},{"floor":25,"key":"SkillPotion"},{"floor":29,"key":"FocusPotion"},{"floor":30,"key":"Energy Potion"}],"is_trial":false,"path_per_floor":["M","?","?","M","$","R","E","?","T","$","R","E","M","M","R","B",null,"M","M","?","M","M","E","R","E","T","M","M","M","E","$","R","B"],"character_chosen":"DEFECT","items_purchased":["Sunder","Fire Potion","Bag of Preparation","Capacitor","Toolbox"],"campfire_rested":1,"item_purchase_floors":[5,5,10,31,31],"current_hp_per_floor":[62,67,67,65,65,65,45,43,43,43,43,46,46,46,46,46,63,52,44,44,35,34,37,37,37,37,37,37,37,24,24,59,0,0],"gold":369,"neow_bonus":"TRANSFORM_CARD","is_daily":false,"chose_seed":false,"campfire_upgraded":4,"win_rate":0.0,"timestamp":1612959642,"path_taken":["M","?","?","M","?","R","E","?","T","$","R","E","M","M","R","BOSS","M","M","?","?","M","E","R","E","T","M","?","M","E","?","R","BOSS"],"items_purchased_type":["Card","Potion","Relic","Card","Relic"],"build_version":"2020-12-22","purchased_purges":1,"victory":false,"max_hp_per_floor":[71,76,69,69,69,69,69,69,69,69,69,69,69,69,69,69,69,69,69,69,69,69,69,69,69,69,69,69,69,69,69,69,69,69],"relic_stats":{"Peace Pipe":0,"Regal Pillow":15,"counters":[19,99],"Golden Idol":95,"Astrolabe":["Steam Power","Chaos","Conserve Battery"],"Pen Nib":[13],"Bag of Preparation":[30],"Boot":[11],"obtain_stats":[{"Regal Pillow":12,"Golden Idol":3,"Astrolabe":17,"Pen Nib":7,"Bag of Preparation":10,"Odd Mushroom":8,"Boot":23,"Old Coin":30,"Peace Pipe":25,"Toolbox":31,"Bottled Lightning":26,"Cracked Core":0,"Meat on the Bone":9},{"Regal Pillow":5,"Golden Idol":1,"Astrolabe":8,"Pen Nib":3,"Bag of Preparation":4,"Odd Mushroom":4,"Boot":13,"Old Coin":18,"Peace Pipe":14,"Toolbox":18,"Bottled Lightning":14,"Cracked Core":0,"Meat on the Bone":4},{"Regal Pillow":23,"Golden Idol":4,"Astrolabe":32,"Pen Nib":13,"Bag of Preparation":17,"Odd Mushroom":17,"Boot":60,"Old Coin":79,"Peace Pipe":64,"Toolbox":79,"Bottled Lightning":64,"Cracked Core":0,"Meat on the Bone":17}],"Meat on the Bone":72},"card_choices":[{"not_picked":["Gash","Redo"],"picked":"BootSequence","floor":1},{"not_picked":["Coolheaded","Compile Driver"],"picked":"Cold Snap","floor":4},{"not_picked":["Chill","Melter"],"picked":"Seek","floor":7},{"not_picked":["Redo","Conserve Battery"],"picked":"Rebound","floor":8},{"not_picked":["Ball Lightning","Streamline"],"picked":"Doom and Gloom","floor":12},{"not_picked":["Hologram","Creative AI"],"picked":"Compile Driver","floor":13},{"not_picked":["Gash","Steam Power"],"picked":"Skim","floor":14},{"not_picked":["All For One","Machine Learning"],"picked":"Core Surge","floor":16},{"not_picked":["Hello World+1","Force Field"],"picked":"Aggregate","floor":18},{"not_picked":["Scrape","Rebound","Ball Lightning"],"picked":"SKIP","floor":19},{"not_picked":["Skim","Stack"],"picked":"Double Energy","floor":21},{"not_picked":["Skim","Rebound"],"picked":"Steam","floor":22},{"not_picked":["Barrage+1","Hyperbeam"],"picked":"Seek","floor":23},{"not_picked":["Leap","Recycle","Force Field"],"picked":"SKIP","floor":25},{"not_picked":["Sweeping Beam+1","Compile Driver+1"],"picked":"Cold Snap","floor":27},{"not_picked":["Cold Snap","Hologram","Sweeping Beam"],"picked":"SKIP","floor":28},{"not_picked":["Conserve Battery","Gash"],"picked":"Rainbow","floor":29},{"not_picked":["Turbo","Ball Lightning"],"picked":"Hologram","floor":30}],"player_experience":819606,"relics_obtained":[{"floor":7,"key":"Pen Nib"},{"floor":8,"key":"Odd Mushroom"},{"floor":9,"key":"Meat on the Bone"},{"floor":12,"key":"Regal Pillow"},{"floor":23,"key":"Boot"},{"floor":25,"key":"Peace Pipe"},{"floor":26,"key":"Bottled Lightning"},{"floor":30,"key":"Old Coin"}],"event_choices":[{"damage_healed":0,"gold_gain":0,"player_choice":"Donut","damage_taken":0,"max_hp_gain":5,"max_hp_loss":0,"event_name":"Big Fish","floor":2,"gold_loss":0},{"damage_healed":0,"gold_gain":0,"player_choice":"Lose Max HP","damage_taken":0,"relics_obtained":["Golden Idol"],"max_hp_gain":0,"max_hp_loss":7,"event_name":"Golden Idol","floor":3,"gold_loss":0},{"damage_healed":0,"gold_gain":0,"player_choice":"Fought Mushrooms","damage_taken":0,"max_hp_gain":0,"max_hp_loss":0,"event_name":"Mushrooms","floor":8,"gold_loss":0},{"damage_healed":0,"gold_gain":0,"player_choice":"2 cards matched","damage_taken":0,"max_hp_gain":0,"max_hp_loss":0,"event_name":"Match and Keep!","floor":20,"gold_loss":0,"cards_obtained":["Genetic Algorithm","Stack"]}],"is_beta":false,"boss_relics":[{"not_picked":["SacredBark","Calling Bell"],"picked":"Astrolabe"}],"items_purged_floors":[31],"is_endless":false,"potions_floor_spawned":[8,12,13,14,18,25,28,29,30],"killed_by":"Champ","ascension_level":20}}