{"host":"2se5dq1do2gp0x9k","time":1612928411,"event":{"mods":["AchievementEnabler","BaseMod","Block Reminder","Colored Map","Colored Powertips","Minty Spire (QoL Compilation)","Relic Stats","StSLib","SuperFastMode"],"gold_per_floor":[114,114,114,131,57,57,57,86,134,147,160,194,194,204,204,283,283,294,304,150,161,161,161,173,208,231,231,231],"floor_reached":27,"language":"ENG","playtime":858,"items_purged":["Pain"],"score":557,"play_id":"1bc31dfe-8302-4772-a8b2-85e65b546a64","local_time":"20210209194011","is_ascension_mode":true,"campfire_choices":[{"data":"Tantrum","floor":6.0,"key":"SMITH"},{"floor":13,"key":"REST"},{"data":"Eruption","floor":15,"key":"SMITH"},{"data":"Scrawl","floor":23,"key":"SMITH"}],"circlet_count":0,"master_deck":["AscendersBane","Strike_P","Strike_P","Strike_P+1","Strike_P","Defend_P","Defend_P","Defend_P+1","Defend_P+1","Eruption+1","Vigilance","Tantrum+1","Conclude+1","Fasting2","FearNoEvil+1","Meditate","LessonLearned+1","TalkToTheHand","Scrawl+1","ThirdEye","Tantrum","ThirdEye+1","TalkToTheHand","InnerPeace"],"relics":["PureWater","NeowsBlessing","Calipers","WarpedTongs","MealTicket","Whetstone","Incense Burner","Coffee Dripper","Pocketwatch","Nunchaku"],"acts_visited":["Exordium","TheCity"],"potions_floor_usage":[12,12,21,24,25,27],"damage_taken":[{"damage":0.0,"enemies":"Jaw Worm","floor":1.0,"turns":1.0},{"damage":0.0,"enemies":"Cultist","floor":4.0,"turns":1.0},{"damage":0.0,"enemies":"Gremlin Nob","floor":8.0,"turns":1.0},{"damage":12.0,"enemies":"Small Slimes","floor":10.0,"turns":2.0},{"damage":13.0,"enemies":"Gremlin Gang","floor":11.0,"turns":3.0},{"damage":0,"enemies":"Lagavulin","floor":12,"turns":2},{"damage":26,"enemies":"Exordium Wildlife","floor":14,"turns":4},{"damage":3,"enemies":"Hexaghost","floor":16,"turns":6},{"damage":3,"enemies":"Shell Parasite","floor":18,"turns":3},{"damage":4,"enemies":"Spheric Guardian","floor":19,"turns":2},{"damage":11,"enemies":"Snake Plant","floor":21,"turns":5},{"damage":26,"enemies":"Snecko","floor":24,"turns":7},{"damage":5,"enemies":"Slavers","floor":25,"turns":4},{"damage":23,"enemies":"Gremlin Leader","floor":27,"turns":2}],"seed_played":"8365499507893719295","potions_obtained":[{"floor":1.0,"key":"Dexterity Potion"},{"floor":8.0,"key":"FearPotion"},{"floor":10.0,"key":"SteroidPotion"},{"floor":14,"key":"Swift Potion"},{"floor":19,"key":"Fruit Juice"},{"floor":21,"key":"DuplicationPotion"},{"floor":25,"key":"BottledMiracle"}],"is_trial":false,"path_per_floor":["M","?","?","M","$","R","$","E","T","M","M","E","R","M","R","B",null,"M","M","$","M","?","R","M","E","T","E"],"character_chosen":"WATCHER","items_purchased":["Fasting2","Tantrum"],"campfire_rested":1,"item_purchase_floors":[5,20],"current_hp_per_floor":[61,56,56,56,56,56,56,56,56,44,31,31,51,25,25,22,57,54,50,65,59,53,53,27,22,22,0,0],"gold":231,"neow_bonus":"THREE_ENEMY_KILL","is_daily":false,"chose_seed":false,"campfire_upgraded":3,"win_rate":0.0,"timestamp":1612928411,"path_taken":["M","?","?","M","$","R","$","E","T","M","M","E","R","M","R","BOSS","M","?","$","M","?","R","M","E","T","E"],"items_purchased_type":["Card","Card"],"build_version":"2020-12-22","purchased_purges":1,"victory":false,"max_hp_per_floor":[68,68,68,68,68,68,68,68,68,68,68,68,68,68,68,68,68,68,68,68,73,73,73,73,73,73,73,73],"relic_stats":{"Nunchaku":[0],"counters":[14,43],"MealTicket":15,"Whetstone":["Strike_P","Conclude"],"obtain_stats":[{"Nunchaku":26,"Calipers":2,"NeowsBlessing":0,"MealTicket":8,"Incense Burner":12,"Coffee Dripper":17,"Whetstone":9,"PureWater":0,"WarpedTongs":3,"Pocketwatch":25},{"Nunchaku":13,"Calipers":1,"NeowsBlessing":0,"MealTicket":3,"Incense Burner":6,"Coffee Dripper":8,"Whetstone":3,"PureWater":0,"WarpedTongs":1,"Pocketwatch":13},{"Nunchaku":41,"Calipers":1,"NeowsBlessing":0,"MealTicket":3,"Incense Burner":10,"Coffee Dripper":20,"Whetstone":3,"PureWater":0,"WarpedTongs":1,"Pocketwatch":41}],"WarpedTongs":[42],"Pocketwatch":[0]},"card_choices":[{"not_picked":["Fasting2","Vengeance"],"picked":"Tantrum","floor":1.0},{"not_picked":["Halt","CutThroughFate"],"picked":"Conclude","floor":4.0},{"not_picked":["SignatureMove","CutThroughFate"],"picked":"FearNoEvil","floor":8.0},{"not_picked":["Conclude","EmptyBody","Protect"],"picked":"SKIP","floor":10.0},{"not_picked":["SashWhip","Consecrate"],"picked":"Meditate","floor":11.0},{"not_picked":["SignatureMove","BowlingBash"],"picked":"LessonLearned","floor":12},{"not_picked":["Collect","BattleHymn"],"picked":"TalkToTheHand","floor":14},{"not_picked":["Ragnarok","Brilliance"],"picked":"Scrawl","floor":16},{"not_picked":["Evaluate","WindmillStrike","BowlingBash"],"picked":"SKIP","floor":18},{"not_picked":["Evaluate","Worship"],"picked":"ThirdEye","floor":19},{"not_picked":["WreathOfFlame","EmptyBody"],"picked":"ThirdEye","floor":21},{"not_picked":["Sanctity","JustLucky"],"picked":"TalkToTheHand","floor":24},{"not_picked":["WreathOfFlame","PathToVictory"],"picked":"InnerPeace","floor":25}],"player_experience":4069980,"relics_obtained":[{"floor":8.0,"key":"MealTicket"},{"floor":9.0,"key":"Whetstone"},{"floor":12,"key":"Incense Burner"},{"floor":25,"key":"Pocketwatch"},{"floor":26,"key":"Nunchaku"}],"event_choices":[{"damage_healed":0.0,"max_hp_gain":0.0,"max_hp_loss":0.0,"gold_gain":0.0,"event_name":"Scrap Ooze","player_choice":"Success","floor":2.0,"gold_loss":0.0,"damage_taken":5.0,"relics_obtained":["Calipers"]},{"damage_healed":0.0,"max_hp_gain":0.0,"max_hp_loss":0.0,"gold_gain":0.0,"event_name":"Accursed Blacksmith","player_choice":"Rummage","floor":3.0,"gold_loss":0.0,"damage_taken":0.0,"relics_obtained":["WarpedTongs"],"cards_obtained":["Pain"]},{"damage_healed":0,"gold_gain":0,"player_choice":"","damage_taken":6,"max_hp_gain":0,"max_hp_loss":0,"event_name":"Knowing Skull","floor":22,"potions_obtained":[],"gold_loss":0,"cards_obtained":[]}],"is_beta":false,"boss_relics":[{"not_picked":["Calling Bell","Black Star"],"picked":"Coffee Dripper"}],"items_purged_floors":[20],"is_endless":false,"potions_floor_spawned":[1,8,10,14,19,21,25],"killed_by":"Gremlin Leader","ascension_level":18}}