{"host":"xervbyl8oukkrn1w","time":1612979468,"event":{"mods":["BaseMod","Beaked The Cultist","Downfall","Gremlin Mod","Hermit","Hubris","Infinite Spire","Jorbs\u0027s Wanderer Trilogy","Mad Scientist","Minty Spire (QoL Compilation)","Quick Restart","READ ME - Guardian Mod","Reliquary","Replay The Spire","Shade Mod","StSLib","The Blackbeard","The Cursed","The Elementalist","The Hierophant","The Jungle","The Necromancer","The Runesmith","The Servant 0.9.4"],"gold_per_floor":[99,114,128,145,145,158,158,175,189,206,206,206,238,251,262,366,366,366,366,366],"floor_reached":19,"language":"ENG","playtime":2076,"items_purged":[],"score":173,"play_id":"a7c54c02-f371-44cf-8cb7-36cdad565963","local_time":"20210210175108","is_ascension_mode":false,"campfire_choices":[{"floor":1,"key":"DIG"},{"data":"beaked:Ceremony","floor":12,"key":"SMITH"},{"floor":18,"key":"REST"}],"circlet_count":0,"master_deck":["beaked:Strike_Y","beaked:Strike_Y","beaked:Strike_Y","beaked:Strike_Y","beaked:Strike_Y","beaked:Strike_Y","beaked:Defend_Y","beaked:Defend_Y","beaked:Defend_Y","beaked:Ceremony","beaked:Ceremony","beaked:Ceremony+1","beaked:WarriorEssence","beaked:MimicHuntress","beaked:MachineEssence+1","beaked:VigorBurst","beaked:BraceForImpact","beaked:DigDeep","beaked:Evade+1","beaked:Daydream","beaked:Tweet","beaked:DarkTribute","beaked:LiftOff"],"relics":["beaked:MendingPlumage","Replay:Bottled Steam","Matryoshka","Gremlin Food","Empty Cage"],"acts_visited":["Exordium","TheCity"],"potions_floor_usage":[8,9,10,13,16],"damage_taken":[{"damage":11,"enemies":"Jaw Worm","floor":2,"turns":5},{"damage":17,"enemies":"Cultist","floor":3,"turns":6},{"damage":11,"enemies":"Small Slimes","floor":4,"turns":4},{"damage":12,"enemies":"Gremlin Gang","floor":6,"turns":9},{"damage":44,"enemies":"Exordium Wildlife","floor":8,"turns":6},{"damage":44,"enemies":"Exordium Thugs","floor":9,"turns":7},{"damage":26,"enemies":"3 Louse","floor":10,"turns":5},{"damage":40,"enemies":"Lagavulin","floor":13,"turns":7},{"damage":36,"enemies":"Blue Slaver","floor":14,"turns":7},{"damage":20,"enemies":"3 Louse","floor":15,"turns":6},{"damage":82,"enemies":"WA_ARCHETYPE_RETAIN","floor":16,"turns":9},{"damage":128,"enemies":"3 Byrds","floor":19,"turns":6}],"seed_played":"5392843932142947557","potions_obtained":[{"floor":2,"key":"PowerPotion"},{"floor":3,"key":"SpeedPotion"},{"floor":6,"key":"Strength Potion"},{"floor":8,"key":"hexamod:SoulburnPotion"},{"floor":14,"key":"Elixir"},{"floor":15,"key":"EssenceOfSteel"}],"is_trial":false,"path_per_floor":["R","M","M","M","?","M","T","M","M","M","?","R","E","M","M","B",null,"R","M"],"character_chosen":"BEAKED_THE_CULTIST","items_purchased":[],"campfire_rested":1,"item_purchase_floors":[],"current_hp_per_floor":[50,47,41,43,48,55,55,34,36,51,51,51,48,55,55,45,55,55,0,0],"gold":366,"neow_bonus":"ONE_RANDOM_RARE_CARD","is_daily":false,"chose_seed":false,"campfire_upgraded":1,"win_rate":0.0,"timestamp":1612979468,"path_taken":["R","M","M","M","?","M","T","M","?","M","?","R","E","M","M","BOSS","R","M"],"items_purchased_type":[],"build_version":"2020-12-22","purchased_purges":0,"victory":false,"max_hp_per_floor":[50,50,50,50,55,55,55,55,55,55,55,55,55,55,55,55,55,55,55,55],"card_choices":[{"not_picked":["beaked:FeelMyPain","beaked:RitualOfBody"],"picked":"beaked:WarriorEssence","floor":2},{"not_picked":["beaked:Cower","beaked:RitualOfBody"],"picked":"beaked:MimicHuntress","floor":3},{"not_picked":["beaked:StunningBlow","beaked:Windmill"],"picked":"beaked:MachineEssence","floor":4},{"not_picked":["beaked:Resilience","beaked:Pecker","beaked:Redirect"],"picked":"SKIP","floor":6},{"not_picked":["beaked:Insight","beaked:Pecker"],"picked":"beaked:BraceForImpact","floor":8},{"not_picked":["beaked:FeelMyPain","beaked:WarriorEssence"],"picked":"beaked:DigDeep","floor":9},{"not_picked":["beaked:SacrificialAttack","beaked:Replenish"],"picked":"beaked:Evade","floor":10},{"not_picked":["beaked:Molting","beaked:SurvivalInstinct"],"picked":"beaked:Daydream","floor":13},{"not_picked":["beaked:Resilience","beaked:Evade"],"picked":"beaked:Tweet","floor":14},{"not_picked":["beaked:Roost","beaked:HuntressEssence"],"picked":"beaked:DarkTribute","floor":15},{"not_picked":["beaked:MachineEssence","beaked:DarkTribute"],"picked":"beaked:LiftOff","floor":16}],"player_experience":127317,"relics_obtained":[{"floor":1,"key":"Replay:Bottled Steam"},{"floor":7,"key":"Matryoshka"},{"floor":13,"key":"Gremlin Food"}],"event_choices":[],"is_beta":false,"boss_relics":[{"not_picked":["hubris:HollowSoul","hubris:TerracottaHorce"],"picked":"Empty Cage"}],"items_purged_floors":[],"is_endless":false,"potions_floor_spawned":[2,3,6,8,14,15],"killed_by":"3 Byrds","ascension_level":0}}