{"host":"xb2tau8pgi8aflss","time":1612943295,"event":{"mods":["AchievementEnabler","BaseMod","Hermit","Minty Spire (QoL Compilation)","StSLib","SuperFastMode"],"gold_per_floor":[119,78,78,92,92,92,92,141,141,168,184,368,368,395,395,395,395],"floor_reached":16,"language":"KOR","playtime":443,"items_purged":[],"score":120,"play_id":"4e483e17-1493-4028-b791-988237b0cfe3","local_time":"20210210164815","is_ascension_mode":true,"campfire_choices":[{"data":"hermit:FullyLoaded","floor":6,"key":"SMITH"},{"floor":15,"key":"REST"}],"circlet_count":0,"master_deck":["hermit:Strike_Hermit","hermit:Strike_Hermit","hermit:Strike_Hermit","hermit:Strike_Hermit","hermit:Defend_Hermit","hermit:Defend_Hermit","hermit:Defend_Hermit","hermit:Defend_Hermit","hermit:Snapshot","hermit:Covet","Doubt","hermit:FatalDesire","hermit:Coalescence","hermit:FullyLoaded+1","Injury","Regret","hermit:Dive","hermit:HighCaliber+1","Doubt","hermit:ShadowCloak"],"relics":["hermit:Momento","Golden Idol","StrikeDummy","Incense Burner","CeramicFish","Shuriken"],"acts_visited":["Exordium"],"potions_floor_usage":[8,16,16],"damage_taken":[{"damage":6,"enemies":"Jaw Worm","floor":1,"turns":4},{"damage":11,"enemies":"2 Louse","floor":4,"turns":3},{"damage":32,"enemies":"Gremlin Nob","floor":8,"turns":4},{"damage":1,"enemies":"Small Slimes","floor":10,"turns":5},{"damage":0,"enemies":"3 Louse","floor":11,"turns":4},{"damage":2,"enemies":"Large Slime","floor":14,"turns":7},{"damage":38,"enemies":"Slime Boss","floor":16,"turns":3}],"seed_played":"8189949422050399159","potions_obtained":[{"floor":4,"key":"DistilledChaos"},{"floor":10,"key":"BlessingOfTheForge"},{"floor":11,"key":"SteroidPotion"}],"is_trial":false,"path_per_floor":["M","$","?","M","?","R","?","E","T","M","M","?","?","M","R","B"],"character_chosen":"HERMIT","items_purchased":["hermit:FullyLoaded"],"campfire_rested":1,"item_purchase_floors":[2],"current_hp_per_floor":[69,69,69,58,58,58,46,14,14,13,13,13,13,11,33,0,0],"gold":395,"neow_bonus":"THREE_RARE_CARDS","is_daily":false,"chose_seed":false,"campfire_upgraded":1,"win_rate":0.0,"timestamp":1612943295,"path_taken":["M","$","?","M","?","R","?","E","T","M","M","?","?","M","R","BOSS"],"items_purchased_type":["Card"],"build_version":"2020-12-22","purchased_purges":0,"victory":false,"max_hp_per_floor":[75,75,75,75,75,75,75,75,75,75,75,75,75,75,75,75,75],"card_choices":[{"not_picked":["hermit:HighNoon","hermit:FinalCanter"],"picked":"hermit:FatalDesire","floor":0},{"not_picked":["hermit:CalledShot","hermit:Headshot"],"picked":"hermit:Coalescence","floor":1},{"not_picked":["hermit:HoleUp","hermit:Glare","hermit:BigShot"],"picked":"SKIP","floor":4},{"not_picked":["hermit:DeadMansHand","hermit:Combo"],"picked":"hermit:Dive","floor":8},{"not_picked":["hermit:TrackingShot","hermit:FatalDesire"],"picked":"hermit:HighCaliber","floor":10},{"not_picked":["hermit:BigShot","hermit:WideOpen","hermit:Vantage"],"picked":"SKIP","floor":11},{"not_picked":["hermit:Malice","hermit:Coalescence"],"picked":"hermit:ShadowCloak","floor":14}],"player_experience":822406,"relics_obtained":[{"floor":8,"key":"CeramicFish"},{"floor":9,"key":"Shuriken"}],"event_choices":[{"damage_healed":0,"gold_gain":0,"player_choice":"Take Wound","damage_taken":0,"relics_obtained":["Golden Idol"],"max_hp_gain":0,"max_hp_loss":0,"event_name":"Golden Idol","floor":3,"gold_loss":0,"cards_obtained":["Injury"]},{"damage_healed":0,"gold_gain":0,"player_choice":"Box","damage_taken":0,"relics_obtained":["StrikeDummy"],"max_hp_gain":0,"max_hp_loss":0,"event_name":"Big Fish","floor":5,"gold_loss":0,"cards_obtained":["Regret"]},{"damage_healed":0,"gold_gain":0,"player_choice":"Success","damage_taken":12,"relics_obtained":["Incense Burner"],"max_hp_gain":0,"max_hp_loss":0,"event_name":"Scrap Ooze","floor":7,"gold_loss":0},{"damage_healed":0,"gold_gain":175,"player_choice":"AGREE","damage_taken":0,"max_hp_gain":0,"max_hp_loss":0,"event_name":"Liars Game","floor":12,"gold_loss":0,"cards_obtained":["Doubt"]},{"damage_healed":0,"gold_gain":0,"player_choice":"Grow","damage_taken":0,"max_hp_gain":0,"max_hp_loss":0,"event_name":"Living Wall","floor":13,"gold_loss":0,"cards_upgraded":["hermit:HighCaliber"]}],"is_beta":false,"boss_relics":[],"items_purged_floors":[],"is_endless":false,"potions_floor_spawned":[4,10,11],"killed_by":"Slime Boss","ascension_level":4}}