{"host":"m9osufisr3agwk96","time":1612936935,"event":{"mods":["AchievementEnabler","Aspiration","BaseMod","Colored Map","Colored Powertips","Downfall","Friendly Minions","Hermit","Highlight Path","Hubris","Minty Spire (QoL Compilation)","Rare Cards Sparkle","Reliquary","Replay The Spire","Shop Mod","StSLib"],"gold_per_floor":[115,115,115,162,181,212,16,41,64,64,64,64],"floor_reached":11,"language":"ENG","playtime":285,"items_purged":[],"score":71,"play_id":"495f3d6a-f4ba-4960-835b-5161f3de385d","local_time":"20210209220215","is_ascension_mode":false,"campfire_choices":[],"circlet_count":0,"master_deck":["hermit:Strike_Hermit","hermit:Strike_Hermit","hermit:Strike_Hermit","hermit:Strike_Hermit","hermit:Defend_Hermit","hermit:Defend_Hermit","hermit:Defend_Hermit","hermit:Defend_Hermit","hermit:Snapshot","hermit:Covet","hermit:Horror","Injury","hermit:LowProfile+1","hermit:TakeAim","Metamorphosis+1","hermit:Adapt+1"],"relics":["hermit:Momento","NeowsBlessing","Toxic Egg 2","Golden Idol","Akabeko","Centennial Puzzle","reliquary:Boomerang"],"acts_visited":["Exordium"],"potions_floor_usage":[6],"damage_taken":[{"damage":0,"enemies":"2 Louse","floor":1,"turns":2},{"damage":0,"enemies":"Jaw Worm","floor":5,"turns":1},{"damage":10,"enemies":"3 Sentries","floor":6,"turns":1},{"damage":1,"enemies":"Cultist","floor":8,"turns":3},{"damage":79,"enemies":"Replay:BlueRogue","floor":11,"turns":3}],"seed_played":"8140035916421292579","potions_obtained":[{"floor":1,"key":"AttackPotion"}],"is_trial":false,"path_per_floor":["M","?","?","T","M","E","$","M","T","?","E"],"character_chosen":"HERMIT","items_purchased":["Metamorphosis+1"],"campfire_rested":0,"item_purchase_floors":[7],"current_hp_per_floor":[75,75,69,69,69,59,59,58,58,58,0,0],"gold":64,"neow_bonus":"THREE_ENEMY_KILL","is_daily":false,"chose_seed":false,"campfire_upgraded":0,"win_rate":0.0,"timestamp":1612936935,"path_taken":["M","?","?","?","M","E","$","?","T","?","E"],"items_purchased_type":["Card"],"build_version":"2020-12-22","purchased_purges":0,"victory":false,"max_hp_per_floor":[75,75,69,69,69,69,69,69,69,69,69,69],"card_choices":[{"not_picked":["hermit:Glare","hermit:CalledShot"],"picked":"hermit:Horror","floor":1},{"not_picked":["hermit:Horror+1","hermit:TrackingShot"],"picked":"hermit:LowProfile+1","floor":5},{"not_picked":["hermit:HighCaliber","hermit:LowProfile+1"],"picked":"hermit:TakeAim","floor":6},{"not_picked":["hermit:WideOpen","hermit:TrackingShot"],"picked":"hermit:Adapt","floor":8}],"player_experience":439374,"relics_obtained":[{"floor":4,"key":"Akabeko"},{"floor":6,"key":"Centennial Puzzle"},{"floor":9,"key":"reliquary:Boomerang"}],"event_choices":[{"damage_healed":0,"gold_gain":0,"player_choice":"Lose Max HP","damage_taken":0,"relics_obtained":["Golden Idol"],"max_hp_gain":0,"max_hp_loss":6,"event_name":"Golden Idol","floor":3,"gold_loss":0},{"damage_healed":0,"gold_gain":0,"player_choice":"Upgraded","damage_taken":0,"max_hp_gain":0,"max_hp_loss":0,"event_name":"Upgrade Shrine","floor":10,"gold_loss":0,"cards_upgraded":["hermit:Adapt"]}],"is_beta":false,"boss_relics":[],"items_purged_floors":[],"is_endless":false,"potions_floor_spawned":[1],"killed_by":"Replay:BlueRogue","ascension_level":0}}