{"host":"4eao2pkwlmv012cz","time":1612926969,"event":{"mods":["BaseMod","Colored Powertips","Minty Spire (QoL Compilation)","Permanent Neow","Quick Restart","Random Character Button","StSLib"],"gold_per_floor":[144,319,319,319,12,102,102,192,192,237,282,247,337,337,337,637,637,682,682,697,697,697],"floor_reached":21,"language":"ENG","playtime":1906,"items_purged":[],"score":220,"play_id":"3fc201e1-8eef-4206-827e-87996a945422","local_time":"20210209221609","daily_mods":["SealedDeck","Purple Cards","Midas"],"is_ascension_mode":false,"campfire_choices":[{"floor":7,"key":"REST"},{"floor":15,"key":"REST"}],"circlet_count":0,"master_deck":["Bouncing Flask","Riddle With Holes","Evaluate","Backflip","InnerPeace","Infinite Blades","CrushJoints","Protect","Backflip","EmptyBody","The Bomb","Bandage Up","Bane","Alpha","CarveReality","Wallop","LikeWater","Riddle With Holes","Ragnarok","EmptyMind","SpiritShield","Noxious Fumes+1"],"relics":["Ring of the Serpent","CultistMask","Snake Skull","Vajra","Centennial Puzzle","PreservedInsect"],"acts_visited":["Exordium","TheCity"],"potions_floor_usage":[6,13,21],"damage_taken":[{"damage":5,"enemies":"Jaw Worm","floor":1,"turns":3},{"damage":8,"enemies":"Gremlin Nob","floor":6,"turns":4},{"damage":17,"enemies":"Lagavulin","floor":8,"turns":4},{"damage":0,"enemies":"Small Slimes","floor":10,"turns":4},{"damage":0,"enemies":"Cultist","floor":11,"turns":2},{"damage":36,"enemies":"3 Sentries","floor":13,"turns":4},{"damage":29,"enemies":"Slime Boss","floor":16,"turns":5},{"damage":24,"enemies":"3 Byrds","floor":18,"turns":7},{"damage":30,"enemies":"2 Thieves","floor":20,"turns":4},{"damage":26,"enemies":"Snake Plant","floor":21,"turns":3}],"seed_played":"-5810517303651203205","potions_obtained":[{"floor":1,"key":"PowerPotion"},{"floor":10,"key":"Strength Potion"},{"floor":16,"key":"Ancient Potion"},{"floor":18,"key":"Swift Potion"}],"is_trial":false,"path_per_floor":["M","?","?","?","$","E","R","E","T","M","M","?","E","?","R","B",null,"M","?","M","M"],"character_chosen":"THE_SILENT","items_purchased":["The Bomb","Bandage Up","Bane"],"campfire_rested":2,"item_purchase_floors":[5,5,5],"current_hp_per_floor":[65,65,58,58,58,50,70,53,53,57,61,70,38,38,59,34,70,46,46,20,0,0],"gold":697,"neow_bonus":"","is_daily":true,"chose_seed":false,"campfire_upgraded":0,"win_rate":0.0,"timestamp":1612926969,"path_taken":["M","?","?","?","$","E","R","E","T","?","M","?","E","?","R","BOSS","M","?","?","M"],"items_purchased_type":["Card","Card","Card"],"build_version":"2020-12-22","purchased_purges":0,"victory":false,"max_hp_per_floor":[70,70,70,70,70,70,70,70,70,70,70,70,70,70,70,70,70,70,70,70,70,70],"card_choices":[{"not_picked":["FollowUp","Dagger Throw"],"picked":"EmptyBody","floor":1},{"not_picked":["Deflect","Poisoned Stab"],"picked":"Alpha","floor":6},{"not_picked":["Pray","Evaluate"],"picked":"CarveReality","floor":8},{"not_picked":["FlyingSleeves","Dagger Throw"],"picked":"Wallop","floor":10},{"not_picked":["EmptyBody","Underhanded Strike"],"picked":"LikeWater","floor":11},{"not_picked":["Protect","Acrobatics"],"picked":"Riddle With Holes","floor":13},{"not_picked":["Adrenaline","Envenom"],"picked":"Ragnarok","floor":16},{"not_picked":["WindmillStrike","FlyingSleeves"],"picked":"EmptyMind","floor":18},{"not_picked":["Reflex","FlurryOfBlows"],"picked":"Noxious Fumes+1","floor":20}],"player_experience":2913382,"relics_obtained":[{"floor":6,"key":"Snake Skull"},{"floor":8,"key":"Vajra"},{"floor":9,"key":"Centennial Puzzle"},{"floor":13,"key":"PreservedInsect"}],"event_choices":[{"damage_healed":0,"gold_gain":175,"player_choice":"AGREE","damage_taken":0,"max_hp_gain":0,"max_hp_loss":0,"event_name":"Liars Game","floor":2,"gold_loss":0,"cards_obtained":["Doubt"]},{"cards_removed":["Doubt"],"damage_healed":0,"gold_gain":0,"player_choice":"Card Removal","damage_taken":7,"max_hp_gain":0,"max_hp_loss":0,"event_name":"Golden Wing","floor":3,"gold_loss":0},{"damage_healed":0,"gold_gain":0,"player_choice":"Trade","damage_taken":0,"relics_obtained":["CultistMask"],"max_hp_gain":0,"max_hp_loss":0,"event_name":"FaceTrader","floor":4,"gold_loss":0},{"damage_healed":17,"gold_gain":0,"player_choice":"Healed","damage_taken":0,"max_hp_gain":0,"max_hp_loss":0,"event_name":"The Cleric","floor":12,"gold_loss":35},{"damage_healed":0,"gold_gain":0,"player_choice":"Fled","damage_taken":0,"max_hp_gain":0,"max_hp_loss":0,"event_name":"Scrap Ooze","floor":14,"gold_loss":0},{"damage_healed":0,"gold_gain":0,"cards_transformed":["Cloak And Dagger"],"player_choice":"Transformed","damage_taken":0,"max_hp_gain":0,"max_hp_loss":0,"event_name":"Transmorgrifier","floor":19,"gold_loss":0,"cards_obtained":["SpiritShield"]}],"is_beta":false,"boss_relics":[{"not_picked":["WristBlade","Philosopher\u0027s Stone"],"picked":"Ring of the Serpent"}],"items_purged_floors":[],"is_endless":false,"potions_floor_spawned":[1,10,16,18],"killed_by":"Snake Plant","ascension_level":0}}