{"host":"9q13bdr84c6iv3c6","time":1612918129,"event":{"mods":["BaseMod","Colored Powertips","Downfall","Hermit","Minty Spire (QoL Compilation)","Replay The Spire","StSLib"],"gold_per_floor":[99,110,125,125,137,169,245,276,276,322,322,352,352,366,377,377,377,377],"floor_reached":16,"language":"ENG","playtime":811,"items_purged":[],"score":120,"play_id":"887d3f56-f664-46d0-90a7-3ee2892db3b7","local_time":"20210209184849","is_ascension_mode":false,"campfire_choices":[{"data":"bronze:Format","floor":1.0,"key":"SMITH"},{"floor":11.0,"key":"REST"},{"data":"bronze:ThunderWave","floor":13.0,"key":"SMITH"}],"circlet_count":0,"master_deck":["bronze:Strike","bronze:Strike+1","bronze:Strike","bronze:Defend+1","bronze:Defend","bronze:Defend","bronze:Defend","bronze:Replicate","bronze:Goto","bronze:Format+1","bronze:DelayedSlice","bronze:Iterate","bronze:Optimize","bronze:Fortify+1","bronze:FollowUp","downfall:Malfunctioning","ReplayTheSpireMod:Splinters","bronze:ThunderWave+1","bronze:BronzeOrb","bronze:BronzeOrb","bronze:WhirlingStrike"],"relics":["bronze:BronzeCore","Regal Pillow","Gremlin Horn","Frozen Egg 2","Garlic","Replay:Accelerometer","Replay:Bottled Steam"],"acts_visited":["Exordium"],"potions_floor_usage":[16,16,16],"damage_taken":[{"damage":3.0,"enemies":"2 Louse","floor":2.0,"turns":3.0},{"damage":2.0,"enemies":"Small Slimes","floor":3.0,"turns":3.0},{"damage":0.0,"enemies":"Jaw Worm","floor":5.0,"turns":3.0},{"damage":25.0,"enemies":"Gremlin Nob","floor":6.0,"turns":4.0},{"damage":6.0,"enemies":"3 Sentries","floor":8.0,"turns":6.0},{"damage":21.0,"enemies":"Gremlin Nob","floor":12.0,"turns":4.0},{"damage":1.0,"enemies":"Exordium Wildlife","floor":14.0,"turns":4.0},{"damage":0.0,"enemies":"3 Louse","floor":15.0,"turns":2.0},{"damage":43,"enemies":"DF_ARCHETYPE_STREAMLINE","floor":16,"turns":6}],"seed_played":"-2375276167269197938","potions_obtained":[{"floor":6.0,"key":"SneckoOil"},{"floor":8.0,"key":"Energy Potion"},{"floor":10.0,"key":"Toxic Potion"},{"floor":12.0,"key":"PowerPotion"}],"is_trial":false,"path_per_floor":["R","M","M","?","M","E","T","E","?","?","R","E","R","M","M","B"],"character_chosen":"THE_AUTOMATON","items_purchased":[],"campfire_rested":1,"item_purchase_floors":[],"current_hp_per_floor":[70,67,65,47,47,22,22,16,16,16,52,31,31,30,30,0,0,0],"gold":377,"neow_bonus":"TRANSFORM_CARD","is_daily":false,"chose_seed":false,"campfire_upgraded":2,"win_rate":0.0,"timestamp":1612918129,"path_taken":["R","M","M","?","M","E","T","E","?","?","R","E","R","M","M","BOSS"],"items_purchased_type":[],"build_version":"2020-12-22","purchased_purges":0,"victory":false,"max_hp_per_floor":[70,70,70,70,70,70,70,70,70,70,70,70,70,70,70,70,70,70],"card_choices":[{"not_picked":["bronze:Turbo","bronze:Shield"],"picked":"bronze:DelayedSlice","floor":2.0},{"not_picked":["bronze:WildBeam","bronze:BitShift"],"picked":"bronze:Iterate","floor":3.0},{"not_picked":["bronze:ChildClass","bronze:Invalidate"],"picked":"bronze:Optimize","floor":5.0},{"not_picked":["bronze:BuggyMess","bronze:Overheat"],"picked":"bronze:Fortify","floor":6.0},{"not_picked":["bronze:CutThrough","bronze:OilSpill"],"picked":"bronze:FollowUp","floor":8.0},{"not_picked":["bronze:Overheat","bronze:Shield"],"picked":"bronze:ThunderWave","floor":10.0},{"not_picked":["bronze:Allocate","bronze:Branch"],"picked":"bronze:BronzeOrb","floor":12.0},{"not_picked":["bronze:BugBarrage","bronze:DarkDash"],"picked":"bronze:BronzeOrb","floor":14.0},{"not_picked":["bronze:Deprecate","bronze:Repair"],"picked":"bronze:WhirlingStrike","floor":15.0}],"player_experience":40151,"relics_obtained":[{"floor":6.0,"key":"Gremlin Horn"},{"floor":7.0,"key":"Frozen Egg 2"},{"floor":8.0,"key":"Garlic"},{"floor":10.0,"key":"Replay:Accelerometer"},{"floor":12.0,"key":"Replay:Bottled Steam"}],"event_choices":[{"damage_healed":0.0,"max_hp_gain":0.0,"max_hp_loss":0.0,"gold_gain":0.0,"event_name":"Scrap Ooze","player_choice":"Success","floor":4.0,"gold_loss":0.0,"damage_taken":18.0,"relics_obtained":["Regal Pillow"]}],"is_beta":false,"boss_relics":[],"items_purged_floors":[],"is_endless":false,"potions_floor_spawned":[6,8,12,15],"killed_by":"DF_ARCHETYPE_STREAMLINE","ascension_level":0}}