{"host":"v2nniiiz7kpx7fwo","time":1612976839,"event":{"mods":["2.2 Compatiblity","AchievementEnabler","BaseMod","Colored Map","Colored Powertips","DeckTracker","Highlight Path","KOR Keyword Fix","Minty Spire (QoL Compilation)","Permanent Neow","Rare Cards Sparkle","StSLib","SuperFastMode"],"gold_per_floor":[414,589,433,433,447,447,479,479,479,510,25,25,25,52,52,156,156,172,172,189,200,215,215,215],"floor_reached":23,"language":"KOR","playtime":872,"items_purged":["Doubt"],"score":311,"play_id":"c7daa077-c38d-411c-917c-4b220dddb960","local_time":"20210211020719","is_ascension_mode":true,"campfire_choices":[{"data":"Rampage","floor":6.0,"key":"SMITH"},{"floor":13.0,"key":"REST"},{"data":"Feel No Pain","floor":15.0,"key":"SMITH"}],"circlet_count":0,"master_deck":["AscendersBane","Strike_R","Strike_R","Strike_R","Strike_R","Defend_R","Defend_R","Defend_R","Defend_R","Bash","Wild Strike","Rampage+1","Feel No Pain+1","Thunderclap","True Grit+1","Heavy Blade+1","Apotheosis+1","Flex+1","Impervious+1","Fiend Fire+1","Pommel Strike+1","Spot Weakness+1","Evolve+1"],"relics":["Burning Blood","Old Coin","FossilizedHelix","Molten Egg 2","Omamori","Toxic Egg 2","Pear","Busted Crown"],"acts_visited":["Exordium","TheCity"],"potions_floor_usage":[22,22],"damage_taken":[{"damage":0.0,"enemies":"Small Slimes","floor":1.0,"turns":3.0},{"damage":6.0,"enemies":"Cultist","floor":5.0,"turns":4.0},{"damage":27.0,"enemies":"3 Sentries","floor":7.0,"turns":6.0},{"damage":24.0,"enemies":"Lagavulin","floor":10.0,"turns":6.0},{"damage":14.0,"enemies":"3 Sentries","floor":14.0,"turns":6.0},{"damage":54.0,"enemies":"The Guardian","floor":16.0,"turns":11.0},{"damage":14.0,"enemies":"Shell Parasite","floor":18.0,"turns":5.0},{"damage":19.0,"enemies":"3 Byrds","floor":20.0,"turns":6.0},{"damage":22.0,"enemies":"3 Cultists","floor":21.0,"turns":6.0},{"damage":20,"enemies":"Centurion and Healer","floor":22,"turns":6},{"damage":14,"enemies":"Slavers","floor":23,"turns":1}],"seed_played":"669022976596917675","potions_obtained":[{"floor":1.0,"key":"PowerPotion"},{"floor":5.0,"key":"SneckoOil"},{"floor":10.0,"key":"Dexterity Potion"},{"floor":16.0,"key":"Fire Potion"}],"is_trial":false,"path_per_floor":["M","?","$","?","M","R","E","?","T","E","$","?","R","E","R","B",null,"M","?","M","M","M","E"],"character_chosen":"IRONCLAD","items_purchased":["Rampage","Apotheosis","Toxic Egg 2","Flex+1"],"campfire_rested":1,"item_purchase_floors":[3,11,11,11],"current_hp_per_floor":[72,72,72,72,72,72,51,51,51,33,33,33,54,56,56,8,64,56,56,43,27,13,0,0],"gold":215,"neow_bonus":"ONE_RARE_RELIC","is_daily":false,"chose_seed":false,"campfire_upgraded":2,"win_rate":0.0,"timestamp":1612976839,"path_taken":["M","?","$","?","?","R","E","?","T","E","$","?","R","E","R","BOSS","M","?","M","M","M","E"],"items_purchased_type":["Card","Card","Relic","Card"],"build_version":"2020-12-22","purchased_purges":1,"victory":false,"max_hp_per_floor":[72,72,72,72,72,72,72,72,72,72,72,72,72,82,82,82,82,82,82,82,82,82,82,82],"card_choices":[{"not_picked":["Dropkick","Searing Blow"],"picked":"Wild Strike","floor":1.0},{"not_picked":["Clothesline","Twin Strike"],"picked":"Thunderclap","floor":5.0},{"not_picked":["Corruption","Infernal Blade"],"picked":"True Grit","floor":7.0},{"not_picked":["Intimidate","Clash+1"],"picked":"Heavy Blade+1","floor":10.0},{"not_picked":["Flame Barrier+1","Clash+1"],"picked":"Impervious+1","floor":14.0},{"not_picked":["Exhume+1","Barricade"],"picked":"Fiend Fire+1","floor":16.0},{"not_picked":[],"picked":"Pommel Strike+1","floor":18.0},{"not_picked":["Anger+1"],"picked":"SKIP","floor":20.0},{"not_picked":[],"picked":"Evolve+1","floor":21.0},{"not_picked":["Clash+1"],"picked":"SKIP","floor":22}],"player_experience":379123,"relics_obtained":[{"floor":7.0,"key":"FossilizedHelix"},{"floor":9.0,"key":"Molten Egg 2"},{"floor":10.0,"key":"Omamori"},{"floor":14.0,"key":"Pear"}],"event_choices":[{"damage_healed":0.0,"max_hp_gain":0.0,"max_hp_loss":0.0,"gold_gain":175.0,"event_name":"Liars Game","player_choice":"AGREE","floor":2.0,"gold_loss":0.0,"damage_taken":0.0,"cards_obtained":["Doubt"]},{"damage_healed":0.0,"max_hp_gain":0.0,"max_hp_loss":0.0,"gold_gain":0.0,"cards_transformed":["Strike_R"],"event_name":"Transmorgrifier","player_choice":"Transformed","floor":4.0,"gold_loss":0.0,"damage_taken":0.0,"cards_obtained":["Feel No Pain"]},{"damage_healed":0.0,"max_hp_gain":0.0,"max_hp_loss":0.0,"gold_gain":0.0,"event_name":"Living Wall","player_choice":"Grow","floor":8.0,"gold_loss":0.0,"damage_taken":0.0,"cards_upgraded":["True Grit"]},{"damage_healed":0.0,"max_hp_gain":0.0,"max_hp_loss":0.0,"gold_gain":0.0,"event_name":"Upgrade Shrine","player_choice":"Upgraded","floor":12.0,"gold_loss":0.0,"damage_taken":0.0,"cards_upgraded":["Apotheosis"]},{"damage_healed":0.0,"max_hp_gain":0.0,"max_hp_loss":0.0,"gold_gain":0.0,"event_name":"The Library","player_choice":"Read","floor":19.0,"gold_loss":0.0,"damage_taken":0.0,"cards_obtained":["Spot Weakness"]}],"is_beta":false,"boss_relics":[{"not_picked":["Cursed Key","Black Blood"],"picked":"Busted Crown"}],"items_purged_floors":[3],"is_endless":false,"potions_floor_spawned":[1,5,10,16],"killed_by":"Slavers","ascension_level":10}}