{"host":"vdcd40ahtleuz1u4","time":1612967313,"event":{"mods":["AchievementEnabler","BaseMod","BetterRewards","Colored Map","Colored Powertips","Curses Come First","Highlight Path","Minty Spire (QoL Compilation)","Quick Restart","Relic Stats","Shop Mod","StSLib","SuperFastMode","Weighted Paths"],"gold_per_floor":[116,116,21,40,115,140,140,158,158,173,200,200,226,226,226,349,349,369,369,382,382,405,443,443,443,469,469,501,517,545,30,30,125,125,143,163,163,210,260,288,288,317,317,317,317,343,343,371,371,371,371,371,171,204,204],"floor_reached":56,"language":"ENG","playtime":2391,"items_purged":["Strike_G","Strike_G","Defend_G","Defend_G"],"score":1922,"play_id":"c23153e4-abaf-4dc0-8d7c-7d23b70324ba","local_time":"20210210142833","is_ascension_mode":true,"campfire_choices":[{"floor":7,"key":"REST"},{"data":"Catalyst","floor":15,"key":"SMITH"},{"floor":24,"key":"RECALL"},{"floor":27,"key":"REST"},{"floor":32,"key":"REST"},{"data":"Envenom","floor":41,"key":"SMITH"},{"data":"Dramatic Entrance","floor":44,"key":"SMITH"},{"data":"Madness","floor":47,"key":"SMITH"},{"data":"Noxious Fumes","floor":49,"key":"SMITH"},{"data":"Bouncing Flask","floor":52,"key":"SMITH"}],"circlet_count":0,"master_deck":["Strike_G","Defend_G","Defend_G","Survivor+1","Neutralize","Bouncing Flask+1","Catalyst+1","Noxious Fumes+1","Dramatic Entrance+1","Poisoned Stab","Poisoned Stab","Deadly Poison","Corpse Explosion","Envenom+1","Deadly Poison","Crippling Poison+1","Blur+1","CurseOfTheBell","Madness+1","Madness","Acrobatics+1","Bouncing Flask+1","Corpse Explosion","Bouncing Flask+1"],"relics":["Ring of the Snake","Bird Faced Urn","Darkstone Periapt","Bag of Preparation","PreservedInsect","Juzu Bracelet","Peace Pipe","Bloody Idol","Philosopher\u0027s Stone","Bag of Marbles","Sundial","InkBottle","Ornamental Fan","Orrery","Calling Bell","Omamori","Meat on the Bone","Girya","Incense Burner","WingedGreaves","Shuriken","Happy Flower","Question Card","War Paint","Ice Cream","Blood Vial"],"acts_visited":["Exordium","TheCity","TheBeyond","TheEnding"],"potions_floor_usage":[11,16,20,20,23,29,29,42,42,42,54,55],"damage_taken":[{"damage":2,"enemies":"Jaw Worm","floor":1,"turns":4},{"damage":4,"enemies":"Small Slimes","floor":4,"turns":3},{"damage":26,"enemies":"Gremlin Nob","floor":6,"turns":4},{"damage":6,"enemies":"2 Louse","floor":8,"turns":2},{"damage":0,"enemies":"Lots of Slimes","floor":10,"turns":2},{"damage":15,"enemies":"Lagavulin","floor":11,"turns":3},{"damage":18,"enemies":"3 Sentries","floor":13,"turns":6},{"damage":12,"enemies":"Hexaghost","floor":16,"turns":4},{"damage":4,"enemies":"Shell Parasite","floor":18,"turns":3},{"damage":16,"enemies":"3 Byrds","floor":20,"turns":2},{"damage":10,"enemies":"Centurion and Healer","floor":22,"turns":3},{"damage":31,"enemies":"Slavers","floor":23,"turns":3},{"damage":31,"enemies":"Book of Stabbing","floor":28,"turns":4},{"damage":0,"enemies":"3 Cultists","floor":29,"turns":2},{"damage":40,"enemies":"Slavers","floor":30,"turns":3},{"damage":80,"enemies":"Champ","floor":33,"turns":7},{"damage":7,"enemies":"Orb Walker","floor":35,"turns":3},{"damage":6,"enemies":"3 Darklings","floor":36,"turns":3},{"damage":63,"enemies":"2 Orb Walkers","floor":38,"turns":4},{"damage":4,"enemies":"Mind Bloom Boss Battle","floor":39,"turns":5},{"damage":2,"enemies":"Giant Head","floor":40,"turns":5},{"damage":55,"enemies":"Reptomancer","floor":42,"turns":4},{"damage":0,"enemies":"Giant Head","floor":46,"turns":4},{"damage":34,"enemies":"Nemesis","floor":48,"turns":3},{"damage":110,"enemies":"Awakened One","floor":50,"turns":8},{"damage":22,"enemies":"Shield and Spear","floor":54,"turns":3},{"damage":99,"enemies":"The Heart","floor":55,"turns":5}],"seed_played":"3266423615230077544","potions_obtained":[{"floor":6,"key":"SteroidPotion"},{"floor":8,"key":"DuplicationPotion"},{"floor":13,"key":"SkillPotion"},{"floor":16,"key":"CultistPotion"},{"floor":20,"key":"GamblersBrew"},{"floor":22,"key":"AttackPotion"},{"floor":23,"key":"Poison Potion"},{"floor":35,"key":"Energy Potion"},{"floor":38,"key":"PowerPotion"},{"floor":40,"key":"PowerPotion"},{"floor":54,"key":"Dexterity Potion"}],"is_trial":false,"path_per_floor":["M","?","$","M","?","E","R","M","T","M","E","?","E","?","R","B",null,"M","?","M","?","M","E","R","?","T","R","E","M","E","$","R","B",null,"M","M","?","?","?","E","R","E","T","R","?","E","R","E","R","B",null,"R","$","E","B",null],"character_chosen":"THE_SILENT","items_purchased":["Bird Faced Urn","Bouncing Flask","Catalyst","Noxious Fumes","Dramatic Entrance","Ornamental Fan","Orrery","PowerPotion"],"campfire_rested":3,"item_purchase_floors":[0,0,0,0,3,31,31,53],"current_hp_per_floor":[68,61,61,59,48,24,45,41,41,41,28,28,12,12,12,2,65,61,61,47,47,39,8,8,8,13,32,8,17,30,30,49,12,71,69,71,62,61,66,71,71,33,33,33,33,42,42,29,29,48,71,71,71,54,41],"gold":204,"neow_bonus":"","is_daily":false,"chose_seed":false,"campfire_upgraded":6,"win_rate":0.0,"timestamp":1612967313,"path_taken":["M","?","$","M","?","E","R","M","T","?","E","?","E","?","R","BOSS","M","?","M","?","M","E","R","?","T","R","E","M","E","$","R","BOSS","M","M","?","?","?","E","R","E","T","R","?","E","R","E","R","BOSS","R","$","E","BOSS"],"items_purchased_type":["Relic","Card","Card","Card","Card","Relic","Relic","Potion"],"build_version":"2020-12-22","purchased_purges":4,"victory":true,"max_hp_per_floor":[70,70,70,70,70,70,70,70,70,70,70,70,70,65,65,65,65,65,65,65,65,65,65,65,65,65,65,65,65,65,65,65,65,71,71,71,71,71,71,71,71,71,71,71,71,71,71,71,71,71,71,71,71,71,71],"relic_stats":{"Darkstone Periapt":6,"Happy Flower":[7],"counters":[86,361],"PreservedInsect":610,"Bag of Preparation":[48],"Juzu Bracelet":1,"War Paint":["Crippling Poison","Corpse Explosion","Crippling Poison","Survivor"],"Question Card":3,"Peace Pipe":1,"Blood Vial":24,"Sundial":[10],"Ornamental Fan":[40],"Shuriken":[57],"Bird Faced Urn":[78],"Bloody Idol":67,"obtain_stats":[{"Ice Cream":6,"Mark of the Bloom":46,"Blood Vial":26,"Lizard Tail":43,"Centennial Puzzle":54,"Sundial":28,"Philosopher\u0027s Stone":34,"MealTicket":47,"MerchantsRug":4,"Girya":34,"Pear":48,"Happy Flower":42,"Blue Candle":29,"Pen Nib":24,"War Paint":53,"Question Card":43,"SlaversCollar":34,"Bottled Flame":40,"Shuriken":47,"Bird Faced Urn":53,"Pandora\u0027s Box":17,"Meat on the Bone":34,"Darkstone Periapt":2,"Lantern":43,"Singing Bowl":6,"Torii":42,"Bag of Preparation":28,"Incense Burner":29,"Juzu Bracelet":11,"Ancient Tea Set":36,"Empty Cage":17,"Smiling Mask":26,"Burning Blood":0,"Shovel":40,"Matryoshka":24,"Mummified Hand":28,"Tiny Chest":30,"WingedGreaves":39,"InkBottle":30,"Lee\u0027s Waffle":14,"Golden Idol":12,"PreservedInsect":10,"Omamori":34,"MawBank":27,"Mercury Hourglass":30,"Peace Pipe":13,"Calling Bell":34,"Ornamental Fan":7,"Bloody Idol":25,"Orrery":31,"Turnip":9,"Bag of Marbles":26,"Art of War":43,"Membership Card":0},{"Ice Cream":4,"Mark of the Bloom":26,"Blood Vial":45,"Lizard Tail":54,"Centennial Puzzle":58,"Sundial":72,"Philosopher\u0027s Stone":19,"MealTicket":56,"MerchantsRug":2,"Girya":75,"Pear":56,"Happy Flower":81,"Blue Candle":17,"Pen Nib":15,"War Paint":57,"Question Card":81,"SlaversCollar":49,"Bottled Flame":53,"Shuriken":27,"Bird Faced Urn":57,"Pandora\u0027s Box":10,"Meat on the Bone":75,"Darkstone Periapt":60,"Lantern":25,"Singing Bowl":34,"Torii":54,"Bag of Preparation":16,"Incense Burner":47,"Juzu Bracelet":65,"Ancient Tea Set":20,"Empty Cage":40,"Smiling Mask":45,"Burning Blood":0,"Shovel":24,"Matryoshka":44,"Mummified Hand":16,"Tiny Chest":17,"WingedGreaves":79,"InkBottle":74,"Lee\u0027s Waffle":39,"Golden Idol":38,"PreservedInsect":7,"Omamori":75,"MawBank":46,"Mercury Hourglass":47,"Peace Pipe":66,"Calling Bell":75,"Ornamental Fan":4,"Bloody Idol":71,"Orrery":74,"Turnip":6,"Bag of Marbles":15,"Art of War":54,"Membership Card":29},{"Ice Cream":14,"Mark of the Bloom":145,"Blood Vial":214,"Lizard Tail":241,"Centennial Puzzle":253,"Sundial":302,"Philosopher\u0027s Stone":111,"MealTicket":246,"MerchantsRug":6,"Girya":314,"Pear":246,"Happy Flower":338,"Blue Candle":95,"Pen Nib":83,"War Paint":251,"Question Card":338,"SlaversCollar":225,"Bottled Flame":237,"Shuriken":151,"Bird Faced Urn":251,"Pandora\u0027s Box":52,"Meat on the Bone":314,"Darkstone Periapt":263,"Lantern":136,"Singing Bowl":176,"Torii":241,"Bag of Preparation":90,"Incense Burner":219,"Juzu Bracelet":277,"Ancient Tea Set":115,"Empty Cage":199,"Smiling Mask":214,"Burning Blood":0,"Shovel":132,"Matryoshka":211,"Mummified Hand":90,"Tiny Chest":95,"WingedGreaves":329,"InkBottle":307,"Lee\u0027s Waffle":193,"Golden Idol":192,"PreservedInsect":34,"Omamori":314,"MawBank":216,"Mercury Hourglass":219,"Peace Pipe":283,"Calling Bell":314,"Ornamental Fan":14,"Bloody Idol":298,"Orrery":307,"Turnip":27,"Bag of Marbles":83,"Art of War":241,"Membership Card":160}],"InkBottle":[29],"Ring of the Snake":[114],"Meat on the Bone":36},"card_choices":[{"not_picked":["Flying Knee","Cloak And Dagger","Prepared"],"picked":"SKIP","floor":1},{"not_picked":["Flying Knee","Slice","Cloak And Dagger"],"picked":"SKIP","floor":4},{"not_picked":["Dagger Spray","Calculated Gamble"],"picked":"Poisoned Stab","floor":6},{"not_picked":["Flying Knee","Dash","Heel Hook"],"picked":"SKIP","floor":8},{"not_picked":["Phantasmal Killer","Slice"],"picked":"Poisoned Stab","floor":10},{"not_picked":["Deflect","Blade Dance"],"picked":"Deadly Poison","floor":11},{"not_picked":["Prepared","Acrobatics","Flechettes"],"picked":"SKIP","floor":13},{"not_picked":["Doppelganger","Adrenaline"],"picked":"Corpse Explosion","floor":16},{"not_picked":["Concentrate","Riddle With Holes","Slice+1"],"picked":"SKIP","floor":18},{"not_picked":["Accuracy+1","Cloak And Dagger","Setup"],"picked":"SKIP","floor":20},{"not_picked":["Cloak And Dagger","Bouncing Flask","Leg Sweep"],"picked":"SKIP","floor":22},{"not_picked":["Bouncing Flask","Deflect"],"picked":"Envenom","floor":23},{"not_picked":["Venomology","Caltrops"],"picked":"Deadly Poison","floor":28},{"not_picked":["Bane","Deadly Poison","Concentrate"],"picked":"SKIP","floor":29},{"not_picked":["Leg Sweep","Deadly Poison"],"picked":"Crippling Poison","floor":30},{"not_picked":["Noxious Fumes","Outmaneuver"],"picked":"Blur+1","floor":31},{"not_picked":["Finisher","Poisoned Stab","Cloak And Dagger"],"picked":"SKIP","floor":35},{"not_picked":["Bane","Sucker Punch+1","Eviscerate+1"],"picked":"SKIP","floor":36},{"not_picked":["Dodge and Roll","Poisoned Stab"],"picked":"Acrobatics+1","floor":38},{"not_picked":["PiercingWail","Skewer"],"picked":"Bouncing Flask+1","floor":40},{"not_picked":["Underhanded Strike+1","Backstab+1","Masterful Stab"],"picked":"SKIP","floor":42},{"not_picked":["Glass Knife","Calculated Gamble+1","Masterful Stab+1"],"picked":"Bouncing Flask+1","floor":46},{"not_picked":["Slice+1","Poisoned Stab","Blade Dance+1","Dagger Spray+1"],"picked":"SKIP","floor":48},{"not_picked":["Predator","Sucker Punch","Outmaneuver+1","Slice+1"],"picked":"SKIP","floor":54}],"player_experience":190459,"relics_obtained":[{"floor":6,"key":"Bag of Preparation"},{"floor":9,"key":"PreservedInsect"},{"floor":11,"key":"Juzu Bracelet"},{"floor":13,"key":"Peace Pipe"},{"floor":23,"key":"Bag of Marbles"},{"floor":28,"key":"Sundial"},{"floor":30,"key":"InkBottle"},{"floor":34,"key":"Omamori"},{"floor":34,"key":"Meat on the Bone"},{"floor":34,"key":"Girya"},{"floor":38,"key":"Incense Burner"},{"floor":39,"key":"WingedGreaves"},{"floor":40,"key":"Shuriken"},{"floor":42,"key":"Happy Flower"},{"floor":43,"key":"Question Card"},{"floor":46,"key":"War Paint"},{"floor":48,"key":"Ice Cream"},{"floor":54,"key":"Blood Vial"}],"event_choices":[{"damage_healed":0,"gold_gain":0,"player_choice":"Success","damage_taken":7,"relics_obtained":["Darkstone Periapt"],"max_hp_gain":0,"max_hp_loss":0,"event_name":"Scrap Ooze","floor":2,"gold_loss":0},{"damage_healed":0,"gold_gain":75,"player_choice":"Gather Gold","damage_taken":11,"max_hp_gain":0,"max_hp_loss":0,"event_name":"World of Goop","floor":5,"gold_loss":0},{"cards_removed":["Defend_G"],"damage_healed":0,"gold_gain":0,"player_choice":"Purged","damage_taken":0,"max_hp_gain":0,"max_hp_loss":0,"event_name":"Purifier","floor":12,"gold_loss":0},{"damage_healed":0,"gold_gain":0,"player_choice":"Lose Max HP","damage_taken":0,"relics_obtained":["Golden Idol"],"max_hp_gain":0,"max_hp_loss":5,"event_name":"Golden Idol","floor":14,"gold_loss":0},{"damage_healed":0,"gold_gain":0,"player_choice":"Ignored","damage_taken":0,"max_hp_gain":0,"max_hp_loss":0,"event_name":"Vampires","floor":19,"gold_loss":0},{"cards_removed":["Strike_G"],"damage_healed":0,"gold_gain":0,"player_choice":"Elegance","damage_taken":0,"max_hp_gain":0,"max_hp_loss":0,"event_name":"Back to Basics","floor":21,"gold_loss":0},{"damage_healed":0,"gold_gain":0,"player_choice":"Gave Idol","damage_taken":0,"relics_obtained":["Bloody Idol"],"max_hp_gain":0,"max_hp_loss":0,"event_name":"Forgotten Altar","floor":25,"relics_lost":["Golden Idol"],"gold_loss":0},{"damage_healed":0,"gold_gain":0,"player_choice":"Embrace Madness","damage_taken":9,"max_hp_gain":0,"max_hp_loss":0,"event_name":"Winding Halls","floor":37,"gold_loss":0,"cards_obtained":["Madness","Madness"]},{"damage_healed":0,"gold_gain":0,"player_choice":"Fight","damage_taken":0,"max_hp_gain":0,"max_hp_loss":0,"event_name":"Mysterious Sphere","floor":38,"gold_loss":0},{"damage_healed":0,"gold_gain":0,"player_choice":"Fight","damage_taken":0,"max_hp_gain":0,"max_hp_loss":0,"event_name":"MindBloom","floor":39,"gold_loss":0},{"damage_healed":0,"gold_gain":0,"cards_transformed":["Strike_G"],"player_choice":"Transformed","damage_taken":0,"max_hp_gain":0,"max_hp_loss":0,"event_name":"Transmorgrifier","floor":45,"gold_loss":0,"cards_obtained":["Corpse Explosion"]}],"is_beta":false,"boss_relics":[{"not_picked":["Cursed Key","Coffee Dripper"],"picked":"Philosopher\u0027s Stone"},{"not_picked":["Pandora\u0027s Box","Runic Dome"],"picked":"Calling Bell"}],"items_purged_floors":[0,0,31,53],"is_endless":false,"potions_floor_spawned":[6,8,13,16,20,22,23,35,38,40,54],"ascension_level":4}}