{"host":"fc5kl670efuhtomy","time":1612929717,"event":{"mods":["AchievementEnabler","BaseMod","Colored Powertips","Downfall","Marisa（F雨　魔理沙）","Minty Spire (QoL Compilation)","Quick Restart","Rare Cards Sparkle","Relic Stats","Replay The Spire","StSLib","The Bug Knight","The Construct","The Cursed","The Servant 0.9.4","WarShipGirlsR/战舰少女R mod"],"gold_per_floor":[99,99,99,99,112,122,122,133,133,133,43,77,62,81,94,194,194,94,114,131,16,16,1,1,12,42,42,21,35,35,53,70,166,166,66,127,172,172,172],"floor_reached":37,"language":"ZHS","playtime":1952,"items_purged":["Regret","bronze:Strike","Amnesia"],"score":389,"play_id":"aa4ccf2f-4a81-4201-867d-301810943011","local_time":"20210210120157","is_ascension_mode":false,"campfire_choices":[{"floor":1,"key":"RECALL"},{"floor":18,"key":"DIG"},{"floor":27,"key":"REST"}],"circlet_count":0,"master_deck":["bronze:Strike","bronze:Strike","bronze:Defend","bronze:Defend","bronze:Defend","bronze:Defend","bronze:Replicate","bronze:Goto","bronze:Terminator","bronze:FollowUp","bronze:Boost","bronze:Branch+1","bronze:CloningBeam+1","bronze:Flail+1","bronze:DelayedSlice+1","bronze:Overload","bronze:ThunderWave+1","bronze:GetLatest","bronze:Return+1","bronze:Overload","bronze:DelayedGuard+1","bronze:Turbo","bronze:DelayedGuard+1","bronze:ForceShield+1","bronze:ItsAFeature","bronze:BuggyMess+1","bronze:Frontload","bronze:Verify","bronze:SpaghettiCode"],"relics":["bronze:BronzeCore","downfall:HeartsMalice","Molten Egg 2","bronze:BottledCode","InkBottle","bronze:ProtectiveGoggles","Cursed Key","downfall:HeartBlessingRed","WingedGreaves","Iron Hammer","Membership Card","Bag of Marbles","Sozu","downfall:HeartBlessingBlue","ReplayTheSpireMod:Ring of Challenge"],"acts_visited":["Exordium","TheCity","TheBeyond"],"potions_floor_usage":[16,21,23,25,26,32,33,36],"damage_taken":[{"damage":0,"enemies":"Cultist","floor":2,"turns":1},{"damage":0,"enemies":"Small Slimes","floor":3,"turns":1},{"damage":0,"enemies":"2 Louse","floor":4,"turns":1},{"damage":5,"enemies":"Blue Slaver","floor":5,"turns":4},{"damage":4,"enemies":"Exordium Wildlife","floor":6,"turns":4},{"damage":10,"enemies":"Lots of Slimes","floor":8,"turns":5},{"damage":6,"enemies":"downfall:FleeingMerchant","floor":11,"turns":4},{"damage":9,"enemies":"3 Sentries","floor":12,"turns":6},{"damage":0,"enemies":"downfall:FleeingMerchant","floor":13,"turns":4},{"damage":0,"enemies":"Blue Slaver","floor":14,"turns":3},{"damage":1,"enemies":"Large Slime","floor":15,"turns":5},{"damage":19,"enemies":"SI_SHIV_ARCHETYPE","floor":16,"turns":13},{"damage":10,"enemies":"Shell Parasite","floor":19,"turns":3},{"damage":16,"enemies":"Shelled Parasite and Fungi","floor":20,"turns":3},{"damage":0,"enemies":"downfall:FleeingMerchant","floor":21,"turns":4},{"damage":7,"enemies":"downfall:FleeingMerchant","floor":23,"turns":4},{"damage":20,"enemies":"Sentry and Sphere","floor":25,"turns":4},{"damage":12,"enemies":"Book of Stabbing","floor":26,"turns":4},{"damage":0,"enemies":"downfall:FleeingMerchant","floor":28,"turns":1},{"damage":4,"enemies":"Centurion and Healer","floor":29,"turns":6},{"damage":0,"enemies":"Snake Plant","floor":31,"turns":2},{"damage":12,"enemies":"Shelled Parasite and Fungi","floor":32,"turns":3},{"damage":7,"enemies":"WA_ARCHETYPE_CALM","floor":33,"turns":13},{"damage":45,"enemies":"3 Shapes","floor":36,"turns":6},{"damage":26,"enemies":"Orb Walker","floor":37,"turns":5}],"seed_played":"-3182252890435051368","potions_obtained":[{"floor":6,"key":"Regen Potion"},{"floor":12,"key":"ColorlessPotion"},{"floor":15,"key":"Slimebound:ThreeZeroPotion"},{"floor":16,"key":"AttackPotion"},{"floor":25,"key":"LiquidMemories"},{"floor":26,"key":"Toxic Potion"},{"floor":31,"key":"Death Potion"},{"floor":33,"key":"LiquidBronze"}],"is_trial":false,"path_per_floor":["R","M","M","M","M","M","T","M","?","?","$","E","$","M","M","B",null,"R","M","M","$","?","$","T","M","E","R","$","M","?","M","M","B",null,"R","M","M"],"character_chosen":"THE_AUTOMATON","items_purchased":["Membership Card","Bag of Marbles","bronze:ForceShield+1"],"campfire_rested":1,"item_purchase_floors":[28,28,28],"current_hp_per_floor":[70,70,70,70,65,61,61,51,51,51,45,36,36,36,35,16,60,60,50,34,48,48,41,41,21,9,27,27,23,23,23,11,4,60,70,25,0,0,0],"gold":172,"neow_bonus":"THREE_ENEMY_KILL","is_daily":false,"chose_seed":false,"campfire_upgraded":0,"win_rate":0.0,"timestamp":1612929717,"path_taken":["R","M","M","?","M","M","T","M","?","?","?","E","?","M","M","BOSS","R","M","M","?","?","$","T","M","E","R","$","?","?","M","M","BOSS","R","M","M"],"items_purchased_type":["Relic","Relic","Card"],"build_version":"2020-12-22","purchased_purges":3,"victory":false,"max_hp_per_floor":[70,70,70,70,70,70,70,70,60,60,60,60,60,60,60,60,60,60,60,60,60,60,60,60,60,60,60,60,60,60,60,60,60,60,70,70,70,70,70],"relic_stats":{"Sozu":0,"counters":[25,106],"Cursed Key":1,"obtain_stats":[{"bronze:BronzeCore":0,"downfall:HeartBlessingRed":18,"downfall:HeartsMalice":0,"Cursed Key":17,"bronze:BottledCode":9,"Sozu":34,"bronze:ProtectiveGoggles":12,"downfall:HeartBlessingBlue":35,"Molten Egg 2":7,"WingedGreaves":18,"Iron Hammer":26,"Bag of Marbles":28,"Membership Card":28,"ReplayTheSpireMod:Ring of Challenge":35,"InkBottle":10},{"bronze:BronzeCore":0,"downfall:HeartBlessingRed":12,"downfall:HeartsMalice":0,"Cursed Key":12,"bronze:BottledCode":6,"Sozu":23,"bronze:ProtectiveGoggles":8,"downfall:HeartBlessingBlue":23,"Molten Egg 2":5,"WingedGreaves":12,"Iron Hammer":18,"Bag of Marbles":19,"Membership Card":19,"ReplayTheSpireMod:Ring of Challenge":23,"InkBottle":6},{"bronze:BronzeCore":0,"downfall:HeartBlessingRed":48,"downfall:HeartsMalice":0,"Cursed Key":48,"bronze:BottledCode":13,"Sozu":95,"bronze:ProtectiveGoggles":23,"downfall:HeartBlessingBlue":95,"Molten Egg 2":8,"WingedGreaves":48,"Iron Hammer":70,"Bag of Marbles":71,"Membership Card":71,"ReplayTheSpireMod:Ring of Challenge":95,"InkBottle":13}],"InkBottle":[42]},"card_choices":[{"not_picked":["bronze:DelayedSlice","bronze:BuggyMess"],"picked":"bronze:Terminator","floor":2},{"not_picked":["bronze:FineTuning","bronze:NullPointer"],"picked":"bronze:FollowUp","floor":3},{"not_picked":["bronze:BronzeArmor","bronze:BuggyMess","bronze:Invalidate"],"picked":"SKIP","floor":4},{"not_picked":["bronze:Iterate","bronze:BugBarrage","bronze:BitShift"],"picked":"SKIP","floor":5},{"not_picked":["bronze:Repair","bronze:DarkDash"],"picked":"bronze:Boost","floor":6},{"not_picked":["bronze:BuggyMess","bronze:DelayedSlice+1"],"picked":"bronze:Branch+1","floor":8},{"not_picked":["bronze:Safeguard","bronze:ForLoop"],"picked":"bronze:CloningBeam+1","floor":11},{"not_picked":["bronze:Philosophize","bronze:Backtrace+1"],"picked":"bronze:Flail+1","floor":12},{"not_picked":["bronze:Allocate","bronze:Separator+1"],"picked":"bronze:DelayedSlice+1","floor":13},{"not_picked":["bronze:BugBarrage+1","bronze:Shield","bronze:OilSpill+1"],"picked":"SKIP","floor":14},{"not_picked":["bronze:CloningBeam+1","bronze:BronzeArmor"],"picked":"bronze:Overload","floor":15},{"not_picked":["bronze:CleanCode","bronze:BurnOut+1"],"picked":"bronze:ThunderWave+1","floor":16},{"not_picked":["bronze:Overheat+1","bronze:Shield+1"],"picked":"bronze:GetLatest","floor":19},{"not_picked":["bronze:Overheat+1","bronze:BronzeArmor"],"picked":"bronze:Return+1","floor":20},{"not_picked":["bronze:Philosophize+1","bronze:Shell"],"picked":"bronze:Overload","floor":21},{"not_picked":["bronze:Deprecate","bronze:Allocate+1","bronze:Frontload"],"picked":"SKIP","floor":23},{"not_picked":["bronze:Invalidate","bronze:BuggyMess"],"picked":"bronze:DelayedGuard+1","floor":25},{"not_picked":["bronze:Constructor","bronze:NullPointer+1"],"picked":"bronze:Turbo","floor":26},{"not_picked":["bronze:ForLoop","bronze:DelayedSlice+1"],"picked":"bronze:DelayedGuard+1","floor":28},{"not_picked":["bronze:BugBarrage+1","bronze:BronzeOrb+1"],"picked":"bronze:ItsAFeature","floor":29},{"not_picked":["bronze:Branch+1","bronze:Iterate+1"],"picked":"bronze:BuggyMess+1","floor":31},{"not_picked":["bronze:ShipIt+1","bronze:OilSpill+1"],"picked":"bronze:Frontload","floor":32},{"not_picked":["bronze:Format","bronze:HyperBeam+1"],"picked":"bronze:Verify","floor":33},{"not_picked":["bronze:FineTuning+1","bronze:OilSpill+1"],"picked":"bronze:SpaghettiCode","floor":36}],"player_experience":200146,"relics_obtained":[{"floor":7,"key":"Molten Egg 2"},{"floor":12,"key":"bronze:ProtectiveGoggles"},{"floor":18,"key":"WingedGreaves"},{"floor":26,"key":"Iron Hammer"},{"floor":35,"key":"ReplayTheSpireMod:Ring of Challenge"}],"event_choices":[{"damage_healed":0,"gold_gain":0,"player_choice":"Box","damage_taken":0,"relics_obtained":["InkBottle"],"max_hp_gain":0,"max_hp_loss":0,"event_name":"Big Fish","floor":10,"gold_loss":0,"cards_obtained":["Regret"]},{"damage_healed":0,"gold_gain":0,"player_choice":"Ignored","damage_taken":0,"max_hp_gain":0,"max_hp_loss":0,"event_name":"Vampires","floor":30,"gold_loss":0}],"is_beta":false,"boss_relics":[{"not_picked":["Runic Dome","Kintsugi"],"picked":"Cursed Key"},{"not_picked":["Snecko Eye","Velvet Choker"],"picked":"Sozu"}],"items_purged_floors":[11,21,28],"is_endless":false,"potions_floor_spawned":[6,12,15,16,19,25,26,31,33],"killed_by":"Orb Walker","ascension_level":0}}