{"host":"5z7rhcocprldured","time":1612995471,"event":{"mods":["2.2 Compatiblity","AchievementEnabler","BaseMod","Best Route Mod","Better Altar","Better Match","Better Note","Better Sensory Stone","Better Skull","Better Third Choice","BetterRewards","Block Reminder","Colored Map","Colored Powertips","Emptier Cage","Googly Eyes","Hermit","Marisa????????","Minty Spire (QoL Compilation)","Permanent Neow","Potionbrewer","Rare Cards Sparkle","StSLib","Synergy Search","The Cursed","The Hierophant","The Runesmith","Unceasing Turn Reminder"],"gold_per_floor":[113,125,200,214,232,232,267,267,267,278,278,278,80,106,106,206,256,240,240,240,83,83,83],"floor_reached":22,"language":"ENG","playtime":1071,"items_purged":[],"score":192,"play_id":"a9b516e9-d95a-4af3-9c70-b571ee16fc65","local_time":"20210210221751","is_ascension_mode":false,"campfire_choices":[{"data":"OortCloud","floor":6,"key":"SMITH"},{"data":"MagicChant","floor":8,"key":"SMITH"},{"data":"BlazeAway","floor":11,"key":"SMITH"},{"floor":15,"key":"REST"}],"circlet_count":0,"master_deck":["Strike_MRS","Strike_MRS+1","Strike_MRS+1","Defend_MRS","Defend_MRS","Defend_MRS","Defend_MRS+1","MasterSpark","UpSweep","MagicAbsorber+1","MilkyWay","OortCloud+1","BlazeAway+1","MagicChant+1","GalacticHalo+1","PowerUp","WitchLeyline","StarDustReverie","OrrerysSun","LuminesStrike","EnergyFlow","GasGiant","EscapeVelocity","EnergyRecoil","WitchLeyline"],"relics":["MiniHakkero","White Beast Statue","Bird Faced Urn","Orrery","Gambling Chip","Tiny House","War Paint"],"acts_visited":["Exordium","TheCity"],"potions_floor_usage":[],"damage_taken":[{"damage":4,"enemies":"Jaw Worm","floor":1,"turns":4},{"damage":0,"enemies":"Small Slimes","floor":2,"turns":3},{"damage":7,"enemies":"2 Louse","floor":4,"turns":3},{"damage":1,"enemies":"2 Fungi Beasts","floor":5,"turns":4},{"damage":4,"enemies":"3 Sentries","floor":7,"turns":12},{"damage":2,"enemies":"Looter","floor":10,"turns":4},{"damage":16,"enemies":"Lagavulin","floor":14,"turns":5},{"damage":43,"enemies":"The Guardian","floor":16,"turns":11},{"damage":24,"enemies":"2 Thieves","floor":18,"turns":4},{"damage":0,"enemies":"Shell Parasite","floor":22,"turns":2}],"seed_played":"487944206794106656","potions_obtained":[{"floor":1,"key":"potionbrewer:StunPotion"},{"floor":10,"key":"potionbrewer:AcidPotion"},{"floor":14,"key":"FearPotion"},{"floor":17,"key":"Ancient Potion"}],"is_trial":false,"path_per_floor":["M","M","?","M","M","R","E","R","T","M","R","?","$","E","R","B",null,"M","?","?","$","M"],"character_chosen":"MARISA","items_purchased":["PowerUp","Orrery","War Paint"],"campfire_rested":1,"item_purchase_floors":[13,13,21],"current_hp_per_floor":[78,78,67,60,59,59,55,55,55,53,53,37,37,27,51,14,87,65,65,65,65,67,67],"gold":83,"neow_bonus":"TEN_PERCENT_HP_BONUS","is_daily":false,"chose_seed":false,"campfire_upgraded":3,"win_rate":0.0,"timestamp":1612995471,"path_taken":["M","M","?","M","M","R","E","R","T","M","R","?","$","E","R","BOSS","M","?","?","$","M"],"items_purchased_type":["Card","Relic","Relic"],"build_version":"2020-12-22","purchased_purges":0,"victory":false,"max_hp_per_floor":[82,82,82,82,82,82,82,82,82,82,82,82,82,82,82,82,87,87,87,87,87,87,87],"card_choices":[{"not_picked":["GrandCross","GravityBeat"],"picked":"MagicAbsorber","floor":1},{"not_picked":["AsteroidBelt","SporeBomb"],"picked":"MilkyWay","floor":2},{"not_picked":["IllusionStar","NonDirectionalLaser"],"picked":"OortCloud","floor":4},{"not_picked":["RefractionSpark","SporeBomb"],"picked":"BlazeAway","floor":5},{"not_picked":["GrandCross","GravityBeat"],"picked":"MagicChant","floor":7},{"not_picked":["SuperPerseids","ChargingUp"],"picked":"GalacticHalo","floor":10},{"not_picked":["AsteroidBelt","SporeBomb"],"picked":"WitchLeyline","floor":13},{"not_picked":["GrandCross","SporeBomb"],"picked":"StarDustReverie","floor":13},{"not_picked":["ChargeUpSpray","AlicesGift"],"picked":"OrrerysSun","floor":13},{"not_picked":["OpenUniverse","Orbital"],"picked":"LuminesStrike","floor":13},{"not_picked":["WitchLeyline","SprinkleStarSeal"],"picked":"EnergyFlow","floor":13},{"not_picked":["BlazeAway","DC"],"picked":"GasGiant","floor":14},{"not_picked":["AbsoluteMagnitude","SatelliteIllusion"],"picked":"EscapeVelocity","floor":16},{"not_picked":["MilkyWay","GravityBeat"],"picked":"EnergyRecoil","floor":17},{"not_picked":["OpenUniverse+1","GasGiant+1"],"picked":"WitchLeyline","floor":18}],"player_experience":171147,"relics_obtained":[{"floor":7,"key":"White Beast Statue"},{"floor":9,"key":"Bird Faced Urn"},{"floor":14,"key":"Gambling Chip"}],"event_choices":[{"damage_healed":0,"gold_gain":75,"player_choice":"Gold","damage_taken":11,"max_hp_gain":0,"max_hp_loss":0,"event_name":"betterThird:BetterGoop","floor":3,"gold_loss":0},{"damage_healed":53,"gold_gain":0,"player_choice":"Upgrade","damage_taken":16,"max_hp_gain":0,"max_hp_loss":82,"event_name":"betterThird:BetterShining","floor":12,"gold_loss":0,"cards_upgraded":["Defend_MRS","Strike_MRS"]},{"cards_removed":["Strike_MRS"],"damage_healed":0,"gold_gain":0,"player_choice":"Purged","damage_taken":0,"max_hp_gain":0,"max_hp_loss":0,"event_name":"Purifier","floor":19,"gold_loss":0},{"damage_healed":0,"gold_gain":0,"player_choice":"Ignored","damage_taken":0,"max_hp_gain":0,"max_hp_loss":0,"event_name":"betterNote:BetterNote","floor":20,"gold_loss":0,"cards_obtained":["Apotheosis"]}],"is_beta":false,"boss_relics":[{"not_picked":["Coffee Dripper","Empty Cage"],"picked":"Tiny House"}],"items_purged_floors":[],"is_endless":false,"potions_floor_spawned":[1,10,14,16,18],"killed_by":"Shell Parasite","ascension_level":0}}