{"host":"uv5ws9rdk87e8i5k","time":1612985764,"event":{"mods":["AchievementEnabler","BaseMod","Colored Map","Minty Spire (QoL Compilation)","Permanent Neow","Quick Restart","StSLib","SuperFastMode","The Necromancer"],"gold_per_floor":[111,61,74,85,85,112,123,154,154,29,129,143,170,184,184,289,289,307,307,320,245,265,290,290,290],"floor_reached":24,"language":"ENG","playtime":554,"items_purged":["Strike_G"],"score":262,"play_id":"01b9af11-e8fb-4035-b5ee-82e9364a4307","local_time":"20210210133604","is_ascension_mode":true,"campfire_choices":[{"data":"Corpse Explosion","floor":15,"key":"SMITH"}],"circlet_count":0,"master_deck":["Strike_G","Strike_G","Defend_G","Defend_G","Defend_G","Defend_G","Defend_G","Survivor","Neutralize+1","Glass Knife","Deadly Poison","Catalyst","Dash","Dagger Throw","Prepared","Poisoned Stab","Poisoned Stab","Corpse Explosion+1","Deadly Poison","Acrobatics","Envenom","Deadly Poison","Crippling Poison","Backflip","PiercingWail","Concentrate+1"],"relics":["Ring of the Snake","InkBottle","PreservedInsect","Question Card","Prayer Wheel","Philosopher\u0027s Stone","Regal Pillow"],"acts_visited":["Exordium","TheCity"],"potions_floor_usage":[6,8,8,8,13,16,16,20,22,23],"damage_taken":[{"damage":0.0,"enemies":"2 Louse","floor":1.0,"turns":2.0},{"damage":0.0,"enemies":"Small Slimes","floor":3.0,"turns":2.0},{"damage":1.0,"enemies":"Cultist","floor":4.0,"turns":4.0},{"damage":6,"enemies":"Lagavulin","floor":6,"turns":5},{"damage":6,"enemies":"3 Louse","floor":7,"turns":3},{"damage":4,"enemies":"Gremlin Nob","floor":8,"turns":3},{"damage":1,"enemies":"Looter","floor":12,"turns":2},{"damage":9,"enemies":"3 Sentries","floor":13,"turns":8},{"damage":3,"enemies":"Large Slime","floor":14,"turns":4},{"damage":4,"enemies":"Hexaghost","floor":16,"turns":7},{"damage":1,"enemies":"Chosen","floor":18,"turns":3},{"damage":17,"enemies":"2 Thieves","floor":20,"turns":4},{"damage":11,"enemies":"Chosen and Byrds","floor":22,"turns":4},{"damage":16,"enemies":"Book of Stabbing","floor":23,"turns":5},{"damage":13,"enemies":"Snake Plant","floor":24,"turns":3}],"seed_played":"104335924811532073","potions_obtained":[{"floor":3.0,"key":"Explosive Potion"},{"floor":6,"key":"EntropicBrew"},{"floor":7,"key":"SkillPotion"},{"floor":8,"key":"SpeedPotion"},{"floor":14,"key":"GamblersBrew"},{"floor":16,"key":"PowerPotion"},{"floor":18,"key":"LiquidBronze"},{"floor":22,"key":"Weak Potion"}],"is_trial":false,"path_per_floor":["M","?","M","M","?","E","M","E","T","$","?","M","E","M","R","B",null,"M","?","M","?","M","E","M"],"character_chosen":"THE_SILENT","items_purchased":["Poisoned Stab"],"campfire_rested":0,"item_purchase_floors":[10],"current_hp_per_floor":[70,70,70,69,55,49,43,39,39,39,39,38,29,26,26,22,70,69,69,52,52,41,25,12,12],"gold":290,"neow_bonus":"ONE_RANDOM_RARE_CARD","is_daily":false,"chose_seed":false,"campfire_upgraded":1,"win_rate":0.0,"timestamp":1612985764,"path_taken":["M","?","M","M","?","E","M","E","T","$","?","M","E","?","R","BOSS","M","?","M","?","M","E","M"],"items_purchased_type":["Card"],"build_version":"2020-12-22","purchased_purges":1,"victory":false,"max_hp_per_floor":[70,70,70,70,70,70,70,70,70,70,70,70,70,70,70,70,70,70,70,70,70,70,70,70,70],"card_choices":[{"not_picked":["Bane","Dash"],"picked":"Deadly Poison","floor":1.0},{"not_picked":["Cloak And Dagger","Bane"],"picked":"Catalyst","floor":3.0},{"not_picked":["Terror","Caltrops","Well Laid Plans"],"picked":"SKIP","floor":4.0},{"not_picked":["Tactician","Dagger Spray"],"picked":"Dash","floor":6},{"not_picked":["Doppelganger","Endless Agony"],"picked":"Dagger Throw","floor":7},{"not_picked":["Quick Slash","Calculated Gamble"],"picked":"Prepared","floor":8},{"not_picked":["Dagger Throw","Flechettes","Outmaneuver"],"picked":"Poisoned Stab","floor":12},{"not_picked":["Slice","Deflect","Acrobatics"],"picked":"Corpse Explosion","floor":13},{"not_picked":["Tactician","Prepared","Sucker Punch"],"picked":"Deadly Poison","floor":14},{"not_picked":["Sucker Punch","Masterful Stab","Terror"],"picked":"Acrobatics","floor":14},{"not_picked":["After Image","Storm of Steel","Unload"],"picked":"Envenom","floor":16},{"not_picked":["Slice","Prepared","Heel Hook"],"picked":"Deadly Poison","floor":18},{"not_picked":["Deadly Poison","Bane","Dagger Spray"],"picked":"Crippling Poison","floor":18},{"not_picked":["Setup+1","Deflect","Cloak And Dagger","Underhanded Strike"],"picked":"SKIP","floor":20},{"not_picked":["Dagger Throw","Dagger Spray","Terror+1","Skewer+1"],"picked":"SKIP","floor":20},{"not_picked":["Prepared","Accuracy","Flechettes"],"picked":"PiercingWail","floor":22},{"not_picked":["Outmaneuver","Dagger Throw","Blur","Dagger Spray"],"picked":"SKIP","floor":22},{"not_picked":["Eviscerate","Flying Knee","Slice"],"picked":"Concentrate+1","floor":23}],"player_experience":170279,"relics_obtained":[{"floor":6,"key":"InkBottle"},{"floor":8,"key":"PreservedInsect"},{"floor":9,"key":"Question Card"},{"floor":13,"key":"Prayer Wheel"},{"floor":23,"key":"Regal Pillow"}],"event_choices":[{"cards_removed":["Strike_G"],"damage_healed":0.0,"max_hp_gain":0.0,"max_hp_loss":0.0,"gold_gain":0.0,"event_name":"The Cleric","player_choice":"Card Removal","floor":2.0,"gold_loss":50.0,"damage_taken":0.0},{"damage_healed":0.0,"max_hp_gain":0.0,"max_hp_loss":0.0,"gold_gain":0.0,"event_name":"Shining Light","player_choice":"Entered Light","floor":5.0,"gold_loss":0.0,"damage_taken":14.0,"cards_upgraded":["Neutralize","Strike_G"]},{"damage_healed":0,"gold_gain":100,"player_choice":"Pray","damage_taken":0,"max_hp_gain":0,"max_hp_loss":0,"event_name":"Golden Shrine","floor":11,"gold_loss":0},{"damage_healed":0,"gold_gain":0,"player_choice":"Read","damage_taken":0,"max_hp_gain":0,"max_hp_loss":0,"event_name":"The Library","floor":19,"gold_loss":0,"cards_obtained":["Backflip"]},{"cards_removed":["Strike_G"],"damage_healed":0,"gold_gain":0,"player_choice":"Gave Gold","damage_taken":0,"max_hp_gain":0,"max_hp_loss":0,"event_name":"Beggar","floor":21,"gold_loss":75}],"is_beta":false,"boss_relics":[{"not_picked":["Runic Dome","Ring of the Serpent"],"picked":"Philosopher\u0027s Stone"}],"items_purged_floors":[10],"is_endless":false,"potions_floor_spawned":[3,6,7,8,12,14,16,18,22],"killed_by":"Snake Plant","ascension_level":2}}