{"host":"zgbhbccg3hs73yp6","time":1612941524,"event":{"mods":["ATMod(°¢èªMod)","AchievementEnabler","BaseMod","Colored Powertips","Minty Spire (QoL Compilation)","StSLib","The Bug Knight","The Servant 0.9.4"],"gold_per_floor":[210,141,151,171,187,219,219,232,257,274,290,320,209,238,238,335,335,347,347,360,360,360,393,393,428,466,176,189,207,183,183,183,288,288,307,318,318,337,350,377,429,456,456,472,491,491,524,524,524,524,524,524,15,41,41],"floor_reached":56,"language":"ZHS","playtime":2955,"items_purged":["Strike_R","Strike_R+1"],"score":1894,"play_id":"a53000c3-8e49-465f-a17e-e1afb71c3044","local_time":"20210210151844","is_ascension_mode":true,"campfire_choices":[{"data":"AT_ShrugMaster","floor":7,"key":"SMITH"},{"data":"AT_BodySlamDance","floor":15,"key":"SMITH"},{"floor":32,"key":"RECALL"},{"data":"Spot Weakness","floor":49,"key":"SMITH"},{"floor":52,"key":"REST"}],"circlet_count":0,"master_deck":["Strike_R+1","Strike_R+1","Strike_R+1","Defend_R+1","Defend_R+1","Defend_R+1","Defend_R+1","Bash+1","AT_EmpoweredMortalDraw+1","AT_ShrugMaster+1","AT_ShrugMaster+1","Wild Strike+1","Iron Wave+1","AT_BodySlamDance+1","AT_BodySlamDance+1","Rage+1","AT_ShrugMaster+1","Spot Weakness+1","Shockwave+1","AT_IchimonjiDouble+1","Demon Form+1","Burning Pact+1","Iron Wave+1","Necronomicurse","Iron Wave+1","AT_BodySlamDance+1","AT_ManFootWork+1","AT_ShrugMaster+1","AT_BodySlamDance+1","Barricade+1","Sword Boomerang+1","Sword Boomerang+1","AT_IchimonjiDouble+1","Spot Weakness+1","Berserk+1","Sword Boomerang+1","Thunderclap+1","Twin Strike+1","Entrench+1","Spot Weakness+1","Shrug It Off+1","Headbutt+1"],"relics":["Burning Blood","AT_ATBox","AT_SunfireAegis","Happy Flower","Potion Belt","Black Star","Necronomicon","Red Skull","Anchor","Letter Opener","White Beast Statue","MawBank","Dream Catcher","AT_EbonyIvory","Pen Nib","AT_TrinityForce","AT_Kusabimaru","AT_ChloranthyRing","Torii","Calipers","Strawberry","AT_RedTearstoneRing","Mark of the Bloom","War Paint","AT_BellDemon","ClockworkSouvenir","Kunai","Bottled Flame","Mercury Hourglass"],"acts_visited":["Exordium","TheCity","TheBeyond","TheEnding"],"potions_floor_usage":[4,5,5,11,12,14,20,33,36,38,38,40,42,44,45,47,47,47,50,54,55,55],"damage_taken":[{"damage":1,"enemies":"Cultist","floor":1,"turns":4},{"damage":8,"enemies":"2 Louse","floor":3,"turns":2},{"damage":8,"enemies":"Small Slimes","floor":4,"turns":2},{"damage":8,"enemies":"3 Louse","floor":5,"turns":2},{"damage":7,"enemies":"3 Sentries","floor":6,"turns":4},{"damage":3,"enemies":"Blue Slaver","floor":8,"turns":3},{"damage":18,"enemies":"Large Slime","floor":10,"turns":3},{"damage":9,"enemies":"2 Fungi Beasts","floor":11,"turns":2},{"damage":0,"enemies":"HollowMod:MossKnight","floor":12,"turns":4},{"damage":2,"enemies":"Lagavulin","floor":14,"turns":5},{"damage":0,"enemies":"Slime Boss","floor":16,"turns":3},{"damage":12,"enemies":"Chosen","floor":18,"turns":3},{"damage":0,"enemies":"3 Byrds","floor":20,"turns":3},{"damage":0,"enemies":"HollowMod:Nosk","floor":23,"turns":4},{"damage":24,"enemies":"Slavers","floor":25,"turns":4},{"damage":0,"enemies":"Shelled Parasite and Fungi","floor":28,"turns":3},{"damage":0,"enemies":"Snecko","floor":29,"turns":3},{"damage":0,"enemies":"Automaton","floor":33,"turns":5},{"damage":4,"enemies":"3 Shapes","floor":35,"turns":2},{"damage":0,"enemies":"Orb Walker","floor":36,"turns":2},{"damage":9,"enemies":"Writhing Mass","floor":38,"turns":3},{"damage":0,"enemies":"3 Darklings","floor":39,"turns":2},{"damage":3,"enemies":"Nemesis","floor":40,"turns":5},{"damage":6,"enemies":"2 Orb Walkers","floor":41,"turns":2},{"damage":0,"enemies":"HollowMod:StalkingDevout","floor":42,"turns":4},{"damage":0,"enemies":"Maw","floor":44,"turns":3},{"damage":0,"enemies":"Transient","floor":45,"turns":5},{"damage":0,"enemies":"Giant Head","floor":47,"turns":2},{"damage":1,"enemies":"Time Eater","floor":50,"turns":3},{"damage":13,"enemies":"Shield and Spear","floor":54,"turns":2},{"damage":0,"enemies":"The Heart","floor":55,"turns":4}],"seed_played":"-5279441164741609240","potions_obtained":[{"floor":1,"key":"DistilledChaos"},{"floor":4,"key":"EntropicBrew"},{"floor":10,"key":"ColorlessPotion"},{"floor":11,"key":"BloodPotion"},{"floor":12,"key":"Explosive Potion"},{"floor":18,"key":"BloodPotion"},{"floor":25,"key":"HeartOfIron"},{"floor":28,"key":"PowerPotion"},{"floor":29,"key":"BloodPotion"},{"floor":33,"key":"AttackPotion"},{"floor":35,"key":"Fire Potion"},{"floor":36,"key":"EssenceOfSteel"},{"floor":38,"key":"FearPotion"},{"floor":39,"key":"SteroidPotion"},{"floor":40,"key":"Fruit Juice"},{"floor":41,"key":"Strength Potion"},{"floor":42,"key":"DistilledChaos"},{"floor":44,"key":"Fire Potion"},{"floor":45,"key":"BloodPotion"},{"floor":47,"key":"SpeedPotion"},{"floor":54,"key":"Explosive Potion"}],"is_trial":false,"path_per_floor":["M","$","M","M","M","E","R","M","T","M","M","E","$","E","R","B",null,"M","?","M","?","?","E","?","E","T","$","M","M","$","?","R","B",null,"M","M","$","M","M","E","?","E","T","M","M","?","E","?","R","B",null,"R","$","E","B",null],"character_chosen":"IRONCLAD","items_purchased":["AT_ShrugMaster","Shockwave","AT_EbonyIvory","Pen Nib","AT_BodySlamDance","ClockworkSouvenir","Kunai"],"campfire_rested":1,"item_purchase_floors":[2,13,27,27,30,53,53],"current_hp_per_floor":[80,80,78,76,74,73,73,76,76,64,77,80,80,80,80,80,80,74,74,80,80,64,70,70,52,52,52,58,64,64,64,64,70,80,80,80,80,77,80,85,85,92,92,92,92,92,92,92,92,91,91,91,91,78,78],"gold":41,"neow_bonus":"HUNDRED_GOLD","is_daily":false,"chose_seed":false,"campfire_upgraded":3,"win_rate":0.0,"timestamp":1612941524,"path_taken":["M","$","M","M","M","E","R","?","T","?","M","E","?","E","R","BOSS","M","?","?","?","?","E","?","E","T","$","M","M","?","?","R","BOSS","M","M","$","M","M","E","?","E","T","M","M","?","E","?","R","BOSS","R","$","E","BOSS"],"items_purchased_type":["Card","Card","Relic","Relic","Card","Relic","Relic"],"build_version":"2020-12-22","purchased_purges":2,"victory":true,"max_hp_per_floor":[80,80,80,80,80,80,80,80,80,80,80,80,80,80,80,80,80,80,80,80,80,80,80,80,80,80,80,80,80,80,80,80,80,80,80,80,80,80,80,85,85,92,92,92,92,92,92,92,92,92,92,92,92,92,92],"card_choices":[{"not_picked":["Armaments","Flex"],"picked":"AT_ShrugMaster","floor":1},{"not_picked":["Rage","Armaments"],"picked":"Wild Strike","floor":3},{"not_picked":["Dual Wield","Seeing Red"],"picked":"Iron Wave","floor":4},{"not_picked":["Thunderclap","Body Slam"],"picked":"AT_BodySlamDance","floor":5},{"not_picked":["Searing Blow","Rampage"],"picked":"AT_BodySlamDance","floor":6},{"not_picked":["Sever Soul","Feel No Pain"],"picked":"Rage","floor":8},{"not_picked":["Havoc","Heavy Blade"],"picked":"Anger","floor":10},{"not_picked":["Immolate","Perfected Strike"],"picked":"AT_ShrugMaster","floor":11},{"not_picked":["Body Slam","Cleave"],"picked":"Spot Weakness","floor":12},{"not_picked":["Power Through","Heavy Blade"],"picked":"AT_IchimonjiDouble","floor":14},{"not_picked":["Juggernaut","Reaper"],"picked":"Demon Form","floor":16},{"not_picked":["Sword Boomerang","Havoc+1"],"picked":"Burning Pact","floor":18},{"not_picked":["Thunderclap","Ghostly Armor"],"picked":"Iron Wave+1","floor":20},{"not_picked":["Clash+1","Twin Strike"],"picked":"Iron Wave","floor":23},{"not_picked":["Headbutt","Cleave"],"picked":"AT_BodySlamDance","floor":25},{"not_picked":["Second Wind","Metallicize"],"picked":"AT_ManFootWork","floor":28},{"not_picked":["Pommel Strike","Perfected Strike"],"picked":"AT_ShrugMaster","floor":29},{"not_picked":["Demon Form","Impervious"],"picked":"Barricade","floor":33},{"not_picked":["Burning Pact","Twin Strike"],"picked":"Sword Boomerang","floor":35},{"not_picked":["Power Through","Reckless Charge"],"picked":"Sword Boomerang","floor":36},{"not_picked":["Feed","Carnage"],"picked":"AT_IchimonjiDouble","floor":38},{"not_picked":["Cleave+1","AT_BodySlamDance+1"],"picked":"Spot Weakness","floor":39},{"not_picked":["Dual Wield+1","Wild Strike"],"picked":"Berserk","floor":40},{"not_picked":["Perfected Strike","Clash+1"],"picked":"Sword Boomerang","floor":41},{"not_picked":["Wild Strike+1","Combust"],"picked":"Thunderclap+1","floor":42},{"not_picked":["Hemokinesis+1","AT_DrawKnifeCut"],"picked":"Twin Strike+1","floor":44},{"not_picked":["Clash","Flex"],"picked":"Entrench","floor":45},{"not_picked":["Flex","Dual Wield+1"],"picked":"Spot Weakness","floor":47},{"not_picked":["Barricade","Warcry"],"picked":"Shrug It Off+1","floor":52},{"not_picked":["Clash+1","Shrug It Off"],"picked":"Headbutt+1","floor":54}],"player_experience":66275,"relics_obtained":[{"floor":6,"key":"AT_SunfireAegis"},{"floor":12,"key":"Happy Flower"},{"floor":14,"key":"Potion Belt"},{"floor":22,"key":"Necronomicon"},{"floor":23,"key":"Red Skull"},{"floor":23,"key":"Anchor"},{"floor":25,"key":"White Beast Statue"},{"floor":25,"key":"MawBank"},{"floor":26,"key":"Dream Catcher"},{"floor":40,"key":"AT_Kusabimaru"},{"floor":40,"key":"AT_ChloranthyRing"},{"floor":41,"key":"Torii"},{"floor":42,"key":"Calipers"},{"floor":42,"key":"Strawberry"},{"floor":43,"key":"AT_RedTearstoneRing"},{"floor":47,"key":"War Paint"},{"floor":47,"key":"AT_BellDemon"},{"floor":54,"key":"Bottled Flame"},{"floor":54,"key":"Mercury Hourglass"}],"event_choices":[{"damage_healed":0,"gold_gain":0,"player_choice":"Upgraded","damage_taken":0,"max_hp_gain":0,"max_hp_loss":0,"event_name":"Upgrade Shrine","floor":19,"gold_loss":0,"cards_upgraded":["AT_ShrugMaster"]},{"damage_healed":0,"gold_gain":0,"player_choice":"Simplicity","damage_taken":0,"max_hp_gain":0,"max_hp_loss":0,"event_name":"Back to Basics","floor":21,"gold_loss":0,"cards_upgraded":["Strike_R","Strike_R","Strike_R","Strike_R","Defend_R","Defend_R","Defend_R","Defend_R"]},{"damage_healed":0,"gold_gain":0,"player_choice":"Obtained Book","damage_taken":16,"max_hp_gain":0,"max_hp_loss":0,"event_name":"Cursed Tome","floor":22,"gold_loss":0},{"damage_healed":0,"gold_gain":0,"player_choice":"Opened","damage_taken":0,"relics_obtained":["Letter Opener"],"max_hp_gain":0,"max_hp_loss":0,"event_name":"The Mausoleum","floor":24,"gold_loss":0},{"damage_healed":0,"gold_gain":0,"player_choice":"Ignored","damage_taken":0,"max_hp_gain":0,"max_hp_loss":0,"event_name":"Vampires","floor":31,"gold_loss":0},{"damage_healed":0,"gold_gain":0,"player_choice":"Fight","damage_taken":0,"max_hp_gain":0,"max_hp_loss":0,"event_name":"Mysterious Sphere","floor":41,"gold_loss":0},{"damage_healed":0,"gold_gain":0,"player_choice":"Upgrade","damage_taken":0,"relics_obtained":["Mark of the Bloom"],"max_hp_gain":0,"max_hp_loss":0,"event_name":"MindBloom","floor":46,"gold_loss":0,"cards_upgraded":["Bash","AT_EmpoweredMortalDraw","AT_ShrugMaster","Wild Strike","Iron Wave","AT_BodySlamDance","Rage","Anger","Spot Weakness","Shockwave","AT_IchimonjiDouble","Demon Form","Burning Pact","Iron Wave","AT_BodySlamDance","AT_ManFootWork","AT_ShrugMaster","AT_BodySlamDance","Barricade","Sword Boomerang","Sword Boomerang","AT_IchimonjiDouble","Spot Weakness","Berserk","Sword Boomerang","Entrench"]},{"cards_removed":["Anger"],"damage_healed":0,"gold_gain":0,"player_choice":"Removed Attack","damage_taken":0,"max_hp_gain":0,"max_hp_loss":0,"event_name":"Falling","floor":48,"gold_loss":0}],"is_beta":false,"boss_relics":[{"not_picked":["Runic Pyramid","Sozu"],"picked":"Black Star"},{"not_picked":["Philosopher\u0027s Stone","Astrolabe"],"picked":"AT_TrinityForce"}],"items_purged_floors":[13,53],"is_endless":false,"potions_floor_spawned":[1,4,10,11,12,18,25,28,29,33,35,36,38,39,40,41,42,44,45,47,54],"ascension_level":3}}