{"host":"phy652c7lim9lcu2","time":1612951428,"event":{"mods":["BaseMod","Colored Powertips","Downfall","Googly Eyes","Hubris","Minty Spire (QoL Compilation)","Relic Stats","Spicy Shops","StSLib","everything is the same but u backflip on backflip"],"gold_per_floor":[114,124,142,152,152,182,192,222,274,30,46,71,82,98,98,194,194,212,212,225,236,255,272,289,0,0,0,19,44,59,69,69,69,69],"floor_reached":33,"language":"ENG","playtime":1130,"items_purged":["Strike_R"],"score":599,"play_id":"a59b760d-cb22-401e-acf4-e12043c1378d","local_time":"20210210200348","is_ascension_mode":true,"campfire_choices":[{"data":"Apotheosis","floor":15.0,"key":"SMITH"},{"data":"Pommel Strike","floor":32,"key":"SMITH"}],"circlet_count":0,"master_deck":["AscendersBane","Strike_R","Strike_R","Strike_R","Defend_R","Defend_R","Defend_R+1","Defend_R+1","Bash","Twin Strike","Metallicize","Pommel Strike+1","Apotheosis+1","Whirlwind","Spot Weakness","Twin Strike","Reaper","hubris:CleavingFinish+1","Exhume","Cleave+1","Flex"],"relics":["Burning Blood","War Paint","NlothsMask","Akabeko","Happy Flower","Sundial","hubris:VirtuousBlindfold","hubris:GlazedTorus","Art of War","Kunai"],"acts_visited":["Exordium","TheCity"],"potions_floor_usage":[16,16,31,33,33],"damage_taken":[{"damage":6.0,"enemies":"Cultist","floor":1.0,"turns":4.0},{"damage":4.0,"enemies":"Jaw Worm","floor":2.0,"turns":4.0},{"damage":3.0,"enemies":"2 Louse","floor":3.0,"turns":3.0},{"damage":6.0,"enemies":"Large Slime","floor":4.0,"turns":5.0},{"damage":35.0,"enemies":"Gremlin Nob","floor":6.0,"turns":5.0},{"damage":17.0,"enemies":"Gremlin Gang","floor":7.0,"turns":7.0},{"damage":13.0,"enemies":"Lagavulin","floor":8.0,"turns":6.0},{"damage":4.0,"enemies":"Exordium Thugs","floor":11.0,"turns":5.0},{"damage":12.0,"enemies":"Gremlin Nob","floor":12.0,"turns":6.0},{"damage":0.0,"enemies":"3 Louse","floor":13.0,"turns":2.0},{"damage":6.0,"enemies":"Looter","floor":14.0,"turns":3.0},{"damage":30,"enemies":"Slime Boss","floor":16,"turns":7},{"damage":8,"enemies":"Spheric Guardian","floor":18,"turns":3},{"damage":19,"enemies":"Shell Parasite","floor":20,"turns":4},{"damage":19,"enemies":"Snecko","floor":21,"turns":4},{"damage":20,"enemies":"Chosen and Byrds","floor":22,"turns":4},{"damage":18,"enemies":"3 Cultists","floor":23,"turns":4},{"damage":25,"enemies":"Centurion and Healer","floor":24,"turns":3},{"damage":15,"enemies":"Snake Plant","floor":28,"turns":4},{"damage":48,"enemies":"Slavers","floor":29,"turns":5},{"damage":24,"enemies":"Shelled Parasite and Fungi","floor":30,"turns":4},{"damage":12,"enemies":"Cultist and Chosen","floor":31,"turns":4},{"damage":58,"enemies":"hubris:MusketHawk","floor":33,"turns":6}],"seed_played":"145812983388100114","potions_obtained":[{"floor":1.0,"key":"DuplicationPotion"},{"floor":3.0,"key":"Strength Potion"},{"floor":7.0,"key":"Weak Potion"},{"floor":11.0,"key":"PowerPotion"},{"floor":14.0,"key":"DistilledChaos"},{"floor":18,"key":"LiquidMemories"},{"floor":23,"key":"AttackPotion"},{"floor":24,"key":"GamblersBrew"},{"floor":28,"key":"Weak Potion"}],"is_trial":false,"path_per_floor":["M","M","M","M","?","E","M","E","T","$","M","E","M","M","R","B",null,"M","?","M","M","M","M","M","$","T","T","M","E","M","M","R","B"],"character_chosen":"IRONCLAD","items_purchased":["Apotheosis","hubris:GlazedTorus"],"campfire_rested":0,"item_purchase_floors":[10,25],"current_hp_per_floor":[72,74,77,77,77,48,37,30,30,30,32,26,32,32,32,8,62,60,60,55,60,54,77,58,58,58,58,49,41,23,29,29,0,0],"gold":69,"neow_bonus":"RANDOM_COMMON_RELIC","is_daily":false,"chose_seed":false,"campfire_upgraded":2,"win_rate":0.0,"timestamp":1612951428,"path_taken":["M","M","M","M","?","E","M","E","T","?","M","E","M","M","R","BOSS","M","?","M","?","M","M","M","$","T","?","M","E","M","M","R","BOSS"],"items_purchased_type":["Card","Relic"],"build_version":"2020-12-22","purchased_purges":1,"victory":false,"max_hp_per_floor":[80,80,80,80,80,80,80,80,80,80,80,80,80,80,80,80,80,80,80,80,80,80,80,80,80,80,80,80,80,80,80,80,80,80],"relic_stats":{"Happy Flower":[22],"counters":[23,102],"Sundial":[6],"Art of War":[0],"Kunai":[7],"War Paint":["Defend_R","Defend_R"],"obtain_stats":[{"Happy Flower":8,"Sundial":12,"hubris:VirtuousBlindfold":17,"Art of War":27,"Kunai":29,"War Paint":0,"Burning Blood":0,"Akabeko":6,"NlothsMask":5,"hubris:GlazedTorus":25},{"Happy Flower":7,"Sundial":9,"hubris:VirtuousBlindfold":12,"Art of War":18,"Kunai":20,"War Paint":0,"Burning Blood":0,"Akabeko":5,"NlothsMask":4,"hubris:GlazedTorus":18},{"Happy Flower":34,"Sundial":45,"hubris:VirtuousBlindfold":57,"Art of War":79,"Kunai":88,"War Paint":0,"Burning Blood":0,"Akabeko":21,"NlothsMask":16,"hubris:GlazedTorus":79}],"Burning Blood":132},"card_choices":[{"not_picked":["Combust","Evolve","True Grit"],"picked":"SKIP","floor":1.0},{"not_picked":["hubris:CleavingFinish","Clash","Ghostly Armor"],"picked":"SKIP","floor":2.0},{"not_picked":["hubris:ReadiedAction","Dropkick"],"picked":"Twin Strike","floor":3.0},{"not_picked":["Wild Strike","Dark Embrace","Second Wind"],"picked":"SKIP","floor":4.0},{"not_picked":["hubris:ReadiedAction","Burning Pact"],"picked":"Metallicize","floor":6.0},{"not_picked":["Clash","Ghostly Armor"],"picked":"Pommel Strike","floor":7.0},{"not_picked":["Heavy Blade","Twin Strike","Perfected Strike"],"picked":"SKIP","floor":8.0},{"not_picked":["Iron Wave","Sword Boomerang"],"picked":"Whirlwind","floor":11.0},{"not_picked":["Uppercut","Wild Strike","Feel No Pain"],"picked":"SKIP","floor":12.0},{"not_picked":["Dropkick","Thunderclap"],"picked":"Spot Weakness","floor":13.0},{"not_picked":["Wild Strike","Intimidate"],"picked":"Twin Strike","floor":14.0},{"not_picked":["Bludgeon","Exhume"],"picked":"Reaper","floor":16},{"not_picked":["Sentinel","Headbutt"],"picked":"hubris:CleavingFinish+1","floor":18},{"not_picked":["Sword Boomerang","hubris:ReadiedAction"],"picked":"Cleave+1","floor":20},{"not_picked":["Pommel Strike","Iron Wave","Clothesline"],"picked":"SKIP","floor":21},{"not_picked":["Uppercut","Immolate","Perfected Strike+1"],"picked":"SKIP","floor":22},{"not_picked":["Thunderclap","Clash","Dropkick"],"picked":"SKIP","floor":23},{"not_picked":["Clash","Body Slam","Perfected Strike+1"],"picked":"SKIP","floor":24},{"not_picked":["Armaments","Intimidate","Iron Wave+1"],"picked":"SKIP","floor":28},{"not_picked":["Headbutt+1","Flame Barrier","Body Slam+1"],"picked":"SKIP","floor":29},{"not_picked":["Iron Wave","Entrench+1","Sword Boomerang+1"],"picked":"SKIP","floor":30},{"not_picked":["Shockwave","Headbutt"],"picked":"Flex","floor":31}],"player_experience":317855,"relics_obtained":[{"floor":6.0,"key":"Akabeko"},{"floor":8.0,"key":"Happy Flower"},{"floor":12.0,"key":"Sundial"},{"floor":27,"key":"Art of War"},{"floor":29,"key":"Kunai"}],"event_choices":[{"damage_healed":0.0,"max_hp_gain":0.0,"max_hp_loss":0.0,"gold_gain":0.0,"event_name":"FaceTrader","player_choice":"Trade","floor":5.0,"gold_loss":0.0,"damage_taken":0.0,"relics_obtained":["NlothsMask"]},{"damage_healed":0,"gold_gain":0,"cards_transformed":["Strike_R"],"player_choice":"Transformed","damage_taken":0,"max_hp_gain":0,"max_hp_loss":0,"event_name":"Transmorgrifier","floor":19,"gold_loss":0,"cards_obtained":["Exhume"]}],"is_beta":false,"boss_relics":[{"not_picked":["hubris:TerracottaHorce","Mark of Pain"],"picked":"hubris:VirtuousBlindfold"}],"items_purged_floors":[10],"is_endless":false,"potions_floor_spawned":[1,3,7,11,14,18,23,24,28,29],"killed_by":"hubris:MusketHawk","ascension_level":10}}