{"host":"k7udt7atmcuzf6l0","time":1612922478,"event":{"mods":["AchievementEnabler","BaseMod","BetterRewards","Colored Map","Colored Powertips","Highlight Path","Minty Spire (QoL Compilation)","Quick Restart","Rare Cards Sparkle","Relic Stats","StSLib","UnlockEverythingMod"],"gold_per_floor":[14,27,27,40,54,80,80,152,179,454,474,90,90,108,108,237,237,256,10,10,48,87,121,121,169,169,169,218,253,278,278,278,419,419,455,476,492,47,47,47,47,83,109,109,145,164,184,223,223,223],"floor_reached":51,"language":"ZHS","playtime":2177,"items_purged":["Regret"],"score":828,"play_id":"88a23b5a-c3a6-4ab1-a536-f80795564b89","local_time":"20210210100118","is_ascension_mode":false,"campfire_choices":[{"data":"Mayhem","floor":7.0,"key":"SMITH"},{"data":"Flex","floor":15.0,"key":"SMITH"},{"data":"Armaments","floor":24.0,"key":"SMITH"},{"floor":32.0,"key":"DIG"},{"floor":41.0,"key":"REST"},{"floor":49,"key":"DIG"}],"circlet_count":0,"master_deck":["Strike_R","Strike_R","Strike_R","Strike_R","Strike_R","Defend_R","Defend_R+1","Defend_R","Defend_R+1","Bash","Mayhem+1","Pummel","Clash","Spot Weakness","Warcry","Dual Wield","Armaments+1","Mayhem+1","Immolate","Flex+1","Reaper","Spot Weakness+1","HandOfGreed","Inflame","Warcry+1","Clothesline+1","Limit Break+1","Sword Boomerang+1","Whirlwind+1","Heavy Blade+1","Chrysalis","Entrench+1","Doubt","Thunderclap+1","True Grit+1","Entrench+1"],"relics":["Burning Blood","War Paint","Happy Flower","DollysMirror","Golden Idol","Runic Pyramid","Oddly Smooth Stone","Shovel","Gremlin Horn","Black Star","HandDrill","Incense Burner","Ginger","Lantern","Nunchaku","Pocketwatch","Gambling Chip"],"acts_visited":["Exordium","TheCity","TheBeyond"],"potions_floor_usage":[48,50,50],"damage_taken":[{"damage":8.0,"enemies":"Cultist","floor":1.0,"turns":5.0},{"damage":1.0,"enemies":"Jaw Worm","floor":2.0,"turns":5.0},{"damage":1.0,"enemies":"2 Louse","floor":4.0,"turns":3.0},{"damage":13.0,"enemies":"2 Fungi Beasts","floor":5.0,"turns":3.0},{"damage":25.0,"enemies":"Gremlin Nob","floor":6.0,"turns":4.0},{"damage":6.0,"enemies":"Lots of Slimes","floor":11.0,"turns":3.0},{"damage":2.0,"enemies":"Looter","floor":14.0,"turns":3.0},{"damage":24.0,"enemies":"The Guardian","floor":16.0,"turns":6.0},{"damage":16.0,"enemies":"3 Byrds","floor":18.0,"turns":3.0},{"damage":5.0,"enemies":"Spheric Guardian","floor":21.0,"turns":3.0},{"damage":33.0,"enemies":"Snake Plant","floor":22.0,"turns":6.0},{"damage":12.0,"enemies":"Book of Stabbing","floor":23.0,"turns":2.0},{"damage":38.0,"enemies":"Shelled Parasite and Fungi","floor":25.0,"turns":6.0},{"damage":12.0,"enemies":"Gremlin Leader","floor":27.0,"turns":5.0},{"damage":14.0,"enemies":"Cultist and Chosen","floor":28.0,"turns":5.0},{"damage":20.0,"enemies":"Centurion and Healer","floor":29.0,"turns":5.0},{"damage":15.0,"enemies":"Shelled Parasite and Fungi","floor":30.0,"turns":3.0},{"damage":44.0,"enemies":"Collector","floor":33.0,"turns":6.0},{"damage":0.0,"enemies":"3 Shapes","floor":35.0,"turns":6.0},{"damage":24.0,"enemies":"3 Darklings","floor":36.0,"turns":4.0},{"damage":77.0,"enemies":"Writhing Mass","floor":37.0,"turns":6.0},{"damage":42.0,"enemies":"Nemesis","floor":42.0,"turns":5.0},{"damage":7.0,"enemies":"Jaw Worm Horde","floor":45.0,"turns":4.0},{"damage":5.0,"enemies":"Transient","floor":46.0,"turns":5.0},{"damage":24,"enemies":"Spire Growth","floor":47,"turns":3},{"damage":27,"enemies":"Giant Head","floor":48,"turns":7},{"damage":62,"enemies":"Donu and Deca","floor":50,"turns":5}],"seed_played":"4593219494852929571","potions_obtained":[{"floor":5.0,"key":"DuplicationPotion"},{"floor":6.0,"key":"Energy Potion"},{"floor":14.0,"key":"SteroidPotion"},{"floor":18.0,"key":"AttackPotion"},{"floor":21.0,"key":"SmokeBomb"},{"floor":22.0,"key":"SteroidPotion"},{"floor":28.0,"key":"SpeedPotion"},{"floor":35.0,"key":"BloodPotion"},{"floor":37.0,"key":"DuplicationPotion"},{"floor":46.0,"key":"Ancient Potion"},{"floor":48,"key":"DuplicationPotion"}],"is_trial":false,"path_per_floor":["M","M","$","M","M","E","R","?","T","?","M","$","?","M","R","B",null,"M","$","?","M","M","E","R","M","T","E","M","M","M","?","R","B",null,"M","M","M","$","$","?","R","E","T","?","M","M","M","E","R","B",null],"character_chosen":"IRONCLAD","items_purchased":["DollysMirror","Immolate","HandOfGreed","Inflame","HandDrill","Chrysalis","Weak Potion","Weak Potion"],"campfire_rested":1,"item_purchase_floors":[12,12,19,19,38,38,38,38],"current_hp_per_floor":[78,80,80,80,73,54,54,54,54,54,54,54,54,58,58,40,74,64,64,64,65,49,43,43,16,16,43,48,45,36,36,36,34,74,74,74,26,26,26,26,47,19,19,70,70,70,52,70,70,14],"gold":223,"neow_bonus":"RANDOM_COLORLESS_2","is_daily":false,"chose_seed":false,"campfire_upgraded":3,"win_rate":0.0,"timestamp":1612922478,"path_taken":["M","M","$","?","M","E","R","?","T","?","?","?","?","M","R","BOSS","M","$","?","M","M","E","R","M","T","E","M","M","M","?","R","BOSS","M","M","M","?","$","?","R","E","T","?","M","?","M","E","R","BOSS"],"items_purchased_type":["Relic","Card","Card","Card","Relic","Card","Potion","Potion"],"build_version":"2020-12-22","purchased_purges":1,"victory":true,"max_hp_per_floor":[80,80,80,80,80,80,80,80,80,80,80,80,74,74,74,74,74,74,74,74,74,74,74,74,74,74,74,74,74,74,74,74,74,74,74,74,74,74,74,70,70,70,70,70,70,70,70,70,70,70],"relic_stats":{"Happy Flower":[33],"Gremlin Horn":[10,10],"counters":[27,121],"Golden Idol":159,"Ginger":[5],"War Paint":["Defend_R","Defend_R"],"Burning Blood":125,"Nunchaku":[0],"Shovel":2,"Gambling Chip":[0],"Black Star":2,"HandDrill":[14],"obtain_stats":[{"Lantern":43,"Happy Flower":9,"Gremlin Horn":32,"Golden Idol":13,"Oddly Smooth Stone":23,"Incense Burner":42,"Ginger":42,"War Paint":6,"Burning Blood":0,"Nunchaku":48,"Shovel":26,"DollysMirror":12,"Gambling Chip":49,"Black Star":34,"HandDrill":38,"Runic Pyramid":17,"Pocketwatch":48},{"Lantern":22,"Happy Flower":5,"Gremlin Horn":17,"Golden Idol":6,"Oddly Smooth Stone":12,"Incense Burner":22,"Ginger":22,"War Paint":5,"Burning Blood":0,"Nunchaku":26,"Shovel":13,"DollysMirror":6,"Gambling Chip":26,"Black Star":18,"HandDrill":21,"Runic Pyramid":8,"Pocketwatch":26},{"Lantern":97,"Happy Flower":20,"Gremlin Horn":70,"Golden Idol":23,"Oddly Smooth Stone":46,"Incense Burner":97,"Ginger":97,"War Paint":20,"Burning Blood":0,"Nunchaku":116,"Shovel":52,"DollysMirror":23,"Gambling Chip":116,"Black Star":76,"HandDrill":92,"Runic Pyramid":32,"Pocketwatch":116}],"Pocketwatch":[3]},"card_choices":[{"not_picked":["Thinking Ahead","Panache"],"picked":"Mayhem","floor":0.0},{"not_picked":["Heavy Blade","Burning Pact"],"picked":"Pummel","floor":1.0},{"not_picked":["Headbutt","Intimidate"],"picked":"Clash","floor":2.0},{"not_picked":["Shrug It Off","Searing Blow"],"picked":"Spot Weakness","floor":4.0},{"not_picked":["Pommel Strike","Havoc"],"picked":"Warcry","floor":5.0},{"not_picked":["Headbutt","Pommel Strike"],"picked":"Dual Wield","floor":6.0},{"not_picked":["Perfected Strike","Hemokinesis"],"picked":"Armaments","floor":11.0},{"not_picked":["Iron Wave","Twin Strike"],"picked":"Flex","floor":14.0},{"not_picked":["Barricade","Impervious"],"picked":"Reaper","floor":16.0},{"not_picked":["Warcry+1","Cleave+1"],"picked":"Spot Weakness+1","floor":18.0},{"not_picked":["Sever Soul","Body Slam"],"picked":"Warcry+1","floor":21.0},{"not_picked":["Thunderclap","Clash"],"picked":"Clothesline+1","floor":22.0},{"not_picked":["True Grit","Sentinel","Hemokinesis"],"picked":"SKIP","floor":23.0},{"not_picked":["Wild Strike","Combust","Sword Boomerang"],"picked":"SKIP","floor":25.0},{"not_picked":["Clash","Rampage","Wild Strike"],"picked":"SKIP","floor":28.0},{"not_picked":["Clothesline","Metallicize"],"picked":"Limit Break","floor":29.0},{"not_picked":["Armaments","Heavy Blade","Dark Embrace+1"],"picked":"SKIP","floor":30.0},{"not_picked":["Cleave+1","Battle Trance"],"picked":"Sword Boomerang+1","floor":35.0},{"not_picked":["Headbutt+1","Clothesline"],"picked":"Whirlwind+1","floor":36.0},{"not_picked":["Dual Wield","Sword Boomerang"],"picked":"Heavy Blade+1","floor":37.0},{"not_picked":["Perfected Strike","Spot Weakness"],"picked":"Entrench+1","floor":42.0},{"not_picked":["Flex","Metallicize"],"picked":"Thunderclap+1","floor":45.0},{"not_picked":["Body Slam","Reckless Charge","Sentinel"],"picked":"SKIP","floor":46.0},{"not_picked":["Thunderclap","Whirlwind"],"picked":"True Grit+1","floor":47},{"not_picked":["Inflame","Blood for Blood+1"],"picked":"Entrench+1","floor":48}],"player_experience":81324,"relics_obtained":[{"floor":6.0,"key":"War Paint"},{"floor":9.0,"key":"Happy Flower"},{"floor":23.0,"key":"Oddly Smooth Stone"},{"floor":26.0,"key":"Shovel"},{"floor":32.0,"key":"Gremlin Horn"},{"floor":42.0,"key":"Incense Burner"},{"floor":42.0,"key":"Ginger"},{"floor":43.0,"key":"Lantern"},{"floor":48,"key":"Nunchaku"},{"floor":48,"key":"Pocketwatch"},{"floor":49,"key":"Gambling Chip"}],"event_choices":[{"damage_healed":0.0,"max_hp_gain":0.0,"max_hp_loss":0.0,"gold_gain":72.0,"event_name":"Golden Wing","player_choice":"Gained Gold","floor":8.0,"gold_loss":0.0,"damage_taken":0.0},{"damage_healed":0.0,"max_hp_gain":0.0,"max_hp_loss":0.0,"gold_gain":275.0,"event_name":"Golden Shrine","player_choice":"Desecrate","floor":10.0,"gold_loss":0.0,"damage_taken":0.0,"cards_obtained":["Regret"]},{"damage_healed":0.0,"max_hp_gain":0.0,"max_hp_loss":6.0,"gold_gain":0.0,"event_name":"Golden Idol","player_choice":"Lose Max HP","floor":13.0,"gold_loss":0.0,"damage_taken":0.0,"relics_obtained":["Golden Idol"]},{"damage_healed":0.0,"max_hp_gain":0.0,"max_hp_loss":0.0,"gold_gain":0.0,"event_name":"Vampires","player_choice":"Ignored","floor":20.0,"gold_loss":0.0,"damage_taken":0.0},{"damage_healed":0.0,"max_hp_gain":0.0,"max_hp_loss":0.0,"gold_gain":0.0,"event_name":"Accursed Blacksmith","player_choice":"Forge","floor":31.0,"gold_loss":0.0,"damage_taken":0.0,"cards_upgraded":["Limit Break"]},{"damage_healed":0.0,"max_hp_gain":0.0,"max_hp_loss":4.0,"gold_gain":0.0,"event_name":"Winding Halls","player_choice":"Max HP","floor":40.0,"gold_loss":0.0,"damage_taken":0.0},{"damage_healed":51.0,"max_hp_gain":0.0,"max_hp_loss":0.0,"gold_gain":0.0,"event_name":"MindBloom","player_choice":"Heal","floor":44.0,"gold_loss":0.0,"damage_taken":0.0,"cards_obtained":["Doubt"]}],"is_beta":false,"boss_relics":[{"not_picked":["Velvet Choker","Mark of Pain"],"picked":"Runic Pyramid"},{"not_picked":["Sozu","Runic Cube"],"picked":"Black Star"}],"items_purged_floors":[12],"is_endless":false,"potions_floor_spawned":[5,6,14,18,21,22,28,35,37,46,48],"ascension_level":0}}