{"host":"p9vmbvw2hh2n16dn","time":1612993790,"event":{"mods":["AchievementEnabler","BaseMod","Block Reminder","Minty Spire (QoL Compilation)","Relic Stats","SuperFastMode"],"gold_per_floor":[112,112,132,150,166,193,193,219,243,261,292,292,292,321,321,399,399,410,430,355,368,293,318,318,347,424,449,459,374,374,374,374,450,450,467,467,387,407,8,34,34,53,128,148,182,0,34,53,53,53],"floor_reached":51,"language":"ENG","playtime":1932,"items_purged":["Strike_R","Strike_R"],"score":1554,"play_id":"5924de70-2920-4872-acd3-1f485479928f","local_time":"20210210224950","is_ascension_mode":true,"campfire_choices":[{"floor":7.0,"key":"REST"},{"floor":13.0,"key":"REST"},{"data":"True Grit","floor":15.0,"key":"SMITH"},{"floor":24.0,"key":"REST"},{"data":"Limit Break","floor":30.0,"key":"SMITH"},{"data":"Sword Boomerang","floor":32.0,"key":"SMITH"},{"data":"Pommel Strike","floor":41.0,"key":"SMITH"},{"data":"Dual Wield","floor":49,"key":"SMITH"}],"circlet_count":0,"master_deck":["AscendersBane","Strike_R","Defend_R","Defend_R","Defend_R","Defend_R","Bash+1","Demon Form+1","Pommel Strike+1","Metallicize","Sword Boomerang+1","Twin Strike+1","True Grit+1","Limit Break+1","Shrug It Off+1","Whirlwind","Heavy Blade","Ghostly Armor","Dual Wield+1","Battle Trance","Pommel Strike+1"],"relics":["Burning Blood","Nunchaku","Bag of Preparation","Oddly Smooth Stone","Vajra","Matryoshka","Pen Nib","Mark of Pain","Juzu Bracelet","Meat on the Bone","Red Skull","Letter Opener","PreservedInsect","Ornamental Fan","Strawberry","The Courier","SlaversCollar","Kunai","Orichalcum","Art of War","Question Card","Whetstone","Red Mask","Frozen Egg 2"],"acts_visited":["Exordium","TheCity","TheBeyond"],"potions_floor_usage":[45,50,50],"damage_taken":[{"damage":7.0,"enemies":"Cultist","floor":1.0,"turns":4.0},{"damage":12.0,"enemies":"Jaw Worm","floor":3.0,"turns":3.0},{"damage":8.0,"enemies":"Small Slimes","floor":4.0,"turns":4.0},{"damage":29.0,"enemies":"Blue Slaver","floor":5.0,"turns":5.0},{"damage":35.0,"enemies":"3 Sentries","floor":6.0,"turns":6.0},{"damage":21.0,"enemies":"3 Louse","floor":10.0,"turns":4.0},{"damage":0.0,"enemies":"Lagavulin","floor":11.0,"turns":4.0},{"damage":1.0,"enemies":"Gremlin Nob","floor":14.0,"turns":3.0},{"damage":18.0,"enemies":"Hexaghost","floor":16.0,"turns":7.0},{"damage":19.0,"enemies":"Shell Parasite","floor":18.0,"turns":5.0},{"damage":9.0,"enemies":"3 Byrds","floor":19.0,"turns":5.0},{"damage":6.0,"enemies":"Centurion and Healer","floor":21.0,"turns":6.0},{"damage":23.0,"enemies":"Slavers","floor":23.0,"turns":4.0},{"damage":21.0,"enemies":"Gremlin Leader","floor":25.0,"turns":6.0},{"damage":31.0,"enemies":"Slavers","floor":27.0,"turns":4.0},{"damage":2.0,"enemies":"Sentry and Sphere","floor":28.0,"turns":3.0},{"damage":37.0,"enemies":"Champ","floor":33.0,"turns":7.0},{"damage":15.0,"enemies":"Orb Walker","floor":35.0,"turns":5.0},{"damage":8.0,"enemies":"3 Shapes","floor":38.0,"turns":6.0},{"damage":40.0,"enemies":"Nemesis","floor":40.0,"turns":7.0},{"damage":26.0,"enemies":"Transient","floor":42.0,"turns":6.0},{"damage":26.0,"enemies":"Writhing Mass","floor":44.0,"turns":4.0},{"damage":18,"enemies":"Reptomancer","floor":45,"turns":3},{"damage":0,"enemies":"Nemesis","floor":47,"turns":3},{"damage":10,"enemies":"Spire Growth","floor":48,"turns":4},{"damage":41,"enemies":"Time Eater","floor":50,"turns":8}],"seed_played":"-6783378682505087548","potions_obtained":[{"floor":1.0,"key":"FearPotion"},{"floor":5.0,"key":"Explosive Potion"},{"floor":10.0,"key":"Block Potion"},{"floor":14.0,"key":"Fruit Juice"},{"floor":16.0,"key":"HeartOfIron"},{"floor":18.0,"key":"LiquidBronze"},{"floor":21.0,"key":"BlessingOfTheForge"},{"floor":27.0,"key":"SteroidPotion"},{"floor":33.0,"key":"GamblersBrew"},{"floor":35.0,"key":"Explosive Potion"},{"floor":44.0,"key":"Energy Potion"},{"floor":47,"key":"ColorlessPotion"},{"floor":48,"key":"DuplicationPotion"}],"is_trial":false,"path_per_floor":["M","?","M","M","M","E","R","T","T","M","E","?","R","E","R","B",null,"M","M","?","M","$","E","R","E","T","E","M","?","R","T","R","B",null,"M","?","$","M","$","E","R","M","T","M","E","?","E","M","R","B",null],"character_chosen":"IRONCLAD","items_purchased":["Kunai","Orichalcum","Ghostly Armor"],"campfire_rested":3,"item_purchase_floors":[39,39,39],"current_hp_per_floor":[67,67,61,59,36,7,29,29,29,14,20,9,31,41,41,29,67,54,51,51,51,51,34,58,43,43,30,46,46,46,53,53,34,74,65,65,65,63,63,41,41,33,33,25,25,25,43,51,51,28],"gold":53,"neow_bonus":"ONE_RANDOM_RARE_CARD","is_daily":false,"chose_seed":false,"campfire_upgraded":5,"win_rate":0.0,"timestamp":1612993790,"path_taken":["M","?","M","M","M","E","R","?","T","?","E","?","R","E","R","BOSS","M","M","?","M","$","E","R","E","T","E","M","?","R","?","R","BOSS","M","?","$","M","$","E","R","M","T","M","E","?","E","M","R","BOSS"],"items_purchased_type":["Relic","Relic","Card"],"build_version":"2020-12-22","purchased_purges":2,"victory":true,"max_hp_per_floor":[75,75,75,75,75,75,75,75,75,75,75,75,75,80,80,80,80,80,80,80,80,80,80,80,80,80,80,80,80,80,87,87,87,87,87,87,87,87,87,87,87,87,87,87,87,87,87,87,87,87],"relic_stats":{"counters":[26,126],"Pen Nib":[13],"PreservedInsect":162,"Bag of Preparation":[42],"Juzu Bracelet":0,"Letter Opener":[46],"Whetstone":["Bash","Twin Strike"],"Orichalcum":[48],"Question Card":4,"Burning Blood":156,"Nunchaku":[15],"Ornamental Fan":[32],"Art of War":[6],"Kunai":[4],"obtain_stats":[{"Oddly Smooth Stone":9,"Vajra":11,"Pen Nib":14,"PreservedInsect":27,"The Courier":31,"Bag of Preparation":8,"Juzu Bracelet":23,"Letter Opener":26,"Whetstone":45,"Orichalcum":39,"Frozen Egg 2":47,"Question Card":43,"Burning Blood":0,"SlaversCollar":34,"Nunchaku":6,"Matryoshka":12,"Ornamental Fan":29,"Strawberry":31,"Mark of Pain":17,"Art of War":40,"Red Mask":46,"Kunai":39,"Red Skull":26,"Meat on the Bone":25},{"Oddly Smooth Stone":5,"Vajra":7,"Pen Nib":8,"PreservedInsect":15,"The Courier":16,"Bag of Preparation":5,"Juzu Bracelet":13,"Letter Opener":14,"Whetstone":23,"Orichalcum":19,"Frozen Egg 2":24,"Question Card":21,"Burning Blood":0,"SlaversCollar":17,"Nunchaku":5,"Matryoshka":7,"Ornamental Fan":16,"Strawberry":16,"Mark of Pain":9,"Art of War":20,"Red Mask":23,"Kunai":19,"Red Skull":14,"Meat on the Bone":14},{"Oddly Smooth Stone":22,"Vajra":30,"Pen Nib":33,"PreservedInsect":70,"The Courier":73,"Bag of Preparation":22,"Juzu Bracelet":60,"Letter Opener":66,"Whetstone":111,"Orichalcum":91,"Frozen Egg 2":114,"Question Card":104,"Burning Blood":0,"SlaversCollar":80,"Nunchaku":22,"Matryoshka":30,"Ornamental Fan":73,"Strawberry":73,"Mark of Pain":40,"Art of War":98,"Red Mask":111,"Kunai":91,"Red Skull":66,"Meat on the Bone":66}],"Meat on the Bone":120},"card_choices":[{"not_picked":["Inflame","Intimidate","Perfected Strike"],"picked":"SKIP","floor":1.0},{"not_picked":["Wild Strike","Iron Wave"],"picked":"Pommel Strike","floor":3.0},{"not_picked":["Second Wind","Intimidate","Pommel Strike"],"picked":"SKIP","floor":4.0},{"not_picked":["Juggernaut","True Grit"],"picked":"Metallicize","floor":5.0},{"not_picked":["Berserk","Flex"],"picked":"Sword Boomerang","floor":6.0},{"not_picked":["Sentinel","Headbutt"],"picked":"Twin Strike","floor":10.0},{"not_picked":["Bloodletting","Pommel Strike","Clothesline"],"picked":"SKIP","floor":11.0},{"not_picked":["Rupture","Disarm"],"picked":"True Grit","floor":14.0},{"not_picked":["Bludgeon","Fiend Fire"],"picked":"Limit Break","floor":16.0},{"not_picked":["True Grit","Carnage"],"picked":"Shrug It Off+1","floor":18.0},{"not_picked":["Havoc","Wild Strike","Fire Breathing"],"picked":"SKIP","floor":19.0},{"not_picked":["Thunderclap","Bloodletting","Pommel Strike"],"picked":"SKIP","floor":21.0},{"not_picked":["Headbutt","Searing Blow","Carnage"],"picked":"SKIP","floor":23.0},{"not_picked":["Anger+1","Inflame","Berserk"],"picked":"SKIP","floor":25.0},{"not_picked":["Wild Strike","Iron Wave","Body Slam"],"picked":"SKIP","floor":27.0},{"not_picked":["Iron Wave","Power Through"],"picked":"Whirlwind","floor":28.0},{"not_picked":["Warcry","Havoc"],"picked":"Heavy Blade","floor":35.0},{"not_picked":["Pommel Strike","Rupture","Infernal Blade"],"picked":"SKIP","floor":38.0},{"not_picked":["Pommel Strike","Rupture","Infernal Blade"],"picked":"SKIP","floor":38.0},{"not_picked":["Heavy Blade","Infernal Blade+1","Pummel"],"picked":"SKIP","floor":40.0},{"not_picked":["Perfected Strike","Armaments","Warcry"],"picked":"SKIP","floor":42.0},{"not_picked":["Havoc+1","Heavy Blade","True Grit","Flex"],"picked":"SKIP","floor":44.0},{"not_picked":["Cleave","Havoc","Dual Wield","Body Slam"],"picked":"SKIP","floor":45},{"not_picked":["Cleave","Havoc","Body Slam"],"picked":"Dual Wield","floor":45},{"not_picked":["Juggernaut+1","Offering","Shrug It Off"],"picked":"Battle Trance","floor":47},{"not_picked":["Power Through","Battle Trance","Heavy Blade"],"picked":"Pommel Strike+1","floor":48}],"player_experience":316230,"relics_obtained":[{"floor":6.0,"key":"Nunchaku"},{"floor":8.0,"key":"Bag of Preparation"},{"floor":9.0,"key":"Oddly Smooth Stone"},{"floor":11.0,"key":"Vajra"},{"floor":14.0,"key":"Pen Nib"},{"floor":23.0,"key":"Juzu Bracelet"},{"floor":25.0,"key":"Meat on the Bone"},{"floor":26.0,"key":"Red Skull"},{"floor":26.0,"key":"Letter Opener"},{"floor":27.0,"key":"PreservedInsect"},{"floor":31.0,"key":"Strawberry"},{"floor":31.0,"key":"The Courier"},{"floor":40.0,"key":"Art of War"},{"floor":43.0,"key":"Question Card"},{"floor":45,"key":"Whetstone"},{"floor":47,"key":"Frozen Egg 2"}],"event_choices":[{"damage_healed":0.0,"max_hp_gain":0.0,"max_hp_loss":0.0,"gold_gain":0.0,"event_name":"Living Wall","player_choice":"Grow","floor":2.0,"gold_loss":0.0,"damage_taken":0.0,"cards_upgraded":["Demon Form"]},{"damage_healed":0.0,"max_hp_gain":0.0,"max_hp_loss":0.0,"gold_gain":0.0,"event_name":"Scrap Ooze","player_choice":"Success","floor":12.0,"gold_loss":0.0,"damage_taken":11.0,"relics_obtained":["Matryoshka"]},{"cards_removed":["Strike_R"],"damage_healed":0.0,"max_hp_gain":0.0,"max_hp_loss":0.0,"gold_gain":0.0,"event_name":"Beggar","player_choice":"Gave Gold","floor":20.0,"gold_loss":75.0,"damage_taken":0.0},{"damage_healed":0.0,"max_hp_gain":0.0,"max_hp_loss":0.0,"gold_gain":0.0,"event_name":"Addict","player_choice":"Obtained Relic","floor":29.0,"gold_loss":85.0,"damage_taken":0.0,"relics_obtained":["Ornamental Fan"]},{"cards_removed":["Strike_R"],"damage_healed":0.0,"max_hp_gain":0.0,"max_hp_loss":0.0,"gold_gain":0.0,"event_name":"Falling","player_choice":"Removed Attack","floor":36.0,"gold_loss":0.0,"damage_taken":0.0},{"damage_healed":0,"gold_gain":0,"player_choice":"Paid","damage_taken":0,"relics_obtained":["Red Mask"],"max_hp_gain":0,"max_hp_loss":0,"event_name":"Tomb of Lord Red Mask","floor":46,"gold_loss":182}],"is_beta":false,"boss_relics":[{"not_picked":["Calling Bell","SacredBark"],"picked":"Mark of Pain"},{"not_picked":["Empty Cage","Black Blood"],"picked":"SlaversCollar"}],"items_purged_floors":[22,37],"is_endless":false,"potions_floor_spawned":[1,5,10,14,16,18,21,27,33,35,44,47,48],"ascension_level":17}}