{"host":"rw1trt79hfpl7pom","time":1612960909,"event":{"mods":["BaseMod","Bestiary","Colored Map","Minty Spire (QoL Compilation)","Relic Stats","StSLib","SuperFastMode"],"gold_per_floor":[116,128,138,148,148,148,173,183,183,212,212,241,241,251,251,329,329,346,141,151,151,165,165,195,195,195,215,242,242,261,289,289,367,367,380,380,7,7,20,47,66,101,128,142,154,166,180,209,209,209,209,209,209,75,106,106],"floor_reached":57,"language":"ENG","playtime":3762,"items_purged":["WreathOfFlame"],"score":3677,"play_id":"5ef75bf1-daf3-43db-8502-ef1f84bdc33f","local_time":"20210210044149","is_ascension_mode":true,"campfire_choices":[{"data":"SignatureMove","floor":6.0,"key":"SMITH"},{"data":"Tantrum","floor":11.0,"key":"SMITH"},{"data":"MentalFortress","floor":15.0,"key":"SMITH"},{"data":"Collect","floor":23.0,"key":"SMITH"},{"data":"MentalFortress","floor":25.0,"key":"SMITH"},{"data":"MentalFortress","floor":32.0,"key":"SMITH"},{"floor":49.0,"key":"RECALL"},{"data":"Devotion","floor":53.0,"key":"SMITH"}],"circlet_count":0,"master_deck":["AscendersBane","Eruption+1","Vigilance","Crescendo","SignatureMove+1","WheelKick","ClearTheMind+1","Tantrum+1","ReachHeaven","MentalFortress+1","FearNoEvil","Vault","Vault","MentalFortress+1","EmptyBody","Perseverance","CarveReality","Vault","Ragnarok","Collect+1","MentalFortress+1","ThirdEye","Tantrum","Omniscience","ThirdEye+1","Adaptation+1","InnerPeace","Scrawl","Devotion+1","Indignation","InnerPeace","Adaptation","EmptyMind","Establishment","ClearTheMind+1","WaveOfTheHand","CutThroughFate","ThirdEye+1"],"relics":["Coffee Dripper","Pocketwatch","Happy Flower","Akabeko","Pantograph","Whetstone","War Paint","Pandora\u0027s Box","Tiny Chest","Toy Ornithopter","PreservedInsect","MutagenicStrength","TeardropLocket","VioletLotus","OrangePellets","Pen Nib","Incense Burner","MealTicket","Boot","Torii","Blue Candle"],"acts_visited":["Exordium","TheCity","TheBeyond","TheEnding"],"potions_floor_usage":[56,56],"damage_taken":[{"damage":0.0,"enemies":"Cultist","floor":1.0,"turns":4.0},{"damage":4.0,"enemies":"Small Slimes","floor":2.0,"turns":4.0},{"damage":6.0,"enemies":"Jaw Worm","floor":3.0,"turns":4.0},{"damage":0.0,"enemies":"Exordium Thugs","floor":4.0,"turns":2.0},{"damage":0.0,"enemies":"Gremlin Nob","floor":7.0,"turns":3.0},{"damage":0.0,"enemies":"Lots of Slimes","floor":8.0,"turns":3.0},{"damage":0.0,"enemies":"Lagavulin","floor":10.0,"turns":4.0},{"damage":0.0,"enemies":"Gremlin Nob","floor":12.0,"turns":1.0},{"damage":7.0,"enemies":"Large Slime","floor":14.0,"turns":3.0},{"damage":15.0,"enemies":"The Guardian","floor":16.0,"turns":5.0},{"damage":14.0,"enemies":"Shell Parasite","floor":18.0,"turns":3.0},{"damage":0.0,"enemies":"Spheric Guardian","floor":20.0,"turns":1.0},{"damage":0.0,"enemies":"Cultist and Chosen","floor":22.0,"turns":4.0},{"damage":0.0,"enemies":"Gremlin Leader","floor":24.0,"turns":5.0},{"damage":0.0,"enemies":"Snake Plant","floor":27.0,"turns":3.0},{"damage":3.0,"enemies":"Slavers","floor":28.0,"turns":6.0},{"damage":0.0,"enemies":"Centurion and Healer","floor":30.0,"turns":3.0},{"damage":0.0,"enemies":"Gremlin Leader","floor":31.0,"turns":1.0},{"damage":0.0,"enemies":"Collector","floor":33.0,"turns":9.0},{"damage":0.0,"enemies":"Orb Walker","floor":35.0,"turns":2.0},{"damage":0.0,"enemies":"3 Darklings","floor":39.0,"turns":5.0},{"damage":0.0,"enemies":"Nemesis","floor":40.0,"turns":2.0},{"damage":0.0,"enemies":"Jaw Worm Horde","floor":41.0,"turns":9.0},{"damage":0.0,"enemies":"Giant Head","floor":42.0,"turns":4.0},{"damage":0.0,"enemies":"Sphere and 2 Shapes","floor":44.0,"turns":5.0},{"damage":0.0,"enemies":"4 Shapes","floor":45.0,"turns":5.0},{"damage":0.0,"enemies":"Transient","floor":46.0,"turns":7.0},{"damage":0.0,"enemies":"Jaw Worm Horde","floor":47.0,"turns":3.0},{"damage":0.0,"enemies":"Reptomancer","floor":48.0,"turns":6.0},{"damage":0.0,"enemies":"Donu and Deca","floor":50.0,"turns":5.0},{"damage":0.0,"enemies":"Time Eater","floor":51.0,"turns":7.0},{"damage":32.0,"enemies":"Shield and Spear","floor":55.0,"turns":6.0},{"damage":6,"enemies":"The Heart","floor":56,"turns":8}],"seed_played":"-5259207461156178133","potions_obtained":[{"floor":2.0,"key":"FearPotion"},{"floor":4.0,"key":"LiquidMemories"},{"floor":16.0,"key":"DuplicationPotion"},{"floor":18.0,"key":"Block Potion"},{"floor":28.0,"key":"Ancient Potion"},{"floor":33.0,"key":"ColorlessPotion"},{"floor":42.0,"key":"PowerPotion"}],"is_trial":false,"path_per_floor":["M","M","M","M","?","R","E","M","T","E","R","E","T","M","R","B",null,"M","$","M","?","M","R","E","R","T","M","E","?","M","E","R","B",null,"M","?","$","T","M","E","M","E","T","M","M","M","M","E","R","B","B",null,"R","$","E","B",null],"character_chosen":"WATCHER","items_purchased":["MentalFortress","ThirdEye","Indignation","OrangePellets","Pen Nib","WaveOfTheHand","CutThroughFate"],"campfire_rested":0,"item_purchase_floors":[19,19,37,37,37,54,54],"current_hp_per_floor":[61,57,51,51,40,40,40,40,40,40,40,40,40,33,33,43,62,48,48,48,48,48,48,48,48,48,48,50,50,50,50,50,68,68,68,65,65,65,65,65,65,65,65,65,65,65,65,65,65,65,65,65,65,65,33,61],"gold":106,"neow_bonus":"BOSS_RELIC","is_daily":false,"chose_seed":false,"campfire_upgraded":7,"win_rate":0.0,"timestamp":1612960909,"path_taken":["M","?","M","M","?","R","E","M","T","E","R","E","?","?","R","BOSS","M","$","M","?","M","R","E","R","T","?","E","?","M","E","R","BOSS","M","?","$","?","M","E","M","E","T","?","M","M","M","E","R","BOSS","BOSS","R","$","E","BOSS"],"items_purchased_type":["Card","Card","Card","Relic","Relic","Card","Card"],"build_version":"2020-12-22","purchased_purges":1,"victory":true,"max_hp_per_floor":[68,68,68,68,68,68,68,68,68,68,68,68,68,68,68,68,68,68,68,68,68,68,68,68,68,68,68,68,68,68,68,68,68,68,68,65,65,65,65,65,65,65,65,65,65,65,65,65,65,65,65,65,65,65,65,65],"relic_stats":{"Happy Flower":[41],"Torii":0,"counters":[34,142],"Blue Candle":[0],"PreservedInsect":365,"Pen Nib":[16],"Whetstone":["Strike_P","Eruption"],"War Paint":["Defend_P","ClearTheMind"],"Boot":[75],"OrangePellets":[12],"Pantograph":68,"Pandora\u0027s Box":["WreathOfFlame","Vault","MentalFortress","EmptyBody","Perseverance","CarveReality","Vault","Ragnarok"],"Tiny Chest":1,"MealTicket":0,"VioletLotus":[77],"obtain_stats":[{"Happy Flower":7,"Torii":48,"Blue Candle":55,"PreservedInsect":28,"Pen Nib":37,"Incense Burner":38,"Whetstone":12,"TeardropLocket":31,"War Paint":13,"Boot":42,"Akabeko":9,"OrangePellets":37,"Pantograph":10,"MutagenicStrength":29,"Pandora\u0027s Box":17,"Tiny Chest":24,"MealTicket":40,"VioletLotus":34,"Coffee Dripper":0,"PureWater":0,"Toy Ornithopter":26,"Pocketwatch":5},{"Happy Flower":6,"Torii":30,"Blue Candle":33,"PreservedInsect":17,"Pen Nib":21,"Incense Burner":21,"Whetstone":9,"TeardropLocket":19,"War Paint":9,"Boot":25,"Akabeko":7,"OrangePellets":21,"Pantograph":8,"MutagenicStrength":17,"Pandora\u0027s Box":11,"Tiny Chest":15,"MealTicket":23,"VioletLotus":20,"Coffee Dripper":0,"PureWater":0,"Toy Ornithopter":15,"Pocketwatch":5},{"Happy Flower":17,"Torii":116,"Blue Candle":134,"PreservedInsect":55,"Pen Nib":70,"Incense Burner":70,"Whetstone":25,"TeardropLocket":59,"War Paint":25,"Boot":90,"Akabeko":20,"OrangePellets":70,"Pantograph":24,"MutagenicStrength":55,"Pandora\u0027s Box":33,"Tiny Chest":46,"MealTicket":77,"VioletLotus":68,"Coffee Dripper":0,"PureWater":0,"Toy Ornithopter":46,"Pocketwatch":14}],"Toy Ornithopter":14,"Pocketwatch":[93]},"card_choices":[{"not_picked":["FollowUp","Fasting2"],"picked":"Crescendo","floor":1.0},{"not_picked":["Crescendo","Collect"],"picked":"SignatureMove","floor":2.0},{"not_picked":["Evaluate","WreathOfFlame"],"picked":"WheelKick","floor":3.0},{"not_picked":["InnerPeace","Vengeance"],"picked":"ClearTheMind","floor":4.0},{"not_picked":["Meditate","Nirvana"],"picked":"Tantrum","floor":7.0},{"not_picked":["Crescendo","Worship"],"picked":"ReachHeaven","floor":8.0},{"not_picked":["MasterReality","FlyingSleeves"],"picked":"MentalFortress","floor":10.0},{"not_picked":["Consecrate","BowlingBash","Conclude"],"picked":"SKIP","floor":12.0},{"not_picked":["Consecrate","ClearTheMind"],"picked":"FearNoEvil","floor":14.0},{"not_picked":["Scrawl","Brilliance"],"picked":"Vault","floor":16.0},{"not_picked":["SashWhip","Protect"],"picked":"Collect","floor":18.0},{"not_picked":["Evaluate","Pray","ForeignInfluence"],"picked":"SKIP","floor":20.0},{"not_picked":["Consecrate+1","FlyingSleeves+1"],"picked":"Tantrum","floor":22.0},{"not_picked":["CarveReality+1","BattleHymn"],"picked":"Omniscience","floor":24.0},{"not_picked":["BowlingBash","Consecrate"],"picked":"ThirdEye+1","floor":27.0},{"not_picked":["BowlingBash","Conclude"],"picked":"Adaptation+1","floor":28.0},{"not_picked":["FlyingSleeves","EmptyFist"],"picked":"InnerPeace","floor":30.0},{"not_picked":["Consecrate","Protect"],"picked":"Scrawl","floor":31.0},{"not_picked":["ConjureBlade","Scrawl"],"picked":"Devotion","floor":33.0},{"not_picked":["WindmillStrike","WreathOfFlame","Prostrate+1"],"picked":"SKIP","floor":35.0},{"not_picked":["FollowUp","Nirvana","Prostrate+1"],"picked":"SKIP","floor":39.0},{"not_picked":["Pray","MasterReality"],"picked":"InnerPeace","floor":40.0},{"not_picked":["Weave","Halt","Crescendo"],"picked":"SKIP","floor":41.0},{"not_picked":["CrushJoints+1","Perseverance"],"picked":"Adaptation","floor":42.0},{"not_picked":["JustLucky+1","Indignation","FollowUp"],"picked":"SKIP","floor":44.0},{"not_picked":["Consecrate+1","SandsOfTime"],"picked":"EmptyMind","floor":45.0},{"not_picked":["EmptyBody","SashWhip","FlyingSleeves"],"picked":"SKIP","floor":46.0},{"not_picked":["BowlingBash","Tantrum"],"picked":"Establishment","floor":47.0},{"not_picked":["WreathOfFlame+1","FollowUp+1"],"picked":"ClearTheMind+1","floor":48.0},{"not_picked":["Vengeance+1","CrushJoints+1"],"picked":"ThirdEye+1","floor":55.0}],"player_experience":2682872,"relics_obtained":[{"floor":7.0,"key":"Happy Flower"},{"floor":9.0,"key":"Akabeko"},{"floor":10.0,"key":"Pantograph"},{"floor":12.0,"key":"Whetstone"},{"floor":13.0,"key":"War Paint"},{"floor":24.0,"key":"Tiny Chest"},{"floor":26.0,"key":"Toy Ornithopter"},{"floor":28.0,"key":"PreservedInsect"},{"floor":31.0,"key":"TeardropLocket"},{"floor":38.0,"key":"Incense Burner"},{"floor":40.0,"key":"MealTicket"},{"floor":42.0,"key":"Boot"},{"floor":48.0,"key":"Torii"},{"floor":55.0,"key":"Blue Candle"}],"event_choices":[{"damage_healed":0.0,"max_hp_gain":0.0,"max_hp_loss":0.0,"gold_gain":0.0,"event_name":"Scrap Ooze","player_choice":"Success","floor":5.0,"gold_loss":0.0,"damage_taken":11.0,"relics_obtained":["Pocketwatch"]},{"damage_healed":0.0,"max_hp_gain":0.0,"max_hp_loss":0.0,"gold_gain":0.0,"event_name":"N\u0027loth","player_choice":"Ignored","floor":21.0,"gold_loss":0.0,"damage_taken":0.0},{"damage_healed":0.0,"max_hp_gain":0.0,"max_hp_loss":0.0,"gold_gain":0.0,"event_name":"Drug Dealer","player_choice":"Inject Mutagens","floor":29.0,"gold_loss":0.0,"damage_taken":0.0,"relics_obtained":["MutagenicStrength"]},{"damage_healed":0.0,"max_hp_gain":0.0,"max_hp_loss":3.0,"gold_gain":0.0,"event_name":"Winding Halls","player_choice":"Max HP","floor":36.0,"gold_loss":0.0,"damage_taken":0.0}],"is_beta":false,"boss_relics":[{"not_picked":["Busted Crown","Velvet Choker"],"picked":"Pandora\u0027s Box"},{"not_picked":["Empty Cage","SlaversCollar"],"picked":"VioletLotus"}],"items_purged_floors":[19],"is_endless":false,"potions_floor_spawned":[2,4,7,16,18,24,27,28,33,39,42,45,48],"ascension_level":20}}