{"host":"si2ec0wbmfkjihef","time":1612983224,"event":{"mods":["AchievementEnabler","Act Like it!","BaseMod","BetterRewards","Colored Map","Colored Powertips","Energized Spire","Evolution","Gold Saver","Highlight Path","Infinite Spire","Minty Spire (QoL Compilation)","Quick Restart","Reworked Bosses","StSLib","The Jungle"],"gold_per_floor":[167,167,184,196,212,212,232,264,264,226,226,244,259,332,332,429,429,448,462,561,561,561],"floor_reached":21,"language":"DEU","playtime":1503,"items_purged":[],"score":210,"play_id":"365cb8e0-67a8-40c7-8060-2eae67fad379","local_time":"20210210195344","is_ascension_mode":true,"campfire_choices":[{"data":"Zap","floor":6,"key":"SMITH"},{"floor":11,"key":"REST"},{"floor":15,"key":"REST"}],"circlet_count":0,"master_deck":["Strike_B","Strike_B","Strike_B","Defend_B","Defend_B","Defend_B","Defend_B","Zap+1","Dualcast","Coolheaded","Melter","Leap","Turbo","Self Repair","Storm","Echo Form","Ball Lightning+1"],"relics":["Cracked Core","EVO:Axolotl","Turnip","Black Star"],"acts_visited":["Exordium","TheCity"],"potions_floor_usage":[16],"damage_taken":[{"damage":11,"enemies":"Cultist","floor":1,"turns":4},{"damage":4,"enemies":"2 Louse","floor":3,"turns":4},{"damage":12,"enemies":"Small Slimes","floor":4,"turns":4},{"damage":1,"enemies":"Looter","floor":5,"turns":3},{"damage":3,"enemies":"Blue Slaver","floor":7,"turns":4},{"damage":32,"enemies":"3 Sentries","floor":8,"turns":13},{"damage":32,"enemies":"Gremlin Gang","floor":12,"turns":6},{"damage":8,"enemies":"2 Fungi Beasts","floor":13,"turns":4},{"damage":34,"enemies":"The Guardian","floor":16,"turns":18},{"damage":26,"enemies":"Shell Parasite","floor":18,"turns":6},{"damage":54,"enemies":"Chosen","floor":19,"turns":7},{"damage":36,"enemies":"Snecko","floor":21,"turns":4}],"seed_played":"-7959927215573158067","potions_obtained":[{"floor":13,"key":"FocusPotion"}],"is_trial":false,"path_per_floor":["M","?","M","M","M","R","M","E","T","$","R","M","M","?","R","B",null,"M","M","?","M"],"character_chosen":"DEFECT","items_purchased":["Self Repair"],"campfire_rested":2,"item_purchase_floors":[10],"current_hp_per_floor":[71,71,67,55,54,54,51,19,19,19,43,18,17,17,41,14,82,63,23,23,0,0],"gold":561,"neow_bonus":"TEN_PERCENT_HP_BONUS","is_daily":false,"chose_seed":false,"campfire_upgraded":1,"win_rate":0.0,"timestamp":1612983224,"path_taken":["M","?","?","M","?","R","M","E","T","$","R","M","M","?","R","BOSS","M","M","?","M"],"items_purchased_type":["Card"],"build_version":"2020-12-22","purchased_purges":0,"victory":false,"max_hp_per_floor":[82,82,82,82,82,82,82,82,82,82,82,82,82,82,82,82,82,82,82,82,82,82],"card_choices":[{"not_picked":["Compile Driver","Steam"],"picked":"Coolheaded","floor":1},{"not_picked":["Rip and Tear","Gash"],"picked":"Leap","floor":3},{"not_picked":["Hologram","Beam Cell","Coolheaded"],"picked":"SKIP","floor":4},{"not_picked":["Coolheaded","Beam Cell"],"picked":"Turbo","floor":5},{"not_picked":["Undo","Doom and Gloom","Darkness"],"picked":"SKIP","floor":7},{"not_picked":["Thunder Strike","Steam","Gash"],"picked":"SKIP","floor":8},{"not_picked":["Turbo","Redo","Stack"],"picked":"SKIP","floor":12},{"not_picked":["Double Energy","Aggregate"],"picked":"Storm","floor":13},{"not_picked":["Reboot","Amplify"],"picked":"Echo Form","floor":16},{"not_picked":["Conserve Battery","Stack"],"picked":"Ball Lightning+1","floor":18},{"not_picked":["Gash","Sweeping Beam","Turbo"],"picked":"SKIP","floor":19}],"player_experience":101625,"relics_obtained":[{"floor":8,"key":"Turnip"}],"event_choices":[{"damage_healed":0,"gold_gain":0,"cards_transformed":["Strike_B"],"player_choice":"Transformed","damage_taken":0,"max_hp_gain":0,"max_hp_loss":0,"event_name":"Transmorgrifier","floor":2,"gold_loss":0,"cards_obtained":["Melter"]},{"damage_healed":0,"gold_gain":73,"player_choice":"Gained Gold","damage_taken":0,"max_hp_gain":0,"max_hp_loss":0,"event_name":"Golden Wing","floor":14,"gold_loss":0},{"damage_healed":0,"gold_gain":99,"player_choice":"Stole From Cult","damage_taken":0,"max_hp_gain":0,"max_hp_loss":0,"event_name":"Nest","floor":20,"gold_loss":0}],"is_beta":false,"boss_relics":[{"not_picked":["Cursed Key","Busted Crown"],"picked":"Black Star"}],"items_purged_floors":[],"is_endless":false,"potions_floor_spawned":[1,12,13,16,18,19],"killed_by":"Snecko","ascension_level":3}}