{"host":"v16t4fbv9yk4gg06","time":1612991913,"event":{"mods":["BaseMod","Bestiary","Bossed Relics","Dark Map","Displayed Cursed Tome","Fox Events","Minty Spire (QoL Compilation)","Robot Space Explorer","Spicy Shops","StSLib","Thieving Mod","Wide Potions"],"gold_per_floor":[111,111,124,124,124,159,178,178,178,206,238,238,74,74,74,74,74],"floor_reached":16,"language":"ENG","playtime":1160,"items_purged":[],"score":116,"play_id":"d7ea90bc-0032-4b43-95e5-da1f54e4db12","local_time":"20210210221833","daily_mods":["Heirloom","Time Dilation","Flight","DeadlyEvents"],"is_ascension_mode":false,"campfire_choices":[{"floor":8,"key":"REST"},{"floor":12,"key":"REST"},{"floor":15,"key":"REST"}],"circlet_count":0,"master_deck":["Strike_R","Strike_R","Strike_R","Strike_R","Strike_R","Defend_R","Defend_R","Defend_R","Defend_R","Bash","Sword Boomerang+1","Infernal Blade","Fiend Fire","Cleave","Feed","Shame"],"relics":["Burning Blood","Turnip","Peace Pipe","Torii","Potion Belt","Bird Faced Urn","Incense Burner"],"acts_visited":["Exordium"],"potions_floor_usage":[11],"damage_taken":[{"damage":10,"enemies":"Jaw Worm","floor":1,"turns":4},{"damage":1,"enemies":"Cultist","floor":3,"turns":3},{"damage":49,"enemies":"3 Sentries","floor":6,"turns":6},{"damage":10,"enemies":"Small Slimes","floor":7,"turns":2},{"damage":22,"enemies":"Gremlin Nob","floor":10,"turns":4},{"damage":27,"enemies":"3 Sentries","floor":11,"turns":5},{"damage":68,"enemies":"The Guardian","floor":16,"turns":9}],"seed_played":"7346648745258586765","potions_obtained":[{"floor":3,"key":"Explosive Potion"}],"is_trial":true,"path_per_floor":["M","?","M","$","?","E","M","R","T","E","E","R","$","$","R","B"],"character_chosen":"IRONCLAD","items_purchased":["Incense Burner","Energy Potion"],"campfire_rested":3,"item_purchase_floors":[13,13],"current_hp_per_floor":[76,76,80,80,80,37,33,57,57,41,20,44,44,44,68,0,0],"gold":74,"neow_bonus":"","is_daily":false,"chose_seed":false,"campfire_upgraded":0,"win_rate":0.0,"timestamp":1612991913,"path_taken":["M","?","?","$","?","E","?","R","T","E","?","R","$","$","R","BOSS"],"items_purchased_type":["Relic","Potion"],"build_version":"2020-12-22","purchased_purges":0,"victory":false,"max_hp_per_floor":[80,80,80,80,80,80,80,80,80,80,80,80,80,80,80,80,80],"card_choices":[{"not_picked":["Body Slam","Wild Strike"],"picked":"Sword Boomerang","floor":1},{"not_picked":["Combust","Pummel"],"picked":"Infernal Blade","floor":3},{"not_picked":["Sentinel","Shrug It Off"],"picked":"Fiend Fire","floor":6},{"not_picked":["Body Slam","Armaments","Clash"],"picked":"SKIP","floor":7},{"not_picked":["Ghostly Armor","Flex"],"picked":"Cleave","floor":10},{"not_picked":["Limit Break","Clash"],"picked":"Feed","floor":11}],"player_experience":291191,"relics_obtained":[{"floor":6,"key":"Peace Pipe"},{"floor":9,"key":"Torii"},{"floor":10,"key":"Potion Belt"},{"floor":11,"key":"Bird Faced Urn"}],"event_choices":[{"damage_healed":0,"gold_gain":0,"player_choice":"Upgraded","damage_taken":0,"max_hp_gain":0,"max_hp_loss":0,"event_name":"Upgrade Shrine","floor":2,"gold_loss":0,"cards_upgraded":["Sword Boomerang"]},{"damage_healed":0,"gold_gain":0,"player_choice":"Leave","damage_taken":0,"max_hp_gain":0,"max_hp_loss":0,"event_name":"The Cleric","floor":5,"gold_loss":0}],"is_beta":false,"boss_relics":[],"items_purged_floors":[],"is_endless":false,"potions_floor_spawned":[3],"killed_by":"The Guardian","ascension_level":0}}