{"host":"h77azxdx0evtsxw5","time":1612919455,"event":{"mods":["AchievementEnabler","BaseMod","Minty Spire (QoL Compilation)","Quick Restart"],"gold_per_floor":[114,137,137,151,163,163,66,85,85,118,118,152,164,177,177,279,279,299,299,317,336,87,87,87],"floor_reached":23,"language":"ENG","playtime":1068,"items_purged":["Anger","Defend_R"],"score":274,"play_id":"20868db1-7154-4958-bb8e-5ab72982b31d","local_time":"20210209201055","is_ascension_mode":true,"campfire_choices":[{"data":"Perfected Strike","floor":6,"key":"SMITH"},{"data":"Shrug It Off","floor":11,"key":"SMITH"},{"floor":15,"key":"REST"}],"circlet_count":0,"master_deck":["Strike_R","Strike_R","Strike_R","Strike_R","Defend_R","Defend_R","Defend_R","Bash","Metallicize","Perfected Strike+1","Shrug It Off+1","Pommel Strike","Immolate","Shrug It Off","Armaments+1"],"relics":["Burning Blood","NeowsBlessing","Bag of Preparation","Self Forming Clay","Bird Faced Urn","Sozu","Ancient Tea Set"],"acts_visited":["Exordium","TheCity"],"potions_floor_usage":[16,16,20],"damage_taken":[{"damage":0,"enemies":"Cultist","floor":1,"turns":1},{"damage":0,"enemies":"2 Louse","floor":4,"turns":1},{"damage":0,"enemies":"Small Slimes","floor":5,"turns":1},{"damage":26,"enemies":"Exordium Wildlife","floor":8,"turns":4},{"damage":21,"enemies":"Lagavulin","floor":10,"turns":6},{"damage":25,"enemies":"Gremlin Nob","floor":12,"turns":5},{"damage":5,"enemies":"Blue Slaver","floor":13,"turns":4},{"damage":12,"enemies":"Exordium Thugs","floor":14,"turns":5},{"damage":39,"enemies":"Hexaghost","floor":16,"turns":11},{"damage":16,"enemies":"Spheric Guardian","floor":18,"turns":4},{"damage":20,"enemies":"Shell Parasite","floor":20,"turns":5},{"damage":1,"enemies":"3 Cultists","floor":21,"turns":4},{"damage":55,"enemies":"Book of Stabbing","floor":23,"turns":8}],"seed_played":"6275555220402488663","potions_obtained":[{"floor":4,"key":"SpeedPotion"},{"floor":10,"key":"BlessingOfTheForge"},{"floor":12,"key":"Energy Potion"},{"floor":16,"key":"Fire Potion"}],"is_trial":false,"path_per_floor":["M","T","?","M","M","R","$","M","T","E","R","E","M","M","R","B",null,"M","?","M","M","$","E"],"character_chosen":"IRONCLAD","items_purchased":["Shrug It Off","Ancient Tea Set"],"campfire_rested":1,"item_purchase_floors":[7,22],"current_hp_per_floor":[78,78,78,80,80,80,80,60,60,45,45,26,29,25,49,18,65,57,57,45,52,52,0,0],"gold":87,"neow_bonus":"THREE_ENEMY_KILL","is_daily":false,"chose_seed":false,"campfire_upgraded":2,"win_rate":0.0,"timestamp":1612919455,"path_taken":["M","?","?","M","?","R","$","?","T","E","R","E","M","M","R","BOSS","M","?","M","M","$","E"],"items_purchased_type":["Card","Relic"],"build_version":"2020-12-22","purchased_purges":2,"victory":false,"max_hp_per_floor":[80,80,80,80,80,80,80,80,80,80,80,80,80,80,80,80,80,80,80,80,80,80,80,80],"card_choices":[{"not_picked":["Anger","Power Through","True Grit"],"picked":"SKIP","floor":1},{"not_picked":["Clothesline","Feel No Pain"],"picked":"Metallicize","floor":4},{"not_picked":["Warcry","Thunderclap"],"picked":"Perfected Strike","floor":5},{"not_picked":["Perfected Strike","Feed"],"picked":"Pommel Strike","floor":8},{"not_picked":["Perfected Strike","Fiend Fire","Body Slam"],"picked":"SKIP","floor":10},{"not_picked":["Anger","Combust","Rage"],"picked":"SKIP","floor":12},{"not_picked":["Perfected Strike","Rage","Blood for Blood"],"picked":"SKIP","floor":13},{"not_picked":["Heavy Blade","Armaments","Perfected Strike"],"picked":"SKIP","floor":14},{"not_picked":["Juggernaut","Berserk"],"picked":"Immolate","floor":16},{"not_picked":["Headbutt","Pommel Strike"],"picked":"Shrug It Off","floor":18},{"not_picked":["Bloodletting","Inflame","Evolve"],"picked":"SKIP","floor":20},{"not_picked":["Pommel Strike","Burning Pact"],"picked":"Armaments+1","floor":21}],"player_experience":295445,"relics_obtained":[{"floor":2,"key":"Bag of Preparation"},{"floor":10,"key":"Self Forming Clay"},{"floor":12,"key":"Bird Faced Urn"}],"event_choices":[{"damage_healed":0,"gold_gain":0,"cards_transformed":["Strike_R"],"player_choice":"Transformed","damage_taken":0,"max_hp_gain":0,"max_hp_loss":0,"event_name":"Transmorgrifier","floor":3,"gold_loss":0,"cards_obtained":["Anger"]},{"damage_healed":0,"gold_gain":0,"player_choice":"Ignored","damage_taken":0,"max_hp_gain":0,"max_hp_loss":0,"event_name":"Vampires","floor":19,"gold_loss":0}],"is_beta":false,"boss_relics":[{"not_picked":["Mark of Pain","Black Blood"],"picked":"Sozu"}],"items_purged_floors":[7,22],"is_endless":false,"potions_floor_spawned":[4,10,12,16,18,20],"killed_by":"Book of Stabbing","ascension_level":7}}