{"host":"ttx8tv95o5vka1nm","time":1612939974,"event":{"mods":["AchievementEnabler","BaseMod","BetterRewards","Colored Map","Evolution","Hermit","Hubris","Infinite Spire","Jorbs\u0027s Wanderer Trilogy","Minty Spire (QoL Compilation)","Relic Filter Mod","Reliquary","Robot Space Explorer","Shop Mod","Spicy Shops","StSLib","The Blue Laboratory","The Bug Knight","The Construct","The Cursed","The Disciple","The Forsaken","The Hierophant","The Necromancer","The Runesmith","TheBandit"],"gold_per_floor":[110,121,135,135,156,190,190,223,223,188,201,221,221,236,236,355,355,375,396,396,396,412,412,412],"floor_reached":23,"language":"ENG","playtime":2703,"items_purged":["stsjorbsmod:Strike_Wanderer"],"score":205,"play_id":"651cd081-b87a-4ae6-96ef-b0fb5d09916c","local_time":"20210210165254","is_ascension_mode":false,"campfire_choices":[{"data":"stsjorbsmod:FracturedMind","floor":7,"key":"SMITH"},{"data":"stsjorbsmod:DoubleCheck","floor":13,"key":"SMITH"},{"data":"stsjorbsmod:BookOfTongues","floor":15,"key":"SMITH"}],"circlet_count":0,"master_deck":["stsjorbsmod:ForbiddenGrimoire+1","stsjorbsmod:FracturedMind+1","stsjorbsmod:Strike_Wanderer+1","stsjorbsmod:Strike_Wanderer","stsjorbsmod:Defend_Wanderer","stsjorbsmod:Defend_Wanderer","stsjorbsmod:Defend_Wanderer","stsjorbsmod:Defend_Wanderer","stsjorbsmod:FreshAdventure","stsjorbsmod:EyeOfTheStorm+1","stsjorbsmod:BookOfTongues+1","stsjorbsmod:TrueStrike","stsjorbsmod:MageArmor","stsjorbsmod:RayOfFrost","stsjorbsmod:ColorSpray","stsjorbsmod:MirrorImage","stsjorbsmod:DoubleCheck+1","stsjorbsmod:FlameWard","stsjorbsmod:WeightOfMemory","stsjorbsmod:PurgeMind","stsjorbsmod:TinyHut+1","stsjorbsmod:ScorchingRay","infinitespire:SealOfDarkness+","infinitespire:Collect","stsjorbsmod:FindFamiliar"],"relics":["stsjorbsmod:GrimoireRelic","EVO:Axolotl","Golden Idol","Bronze Scales","hubris:SphereOfDissonance","Letter Opener","Coffee Dripper","reliquary:KinkedSpring","reliquary:QuartzCube"],"acts_visited":["Exordium","TheCity"],"potions_floor_usage":[12,12,22],"damage_taken":[{"damage":0,"enemies":"Small Slimes","floor":1,"turns":4},{"damage":1,"enemies":"Jaw Worm","floor":2,"turns":5},{"damage":0,"enemies":"2 Louse","floor":3,"turns":3},{"damage":0,"enemies":"Looter","floor":5,"turns":3},{"damage":20,"enemies":"3 Sentries","floor":6,"turns":7},{"damage":11,"enemies":"Lagavulin","floor":8,"turns":5},{"damage":0,"enemies":"Exordium Thugs","floor":11,"turns":3},{"damage":0,"enemies":"Large Slime","floor":12,"turns":5},{"damage":0,"enemies":"2 Fungi Beasts","floor":14,"turns":2},{"damage":6,"enemies":"The Guardian","floor":16,"turns":8},{"damage":0,"enemies":"Chosen","floor":18,"turns":3},{"damage":13,"enemies":"3 Byrds","floor":19,"turns":2},{"damage":0,"enemies":"Cultist and Chosen","floor":22,"turns":6},{"damage":0,"enemies":"Nightmare","floor":23,"turns":4}],"seed_played":"-4575003354374262289","potions_obtained":[{"floor":2,"key":"blueLaboratory:BottleOfRum"},{"floor":6,"key":"stsjorbsmod:BurningPotion"},{"floor":12,"key":"Fire Potion"},{"floor":14,"key":"stsjorbsmod:BurningPotion"}],"is_trial":false,"path_per_floor":["M","M","M","?","M","E","R","E","T","?","M","M","R","M","R","B",null,"M","M","AVR","?","M","NM"],"character_chosen":"WANDERER","items_purchased":[],"campfire_rested":0,"item_purchase_floors":[],"current_hp_per_floor":[68,68,68,51,53,35,35,25,25,42,43,44,44,45,45,39,68,68,55,55,55,58,58,58],"gold":412,"neow_bonus":"UPGRADE_CARD","is_daily":false,"chose_seed":false,"campfire_upgraded":3,"win_rate":0.0,"timestamp":1612939974,"path_taken":["M","M","M","?","M","E","R","E","T","?","M","M","R","M","R","BOSS","M","M","AVR","?","M","NM"],"items_purchased_type":[],"build_version":"2020-12-22","purchased_purges":1,"victory":false,"max_hp_per_floor":[68,68,68,68,68,68,68,68,68,68,68,68,68,68,68,68,68,68,68,68,68,68,68,68],"card_choices":[{"not_picked":["stsjorbsmod:Channel","stsjorbsmod:DisguiseSelf"],"picked":"stsjorbsmod:BookOfTongues","floor":1},{"not_picked":["stsjorbsmod:Mending","stsjorbsmod:ArcaneWeapon"],"picked":"stsjorbsmod:TrueStrike","floor":2},{"not_picked":["stsjorbsmod:LoseGrip","stsjorbsmod:FracturedMind"],"picked":"stsjorbsmod:MageArmor","floor":3},{"not_picked":["stsjorbsmod:UnseenServant","stsjorbsmod:DoubleCheck"],"picked":"stsjorbsmod:RayOfFrost","floor":5},{"not_picked":["stsjorbsmod:MistyStep","stsjorbsmod:Hurt"],"picked":"stsjorbsmod:ColorSpray","floor":6},{"not_picked":["stsjorbsmod:Stalwart","stsjorbsmod:Mindworm"],"picked":"stsjorbsmod:MirrorImage","floor":8},{"not_picked":["stsjorbsmod:Hibernate","stsjorbsmod:BurningFlask"],"picked":"stsjorbsmod:DoubleCheck","floor":11},{"not_picked":["stsjorbsmod:WanderingMind","stsjorbsmod:MistyStep"],"picked":"stsjorbsmod:FlameWard","floor":12},{"not_picked":["stsjorbsmod:DisguiseSelf","stsjorbsmod:DoubleCheck"],"picked":"stsjorbsmod:WeightOfMemory","floor":14},{"not_picked":["stsjorbsmod:CorrodingBarrier","stsjorbsmod:Pyromancy"],"picked":"stsjorbsmod:PurgeMind","floor":16},{"not_picked":["stsjorbsmod:Hurt","stsjorbsmod:WanderingMind"],"picked":"stsjorbsmod:TinyHut+1","floor":18},{"not_picked":["stsjorbsmod:Prepare","stsjorbsmod:Firebolt"],"picked":"stsjorbsmod:ScorchingRay","floor":19},{"not_picked":["stsjorbsmod:Message","stsjorbsmod:ColorSpray"],"picked":"stsjorbsmod:FindFamiliar","floor":22}],"player_experience":867312,"relics_obtained":[{"floor":6,"key":"Bronze Scales"},{"floor":8,"key":"hubris:SphereOfDissonance"},{"floor":9,"key":"Letter Opener"}],"event_choices":[{"damage_healed":0,"gold_gain":0,"player_choice":"Take Damage","damage_taken":17,"relics_obtained":["Golden Idol"],"max_hp_gain":0,"max_hp_loss":0,"event_name":"Golden Idol","floor":4,"gold_loss":0},{"damage_healed":17,"gold_gain":0,"player_choice":"Healed","damage_taken":0,"max_hp_gain":0,"max_hp_loss":0,"event_name":"The Cleric","floor":10,"gold_loss":35}],"is_beta":false,"boss_relics":[{"not_picked":["Ectoplasm","hubris:TerracottaHorce"],"picked":"Coffee Dripper"}],"items_purged_floors":[20],"is_endless":false,"potions_floor_spawned":[2,6,12,14],"killed_by":"Nightmare","ascension_level":0}}