{"host":"bx8ylsmj2ob6hd5u","time":1612974679,"event":{"mods":["AchievementEnabler","Act Like it!","Aspiration","BaseMod","Colored Map","Downfall","Duelist Mod","Friendly Minions","Gensokyo","GifTheSpireLib","Hallownest","Hermit","HololiveMod","Hubris","Infinite Spire","Jorbs\u0027s Wanderer Trilogy","KinomotoSakuraMod(????)","Kiyohime????","Koishi","KomeijiMod","Lobotomy","LobotomyExtend","Marisa????????","Minty Spire (QoL Compilation)","Prisma Mod","Rare Cards Sparkle","Reimu??????","Remilia??????","Replay The Spire","StSLib","Td1madao Mod","The Administrix","The Animator","The Bug Knight","The Construct","The Cursed","The Disciple","The Hierophant","The Necromancer","The Poker Player","The Runesmith","The Senshi","The Servant 0.9.4","WarShipGirlsR/????R mod"],"gold_per_floor":[119,119,119,135,135,135,135,135,160,10,10,10,10,26,26,126,126,136,146,146,146,254,254,313,313,313,328,328,328,348,348,348,447,447,463,483,483,483,483],"floor_reached":38,"language":"ENG","playtime":2133,"items_purged":[],"score":360,"play_id":"5bdd7fdd-f6a7-468b-b75e-282d29ee76ed","local_time":"20210210183119","is_ascension_mode":false,"campfire_choices":[{"data":"construct:AttackMode","floor":6.0,"key":"SMITH"},{"data":"construct:DefenseMode","floor":8.0,"key":"SMITH"},{"data":"construct:Reserves","floor":12.0,"key":"SMITH"},{"data":"construct:ScopeCore","floor":15.0,"key":"SMITH"},{"data":"construct:ShieldBurst","floor":23.0,"key":"SMITH"},{"data":"construct:HammerDown","floor":25.0,"key":"SMITH"},{"data":"construct:Impenetrable","floor":28.0,"key":"SMITH"},{"data":"construct:Overcharge","floor":32.0,"key":"SMITH"}],"circlet_count":0,"master_deck":["construct:Strike_Gold","construct:Strike_Gold","construct:Strike_Gold","construct:Strike_Gold","construct:Strike_Gold","construct:Defend_Gold","construct:Defend_Gold","construct:Defend_Gold","construct:Defend_Gold","construct:Defend_Gold","construct:AttackMode+1","construct:DefenseMode+1","construct:Reserves+1","construct:ScopeCore+1","hubris:Fate","CurseOfTheBell","CurseOfTheBell","construct:Impenetrable+1","hubris:NaturalOne","construct:ShieldBurst+1","Bane","Endless Agony","All Out Attack","construct:SuppressiveFire","construct:Hazardproof+1","construct:HammerDown+1","construct:Versatility","construct:Overcharge+1","construct:SpinDrive","construct:CripplingShot+1","construct:ModeShift+1"],"relics":["construct:Cogwheel","LetterFromLob","hubris:Icosahedron","Hololive_LightStick","Chemical X","downfall:ExtraCursedBell","Juzu Bracelet","infinitespire:CheckeredPen","Replay:Kaleidoscope","infinitespire:Cupcake","aspiration:FetidBarrel","hubris:ToyBattleship","infinitespire:ShieldingShard","aspiration:RunesmithSkillbook"],"acts_visited":["Exordium","Hallownest:Greenpath","Hallownest:CityofTears"],"potions_floor_usage":[33,33],"damage_taken":[{"damage":3.0,"enemies":"Hallownest:2_MossCreeps","floor":1.0,"turns":8.0},{"damage":4.0,"enemies":"Hallownest:2_Baldur","floor":4.0,"turns":6.0},{"damage":14.0,"enemies":"Hallownest:monsterHuskGuard","floor":14.0,"turns":5.0},{"damage":56.0,"enemies":"Hallownest:BossBrokenVessel","floor":16.0,"turns":14.0},{"damage":0.0,"enemies":"Hallownest:Guard_and_Sentry","floor":18.0,"turns":2.0},{"damage":0.0,"enemies":"Hallownest:Flukemon_and_Top","floor":19.0,"turns":5.0},{"damage":0.0,"enemies":"Hallownest:Glutton_and_Coward","floor":24.0,"turns":5.0},{"damage":0.0,"enemies":"Hallownest:Warrior_and_Youth","floor":27.0,"turns":1.0},{"damage":0.0,"enemies":"Hallownest:monsterShrumalOgre","floor":30.0,"turns":2.0},{"damage":1,"enemies":"Hallownest:BossSoulMaster","floor":33,"turns":8},{"damage":37,"enemies":"Hallownest:3_Siblings","floor":35,"turns":6},{"damage":13,"enemies":"Hallownest:2_Littles","floor":36,"turns":8},{"damage":35,"enemies":"Hallownest:monsterPrimalAspid","floor":38,"turns":3}],"seed_played":"1753858344239472687","potions_obtained":[{"floor":1.0,"key":"Languid Potion"},{"floor":4.0,"key":"CalmPotion"},{"floor":19.0,"key":"Ancient Potion"},{"floor":24.0,"key":"FearPotion"},{"floor":27.0,"key":"UndeadPotion"},{"floor":36,"key":"EssenceOfSteel"}],"is_trial":false,"path_per_floor":["M","?","?","M","?","R","$","R","T","$","?","R","$","M","R","B",null,"M","M","?","AVR","?","R","M","R","T","M","R","?","M","?","R","B",null,"M","M","?","M"],"character_chosen":"THE_CONSTRUCT_MOD","items_purchased":["Chemical X"],"campfire_rested":0,"item_purchase_floors":[10],"current_hp_per_floor":[82,85,64,75,75,75,75,75,75,75,75,75,75,75,75,19,85,85,85,85,85,64,64,64,64,64,64,64,64,64,64,64,78,85,48,35,35,0,0],"gold":483,"neow_bonus":"ONE_RANDOM_RARE_CARD","is_daily":false,"chose_seed":false,"campfire_upgraded":8,"win_rate":0.0,"timestamp":1612974679,"path_taken":["M","?","?","M","?","R","$","R","T","$","?","R","?","M","R","BOSS","M","M","?","AVR","?","R","M","R","T","M","R","?","M","?","R","BOSS","M","M","?","M"],"items_purchased_type":["Relic"],"build_version":"2020-12-22","purchased_purges":0,"victory":false,"max_hp_per_floor":[85,85,85,85,85,85,85,85,85,85,85,85,85,85,85,85,85,85,85,85,85,85,85,85,85,85,85,85,85,85,85,85,85,85,85,85,85,85,85],"card_choices":[{"not_picked":["construct:Versatility","construct:FocusedBeam"],"picked":"construct:ScopeCore","floor":1.0},{"not_picked":["infinitespire:TheBestDefense","infinitespire:Collect"],"picked":"hubris:Fate","floor":3.0},{"not_picked":["construct:Electrocute","construct:ElectricArmor"],"picked":"construct:ClusterMines","floor":4.0},{"not_picked":["construct:Electrocute","construct:OmegaCannon"],"picked":"construct:Impenetrable","floor":14.0},{"not_picked":["construct:Reserves","construct:GatlingGun"],"picked":"construct:ShieldBurst","floor":16.0},{"not_picked":["construct:ModeShift","construct:Forcefield"],"picked":"construct:SyphonStrike","floor":18.0},{"not_picked":["construct:SaveState","construct:ScrapCannon"],"picked":"construct:Boost","floor":19.0},{"not_picked":["construct:Accumulate","construct:ModeShift"],"picked":"construct:SuppressiveFire","floor":22.0},{"not_picked":["construct:CriticalHit","construct:Boost"],"picked":"construct:Hazardproof","floor":22.0},{"not_picked":["construct:SuppressiveFire+1","construct:Backfire+1"],"picked":"construct:HammerDown","floor":24.0},{"not_picked":["construct:FierceBash","construct:ModeShift"],"picked":"construct:Versatility","floor":27.0},{"not_picked":["construct:Accumulate+1","construct:Impenetrable"],"picked":"construct:Overcharge","floor":30.0},{"not_picked":["construct:MassProduction","construct:LongRangeLance"],"picked":"construct:SpinDrive","floor":33},{"not_picked":["construct:Construct_Overclock+1","construct:FocusedBeam","construct:SweepLaser+1"],"picked":"construct:CripplingShot+1","floor":35},{"not_picked":["construct:FierceBash+1","construct:ScrapCannon","construct:Chainstrike"],"picked":"construct:ModeShift+1","floor":36}],"player_experience":1570463,"relics_obtained":[{"floor":1.0,"key":"LetterFromLob"},{"floor":9.0,"key":"Hololive_LightStick"},{"floor":11.0,"key":"Juzu Bracelet"},{"floor":11.0,"key":"infinitespire:CheckeredPen"},{"floor":11.0,"key":"Replay:Kaleidoscope"},{"floor":22.0,"key":"hubris:ToyBattleship"},{"floor":26.0,"key":"infinitespire:ShieldingShard"}],"event_choices":[],"is_beta":false,"boss_relics":[{"not_picked":["construct:WeddingRing","ReplayTheSpireMod:DimensionalGlitch"],"picked":"infinitespire:Cupcake"},{"not_picked":["bronze:MakeshiftBattery","hubris:TerracottaHorce"],"picked":"aspiration:RunesmithSkillbook"}],"items_purged_floors":[],"is_endless":false,"potions_floor_spawned":[1,4,19,24,27,36],"killed_by":"Hallownest:monsterPrimalAspid","ascension_level":0}}