{"host":"aqym1xxr3lb31d9m","time":1612969999,"event":{"mods":["BaseMod","Block Reminder","Colored Map","Colored Powertips","DeckTracker","Highlight Path","Minty Spire (QoL Compilation)","Quick Restart","Random Character Button","StSLib","SuperFastMode","UnlockEverythingMod"],"gold_per_floor":[364,364,380,393,334,334,362,362,434,11,11,29,29,41,41,116,116,133,152,110,110,110],"floor_reached":21,"language":"JPN","playtime":1050,"items_purged":[],"score":358,"play_id":"9d78b5e1-0200-4b9a-8918-dc880adbbfc4","local_time":"20210211001319","is_ascension_mode":true,"campfire_choices":[{"data":"Deadly Poison","floor":6,"key":"SMITH"},{"data":"Neutralize","floor":8,"key":"SMITH"},{"data":"Calculated Gamble","floor":15,"key":"SMITH"}],"circlet_count":0,"master_deck":["AscendersBane","Strike_G","Strike_G","Strike_G","Strike_G","Strike_G","Defend_G","Defend_G","Defend_G","Defend_G","Defend_G","Survivor","Neutralize+1","Clumsy","Quick Slash","Calculated Gamble+1","Flechettes","Deadly Poison+1","Calculated Gamble","Well Laid Plans+1","Concentrate","Masterful Stab","Acrobatics","Blur","Infinite Blades+1","Corpse Explosion","Acrobatics","Deflect+1","Noxious Fumes+1"],"relics":["Ring of the Snake","Regal Pillow","Frozen Egg 2","Orrery","White Beast Statue","Ninja Scroll","SacredBark"],"acts_visited":["Exordium","TheCity"],"potions_floor_usage":[7,12,14,16,18,19],"damage_taken":[{"damage":1,"enemies":"Small Slimes","floor":1,"turns":4},{"damage":7,"enemies":"Cultist","floor":3,"turns":5},{"damage":5,"enemies":"Jaw Worm","floor":4,"turns":6},{"damage":32,"enemies":"Gremlin Nob","floor":7,"turns":4},{"damage":0,"enemies":"2 Fungi Beasts","floor":12,"turns":2},{"damage":0,"enemies":"Large Slime","floor":14,"turns":4},{"damage":18,"enemies":"The Guardian","floor":16,"turns":14},{"damage":1,"enemies":"3 Byrds","floor":18,"turns":4},{"damage":0,"enemies":"2 Thieves","floor":19,"turns":1},{"damage":65,"enemies":"Shelled Parasite and Fungi","floor":21,"turns":5}],"seed_played":"-7069075159511723013","potions_obtained":[{"floor":2,"key":"SpeedPotion"},{"floor":2,"key":"DistilledChaos"},{"floor":12,"key":"Dexterity Potion"},{"floor":14,"key":"Fruit Juice"},{"floor":16,"key":"Fire Potion"},{"floor":18,"key":"Fire Potion"},{"floor":19,"key":"FearPotion"}],"is_trial":false,"path_per_floor":["M","?","M","M","$","R","E","R","T","$","T","M","$","M","R","B",null,"M","M","$","M"],"character_chosen":"THE_SILENT","items_purchased":["Deadly Poison","Orrery","White Beast Statue","Noxious Fumes+1"],"campfire_rested":0,"item_purchase_floors":[5,10,10,20],"current_hp_per_floor":[58,58,51,46,46,46,14,14,14,14,14,14,14,19,19,1,54,53,53,53,0,0],"gold":110,"neow_bonus":"TWO_FIFTY_GOLD","is_daily":false,"chose_seed":false,"campfire_upgraded":3,"win_rate":0.0,"timestamp":1612969999,"path_taken":["M","?","M","M","$","R","E","R","T","$","?","M","?","M","R","BOSS","M","M","$","M"],"items_purchased_type":["Card","Relic","Relic","Card"],"build_version":"2020-12-22","purchased_purges":0,"victory":false,"max_hp_per_floor":[66,66,66,66,66,66,66,66,66,66,66,66,66,71,71,71,71,71,71,71,71,71],"card_choices":[{"not_picked":["Concentrate","Sucker Punch"],"picked":"Quick Slash","floor":1},{"not_picked":["Dodge and Roll","Deflect"],"picked":"Calculated Gamble","floor":3},{"not_picked":["Tactician","Deflect"],"picked":"Flechettes","floor":4},{"not_picked":["Outmaneuver","Quick Slash"],"picked":"Calculated Gamble","floor":7},{"not_picked":["Accuracy+1","Predator"],"picked":"Well Laid Plans+1","floor":10},{"not_picked":["Glass Knife","Prepared"],"picked":"Concentrate","floor":10},{"not_picked":["Flying Knee","Caltrops+1"],"picked":"Masterful Stab","floor":10},{"not_picked":["Crippling Poison","Sucker Punch"],"picked":"Acrobatics","floor":10},{"not_picked":["Caltrops+1","Acrobatics"],"picked":"Blur","floor":12},{"not_picked":["Dagger Spray","Slice"],"picked":"Infinite Blades+1","floor":14},{"not_picked":["Phantasmal Killer","Storm of Steel"],"picked":"Corpse Explosion","floor":16},{"not_picked":["Choke","Flying Knee+1"],"picked":"Acrobatics","floor":18},{"not_picked":["Bane","Envenom+1"],"picked":"Deflect+1","floor":19}],"player_experience":4209286,"relics_obtained":[{"floor":7,"key":"Regal Pillow"},{"floor":9,"key":"Frozen Egg 2"},{"floor":11,"key":"Ninja Scroll"}],"event_choices":[{"damage_healed":0,"gold_gain":0,"player_choice":"Got Potions","damage_taken":0,"max_hp_gain":0,"max_hp_loss":0,"event_name":"Lab","floor":2,"gold_loss":0}],"is_beta":false,"boss_relics":[{"not_picked":["Busted Crown","Empty Cage"],"picked":"SacredBark"}],"items_purged_floors":[],"is_endless":false,"potions_floor_spawned":[12,14,16,18,19],"killed_by":"Shelled Parasite and Fungi","ascension_level":20}}