{"host":"ucgrft0m53zzt06v","time":1612938660,"event":{"mods":["BaseMod","Colored Map","Colored Powertips","Conspire","HololiveMod","KinomotoSakuraMod(木之本樱)","Lobotomy","Minty Spire (QoL Compilation)","Quick Restart","Replay The Spire","Shop Mod","Spicy Shops","StSLib","Td1madao Mod","The Senshi","Waifu the Spire","WarShipGirlsR/战舰少女R mod","【遗物卡牌】REMEMod"],"gold_per_floor":[336,31,44,57,76,76,90,107,132,132,148,180,200,200,200,201,201],"floor_reached":16,"language":"ZHS","playtime":678,"items_purged":["ReplayTheSpireMod:Doomed"],"score":209,"play_id":"f75ca8fe-37e2-404f-ae32-f44e25cda153","local_time":"20210210143100","is_ascension_mode":true,"campfire_choices":[{"data":"ReplayTheSpireMod:Private Reserves","floor":6.0,"key":"SMITH"},{"data":"Sub Weapons","floor":10.0,"key":"SMITH"},{"floor":15.0,"key":"REST"}],"circlet_count":0,"master_deck":["AscendersBane","Hololive_Strike","Hololive_Strike","Hololive_Strike","Hololive_Strike+1","Hololive_Defend","Hololive_Defend","Hololive_Defend","Hololive_Defend","Hololive_Sequa+1","Hololive_Rebound","Sub Weapons+1","Hololive_RevenueBasedLive","ReplayTheSpireMod:Private Reserves+1","Hololive_FlyingPonyTail","Hololive_CallHoushouMarine","Hololive_CallYukihanaLamy","Hololive_CallAZKi","Hololive_FlyingPonyTail","Hololive_CallHoshimachiSuisei"],"relics":["Hololive_TheStar","Hololive_OneManArmy","REME_ComplimentaryCards","MerchantsRug","Whetstone","Torii","Golden Idol"],"acts_visited":["Exordium"],"potions_floor_usage":[16],"damage_taken":[{"damage":0.0,"enemies":"Jaw Worm","floor":1.0,"turns":3.0},{"damage":0.0,"enemies":"conspire:RoseBush","floor":3.0,"turns":4.0},{"damage":0.0,"enemies":"Small Slimes","floor":4.0,"turns":3.0},{"damage":6.0,"enemies":"Exordium Wildlife","floor":5.0,"turns":5.0},{"damage":2.0,"enemies":"conspire:2 RoseBushes","floor":7.0,"turns":6.0},{"damage":0.0,"enemies":"2 Fungi Beasts","floor":8.0,"turns":3.0},{"damage":0.0,"enemies":"Looter","floor":11.0,"turns":2.0},{"damage":20.0,"enemies":"Lagavulin","floor":12.0,"turns":7.0},{"damage":0.0,"enemies":"Large Slime","floor":13.0,"turns":4.0},{"damage":14,"enemies":"The Guardian","floor":16,"turns":6}],"seed_played":"4635627933396441044","potions_obtained":[{"floor":1.0,"key":"Explosive Potion"},{"floor":7.0,"key":"Energy Potion"},{"floor":12.0,"key":"Strength Potion"}],"is_trial":false,"path_per_floor":["M","$","M","M","M","R","M","M","T","R","M","E","M","?","R","B"],"character_chosen":"Hololive_HololiveCharacter","items_purchased":["ReplayTheSpireMod:Private Reserves","MerchantsRug"],"campfire_rested":1,"item_purchase_floors":[2,2],"current_hp_per_floor":[32,32,32,32,26,26,24,24,24,24,24,4,4,4,13,0,0],"gold":201,"neow_bonus":"TWO_FIFTY_GOLD","is_daily":false,"chose_seed":false,"campfire_upgraded":2,"win_rate":0.0,"timestamp":1612938660,"path_taken":["M","$","M","M","M","R","M","M","T","R","M","E","M","?","R","BOSS"],"items_purchased_type":["Card","Relic"],"build_version":"2020-12-22","purchased_purges":1,"victory":false,"max_hp_per_floor":[35,35,35,35,35,35,35,35,35,35,35,35,35,33,33,33,33],"card_choices":[{"not_picked":["Hololive_Drill","Hololive_StrengthChampion","Hololive_CocoNews"],"picked":"Hololive_RevenueBasedLive","floor":1.0},{"not_picked":["Hololive_Drill","Hololive_CallOzoraSubaru","Hololive_CallAkaiHaato"],"picked":"Hololive_FlyingPonyTail","floor":3.0},{"not_picked":["Hololive_AWSL","Hololive_OvertimeWork","Hololive_LuckPotion"],"picked":"Hololive_CallHoushouMarine","floor":4.0},{"not_picked":["Hololive_BringToTrial","Hololive_CallShiranuiFlare","Hololive_CocoNews","Hololive_StrengthChampion"],"picked":"SKIP","floor":5.0},{"not_picked":["Hololive_CallHimemoriLuna","Hololive_StrengthChampion","Hololive_ILoveYou"],"picked":"Hololive_CallYukihanaLamy","floor":7.0},{"not_picked":["Hololive_CallYozoraMel","Hololive_RevenueBasedLive","Hololive_SummonFox"],"picked":"Hololive_CallAZKi","floor":8.0},{"not_picked":["Hololive_Sequa","Hololive_StrengthChampion","Hololive_CocoNews"],"picked":"Hololive_FlyingPonyTail","floor":11.0},{"not_picked":["Hololive_HighAtkLowDef","Hololive_CallShiranuiFlare","Hololive_HuntDinosaur"],"picked":"Hololive_CallHoshimachiSuisei","floor":12.0},{"not_picked":["Hololive_HuntDinosaur","Hololive_Trident","Hololive_CallAZKi","Hololive_RevenueBasedLive"],"picked":"SKIP","floor":13.0}],"player_experience":226248,"relics_obtained":[{"floor":9.0,"key":"Whetstone"},{"floor":12.0,"key":"Torii"}],"event_choices":[{"damage_healed":0.0,"max_hp_gain":0.0,"max_hp_loss":2.0,"gold_gain":0.0,"event_name":"Golden Idol","player_choice":"Lose Max HP","floor":14.0,"gold_loss":0.0,"damage_taken":0.0,"relics_obtained":["Golden Idol"]}],"is_beta":false,"boss_relics":[],"items_purged_floors":[2],"is_endless":false,"potions_floor_spawned":[1,7,12],"killed_by":"The Guardian","ascension_level":10}}