{"host":"3po7ngt2j61s4rmj","time":1612980219,"event":{"mods":["Act Like it!","BaseMod","Elementarium","Minty Spire (QoL Compilation)","Relic Stats","Shade Mod","StSLib","The Cursed"],"gold_per_floor":[360,377,397,408,8,36,36,54,129,129,164,164,197,215,215,312,312,332,23,37,53,63,94,94,128,153,253,253,288,288,320,320,419,419,432,11,11,11,286,286,296,296,296,313,347,347,347,347,347,347,347,347,11,42,42],"floor_reached":56,"language":"ENG","playtime":6290,"items_purged":["TheCursedMod:Defend_TheCursed","TheCursedMod:Strike_TheCursed"],"score":1822,"play_id":"bc054c41-6df8-4155-98f4-c2cd4474db0a","local_time":"20210210110339","is_ascension_mode":true,"campfire_choices":[{"floor":7.0,"key":"REST"},{"floor":10.0,"key":"REST"},{"data":"TheCursedMod:ReleasedKnowledge","floor":12.0,"key":"SMITH"},{"data":"TheCursedMod:AntiAging","floor":15.0,"key":"SMITH"},{"floor":24.0,"key":"REST"},{"floor":30.0,"key":"REST"},{"data":"TheCursedMod:CircleOfAbyss","floor":32.0,"key":"SMITH"},{"data":"TheCursedMod:CircleOfCorruption","floor":40.0,"key":"SMITH"},{"data":"TheCursedMod:StingEye","floor":42.0,"key":"SMITH"},{"floor":46,"key":"RECALL"},{"data":"TheCursedMod:CursedSpellbook","floor":47,"key":"SMITH"},{"data":"TheCursedMod:EmpowerCircles","floor":49,"key":"SMITH"},{"data":"TheCursedMod:TroublousMinions","floor":52,"key":"SMITH"}],"circlet_count":0,"master_deck":["TheCursedMod:Defend_TheCursed","TheCursedMod:Defend_TheCursed","TheCursedMod:Defend_TheCursed+1","TheCursedMod:CursedWand","TheCursedMod:CleanUpWorkshop","TheCursedMod:Dregs","TheCursedMod:CircleOfWindfury+1","TheCursedMod:EmpowerCircles+1","TheCursedMod:AbyssShockwave","TheCursedMod:TroublousMinions+1","TheCursedMod:WearCloak","TheCursedMod:TroublousMinions","TheCursedMod:ReleasedKnowledge+1","TheCursedMod:EmpowerCircles+1","TheCursedMod:AntiAging+1","TheCursedMod:CircleOfCorruption+1","TheCursedMod:CircleOfAbyss+1","CurseOfTheBell","TheCursedMod:TacticalStrike","TheCursedMod:ReleasedStrength+1","TheCursedMod:Hemoplague+1","TheCursedMod:CursedSpellbook+1","TheCursedMod:ManaBullet+1","TheCursedMod:StingEye+1","TheCursedMod:TacticalStrike+1","TheCursedMod:EmpowerCircles+1","TheCursedMod:Wield+1","TheCursedMod:CursedRelics+1","TheCursedMod:CircleOfCorruption+1","TheCursedMod:DoubleShield+1","TheCursedMod:RapidMovement+1","TheCursedMod:Grudge+1","TheCursedMod:EmpowerCircles+1","Regret","TheCursedMod:CircleOfCorruption+1","TheCursedMod:Torture+1"],"relics":["TheCursedMod:BlackMagic101","Happy Flower","War Paint","Lantern","Frozen Egg 2","WingedGreaves","Regal Pillow","Calling Bell","Pen Nib","TheCursedMod:BloodyHarpoon","TheCursedMod:CrystalBall","TheCursedMod:PinkPellets","Anchor","Tiny Chest","Pear","Art of War","Bird Faced Urn","The Courier","Boot","Toy Ornithopter","Elementarium:ElementariumTrophy","Astrolabe","Membership Card","Shuriken","Mercury Hourglass","Bag of Marbles","Bottled Tornado","Vajra","Prayer Wheel","Lee\u0027s Waffle","Mummified Hand","TheCursedMod:Tack","Akabeko","Bottled Flame"],"acts_visited":["Exordium","Exordium","TheBeyond","TheEnding"],"potions_floor_usage":[50,55,55],"damage_taken":[{"damage":11.0,"enemies":"Jaw Worm","floor":1.0,"turns":6.0},{"damage":0.0,"enemies":"Small Slimes","floor":2.0,"turns":4.0},{"damage":0.0,"enemies":"2 Louse","floor":3.0,"turns":5.0},{"damage":18.0,"enemies":"Exordium Thugs","floor":4.0,"turns":5.0},{"damage":14.0,"enemies":"Gremlin Nob","floor":6.0,"turns":5.0},{"damage":0.0,"enemies":"Blue Slaver","floor":8.0,"turns":4.0},{"damage":15.0,"enemies":"3 Sentries","floor":11.0,"turns":8.0},{"damage":76.0,"enemies":"Gremlin Nob","floor":13.0,"turns":6.0},{"damage":1.0,"enemies":"Red Slaver","floor":14.0,"turns":7.0},{"damage":12.0,"enemies":"The Guardian","floor":16.0,"turns":11.0},{"damage":4.0,"enemies":"Elementarium:MUD_AND_TAR_GOLEMS","floor":18.0,"turns":5.0},{"damage":0.0,"enemies":"Elementarium:2_ELEMENTALS","floor":20.0,"turns":4.0},{"damage":6.0,"enemies":"Elementarium:RubyGolem","floor":21.0,"turns":5.0},{"damage":15.0,"enemies":"Elementarium:STONE_GOLEMS","floor":22.0,"turns":4.0},{"damage":17.0,"enemies":"Elementarium:ElementalPortal","floor":23.0,"turns":5.0},{"damage":14.0,"enemies":"Elementarium:FIRE_NOBILITY","floor":25.0,"turns":4.0},{"damage":8.0,"enemies":"Elementarium:FIRE_SANCTUM_HERALD","floor":27.0,"turns":4.0},{"damage":31.0,"enemies":"Elementarium:FIRE_SANCTUM_FIRELORD","floor":27.0,"turns":8.0},{"damage":0.0,"enemies":"Elementarium:ElementalPortal","floor":29.0,"turns":5.0},{"damage":26.0,"enemies":"Elementarium:FIRE_NOBILITY","floor":31.0,"turns":6.0},{"damage":11.0,"enemies":"Elementarium:GoldenDragon","floor":33.0,"turns":8.0},{"damage":17.0,"enemies":"3 Darklings","floor":35.0,"turns":3.0},{"damage":0.0,"enemies":"Orb Walker","floor":41.0,"turns":2.0},{"damage":27,"enemies":"3 Darklings","floor":44,"turns":3},{"damage":15,"enemies":"Reptomancer","floor":45,"turns":4},{"damage":41,"enemies":"Time Eater","floor":50,"turns":7},{"damage":0,"enemies":"Shield and Spear","floor":54,"turns":3},{"damage":101,"enemies":"The Heart","floor":55,"turns":6}],"seed_played":"-679776907700848097","potions_obtained":[{"floor":2.0,"key":"SpeedPotion"},{"floor":3.0,"key":"FairyPotion"},{"floor":4.0,"key":"Weak Potion"},{"floor":14.0,"key":"GamblersBrew"},{"floor":16.0,"key":"Swift Potion"},{"floor":22.0,"key":"Explosive Potion"},{"floor":25.0,"key":"Fruit Juice"},{"floor":29.0,"key":"FearPotion"},{"floor":31.0,"key":"Weak Potion"},{"floor":33.0,"key":"LiquidMemories"},{"floor":41.0,"key":"SmokeBomb"},{"floor":44,"key":"LiquidBronze"},{"floor":54,"key":"FairyPotion"}],"is_trial":false,"path_per_floor":["M","M","M","M","$","E","R","M","T","R","E","R","E","M","R","B",null,"M","$","M","M","M","E","R","E","T","?","?","E","R","E","R","B",null,"M","$","?","T","?","R","M","R","T","M","E","R","R","T","R","B",null,"R","$","E","B",null],"character_chosen":"THE_CURSED","items_purchased":["Happy Flower","War Paint","TheCursedMod:WearCloak","TheCursedMod:PinkPellets","Anchor","Membership Card","Shuriken","Mercury Hourglass","Bag of Marbles","TheCursedMod:EmpowerCircles+1","Lee\u0027s Waffle","Mummified Hand","TheCursedMod:Tack","Akabeko"],"campfire_rested":4,"item_purchase_floors":[5,5,5,19,19,36,36,36,36,36,53,53,53,53],"current_hp_per_floor":[39,39,39,21,21,7,29,29,29,51,36,36,22,23,23,14,64,63,63,66,63,51,37,80,76,76,40,48,59,109,91,91,106,122,114,114,114,114,114,114,116,116,116,98,94,94,94,94,94,68,119,119,143,146,59],"gold":42,"neow_bonus":"TWO_FIFTY_GOLD","is_daily":false,"chose_seed":false,"campfire_upgraded":8,"win_rate":0.0,"timestamp":1612980219,"path_taken":["M","M","M","M","$","E","R","M","T","R","E","R","E","M","R","BOSS","M","$","M","M","M","E","R","E","T","?","?","E","R","E","R","BOSS","M","$","?","?","?","R","M","R","T","?","E","R","R","?","R","BOSS","R","$","E","BOSS"],"items_purchased_type":["Relic","Relic","Card","Relic","Relic","Relic","Relic","Relic","Relic","Card","Relic","Relic","Relic","Relic"],"build_version":"2020-12-22","purchased_purges":2,"victory":true,"max_hp_per_floor":[75,75,75,75,75,75,75,75,75,75,75,75,75,77,77,80,80,83,83,86,89,92,95,95,105,105,108,116,119,119,119,119,127,127,130,130,130,130,130,130,130,130,130,133,136,136,136,136,136,136,136,136,143,146,149],"relic_stats":{"Regal Pillow":30,"Lee\u0027s Waffle":24,"Happy Flower":[42],"counters":[28,147],"Astrolabe":["TheCursedMod:CircleOfCorruption","TheCursedMod:DoubleShield","TheCursedMod:RapidMovement"],"Pen Nib":[14],"War Paint":["TheCursedMod:Defend_TheCursed","TheCursedMod:CircleOfWindfury"],"Boot":[2],"Mercury Hourglass":[99],"Shuriken":[8],"Mummified Hand":[15],"Bird Faced Urn":[62],"Tiny Chest":1,"Prayer Wheel":0,"Art of War":[11],"obtain_stats":[{"TheCursedMod:BloodyHarpoon":17,"Lantern":6,"Regal Pillow":13,"TheCursedMod:Tack":53,"Vajra":45,"Bottled Tornado":38,"Boot":29,"Mummified Hand":53,"TheCursedMod:CrystalBall":17,"Tiny Chest":23,"Prayer Wheel":48,"WingedGreaves":11,"TheCursedMod:BlackMagic101":0,"Lee\u0027s Waffle":53,"Pear":25,"Happy Flower":5,"Astrolabe":34,"TheCursedMod:PinkPellets":19,"Pen Nib":17,"The Courier":27,"War Paint":5,"Frozen Egg 2":9,"Akabeko":53,"Mercury Hourglass":36,"Calling Bell":17,"Anchor":19,"Bottled Flame":54,"Elementarium:ElementariumTrophy":33,"Shuriken":36,"Bird Faced Urn":27,"Art of War":26,"Bag of Marbles":36,"Membership Card":36,"Toy Ornithopter":31},{"TheCursedMod:BloodyHarpoon":10,"Lantern":5,"Regal Pillow":8,"TheCursedMod:Tack":26,"Vajra":25,"Bottled Tornado":22,"Boot":19,"Mummified Hand":26,"TheCursedMod:CrystalBall":10,"Tiny Chest":15,"Prayer Wheel":25,"WingedGreaves":7,"TheCursedMod:BlackMagic101":0,"Lee\u0027s Waffle":26,"Pear":16,"Happy Flower":4,"Astrolabe":21,"TheCursedMod:PinkPellets":11,"Pen Nib":10,"The Courier":18,"War Paint":4,"Frozen Egg 2":6,"Akabeko":26,"Mercury Hourglass":22,"Calling Bell":10,"Anchor":11,"Bottled Flame":27,"Elementarium:ElementariumTrophy":21,"Shuriken":22,"Bird Faced Urn":18,"Art of War":16,"Bag of Marbles":22,"Membership Card":22,"Toy Ornithopter":20},{"TheCursedMod:BloodyHarpoon":61,"Lantern":25,"Regal Pillow":43,"TheCursedMod:Tack":138,"Vajra":131,"Bottled Tornado":122,"Boot":105,"Mummified Hand":138,"TheCursedMod:CrystalBall":61,"Tiny Chest":84,"Prayer Wheel":131,"WingedGreaves":37,"TheCursedMod:BlackMagic101":0,"Lee\u0027s Waffle":138,"Pear":88,"Happy Flower":20,"Astrolabe":119,"TheCursedMod:PinkPellets":66,"Pen Nib":61,"The Courier":100,"War Paint":20,"Frozen Egg 2":29,"Akabeko":138,"Mercury Hourglass":122,"Calling Bell":61,"Anchor":66,"Bottled Flame":141,"Elementarium:ElementariumTrophy":119,"Shuriken":122,"Bird Faced Urn":100,"Art of War":88,"Bag of Marbles":122,"Membership Card":122,"Toy Ornithopter":111}],"Toy Ornithopter":20},"card_choices":[{"not_picked":["TheCursedMod:SurpriseAttack","TheCursedMod:SpitefulStrike"],"picked":"TheCursedMod:CircleOfWindfury","floor":1.0},{"not_picked":["TheCursedMod:Wield","TheCursedMod:FleshFromBone"],"picked":"TheCursedMod:EmpowerCircles","floor":2.0},{"not_picked":["TheCursedMod:SurpriseAttack","TheCursedMod:CursedAmulet"],"picked":"TheCursedMod:AbyssShockwave","floor":3.0},{"not_picked":["TheCursedMod:SmokeScreen","TheCursedMod:SpitefulStrike"],"picked":"TheCursedMod:TroublousMinions","floor":4.0},{"not_picked":["TheCursedMod:ShockAndAwe","TheCursedMod:LuckyCharm"],"picked":"TheCursedMod:TroublousMinions","floor":6.0},{"not_picked":["TheCursedMod:FleshFromBone","TheCursedMod:SmokeScreen"],"picked":"TheCursedMod:ReleasedKnowledge","floor":8.0},{"not_picked":["TheCursedMod:Obscuration","TheCursedMod:SurpriseAttack"],"picked":"TheCursedMod:EmpowerCircles+1","floor":11.0},{"not_picked":["TheCursedMod:AshesToAshes","TheCursedMod:CircleOfCorruption"],"picked":"TheCursedMod:AntiAging","floor":13.0},{"not_picked":["TheCursedMod:Torture","TheCursedMod:Mangle"],"picked":"TheCursedMod:CircleOfCorruption","floor":14.0},{"not_picked":["TheCursedMod:AntiAging","TheCursedMod:OutForBlood+1"],"picked":"TheCursedMod:CircleOfAbyss","floor":16.0},{"not_picked":["TheCursedMod:HellsGateOpen+1","TheCursedMod:SaltUponWound"],"picked":"TheCursedMod:TacticalStrike","floor":18.0},{"not_picked":["TheCursedMod:CircleOfAmplification","TheCursedMod:HellsGateOpen+1"],"picked":"TheCursedMod:ReleasedStrength+1","floor":20.0},{"not_picked":["TheCursedMod:StingEye","TheCursedMod:BloodBarrier+1"],"picked":"TheCursedMod:Hemoplague+1","floor":21.0},{"not_picked":["TheCursedMod:PrepareRite","TheCursedMod:Torture"],"picked":"TheCursedMod:CursedSpellbook","floor":22.0},{"not_picked":["TheCursedMod:Stigma","TheCursedMod:AbyssShockwave"],"picked":"TheCursedMod:ManaBullet+1","floor":23.0},{"not_picked":["TheCursedMod:RavingStaff","TheCursedMod:ManaCirculation+1"],"picked":"TheCursedMod:StingEye","floor":25.0},{"not_picked":["TheCursedMod:RapidMovement","TheCursedMod:CursedShiv"],"picked":"TheCursedMod:TacticalStrike+1","floor":27.0},{"not_picked":["TheCursedMod:CursedMace","TheCursedMod:WearCloak"],"picked":"TheCursedMod:EmpowerCircles+1","floor":29.0},{"not_picked":["TheCursedMod:ReleasedKnowledge","TheCursedMod:CircleOfWindfury"],"picked":"TheCursedMod:Wield+1","floor":31.0},{"not_picked":["TheCursedMod:NeowsMight","TheCursedMod:UltimatePain"],"picked":"TheCursedMod:CursedRelics","floor":33.0},{"not_picked":["TheCursedMod:HellsGateOpen+1","TheCursedMod:SpitefulStrike+1"],"picked":"TheCursedMod:Grudge+1","floor":35.0},{"not_picked":["TheCursedMod:Stigma","TheCursedMod:Wield","TheCursedMod:WearCloak"],"picked":"SKIP","floor":41.0},{"not_picked":["TheCursedMod:SoulCrush","TheCursedMod:SurpriseAttack"],"picked":"TheCursedMod:CircleOfCorruption+1","floor":44},{"not_picked":["TheCursedMod:FleshFromBone","TheCursedMod:CursedMace"],"picked":"TheCursedMod:Torture+1","floor":45},{"not_picked":["TheCursedMod:CircleOfBlood+1","TheCursedMod:RavingStaff","TheCursedMod:CircleOfFlame"],"picked":"SKIP","floor":54}],"player_experience":1091062,"relics_obtained":[{"floor":6.0,"key":"Lantern"},{"floor":9.0,"key":"Frozen Egg 2"},{"floor":11.0,"key":"WingedGreaves"},{"floor":13.0,"key":"Regal Pillow"},{"floor":17.0,"key":"Pen Nib"},{"floor":17.0,"key":"TheCursedMod:BloodyHarpoon"},{"floor":17.0,"key":"TheCursedMod:CrystalBall"},{"floor":23.0,"key":"Tiny Chest"},{"floor":25.0,"key":"Pear"},{"floor":26.0,"key":"Art of War"},{"floor":27.0,"key":"Bird Faced Urn"},{"floor":27.0,"key":"The Courier"},{"floor":29.0,"key":"Boot"},{"floor":31.0,"key":"Toy Ornithopter"},{"floor":38.0,"key":"Bottled Tornado"},{"floor":45,"key":"Vajra"},{"floor":48,"key":"Prayer Wheel"},{"floor":54,"key":"Bottled Flame"}],"event_choices":[{"damage_healed":0.0,"max_hp_gain":0.0,"max_hp_loss":0.0,"gold_gain":0.0,"event_name":"Elementarium:FireSanctum","player_choice":"Fight","floor":27.0,"gold_loss":0.0,"damage_taken":0.0},{"damage_healed":0.0,"max_hp_gain":0.0,"max_hp_loss":0.0,"gold_gain":0.0,"event_name":"Elementarium:FireSanctum","player_choice":"Confrontation","floor":27.0,"gold_loss":0.0,"damage_taken":0.0},{"damage_healed":0.0,"max_hp_gain":8.0,"max_hp_loss":0.0,"gold_gain":0.0,"event_name":"Elementarium:SculptureGarden","player_choice":"Graft","floor":28.0,"gold_loss":0.0,"damage_taken":0.0},{"damage_healed":0.0,"max_hp_gain":0.0,"max_hp_loss":0.0,"gold_gain":0.0,"event_name":"Upgrade Shrine","player_choice":"Upgraded","floor":37.0,"gold_loss":0.0,"damage_taken":0.0,"cards_upgraded":["TheCursedMod:CursedRelics"]},{"damage_healed":0.0,"max_hp_gain":0.0,"max_hp_loss":0.0,"gold_gain":275.0,"event_name":"Golden Shrine","player_choice":"Desecrate","floor":39.0,"gold_loss":0.0,"damage_taken":0.0,"cards_obtained":["Regret"]}],"is_beta":false,"boss_relics":[{"not_picked":["Ectoplasm","TheCursedMod:BlackMagicAdvanced"],"picked":"Calling Bell"},{"not_picked":["Velvet Choker","TheCursedMod:FourLeafCloverCharm"],"picked":"Astrolabe"}],"items_purged_floors":[5,53],"is_endless":false,"potions_floor_spawned":[2,3,4,14,16,22,25,29,31,33,41,44,54],"ascension_level":8}}