{"host":"lrlw254gqe5layub","time":1612938132,"event":{"mods":["AchievementEnabler","BaseMod","Colored Map","Colored Powertips","Minty Spire (QoL Compilation)","Rare Cards Sparkle","SuperFastMode"],"gold_per_floor":[117,135,150,168,181,181,196,226,250,26,41,3,3,3,3,101,101,112,75,75,75,174,204,204,204],"floor_reached":24,"language":"KOR","playtime":966,"items_purged":[],"score":335,"play_id":"93f38c48-f6a0-45d4-9af9-2dd4f1cd1e89","local_time":"20210210152212","is_ascension_mode":true,"campfire_choices":[{"floor":6,"key":"REST"},{"data":"Zap","floor":13,"key":"SMITH"},{"floor":15,"key":"RECALL"}],"circlet_count":0,"master_deck":["AscendersBane","Zap+1","Dualcast","Cold Snap","Coolheaded","Creative AI","Gash","Leap","Stack","Conserve Battery","Capacitor","Consume","Core Surge","Streamline","Recycle","Hyperbeam","Turbo","Multi-Cast","Reboot","Redo","Capacitor","Glacier","White Noise"],"relics":["Cracked Core","NeowsBlessing","Ancient Tea Set","MealTicket","Membership Card","DataDisk","Pandora\u0027s Box","Gremlin Horn"],"acts_visited":["Exordium","TheCity"],"potions_floor_usage":[16,23],"damage_taken":[{"damage":0,"enemies":"Cultist","floor":1,"turns":1},{"damage":0,"enemies":"2 Louse","floor":2,"turns":1},{"damage":0,"enemies":"Small Slimes","floor":3,"turns":1},{"damage":2,"enemies":"2 Fungi Beasts","floor":4,"turns":4},{"damage":32,"enemies":"Exordium Thugs","floor":5,"turns":6},{"damage":7,"enemies":"Looter","floor":7,"turns":4},{"damage":34,"enemies":"3 Sentries","floor":8,"turns":5},{"damage":4,"enemies":"Blue Slaver","floor":11,"turns":4},{"damage":25,"enemies":"The Guardian","floor":16,"turns":13},{"damage":10,"enemies":"Spheric Guardian","floor":18,"turns":5},{"damage":52,"enemies":"Book of Stabbing","floor":23,"turns":10},{"damage":6,"enemies":"Chosen","floor":24,"turns":1}],"seed_played":"1769775027760154464","potions_obtained":[{"floor":4,"key":"Energy Potion"},{"floor":5,"key":"AttackPotion"},{"floor":16,"key":"Ancient Potion"}],"is_trial":false,"path_per_floor":["M","M","M","M","M","R","M","E","T","$","M","$","R","$","R","B",null,"M","$","?","?","?","E","M"],"character_chosen":"DEFECT","items_purchased":["Membership Card","DataDisk","Capacitor","Capacitor"],"campfire_rested":1,"item_purchase_floors":[10,10,12,19],"current_hp_per_floor":[68,68,68,66,34,56,49,15,15,30,26,41,41,56,56,31,64,54,69,69,53,53,1,0,0],"gold":204,"neow_bonus":"THREE_ENEMY_KILL","is_daily":false,"chose_seed":false,"campfire_upgraded":1,"win_rate":0.0,"timestamp":1612938132,"path_taken":["M","M","M","M","M","R","M","E","T","$","M","$","R","?","R","BOSS","M","$","?","?","?","E","M"],"items_purchased_type":["Relic","Relic","Card","Card"],"build_version":"2020-12-22","purchased_purges":0,"victory":false,"max_hp_per_floor":[75,75,75,75,75,75,75,75,75,75,75,75,75,75,75,75,75,75,75,75,75,75,75,75,75],"card_choices":[{"not_picked":["Sweeping Beam","Leap"],"picked":"Cold Snap","floor":1},{"not_picked":["Recycle","Compile Driver"],"picked":"Coolheaded","floor":2},{"not_picked":["Ball Lightning","Capacitor"],"picked":"Creative AI","floor":3},{"not_picked":["Scrape","Sweeping Beam"],"picked":"Gash","floor":4},{"not_picked":["Barrage","Streamline","Hologram"],"picked":"SKIP","floor":5},{"not_picked":["Steam","Cold Snap"],"picked":"Leap","floor":7},{"not_picked":["Ball Lightning","Seek"],"picked":"Stack","floor":8},{"not_picked":["Tempest","Steam"],"picked":"Conserve Battery","floor":11},{"not_picked":["Cold Snap+1","Conserve Battery"],"picked":"Redo","floor":18},{"not_picked":["Steam Power","Blizzard"],"picked":"White Noise","floor":23}],"player_experience":488381,"relics_obtained":[{"floor":8,"key":"Ancient Tea Set"},{"floor":9,"key":"MealTicket"},{"floor":23,"key":"Gremlin Horn"}],"event_choices":[{"damage_healed":0,"gold_gain":0,"player_choice":"Read","damage_taken":0,"max_hp_gain":0,"max_hp_loss":0,"event_name":"The Library","floor":20,"gold_loss":0,"cards_obtained":["Glacier"]},{"damage_healed":0,"gold_gain":0,"player_choice":"Obtained Book","damage_taken":16,"max_hp_gain":0,"max_hp_loss":0,"event_name":"Cursed Tome","floor":21,"gold_loss":0},{"damage_healed":0,"gold_gain":99,"player_choice":"Stole From Cult","damage_taken":0,"max_hp_gain":0,"max_hp_loss":0,"event_name":"Nest","floor":22,"gold_loss":0}],"is_beta":false,"boss_relics":[{"not_picked":["Sozu","Fusion Hammer"],"picked":"Pandora\u0027s Box"}],"items_purged_floors":[],"is_endless":false,"potions_floor_spawned":[4,5,8,16,18],"killed_by":"Chosen","ascension_level":11}}