{"host":"q5l3nirlejh5mn15","time":1612946130,"event":{"mods":["100% Spire Juice","BaseMod","Bossed Relics","Downfall","Energized Spire","FoggyMod","Hermit","Koishi","Marisa（F雨　魔理沙）","Minty Spire (QoL Compilation)","MostiFishMod","Reimu（博丽灵梦）","Relic Filter Mod","Reliquary","Remilia（蕾米莉亚）","RumiaBox-露米娅的神秘盒子","Spicy Shops","StSLib","TestMod","The Hierophant","The Servant 0.9.4","UnlockEverythingMod","Warlord Emblem","【功能Mod】混沌之环修复补丁","【遗物卡牌】REMEMod"],"gold_per_floor":[99,99,99,99,117,90,114,128,128,156,56,156,156,220,230,327,327,327,198,263,313,363,7,32,42,69,118,185,259,159,208,223,319,319,219,279,156,604,653,653,653,720,769,442,545,618,315,380,392,392,392,417,40,40,40,40],"floor_reached":57,"language":"ZHS","playtime":2313,"items_purged":["Normality","Wraith","Injury","hexamod:SixthSeal","Bite","Slimebound:Tackle+1","hexamod:Defend"],"score":1720,"play_id":"b6461aed-cd7b-459d-9a49-84742e2691b1","local_time":"20210210163530","is_ascension_mode":true,"campfire_choices":[{"data":"bronze:Format","floor":1.0,"key":"SMITH"},{"floor":11.0,"key":"REST"},{"floor":13.0,"key":"REST"},{"data":"hexamod:EtherealExpedition","floor":18.0,"key":"SMITH"},{"floor":30.0,"key":"RECALL"},{"data":"hexamod:PowerFromBeyond","floor":35,"key":"SMITH"},{"data":"hexamod:Incineration","floor":40,"key":"SMITH"},{"data":"hexamod:RainOfEmbers","floor":54,"key":"SMITH"}],"circlet_count":0,"master_deck":["hexamod:Defend+1","hexamod:Defend+1","hexamod:Defend+1","hexamod:Sear+1","hexamod:Float+1","bronze:Format+1","hexamod:EtherealExpedition+1","hexamod:Incineration+1","hexamod:ExtraCrispy+1","hexamod:WildfireWeapon+1","hexamod:PowerFromBeyond+1","hexamod:SpectersWail+1","hexamod:SixthSeal","hexamod:HeatCrush","Slimebound:Tackle+1","Slimebound:Tackle+1","Bite+1","Bite+1","Bite+1","Bite+1","hexamod:EmpoweredFlame+1","hexamod:ParanormalForm+1","hexamod:RadiantFlame+1","expansioncontent:PrepareCrush+1","expansioncontent:InvincibleStrength+1","expansioncontent:PrepareCrush","expansioncontent:InvincibleStrength+1","hexamod:RecurringNightmare+1","hexamod:Incineration+1","hexamod:SpectersWail","hexamod:PowerFromBeyond+1","hexamod:RainOfEmbers+1"],"relics":["hexamod:SpiritBrand","testmod-TestBox","testmod-Laevatain","BirthdayGift-Tetrahedron","Mercury Hourglass","DaveBox","BirthdayGift-Tetrahedron","downfall:BrokenWingStatue","testmod-InfectionSource","Ccalipers","RuthlessExorcism:ReiMu","downfall:HeartBlessingGreen","downfall:CloakOfManyFaces","CultistMask","FaceOfCleric","NlothsMask","GremlinMask","SsserpentHead","RhineSuit","MutagenicStrength","Membership Card","testmod-Charity","Frozen Egg 2","Lee\u0027s Waffle","PureWhite:ReiMu","downfall:HeartBlessingBlue","FeatherPendant","downfall:HeartBlessingRed","PreservedInsect","BrkXgEgg","Eternal Feather","Happy Flower","DollysMirror","Mummified Hand","testmod-ThousandKnives","Bag of Preparation","testmod-CyclicPeriapt","Letter Opener","TungstenRod","reliquary:WeakTea","Gremlin Horn"],"acts_visited":["Exordium","TheCity","TheBeyond","TheEnding"],"potions_floor_usage":[33,56,56],"damage_taken":[{"damage":0.0,"enemies":"2 Louse","floor":5.0,"turns":1.0},{"damage":18.0,"enemies":"downfall:FleeingMerchant","floor":6.0,"turns":4.0},{"damage":2.0,"enemies":"Small Slimes","floor":8.0,"turns":1.0},{"damage":6.0,"enemies":"Gremlin Nob","floor":10.0,"turns":2.0},{"damage":10.0,"enemies":"downfall:FaceTrader","floor":12.0,"turns":3.0},{"damage":2.0,"enemies":"Jaw Worm","floor":14.0,"turns":1.0},{"damage":4.0,"enemies":"Gremlin Gang","floor":15.0,"turns":2.0},{"damage":8.0,"enemies":"WA_ARCHETYPE_RETAIN","floor":16.0,"turns":3.0},{"damage":4.0,"enemies":"Shell Parasite","floor":20.0,"turns":2.0},{"damage":6.0,"enemies":"REME_1_Revenger","floor":26.0,"turns":2.0},{"damage":6.0,"enemies":"Centurion and Healer","floor":28.0,"turns":2.0},{"damage":7.0,"enemies":"Centurion and Healer","floor":31.0,"turns":2.0},{"damage":4,"enemies":"Shelled Parasite and Fungi","floor":32,"turns":2},{"damage":16,"enemies":"IC_MUSHROOM_ARCHETYPE","floor":33,"turns":3},{"damage":4,"enemies":"3 Darklings","floor":36,"turns":2},{"damage":14,"enemies":"3 Shapes","floor":42,"turns":2},{"damage":2,"enemies":"2 Orb Walkers","floor":45,"turns":1},{"damage":2,"enemies":"3 Darklings","floor":48,"turns":1},{"damage":2,"enemies":"Spire Growth","floor":49,"turns":1},{"damage":6,"enemies":"DF_ARCHETYPE_ORBS","floor":50,"turns":2},{"damage":6,"enemies":"downfall:CharBossMerchant","floor":52,"turns":2},{"damage":9,"enemies":"downfall:NeowBoss","floor":55,"turns":5},{"damage":5,"enemies":"downfall:NeowBossFinal","floor":56,"turns":3}],"seed_played":"-3713248134017840326","potions_obtained":[{"floor":10.0,"key":"Fire Potion"},{"floor":14.0,"key":"Ancient Potion"},{"floor":15.0,"key":"SkillPotion"},{"floor":16.0,"key":"Fruit Juice"},{"floor":20.0,"key":"SteroidPotion"},{"floor":36,"key":"Fire Potion"}],"is_trial":false,"path_per_floor":["R","?","?","?","M","$","T","M","?","E","R","?","R","M","M","B",null,"R","$","M","?","?","$","T","$","E","?","M","T","R","?","M","B",null,"R","M","$","?","T","R","T","M","?","$","?","T","$","M","M","B",null,"E","$","R","B","B",null],"character_chosen":"THE_SPIRIT","items_purchased":["testmod-InfectionSource","hexamod:HeatCrush","Membership Card","testmod-Charity","Frozen Egg 2","Lee\u0027s Waffle","PreservedInsect","BrkXgEgg","DollysMirror","Mummified Hand","hexamod:RecurringNightmare","testmod-CyclicPeriapt","Letter Opener","TungstenRod","reliquary:WeakTea","bronze:BurnAndBuffPotion","hexamod:RainOfEmbers","Gremlin Horn"],"campfire_rested":2,"item_purchase_floors":[6,19,23,23,23,25,37,37,44,44,44,47,47,53,53,53,53,53],"current_hp_per_floor":[84,59,59,59,59,41,41,39,39,33,58,48,73,72,69,67,92,92,92,89,89,89,89,90,102,98,73,74,76,86,87,88,80,94,94,93,94,96,97,101,101,90,81,82,95,97,97,104,104,105,117,117,117,119,117,120],"gold":40,"neow_bonus":"TWENTY_PERCENT_HP_BONUS","is_daily":false,"chose_seed":false,"campfire_upgraded":5,"win_rate":0.0,"timestamp":1612946130,"path_taken":["R","?","?","?","?","$","T","?","?","E","R","?","R","?","M","BOSS","R","?","?","?","?","$","T","?","E","?","?","?","R","?","M","BOSS","R","?","?","?","?","R","T","?","?","?","?","?","$","?","M","BOSS","E","$","R","BOSS","BOSS"],"items_purchased_type":["Relic","Card","Relic","Relic","Relic","Relic","Relic","Relic","Relic","Relic","Card","Relic","Relic","Relic","Relic","Potion","Card","Relic"],"build_version":"2020-12-22","purchased_purges":7,"victory":true,"max_hp_per_floor":[84,84,84,84,84,84,84,84,84,84,84,84,84,85,86,92,92,92,92,93,93,93,93,94,102,104,73,76,78,88,90,92,94,94,94,97,98,100,101,101,101,104,105,106,109,111,111,114,116,117,117,119,119,119,120,121],"card_choices":[{"not_picked":["hexamod:NightmareGuise","hexamod:HeatMetal"],"picked":"hexamod:EtherealExpedition","floor":5.0},{"not_picked":["hexamod:SuperheatedStrike","hexamod:ShieldOfDarkness"],"picked":"hexamod:Incineration","floor":6.0},{"not_picked":["hexamod:NightmareGuise","hexamod:BacktrackSmack"],"picked":"hexamod:ExtraCrispy","floor":8.0},{"not_picked":["hexamod:ThermalTransfer","hexamod:GhostShield"],"picked":"hexamod:WildfireWeapon","floor":10.0},{"not_picked":["hexamod:NightmareGuise","hexamod:EmpoweredFlame"],"picked":"hexamod:PowerFromBeyond","floor":12.0},{"not_picked":["hexamod:GhostOfSpireFuture","hexamod:InspiringFlames","hexamod:ThermalTransfer"],"picked":"SKIP","floor":14.0},{"not_picked":["hexamod:FastForward","hexamod:GhostflameBarrier"],"picked":"hexamod:SpectersWail","floor":15.0},{"not_picked":["hexamod:Toasty","hexamod:GhostOfSpirePresent"],"picked":"hexamod:SixthSeal","floor":16.0},{"not_picked":["hexamod:HauntingEcho","hexamod:ShieldOfDarkness","hexamod:StepThrough"],"picked":"SKIP","floor":20.0},{"not_picked":["hexamod:NightmareGuise","hexamod:SpectersWail","hexamod:HeatMetal"],"picked":"SKIP","floor":26.0},{"not_picked":["hexamod:HeatMetal+1","hexamod:ThermalTransfer","hexamod:NightmareGuise"],"picked":"SKIP","floor":28.0},{"not_picked":["hexamod:StepThrough","hexamod:InspiringFlames"],"picked":"hexamod:EmpoweredFlame+1","floor":32},{"not_picked":["hexamod:WildfireWeapon+1","hexamod:FifthSeal"],"picked":"hexamod:ParanormalForm+1","floor":33},{"not_picked":["hexamod:FastForward+1","hexamod:BacktrackSmack"],"picked":"hexamod:RadiantFlame+1","floor":36},{"not_picked":["hexamod:Firestarter","hexamod:GhostShield","hexamod:NightmareStrike"],"picked":"SKIP","floor":42},{"not_picked":["expansioncontent:HyperBeam","expansioncontent:GuardianWhirl"],"picked":"expansioncontent:PrepareCrush","floor":43},{"not_picked":["expansioncontent:PrepareCrush","expansioncontent:Chronoboost"],"picked":"expansioncontent:InvincibleStrength","floor":43},{"not_picked":["expansioncontent:HyperBeam","expansioncontent:YouAreMine"],"picked":"expansioncontent:PrepareCrush","floor":43},{"not_picked":["hexamod:Haunt+1","hexamod:FastForward"],"picked":"hexamod:Incineration+1","floor":45},{"not_picked":["hexamod:SuperheatedStrike+1","hexamod:HeatMetal+1"],"picked":"hexamod:SpectersWail","floor":48},{"not_picked":["hexamod:InspiringFlames","hexamod:NightmareStrike"],"picked":"hexamod:PowerFromBeyond","floor":49},{"not_picked":["hexamod:CatchUp","hexamod:Again+1","hexamod:ThermalTransfer"],"picked":"SKIP","floor":52}],"player_experience":262099,"relics_obtained":[{"floor":7.0,"key":"Ccalipers"},{"floor":10.0,"key":"RuthlessExorcism:ReiMu"},{"floor":12.0,"key":"downfall:CloakOfManyFaces"},{"floor":26.0,"key":"PureWhite:ReiMu"},{"floor":39,"key":"Eternal Feather"},{"floor":41,"key":"Happy Flower"},{"floor":45,"key":"testmod-ThousandKnives"},{"floor":46,"key":"Bag of Preparation"}],"event_choices":[{"damage_healed":0.0,"max_hp_gain":0.0,"max_hp_loss":0.0,"gold_gain":0.0,"event_name":"Scrap Ooze","player_choice":"Success","floor":2.0,"gold_loss":0.0,"damage_taken":25.0,"relics_obtained":["Mercury Hourglass"]},{"damage_healed":0.0,"max_hp_gain":0.0,"max_hp_loss":0.0,"gold_gain":0.0,"event_name":"给自己的盒子","player_choice":"Swap Relic","floor":3.0,"relics_lost":["DaveBox"],"gold_loss":0.0,"damage_taken":0.0,"relics_obtained":["DaveBox"]},{"cards_removed":["Pain"],"damage_healed":0.0,"max_hp_gain":0.0,"max_hp_loss":0.0,"gold_gain":0.0,"event_name":"The Cleric","player_choice":"Card Removal","floor":9.0,"gold_loss":0.0,"damage_taken":0.0},{"damage_healed":0.0,"max_hp_gain":0.0,"max_hp_loss":0.0,"gold_gain":0.0,"event_name":"Drug Dealer","player_choice":"Inject Mutagens","floor":21.0,"gold_loss":0.0,"damage_taken":0.0,"relics_obtained":["MutagenicStrength"]},{"damage_healed":0.0,"max_hp_gain":0.0,"max_hp_loss":32.0,"gold_gain":0.0,"event_name":"Vampires","player_choice":"Became a vampire","floor":27.0,"gold_loss":0.0,"damage_taken":0.0,"cards_obtained":["Bite","Bite","Bite","Bite","Bite"]},{"damage_healed":0,"gold_gain":400,"player_choice":"Sell","damage_taken":0,"max_hp_gain":0,"max_hp_loss":0,"event_name":"恩洛斯的盘子","floor":38,"relics_lost":["REME_ComplimentaryCards"],"gold_loss":0},{"damage_healed":0,"gold_gain":0,"player_choice":"Fight","damage_taken":0,"max_hp_gain":0,"max_hp_loss":0,"event_name":"Mysterious Sphere","floor":45,"gold_loss":0}],"is_beta":false,"boss_relics":[{"not_picked":["energizedSpire:RedRose","energizedSpire:HugeHouse"],"picked":"RhineSuit"},{"not_picked":["JellyFishMachine","PatriotShield"],"picked":"FeatherPendant"}],"items_purged_floors":[6,19,37,44,44,47,53],"is_endless":false,"potions_floor_spawned":[10,14,15,16,20,28,36,52],"ascension_level":1}}