{"host":"43wsnxh97mgjl5zw","time":1612983154,"event":{"mods":["Aspiration","BaseMod","Colored Map","Colored Powertips","Downfall","Hubris","Minty Spire (QoL Compilation)","Quick Restart","Rare Cards Sparkle","Relic Sorter","Replay The Spire","StSLib"],"gold_per_floor":[273,113,123,123,30,105,136,152,152,152],"floor_reached":8,"language":"ENG","playtime":269,"items_purged":[],"score":84,"play_id":"e355352f-1d31-4059-8b4e-f231b80a4048","local_time":"20210210205234","is_ascension_mode":true,"campfire_choices":[],"circlet_count":0,"master_deck":["AscendersBane","Strike_R","Strike_R","Strike_R","Strike_R","Defend_R","Defend_R","Defend_R","Defend_R","Bash","Run Through","Battle Trance","Run Through","ReplayTheSpireMod:Private Reserves","Headbutt"],"relics":["Burning Blood","Gremlin Horn"],"acts_visited":["Exordium"],"potions_floor_usage":[6],"damage_taken":[{"damage":7,"enemies":"Small Slimes","floor":1,"turns":3},{"damage":1,"enemies":"Cultist","floor":2,"turns":4},{"damage":43,"enemies":"3 Sentries","floor":6,"turns":9},{"damage":2,"enemies":"Jaw Worm","floor":7,"turns":3},{"damage":20,"enemies":"Lagavulin","floor":8,"turns":5}],"seed_played":"2071976389295020285","potions_obtained":[{"floor":1,"key":"Block Potion"},{"floor":6,"key":"ElixirPotion"}],"is_trial":false,"path_per_floor":["M","M","?","$","?","E","M","E"],"character_chosen":"IRONCLAD","items_purchased":["ReplayTheSpireMod:Private Reserves"],"campfire_rested":0,"item_purchase_floors":[4],"current_hp_per_floor":[8,71,76,76,76,65,28,32,12,12],"gold":152,"neow_bonus":"THREE_CARDS","is_daily":false,"chose_seed":false,"campfire_upgraded":0,"win_rate":0.0,"timestamp":1612983154,"path_taken":["M","M","?","?","?","E","?","E"],"items_purchased_type":["Card"],"build_version":"2020-12-22","purchased_purges":0,"victory":false,"max_hp_per_floor":[74,80,80,80,80,80,80,80,80,80],"card_choices":[{"not_picked":["Pommel Strike","Feel No Pain"],"picked":"Run Through","floor":0},{"not_picked":["Flex","Perfected Strike"],"picked":"Battle Trance","floor":1},{"not_picked":["Flex","Dual Wield"],"picked":"Run Through","floor":2},{"not_picked":["Dark Embrace","Second Wind","Havoc"],"picked":"SKIP","floor":6},{"not_picked":["Heavy Blade","Clash"],"picked":"Headbutt","floor":7}],"player_experience":1240475,"relics_obtained":[{"floor":6,"key":"Gremlin Horn"}],"event_choices":[{"cards_removed":["Strike_R"],"damage_healed":0,"gold_gain":0,"player_choice":"Offered Basic","damage_taken":0,"max_hp_gain":0,"max_hp_loss":0,"event_name":"Bonfire Elementals","floor":3,"gold_loss":0},{"damage_healed":0,"gold_gain":75,"player_choice":"Gather Gold","damage_taken":11,"max_hp_gain":0,"max_hp_loss":0,"event_name":"World of Goop","floor":5,"gold_loss":0}],"is_beta":false,"boss_relics":[],"items_purged_floors":[],"is_endless":false,"potions_floor_spawned":[1,6],"killed_by":"Lagavulin","ascension_level":10}}