{"host":"9eblolo89h1d1ypp","time":1612967873,"event":{"mods":["BaseMod","Downfall","Highlight Path","Minty Spire (QoL Compilation)","StSLib"],"gold_per_floor":[114,130,51,68,68,68,243,257,257,282,294,324,324,334,334,433,433,451,376,376,389,389,389,412,423,449,477,489,532,544,161,161,161,161],"floor_reached":33,"language":"FRA","playtime":1398,"items_purged":["Slimebound:CheckThePlaybook"],"score":318,"play_id":"279f6c4d-d227-4ba9-9fb0-b5e46e86acfd","local_time":"20210210153753","is_ascension_mode":true,"campfire_choices":[{"data":"Vigilance","floor":6,"key":"SMITH"},{"floor":13,"key":"REST"},{"floor":15,"key":"REST"},{"floor":23,"key":"REST"},{"floor":28,"key":"REST"},{"floor":30,"key":"REST"},{"floor":32,"key":"REST"}],"circlet_count":0,"master_deck":["Strike_P","Strike_P","Strike_P","Defend_P","Defend_P","Defend_P","Defend_P","Eruption","Vigilance+1","BowlingBash","CarveReality","PathToVictory","EmptyBody","CutThroughFate","LikeWater","Worship","FearNoEvil","Prostrate","Pray","Omniscience","Prostrate","FlurryOfBlows","Shame","PathToVictory","downfall:Aged","Consecrate","FollowUp","Prostrate","ClearTheMind","FollowUp","SandsOfTime"],"relics":["PureWater","Bag of Marbles","MealTicket","Mercury Hourglass","Cursed Key","Nilry\u0027s Codex","Juzu Bracelet","MawBank","Smiling Mask","CeramicFish"],"acts_visited":["Exordium","TheCity"],"potions_floor_usage":[11,12,14,29,29],"damage_taken":[{"damage":0,"enemies":"Cultist","floor":1,"turns":2},{"damage":0,"enemies":"Small Slimes","floor":2,"turns":2},{"damage":0,"enemies":"2 Louse","floor":4,"turns":1},{"damage":13,"enemies":"Blue Slaver","floor":8,"turns":3},{"damage":16,"enemies":"Looter","floor":11,"turns":3},{"damage":37,"enemies":"Gremlin Nob","floor":12,"turns":4},{"damage":12,"enemies":"Large Slime","floor":14,"turns":5},{"damage":46,"enemies":"Slime Boss","floor":16,"turns":8},{"damage":7,"enemies":"Chosen","floor":18,"turns":3},{"damage":15,"enemies":"Shell Parasite","floor":21,"turns":1},{"damage":18,"enemies":"Centurion and Healer","floor":25,"turns":4},{"damage":31,"enemies":"Snecko","floor":27,"turns":5},{"damage":27,"enemies":"Slavers","floor":29,"turns":4},{"damage":69,"enemies":"Automaton","floor":33,"turns":6}],"seed_played":"7147864853100024037","potions_obtained":[{"floor":2,"key":"Strength Potion"},{"floor":4,"key":"Weak Potion"},{"floor":12,"key":"Energy Potion"},{"floor":16,"key":"champ:CounterPotion"},{"floor":21,"key":"Energy Potion"},{"floor":27,"key":"Swift Potion"}],"is_trial":false,"path_per_floor":["M","M","$","M","?","R","?","M","T","T","M","E","R","M","R","B",null,"M","?","?","M","?","R","T","M","T","M","R","E","R","$","R","B"],"character_chosen":"WATCHER","items_purchased":["PathToVictory","EmptyBody","Prostrate","ClearTheMind","FollowUp","SandsOfTime","CeramicFish"],"campfire_rested":6,"item_purchase_floors":[3,3,31,31,31,31,31],"current_hp_per_floor":[79,79,79,79,79,79,79,66,66,66,50,13,36,24,47,1,79,72,72,72,57,41,62,62,44,44,13,34,7,28,43,64,0,0],"gold":161,"neow_bonus":"TEN_PERCENT_HP_BONUS","is_daily":false,"chose_seed":false,"campfire_upgraded":1,"win_rate":0.0,"timestamp":1612967873,"path_taken":["M","?","$","?","?","R","?","M","T","?","M","E","R","M","R","BOSS","M","?","?","M","?","R","?","M","T","M","R","E","R","$","R","BOSS"],"items_purchased_type":["Card","Card","Card","Card","Card","Card","Relic"],"build_version":"2020-12-22","purchased_purges":1,"victory":false,"max_hp_per_floor":[79,79,79,79,79,79,79,79,79,79,79,79,79,79,79,79,79,79,79,72,72,72,72,72,72,72,72,72,72,72,72,72,72,72],"card_choices":[{"not_picked":["Wallop","Collect"],"picked":"BowlingBash","floor":1},{"not_picked":["BowlingBash","Halt"],"picked":"CarveReality","floor":2},{"not_picked":["Study","Adaptation"],"picked":"CutThroughFate","floor":4},{"not_picked":["InnerPeace","EmptyBody"],"picked":"Worship","floor":8},{"not_picked":["CrushJoints","Protect"],"picked":"FearNoEvil","floor":11},{"not_picked":["BowlingBash","Worship"],"picked":"Prostrate","floor":12},{"not_picked":["EmptyFist","CutThroughFate"],"picked":"Pray","floor":14},{"not_picked":["Vault","Judgement"],"picked":"Omniscience","floor":16},{"not_picked":["Wallop+1","Crescendo"],"picked":"Prostrate","floor":18},{"not_picked":["EmptyFist","MentalFortress+1"],"picked":"FlurryOfBlows","floor":21},{"not_picked":["Protect+1","Prostrate"],"picked":"PathToVictory","floor":25},{"not_picked":["SashWhip","Prostrate"],"picked":"Consecrate","floor":27},{"not_picked":["Nirvana","Wallop+1"],"picked":"FollowUp","floor":29}],"player_experience":1556401,"relics_obtained":[{"floor":9,"key":"Bag of Marbles"},{"floor":10,"key":"MealTicket"},{"floor":12,"key":"Mercury Hourglass"},{"floor":22,"key":"Nilry\u0027s Codex"},{"floor":24,"key":"Juzu Bracelet"},{"floor":26,"key":"MawBank"},{"floor":29,"key":"Smiling Mask"}],"event_choices":[{"damage_healed":0,"gold_gain":0,"cards_transformed":["Strike_P"],"player_choice":"Change","damage_taken":0,"max_hp_gain":0,"max_hp_loss":0,"event_name":"Living Wall","floor":5,"gold_loss":0,"cards_obtained":["LikeWater"]},{"damage_healed":0,"gold_gain":175,"player_choice":"AGREE","damage_taken":0,"max_hp_gain":0,"max_hp_loss":0,"event_name":"Liars Game","floor":7,"gold_loss":0,"cards_obtained":["Doubt"]},{"cards_removed":["Doubt"],"damage_healed":0,"gold_gain":0,"player_choice":"Gave Gold","damage_taken":0,"max_hp_gain":0,"max_hp_loss":0,"event_name":"Beggar","floor":19,"gold_loss":75},{"damage_healed":0,"gold_gain":0,"player_choice":"Obtained Book","damage_taken":16,"max_hp_gain":0,"max_hp_loss":0,"event_name":"Cursed Tome","floor":22,"gold_loss":0}],"is_beta":false,"boss_relics":[{"not_picked":["Tiny House","SacredBark"],"picked":"Cursed Key"}],"items_purged_floors":[31],"is_endless":false,"potions_floor_spawned":[2,4,12,16,21,27],"killed_by":"Automaton","ascension_level":4}}