{"host":"f5gffvlv6a66yqkd","time":1612948826,"event":{"mods":["2.2 Compatiblity","BaseMod","Colored Map","Custom Start","DeckTracker","Keyboard Shortcuts","Minty Spire (QoL Compilation)","Permanent Neow","Quick Restart","Relic Stats","StSLib","SuperFastMode"],"gold_per_floor":[17,36,53,63,83,83,99,99,147,147,191,200,217,237,237,315,315,340,361,18,18,18,18,50,50,50,50,72,106,123,123,123,196,196,216,261,295,356,385,427,449,476,513,566,593,203,235,235,235,235,235,235,235,62,93,93,93],"floor_reached":56,"language":"KOR","playtime":1962,"items_purged":["Strike_P","Defend_P+1","Defend_P+1"],"score":2122,"play_id":"1cbeb435-b709-4cca-a8df-8eb965288ae8","local_time":"20210210182026","is_ascension_mode":true,"campfire_choices":[{"data":"Eruption","floor":6.0,"key":"SMITH"},{"data":"Vault","floor":8.0,"key":"SMITH"},{"data":"FlurryOfBlows","floor":10.0,"key":"SMITH"},{"data":"MentalFortress","floor":15.0,"key":"SMITH"},{"floor":23.0,"key":"REST"},{"floor":25.0,"key":"REST"},{"data":"TalkToTheHand","floor":27.0,"key":"SMITH"},{"data":"WheelKick","floor":32.0,"key":"SMITH"},{"floor":49.0,"key":"RECALL"},{"floor":53.0,"key":"REST"}],"circlet_count":0,"master_deck":["AscendersBane","Strike_P+1","Strike_P+1","Defend_P+1","Eruption+1","Vigilance+1","Vault+1","FlurryOfBlows+1","FearNoEvil+1","LessonLearned+1","MentalFortress+1","Consecrate+1","WheelKick+1","TalkToTheHand+1","EmptyFist+1","Scrawl+1","MentalFortress+1","Indignation+1","Adaptation+1","Madness+1"],"relics":["PureWater","Bag of Marbles","CeramicFish","Philosopher\u0027s Stone","Membership Card","Matryoshka","Dream Catcher","Pantograph","Nunchaku","Tiny Chest","Red Mask","SacredBark","MawBank","Gambling Chip","Akabeko","Oddly Smooth Stone","Regal Pillow","Torii","PrismaticShard","Toxic Egg 2","Pear","Bronze Scales"],"acts_visited":["Exordium","TheCity","TheBeyond","TheEnding"],"potions_floor_usage":[56],"damage_taken":[{"damage":0.0,"enemies":"Small Slimes","floor":1.0,"turns":4.0},{"damage":0.0,"enemies":"2 Louse","floor":2.0,"turns":2.0},{"damage":2.0,"enemies":"Jaw Worm","floor":3.0,"turns":3.0},{"damage":7.0,"enemies":"Looter","floor":4.0,"turns":4.0},{"damage":1.0,"enemies":"Exordium Thugs","floor":5.0,"turns":3.0},{"damage":4.0,"enemies":"Large Slime","floor":7.0,"turns":5.0},{"damage":0.0,"enemies":"Gremlin Nob","floor":11.0,"turns":2.0},{"damage":6.0,"enemies":"Looter","floor":13.0,"turns":4.0},{"damage":0.0,"enemies":"Exordium Wildlife","floor":14.0,"turns":1.0},{"damage":20.0,"enemies":"Hexaghost","floor":16.0,"turns":7.0},{"damage":16.0,"enemies":"2 Thieves","floor":18.0,"turns":3.0},{"damage":18.0,"enemies":"3 Byrds","floor":19.0,"turns":3.0},{"damage":23.0,"enemies":"Book of Stabbing","floor":24.0,"turns":6.0},{"damage":0.0,"enemies":"Snecko","floor":28.0,"turns":3.0},{"damage":0.0,"enemies":"Masked Bandits","floor":29.0,"turns":2.0},{"damage":4.0,"enemies":"Sentry and Sphere","floor":30.0,"turns":4.0},{"damage":9.0,"enemies":"Collector","floor":33.0,"turns":6.0},{"damage":0.0,"enemies":"Orb Walker","floor":35.0,"turns":1.0},{"damage":2.0,"enemies":"3 Darklings","floor":37.0,"turns":4.0},{"damage":3.0,"enemies":"2 Orb Walkers","floor":38.0,"turns":3.0},{"damage":0.0,"enemies":"Spire Growth","floor":39.0,"turns":3.0},{"damage":0.0,"enemies":"Reptomancer","floor":40.0,"turns":4.0},{"damage":19.0,"enemies":"4 Shapes","floor":41.0,"turns":3.0},{"damage":0.0,"enemies":"3 Darklings","floor":42.0,"turns":1.0},{"damage":0.0,"enemies":"Nemesis","floor":44.0,"turns":3.0},{"damage":0.0,"enemies":"Maw","floor":45.0,"turns":3.0},{"damage":0.0,"enemies":"Giant Head","floor":47.0,"turns":6.0},{"damage":42.0,"enemies":"Donu and Deca","floor":50.0,"turns":9.0},{"damage":7.0,"enemies":"Time Eater","floor":51.0,"turns":10.0},{"damage":32.0,"enemies":"Shield and Spear","floor":55.0,"turns":6.0},{"damage":85,"enemies":"The Heart","floor":56,"turns":3}],"seed_played":"3619797205999314712","potions_obtained":[{"floor":3.0,"key":"LiquidBronze"},{"floor":4.0,"key":"BottledMiracle"},{"floor":5.0,"key":"DistilledChaos"},{"floor":14.0,"key":"Ambrosia"},{"floor":16.0,"key":"SteroidPotion"},{"floor":28.0,"key":"Ancient Potion"},{"floor":29.0,"key":"CultistPotion"},{"floor":33.0,"key":"Swift Potion"},{"floor":42.0,"key":"Swift Potion"}],"is_trial":false,"path_per_floor":["M","M","M","M","M","R","M","R","T","R","E","?","M","M","R","B",null,"M","M","$","?","T","R","E","R","T","R","M","?","M","?","R","B",null,"M","T","M","?","M","E","M","M","T","E","M","$","E","T","R","B","B",null,"R","$","E","B"],"character_chosen":"WATCHER","items_purchased":["Membership Card","Matryoshka","Adaptation","Madness","Torii","PrismaticShard","AttackPotion","ColorlessPotion","AttackPotion","Fruit Juice","Block Potion"],"campfire_rested":3,"item_purchase_floors":[20,20,46,46,46,46,46,46,54,54,54],"current_hp_per_floor":[61,61,59,52,51,51,47,47,47,47,47,47,41,41,41,21,56,40,22,22,22,22,42,19,39,39,39,39,39,35,35,35,51,64,64,64,62,59,59,59,40,40,40,40,40,40,40,50,50,33,51,71,78,88,56,0,0],"gold":93,"neow_bonus":"THREE_RARE_CARDS","is_daily":false,"chose_seed":false,"campfire_upgraded":6,"win_rate":0.0,"timestamp":1612948826,"path_taken":["M","M","M","M","M","R","M","R","T","R","E","?","M","M","R","BOSS","M","M","$","?","?","R","E","R","T","R","M","?","?","?","R","BOSS","M","?","M","?","?","E","M","M","T","E","M","$","E","?","R","BOSS","BOSS","R","$","E","BOSS"],"items_purchased_type":["Relic","Relic","Card","Card","Relic","Relic","Potion","Potion","Potion","Potion","Potion"],"build_version":"2020-12-22","purchased_purges":3,"victory":false,"max_hp_per_floor":[68,68,68,68,68,68,68,68,68,68,68,68,68,68,68,68,68,68,68,68,68,68,68,68,68,68,68,68,68,68,68,68,68,68,68,68,68,68,68,68,68,68,68,68,68,68,68,78,78,78,78,78,78,88,88,88,88],"relic_stats":{"Dream Catcher":3,"Nunchaku":[30],"Regal Pillow":0,"Torii":10,"counters":[31,121],"CeramicFish":99,"Pantograph":100,"Gambling Chip":[26],"Bronze Scales":[9],"Tiny Chest":1,"MawBank":120,"obtain_stats":[{"Regal Pillow":44,"Pear":48,"Torii":46,"CeramicFish":11,"SacredBark":34,"Oddly Smooth Stone":43,"MawBank":36,"PrismaticShard":46,"Akabeko":40,"Dream Catcher":22,"Nunchaku":24,"Matryoshka":20,"Pantograph":22,"Gambling Chip":38,"Bronze Scales":55,"Philosopher\u0027s Stone":17,"Tiny Chest":26,"Bag of Marbles":9,"Red Mask":29,"Membership Card":20,"PureWater":0,"Toxic Egg 2":47},{"Regal Pillow":25,"Pear":27,"Torii":26,"CeramicFish":7,"SacredBark":17,"Oddly Smooth Stone":24,"MawBank":18,"PrismaticShard":26,"Akabeko":22,"Dream Catcher":12,"Nunchaku":13,"Matryoshka":12,"Pantograph":12,"Gambling Chip":20,"Bronze Scales":30,"Philosopher\u0027s Stone":10,"Tiny Chest":13,"Bag of Marbles":6,"Red Mask":15,"Membership Card":12,"PureWater":0,"Toxic Egg 2":27},{"Regal Pillow":84,"Pear":93,"Torii":87,"CeramicFish":23,"SacredBark":62,"Oddly Smooth Stone":81,"MawBank":63,"PrismaticShard":87,"Akabeko":77,"Dream Catcher":41,"Nunchaku":47,"Matryoshka":41,"Pantograph":41,"Gambling Chip":70,"Bronze Scales":118,"Philosopher\u0027s Stone":35,"Tiny Chest":47,"Bag of Marbles":21,"Red Mask":52,"Membership Card":41,"PureWater":0,"Toxic Egg 2":93}]},"card_choices":[{"not_picked":["Scrawl","Devotion"],"picked":"Vault","floor":0.0},{"not_picked":["Protect","Nirvana"],"picked":"FlurryOfBlows","floor":1.0},{"not_picked":["Prostrate","Crescendo"],"picked":"FearNoEvil","floor":2.0},{"not_picked":["JustLucky","Indignation","BowlingBash"],"picked":"SKIP","floor":3.0},{"not_picked":["FlyingSleeves","PathToVictory","WreathOfFlame"],"picked":"SKIP","floor":4.0},{"not_picked":["BowlingBash","ThirdEye","Perseverance"],"picked":"SKIP","floor":5.0},{"not_picked":["Protect","SashWhip","FlyingSleeves"],"picked":"SKIP","floor":7.0},{"not_picked":["Nirvana","Worship"],"picked":"LessonLearned","floor":11.0},{"not_picked":["Halt","Perseverance","WaveOfTheHand"],"picked":"SKIP","floor":13.0},{"not_picked":["BowlingBash","ClearTheMind"],"picked":"Consecrate","floor":14.0},{"not_picked":["DeceiveReality","CarveReality"],"picked":"WheelKick","floor":18.0},{"not_picked":["ThirdEye+1","Crescendo"],"picked":"TalkToTheHand","floor":19.0},{"not_picked":["SashWhip+1","MasterReality","EmptyBody"],"picked":"SKIP","floor":24.0},{"not_picked":["JustLucky","BattleHymn"],"picked":"EmptyFist+1","floor":28.0},{"not_picked":["Consecrate","Protect"],"picked":"Scrawl","floor":29.0},{"not_picked":["FollowUp","Wireheading","Prostrate"],"picked":"SKIP","floor":30.0},{"not_picked":["ThirdEye","EmptyBody","SashWhip"],"picked":"SKIP","floor":35.0},{"not_picked":["FlurryOfBlows+1","Perseverance"],"picked":"MentalFortress","floor":37.0},{"not_picked":["Collect","EmptyFist","Evaluate+1"],"picked":"SKIP","floor":39.0},{"not_picked":["Halt","FollowUp","LikeWater"],"picked":"SKIP","floor":40.0},{"not_picked":["BowlingBash+1","CrushJoints","CarveReality"],"picked":"SKIP","floor":41.0},{"not_picked":["PathToVictory","Establishment","Prostrate+1"],"picked":"SKIP","floor":42.0},{"not_picked":["DeceiveReality","FlyingSleeves"],"picked":"Indignation+1","floor":44.0},{"not_picked":["Indignation","CrushJoints","Perseverance"],"picked":"SKIP","floor":45.0},{"not_picked":["Trip+1","Backstab","WindmillStrike"],"picked":"SKIP","floor":47.0},{"not_picked":["Coolheaded+1","WheelKick","Sword Boomerang"],"picked":"SKIP","floor":55.0}],"player_experience":1722946,"relics_obtained":[{"floor":9.0,"key":"Bag of Marbles"},{"floor":11.0,"key":"CeramicFish"},{"floor":22.0,"key":"Dream Catcher"},{"floor":22.0,"key":"Pantograph"},{"floor":24.0,"key":"Nunchaku"},{"floor":26.0,"key":"Tiny Chest"},{"floor":29.0,"key":"Red Mask"},{"floor":36.0,"key":"MawBank"},{"floor":38.0,"key":"Gambling Chip"},{"floor":40.0,"key":"Akabeko"},{"floor":43.0,"key":"Oddly Smooth Stone"},{"floor":44.0,"key":"Regal Pillow"},{"floor":47.0,"key":"Toxic Egg 2"},{"floor":48.0,"key":"Pear"},{"floor":55.0,"key":"Bronze Scales"}],"event_choices":[{"damage_healed":0.0,"max_hp_gain":0.0,"max_hp_loss":0.0,"gold_gain":0.0,"cards_transformed":["Strike_P"],"event_name":"Living Wall","player_choice":"Change","floor":12.0,"gold_loss":0.0,"damage_taken":0.0,"cards_obtained":["MentalFortress"]},{"damage_healed":0.0,"max_hp_gain":0.0,"max_hp_loss":0.0,"gold_gain":0.0,"event_name":"Masked Bandits","player_choice":"Fought Bandits","floor":29.0,"gold_loss":0.0,"damage_taken":0.0},{"cards_removed":["Defend_P"],"damage_healed":0.0,"max_hp_gain":0.0,"max_hp_loss":0.0,"gold_gain":0.0,"event_name":"Back to Basics","player_choice":"Elegance","floor":31.0,"gold_loss":0.0,"damage_taken":0.0},{"damage_healed":0.0,"max_hp_gain":0.0,"max_hp_loss":0.0,"gold_gain":0.0,"event_name":"Mysterious Sphere","player_choice":"Fight","floor":38.0,"gold_loss":0.0,"damage_taken":0.0}],"is_beta":false,"boss_relics":[{"not_picked":["Busted Crown","Sozu"],"picked":"Philosopher\u0027s Stone"},{"not_picked":["Snecko Eye","SlaversCollar"],"picked":"SacredBark"}],"items_purged_floors":[20,46,54],"is_endless":false,"potions_floor_spawned":[3,4,5,14,16,28,29,33,35,37,42,44,47],"killed_by":"The Heart","ascension_level":20}}