{"host":"zs3tguvuxkh90jf4","time":1612924553,"event":{"mods":["AchievementEnabler","BaseMod","Better Silent Start","Better-Laid Plans","BetterRewards","Block Reminder","Colored Map","Colored Powertips","Gold Saver","Minty Spire (QoL Compilation)","Shop Mod","StSLib","Transform Curses"],"gold_per_floor":[3025,3036,3036,2090,2109,2138,2151,2215,2241,2271,2289,2269,2269,2269],"floor_reached":13,"language":"ENG","playtime":634,"items_purged":["Strike_G"],"score":166,"play_id":"cd77642b-5c4c-4c1f-8d6c-a1bf1457e136","local_time":"20210209183553","is_ascension_mode":true,"campfire_choices":[],"circlet_count":0,"master_deck":["AscendersBane","Strike_G","Strike_G","Strike_G","Defend_G","Defend_G","Defend_G","Defend_G","Survivor","Neutralize","Sucker Punch","Blade Dance","Bouncing Flask","Cloak And Dagger","Dash","Distraction","Outmaneuver","Cloak And Dagger"],"relics":["Ring of the Snake","Juzu Bracelet","Chemical X","Oddly Smooth Stone","Tiny Chest","MerchantsRug","Ancient Tea Set","Nunchaku","Blue Candle"],"acts_visited":[],"potions_floor_usage":[6,11,12],"damage_taken":[{"damage":1,"enemies":"2 Louse","floor":1,"turns":4},{"damage":0,"enemies":"Cultist","floor":2,"turns":4},{"damage":4,"enemies":"Small Slimes","floor":5,"turns":3},{"damage":14,"enemies":"Lagavulin","floor":6,"turns":6},{"damage":6,"enemies":"2 Fungi Beasts","floor":7,"turns":4},{"damage":18,"enemies":"Exordium Thugs","floor":11,"turns":6},{"damage":44,"enemies":"3 Sentries","floor":13,"turns":7}],"seed_played":"6805022547413557733","potions_obtained":[{"floor":1,"key":"LiquidBronze"},{"floor":2,"key":"Strength Potion"},{"floor":6,"key":"FairyPotion"},{"floor":12,"key":"Fruit Juice"}],"is_trial":false,"path_per_floor":["M","M","?","$","M","E","M","?","T","?","M","?","E"],"character_chosen":"THE_SILENT","items_purchased":["Chemical X","Oddly Smooth Stone","Tiny Chest","Bouncing Flask","Cloak And Dagger","MerchantsRug","Weak Potion"],"campfire_rested":0,"item_purchase_floors":[4,4,4,4,4,4,4],"current_hp_per_floor":[58,58,58,58,54,40,34,34,34,34,16,21,0,0],"gold":2269,"neow_bonus":"","is_daily":false,"chose_seed":false,"campfire_upgraded":0,"win_rate":0.0,"timestamp":1612924553,"path_taken":["M","M","?","$","M","E","M","?","T","?","M","?","E"],"items_purchased_type":["Relic","Relic","Relic","Card","Card","Relic","Potion"],"build_version":"2020-12-22","purchased_purges":1,"victory":false,"max_hp_per_floor":[66,66,66,66,66,66,66,66,66,66,66,71,71,71],"card_choices":[{"not_picked":["Slice","Predator"],"picked":"Sucker Punch","floor":1},{"not_picked":["Heel Hook","Dodge and Roll"],"picked":"Blade Dance","floor":2},{"not_picked":["Sucker Punch","Flechettes"],"picked":"Dash","floor":5},{"not_picked":["PiercingWail","Slice"],"picked":"Distraction","floor":6},{"not_picked":["Endless Agony","Quick Slash"],"picked":"Outmaneuver","floor":7},{"not_picked":["Underhanded Strike","Expertise"],"picked":"Cloak And Dagger","floor":11}],"player_experience":557027,"relics_obtained":[{"floor":6,"key":"Ancient Tea Set"},{"floor":9,"key":"Nunchaku"}],"event_choices":[{"damage_healed":0,"gold_gain":0,"player_choice":"Gave Potion","damage_taken":0,"relics_obtained":["Juzu Bracelet"],"max_hp_gain":0,"max_hp_loss":0,"event_name":"WeMeetAgain","floor":3,"gold_loss":0},{"damage_healed":0,"gold_gain":64,"player_choice":"Gained Gold","damage_taken":0,"max_hp_gain":0,"max_hp_loss":0,"event_name":"Golden Wing","floor":8,"gold_loss":0},{"damage_healed":0,"gold_gain":30,"player_choice":"Searched \u00272\u0027 times","damage_taken":0,"relics_obtained":["Blue Candle"],"max_hp_gain":0,"max_hp_loss":0,"event_name":"Dead Adventurer","floor":10,"gold_loss":0},{"damage_healed":0,"gold_gain":0,"player_choice":"Bought 1 Potion","damage_taken":0,"max_hp_gain":0,"max_hp_loss":0,"event_name":"The Woman in Blue","floor":12,"gold_loss":0}],"is_beta":false,"boss_relics":[],"items_purged_floors":[4],"is_endless":false,"potions_floor_spawned":[1,2,6,7],"killed_by":"3 Sentries","ascension_level":19}}