{"host":"4rvakrj1idbgia3f","time":1612980167,"event":{"mods":["BaseMod","Colored Map","Colored Powertips","DeckTracker","Highlight Path","Minty Spire (QoL Compilation)","Random Character Button","StSLib"],"gold_per_floor":[109,126,52,52,66,66,100,100,126,143,157,189,203,237,237,312,312,332,332,352,352,365,365,392,86,112,112,122,122,196,231,231,231,231],"floor_reached":33,"language":"JPN","playtime":948,"items_purged":["Strike_R"],"score":660,"play_id":"86af80df-8322-4ea3-8473-a6b32b9837dd","local_time":"20210211030247","is_ascension_mode":true,"campfire_choices":[{"data":"Carnage","floor":6.0,"key":"SMITH"},{"data":"Wild Strike","floor":8.0,"key":"SMITH"},{"data":"Disarm","floor":15.0,"key":"SMITH"},{"data":"Whirlwind","floor":23,"key":"SMITH"},{"data":"Limit Break","floor":27,"key":"SMITH"},{"data":"Double Tap","floor":29,"key":"SMITH"},{"data":"Sword Boomerang","floor":32,"key":"SMITH"}],"circlet_count":0,"master_deck":["AscendersBane","Strike_R","Strike_R","Strike_R","Strike_R","Defend_R","Defend_R+1","Defend_R","Defend_R","Bash+1","Carnage+1","Wild Strike+1","Disarm+1","Power Through","Whirlwind+1","Sword Boomerang+1","Double Tap+1","Feed","Shrug It Off","Shrug It Off","Limit Break+1","Offering","Impervious"],"relics":["Burning Blood","Vajra","Red Skull","Omamori","Tiny Chest","Mark of Pain","Nloth\u0027s Gift","Eternal Feather","Lantern","Meat on the Bone","HornCleat"],"acts_visited":["Exordium","TheCity"],"potions_floor_usage":[20,25,31,33],"damage_taken":[{"damage":7.0,"enemies":"Jaw Worm","floor":1.0,"turns":3.0},{"damage":0.0,"enemies":"Cultist","floor":2.0,"turns":2.0},{"damage":0.0,"enemies":"Small Slimes","floor":5.0,"turns":2.0},{"damage":0.0,"enemies":"Lagavulin","floor":7.0,"turns":3.0},{"damage":6.0,"enemies":"3 Louse","floor":10.0,"turns":4.0},{"damage":5.0,"enemies":"Red Slaver","floor":11.0,"turns":3.0},{"damage":8.0,"enemies":"Gremlin Nob","floor":12.0,"turns":3.0},{"damage":0.0,"enemies":"Looter","floor":13.0,"turns":2.0},{"damage":19.0,"enemies":"Lagavulin","floor":14.0,"turns":5.0},{"damage":40,"enemies":"The Guardian","floor":16,"turns":8},{"damage":4,"enemies":"Chosen","floor":18,"turns":4},{"damage":13,"enemies":"Spheric Guardian","floor":20,"turns":4},{"damage":41,"enemies":"Snecko","floor":22,"turns":8},{"damage":19,"enemies":"Book of Stabbing","floor":24,"turns":4},{"damage":19,"enemies":"Sentry and Sphere","floor":28,"turns":4},{"damage":13,"enemies":"Slavers","floor":31,"turns":5},{"damage":67,"enemies":"Automaton","floor":33,"turns":8}],"seed_played":"270617100217479537","potions_obtained":[{"floor":1.0,"key":"LiquidMemories"},{"floor":7.0,"key":"HeartOfIron"},{"floor":11.0,"key":"Energy Potion"},{"floor":12.0,"key":"Block Potion"},{"floor":14.0,"key":"BloodPotion"},{"floor":22,"key":"Ancient Potion"},{"floor":31,"key":"DuplicationPotion"}],"is_trial":false,"path_per_floor":["M","M","$","?","M","R","E","R","T","M","M","E","M","E","R","B",null,"M","?","M","?","M","R","E","$","T","R","M","R","T","E","R","B"],"character_chosen":"IRONCLAD","items_purchased":["Disarm","Offering","Weak Potion"],"campfire_rested":0,"item_purchase_floors":[3,25,25],"current_hp_per_floor":[67,73,73,50,56,56,62,62,62,62,63,61,67,54,54,20,61,63,63,59,59,27,27,14,30,30,42,29,41,41,46,58,0,0],"gold":231,"neow_bonus":"RANDOM_COMMON_RELIC","is_daily":false,"chose_seed":false,"campfire_upgraded":7,"win_rate":0.0,"timestamp":1612980167,"path_taken":["M","M","$","?","M","R","E","R","T","M","M","E","M","E","R","BOSS","M","?","?","?","M","R","E","$","T","R","M","R","?","E","R","BOSS"],"items_purchased_type":["Card","Card","Potion"],"build_version":"2020-12-22","purchased_purges":1,"victory":false,"max_hp_per_floor":[75,75,75,75,75,75,75,75,75,75,75,75,75,75,75,75,75,75,75,78,78,81,81,81,81,81,81,81,81,81,81,81,81,81],"card_choices":[{"not_picked":["Power Through","Combust"],"picked":"Carnage","floor":1.0},{"not_picked":["Clothesline","Metallicize"],"picked":"Wild Strike","floor":2.0},{"not_picked":["Body Slam","Perfected Strike","Iron Wave"],"picked":"SKIP","floor":5.0},{"not_picked":["Body Slam","Bloodletting","Intimidate"],"picked":"SKIP","floor":7.0},{"not_picked":["Body Slam","Blood for Blood","Infernal Blade"],"picked":"SKIP","floor":10.0},{"not_picked":["Thunderclap","True Grit"],"picked":"Power Through","floor":11.0},{"not_picked":["Hemokinesis","Armaments"],"picked":"Whirlwind","floor":12.0},{"not_picked":["Heavy Blade","True Grit"],"picked":"Sword Boomerang","floor":13.0},{"not_picked":["Dropkick","Reckless Charge"],"picked":"Double Tap","floor":14.0},{"not_picked":["Limit Break","Double Tap"],"picked":"Feed","floor":16},{"not_picked":["Entrench","Iron Wave","Armaments+1"],"picked":"SKIP","floor":18},{"not_picked":["Body Slam+1","Armaments"],"picked":"Shrug It Off","floor":20},{"not_picked":["Entrench","Headbutt"],"picked":"Shrug It Off","floor":22},{"not_picked":["Berserk","Clothesline"],"picked":"Limit Break","floor":24},{"not_picked":["Heavy Blade","Flex+1","Havoc"],"picked":"SKIP","floor":28},{"not_picked":["Whirlwind","Sentinel"],"picked":"Impervious","floor":31}],"player_experience":2256056,"relics_obtained":[{"floor":7.0,"key":"Red Skull"},{"floor":9.0,"key":"Omamori"},{"floor":12.0,"key":"Smiling Mask"},{"floor":14.0,"key":"Tiny Chest"},{"floor":24,"key":"Eternal Feather"},{"floor":26,"key":"Lantern"},{"floor":30,"key":"Meat on the Bone"},{"floor":31,"key":"HornCleat"}],"event_choices":[{"damage_healed":0.0,"max_hp_gain":0.0,"max_hp_loss":0.0,"gold_gain":0.0,"event_name":"Shining Light","player_choice":"Entered Light","floor":4.0,"gold_loss":0.0,"damage_taken":23.0,"cards_upgraded":["Bash","Defend_R"]},{"damage_healed":0,"gold_gain":0,"player_choice":"Traded Relic","damage_taken":0,"relics_obtained":["Nloth\u0027s Gift"],"max_hp_gain":0,"max_hp_loss":0,"event_name":"N\u0027loth","floor":19,"relics_lost":["Smiling Mask"],"gold_loss":0},{"damage_healed":0,"gold_gain":0,"player_choice":"Ignored","damage_taken":0,"max_hp_gain":0,"max_hp_loss":0,"event_name":"Ghosts","floor":21,"gold_loss":0}],"is_beta":false,"boss_relics":[{"not_picked":["Coffee Dripper","Runic Dome"],"picked":"Mark of Pain"}],"items_purged_floors":[25],"is_endless":false,"potions_floor_spawned":[1,7,11,12,14,16,18,22,31],"killed_by":"Automaton","ascension_level":20}}