{"host":"wfkvcf4y4vkrpwe0","time":1612975516,"event":{"mods":["BaseMod","Conspire","Downfall","Hermit","Minty Spire (QoL Compilation)","StSLib","The Construct","The Cursed","The Disciple","The Hierophant","The Necromancer"],"gold_per_floor":[99,99,99,99,99,113,113,23,35,35,49,49,68,83,101,205,205,205,219,229,248,64,64,64,64,84,84,114,124,124,124,139,139,139,139],"floor_reached":33,"language":"ENG","playtime":1609,"items_purged":["hexamod:Strike","hexamod:Defend"],"score":259,"play_id":"ec5b82d7-9bbf-499f-9d48-afec616c5b76","local_time":"20210210164516","is_ascension_mode":false,"campfire_choices":[{"data":"hexamod:Sear","floor":1,"key":"SMITH"},{"floor":12,"key":"REST"},{"data":"hexamod:ForkedFlame","floor":18,"key":"SMITH"},{"floor":23,"key":"RECALL"},{"floor":27,"key":"REST"}],"circlet_count":0,"master_deck":["hexamod:Strike","hexamod:Strike+1","hexamod:Defend+1","hexamod:Defend+1","hexamod:Sear+1","hexamod:Float","hexamod:FlamesFromBeyond","hexamod:UnlimitedPower","hexamod:BurningTouch","hexamod:ForkedFlame+1","hexamod:FlamesFromBeyond","hexamod:GhostflameInferno","hexamod:GhostflameInferno","Writhe","Pride"],"relics":["hexamod:SpiritBrand","downfall:HeartsMalice","Pocketwatch","Peace Pipe","War Paint","Happy Flower"],"acts_visited":["Exordium","TheCity"],"potions_floor_usage":[10,15,15,15,16,33,33],"damage_taken":[{"damage":0,"enemies":"Cultist","floor":2,"turns":1},{"damage":0,"enemies":"Small Slimes","floor":3,"turns":1},{"damage":0,"enemies":"Jaw Worm","floor":4,"turns":1},{"damage":24,"enemies":"Lots of Slimes","floor":6,"turns":5},{"damage":0,"enemies":"downfall:FleeingMerchant","floor":8,"turns":4},{"damage":4,"enemies":"Blue Slaver","floor":9,"turns":3},{"damage":41,"enemies":"Blue Slaver","floor":10,"turns":4},{"damage":0,"enemies":"Red Slaver","floor":11,"turns":3},{"damage":8,"enemies":"Exordium Wildlife","floor":13,"turns":3},{"damage":3,"enemies":"2 Fungi Beasts","floor":14,"turns":3},{"damage":7,"enemies":"Large Slime","floor":15,"turns":6},{"damage":2,"enemies":"SI_SHIV_ARCHETYPE","floor":16,"turns":6},{"damage":0,"enemies":"Shell Parasite","floor":19,"turns":3},{"damage":5,"enemies":"Chosen","floor":20,"turns":3},{"damage":7,"enemies":"Centurion and Healer","floor":21,"turns":4},{"damage":5,"enemies":"downfall:FleeingMerchant","floor":22,"turns":4},{"damage":24,"enemies":"Snake Plant","floor":26,"turns":4},{"damage":8,"enemies":"conspire:Head Lice","floor":28,"turns":6},{"damage":0,"enemies":"Snecko","floor":29,"turns":3},{"damage":11,"enemies":"Cultist and Chosen","floor":32,"turns":4},{"damage":25,"enemies":"IC_MUSHROOM_ARCHETYPE","floor":33,"turns":3}],"seed_played":"4502623917172429466","potions_obtained":[{"floor":6,"key":"SmokeBomb"},{"floor":11,"key":"ColorlessPotion"},{"floor":13,"key":"Dexterity Potion"},{"floor":14,"key":"Weak Potion"},{"floor":15,"key":"Ancient Potion"},{"floor":19,"key":"LiquidBronze"},{"floor":21,"key":"Strength Potion"}],"is_trial":false,"path_per_floor":["R","M","M","M","?","M","T","$","M","?","M","R","M","M","M","B",null,"R","M","M","M","$","R","T","?","M","R","E","M","?","?","M","B"],"character_chosen":"THE_SPIRIT","items_purchased":["hexamod:GhostflameInferno"],"campfire_rested":2,"item_purchase_floors":[22],"current_hp_per_floor":[70,70,70,70,70,46,46,46,42,1,1,22,14,11,4,2,70,70,70,65,58,53,53,53,45,21,42,34,34,34,34,23,0,0,0],"gold":139,"neow_bonus":"THREE_ENEMY_KILL","is_daily":false,"chose_seed":false,"campfire_upgraded":2,"win_rate":0.0,"timestamp":1612975516,"path_taken":["R","?","M","M","?","M","T","$","M","?","M","R","M","M","M","BOSS","R","M","M","M","?","R","T","?","M","R","E","?","?","?","M","BOSS"],"items_purchased_type":["Card"],"build_version":"2020-12-22","purchased_purges":2,"victory":false,"max_hp_per_floor":[70,70,70,70,70,70,70,70,70,70,70,70,70,70,70,70,70,70,70,70,70,70,70,70,70,70,70,70,70,70,70,70,70,70,70],"card_choices":[{"not_picked":["hexamod:ThermalTransfer","hexamod:Hexaguard"],"picked":"hexamod:FlamesFromBeyond","floor":2},{"not_picked":["hexamod:HeatMetal","hexamod:ThermalTransfer","hexamod:InspiringFlames"],"picked":"SKIP","floor":3},{"not_picked":["hexamod:BacktrackSmack","hexamod:NightmareStrike","hexamod:HauntingEcho"],"picked":"SKIP","floor":4},{"not_picked":["hexamod:BacktrackSmack","hexamod:AdvancingGuard","hexamod:Hexaguard"],"picked":"SKIP","floor":6},{"not_picked":["hexamod:BacktrackSmack","hexamod:InspiringFlames"],"picked":"hexamod:UnlimitedPower","floor":8},{"not_picked":["hexamod:SwordOfDarkness","hexamod:ShieldOfDarkness"],"picked":"hexamod:BurningTouch","floor":9},{"not_picked":["hexamod:HauntingEcho","hexamod:FlamesFromBeyond"],"picked":"hexamod:ForkedFlame","floor":11},{"not_picked":["hexamod:Firestarter","hexamod:AdvancingGuard","hexamod:SkipABeat"],"picked":"SKIP","floor":13},{"not_picked":["hexamod:FastForward","hexamod:GhostLash","hexamod:FirstSeal"],"picked":"SKIP","floor":14},{"not_picked":["hexamod:FirstSeal","hexamod:HeatMetal"],"picked":"hexamod:FlamesFromBeyond","floor":15},{"not_picked":["hexamod:WildfireWeapon","hexamod:TimeWarp"],"picked":"hexamod:GhostflameInferno","floor":16},{"not_picked":["hexamod:SwordOfDarkness","hexamod:InspiringFlames","hexamod:ShieldOfDarkness"],"picked":"SKIP","floor":19},{"not_picked":["hexamod:SwordOfDarkness","hexamod:SpectersWail","hexamod:AdvancingGuard"],"picked":"SKIP","floor":20},{"not_picked":["hexamod:AdvancingGuard","hexamod:ShieldOfDarkness+1","hexamod:Hexaguard+1"],"picked":"SKIP","floor":21},{"not_picked":["hexamod:SwordOfDarkness","hexamod:Hexaguard","hexamod:EtherealExpedition"],"picked":"SKIP","floor":22},{"not_picked":["hexamod:Again","hexamod:NightmareGuise","hexamod:BurningTouch"],"picked":"SKIP","floor":26},{"not_picked":["hexamod:WildfireWeapon","hexamod:FlamesFromBeyond","hexamod:GhostShield"],"picked":"SKIP","floor":28},{"not_picked":["hexamod:ThermalTransfer","hexamod:FastForward","hexamod:SkipABeat"],"picked":"SKIP","floor":29},{"not_picked":["hexamod:HeatCrush+1","hexamod:FastForward","hexamod:GhostLash"],"picked":"SKIP","floor":32}],"player_experience":589709,"relics_obtained":[{"floor":24,"key":"Pocketwatch"},{"floor":28,"key":"Peace Pipe"}],"event_choices":[{"damage_healed":0,"gold_gain":0,"player_choice":"Stole Relic","damage_taken":0,"relics_obtained":["Happy Flower"],"max_hp_gain":0,"max_hp_loss":0,"event_name":"Addict","floor":31,"gold_loss":0,"cards_obtained":["Pride"]}],"is_beta":false,"boss_relics":[{"not_picked":["conspire:RoyalGoblet","Busted Crown","Runic Pyramid"]}],"items_purged_floors":[8,22],"is_endless":false,"potions_floor_spawned":[6,11,13,14,15,19,21],"killed_by":"IC_MUSHROOM_ARCHETYPE","ascension_level":0}}