{"host":"2549600wvy7mxnkj","time":1612930933,"event":{"mods":["BaseMod","Hubris","Infinite Spire","Minty Spire (QoL Compilation)","Replay The Spire","StSLib"],"gold_per_floor":[118,118,293,165,165,165,193,193,193,206,206,206,206],"floor_reached":12,"language":"ENG","playtime":284,"items_purged":["Doubt"],"score":107,"play_id":"72007471-05a3-4b35-8474-2ca990b2a5c8","local_time":"20210209232213","is_ascension_mode":true,"campfire_choices":[{"data":"Run Through","floor":6,"key":"SMITH"}],"circlet_count":0,"master_deck":["Strike_R","Strike_R","Strike_R","Strike_R","Defend_R+1","Defend_R","Defend_R","Bash","Dark Shackles+1","Run Through+1","Clash","Pommel Strike","hubris:SharpeningStone"],"relics":["Burning Blood","Ancient Tea Set","War Paint"],"acts_visited":["Exordium"],"potions_floor_usage":[12,12],"damage_taken":[{"damage":13,"enemies":"Jaw Worm","floor":1,"turns":5},{"damage":49,"enemies":"Gremlin Nob","floor":7,"turns":5},{"damage":0,"enemies":"2 Louse","floor":10,"turns":2},{"damage":31,"enemies":"Lagavulin","floor":12,"turns":4}],"seed_played":"1870906003958491086","potions_obtained":[{"floor":7,"key":"Energy Potion"},{"floor":10,"key":"Reflective Coating"}],"is_trial":false,"path_per_floor":["M","?","?","$","?","R","E","PTL","PTL","M","T","E"],"character_chosen":"IRONCLAD","items_purchased":["Clash"],"campfire_rested":0,"item_purchase_floors":[4],"current_hp_per_floor":[65,58,58,58,58,58,15,15,15,21,21,0,0],"gold":206,"neow_bonus":"RANDOM_COLORLESS","is_daily":false,"chose_seed":false,"campfire_upgraded":1,"win_rate":0.0,"timestamp":1612930933,"path_taken":["M","?","?","$","?","R","E","PTL","PTL","?","T","E"],"items_purchased_type":["Card"],"build_version":"2020-12-22","purchased_purges":1,"victory":false,"max_hp_per_floor":[80,80,80,80,80,80,80,80,80,80,80,80,80],"card_choices":[{"not_picked":["hubris:Insight","Impatience"],"picked":"Dark Shackles","floor":0},{"not_picked":["Uppercut","Warcry"],"picked":"Run Through","floor":1},{"not_picked":["Flame Barrier","Rampage"],"picked":"Pommel Strike","floor":7},{"not_picked":["Perfected Strike","Havoc"],"picked":"hubris:SharpeningStone","floor":10}],"player_experience":224874,"relics_obtained":[{"floor":7,"key":"Ancient Tea Set"},{"floor":11,"key":"War Paint"}],"event_choices":[{"cards_removed":["Strike_R"],"damage_healed":0,"gold_gain":0,"player_choice":"Card Removal","damage_taken":7,"max_hp_gain":0,"max_hp_loss":0,"event_name":"Golden Wing","floor":2,"gold_loss":0},{"damage_healed":0,"gold_gain":175,"player_choice":"AGREE","damage_taken":0,"max_hp_gain":0,"max_hp_loss":0,"event_name":"Liars Game","floor":3,"gold_loss":0,"cards_obtained":["Doubt"]},{"cards_removed":["Defend_R"],"damage_healed":0,"gold_gain":0,"player_choice":"Purged","damage_taken":0,"max_hp_gain":0,"max_hp_loss":0,"event_name":"Purifier","floor":5,"gold_loss":0}],"is_beta":false,"boss_relics":[],"items_purged_floors":[4],"is_endless":false,"potions_floor_spawned":[7,10],"killed_by":"Lagavulin","ascension_level":9}}