{"host":"pgm1p3lvdjflie30","time":1612965762,"event":{"mods":["AchievementEnabler","Alarm Clock","Aspiration","BaseMod","Challenge The Spire","Colored Map","Colored Powertips","Dark Map","Energized Spire","Hermit","HornydragonMod","Minty Spire (QoL Compilation)","Quarter Circle Forward PUNCH!","Quick Restart","Relic Stats","Robot Space Explorer","Spicy Shops","StSLib","The Blackbeard","The IronCluck","Waifu the Spire","【功能Mod】混沌之?修复?丁","篝火指南"],"gold_per_floor":[216,216,233,308,273,273,273,273,273,285,299,299,299,315,315,414,414,434,449,469,469,419,419,432,432,432,444,142,161,178,31,31,61,61,61],"floor_reached":33,"language":"ZHS","playtime":1061,"items_purged":[],"score":239,"play_id":"62c855a0-a120-4ef3-874b-d57436ab35d4","local_time":"20210210220242","is_ascension_mode":false,"campfire_choices":[{"data":"blackbeard:Spear","floor":6,"key":"SMITH"},{"data":"blackbeard:BlindAttacks","floor":8,"key":"SMITH"},{"data":"blackbeard:CannonballSupply","floor":13,"key":"SMITH"},{"data":"blackbeard:Anchor","floor":15,"key":"SMITH"},{"data":"blackbeard:PirateStrength","floor":23,"key":"SMITH"},{"data":"blackbeard:GoldenDefense","floor":25,"key":"SMITH"},{"floor":32,"key":"REST"}],"circlet_count":0,"master_deck":["blackbeard:BlackbeardStrike","blackbeard:BlackbeardStrike","blackbeard:BlackbeardStrike+1","blackbeard:BlackbeardStrike","blackbeard:IntimidatingStrike","blackbeard:BlackbeardDefend+1","blackbeard:BlackbeardDefend","blackbeard:BlackbeardDefend","blackbeard:BlackbeardDefend","blackbeard:Cutlass","blackbeard:Spear+1","blackbeard:BlindAttacks+1","blackbeard:CannonballSupply+1","blackbeard:Anchor+1","blackbeard:Dagger","blackbeard:PirateStrength+1","blackbeard:CatONineTails+1","blackbeard:Sword","blackbeard:GoldenDefense+1","blackbeard:GoldenStrike","blackbeard:DangerousBlow+1","blackbeard:Shrapnel","blackbeard:Spear","blackbeard:Rum","blackbeard:BlindAttacks","blackbeard:Bandana+1","blackbeard:DoubleCannonball","blackbeard:BoostMorale"],"relics":["blackbeard:LoadTheCannons"],"acts_visited":["Exordium","TheCity"],"potions_floor_usage":[19,20,27,29,29,30,30],"damage_taken":[{"damage":2,"enemies":"2 Louse","floor":1,"turns":3},{"damage":0,"enemies":"Small Slimes","floor":3,"turns":2},{"damage":0,"enemies":"Cultist","floor":10,"turns":1},{"damage":3,"enemies":"Exordium Wildlife","floor":11,"turns":3},{"damage":0,"enemies":"Looter","floor":14,"turns":2},{"damage":45,"enemies":"Slime Boss","floor":16,"turns":11},{"damage":0,"enemies":"Chosen","floor":18,"turns":3},{"damage":0,"enemies":"Spheric Guardian","floor":19,"turns":2},{"damage":42,"enemies":"Snake Plant","floor":20,"turns":5},{"damage":6,"enemies":"Centurion and Healer","floor":24,"turns":5},{"damage":14,"enemies":"Cultist and Chosen","floor":27,"turns":5},{"damage":0,"enemies":"Snake Plant","floor":29,"turns":2},{"damage":19,"enemies":"Shelled Parasite and Fungi","floor":30,"turns":3},{"damage":82,"enemies":"Automaton","floor":33,"turns":6}],"seed_played":"2259211016985561721","potions_obtained":[{"floor":3,"key":"blackbeard:OrangeJuicePotion"},{"floor":16,"key":"blackbeard:OrangeJuicePotion"},{"floor":18,"key":"DistilledChaos"},{"floor":24,"key":"Weak Potion"},{"floor":27,"key":"SteroidPotion"},{"floor":29,"key":"FearPotion"}],"is_trial":false,"path_per_floor":["M","?","M","?","?","R","?","R","T","M","M","T","R","M","R","B",null,"M","M","M","?","?","R","M","R","T","M","$","M","M","$","R","B"],"character_chosen":"BLACKBEARD_CLASS","items_purchased":["blackbeard:Shrapnel","blackbeard:RumPotion","blackbeard:Spear","blackbeard:Rum","blackbeard:BlindAttacks","blackbeard:BoostMorale"],"campfire_rested":1,"item_purchase_floors":[28,28,28,28,28,31],"current_hp_per_floor":[73,58,58,47,65,65,70,70,70,70,67,67,67,67,67,22,80,80,80,46,46,46,46,40,40,40,26,26,34,15,15,39,0,0,0],"gold":61,"neow_bonus":"HUNDRED_GOLD","is_daily":false,"chose_seed":false,"campfire_upgraded":6,"win_rate":0.0,"timestamp":1612965762,"path_taken":["M","?","M","?","?","R","?","R","T","M","M","?","R","M","R","BOSS","M","M","?","?","?","R","?","R","T","?","$","M","M","?","R","BOSS"],"items_purchased_type":["Card","Potion","Card","Card","Card","Card"],"build_version":"2020-12-22","purchased_purges":0,"victory":false,"max_hp_per_floor":[75,75,75,75,75,75,80,80,80,80,80,80,80,80,80,80,80,80,80,80,80,80,80,80,80,80,80,80,80,80,80,80,80,80,80],"relic_stats":{"counters":[14,53],"obtain_stats":[{"blackbeard:LoadTheCannons":0},{"blackbeard:LoadTheCannons":0},{"blackbeard:LoadTheCannons":0}]},"card_choices":[{"not_picked":["blackbeard:RemoveScurvy","blackbeard:GoldenCannonball"],"picked":"blackbeard:Spear","floor":1},{"not_picked":["blackbeard:Toast","blackbeard:TacticalRetreat"],"picked":"blackbeard:BlindAttacks","floor":3},{"not_picked":["blackbeard:WiseDefense","blackbeard:DelayedPain"],"picked":"blackbeard:CannonballSupply","floor":10},{"not_picked":["blackbeard:Toast","blackbeard:BeatUp"],"picked":"blackbeard:Anchor","floor":11},{"not_picked":["blackbeard:Upgrade","blackbeard:WiseDefense"],"picked":"blackbeard:Dagger","floor":14},{"not_picked":["blackbeard:UndeadForm","blackbeard:Halberd"],"picked":"blackbeard:PirateStrength","floor":16},{"not_picked":["blackbeard:Spear","blackbeard:CaptainsCabin"],"picked":"blackbeard:CatONineTails+1","floor":18},{"not_picked":["blackbeard:Fencing","blackbeard:SwordDance"],"picked":"blackbeard:Sword","floor":19},{"not_picked":["blackbeard:PiratesWill+1","blackbeard:AgileStrike"],"picked":"blackbeard:GoldenDefense","floor":20},{"not_picked":["blackbeard:Sharpening","blackbeard:Dagger+1"],"picked":"blackbeard:GoldenStrike","floor":24},{"not_picked":["blackbeard:Shrapnel+1","blackbeard:FishingNets"],"picked":"blackbeard:DangerousBlow+1","floor":27},{"not_picked":["blackbeard:CannonballSupply+1","blackbeard:TacticalRetreat"],"picked":"blackbeard:Bandana+1","floor":29},{"not_picked":["blackbeard:TacticalRetreat","blackbeard:PiratesWill"],"picked":"blackbeard:DoubleCannonball","floor":30}],"player_experience":379875,"relics_obtained":[],"event_choices":[{"damage_healed":0,"gold_gain":0,"player_choice":"Entered Light","damage_taken":15,"max_hp_gain":0,"max_hp_loss":0,"event_name":"Shining Light","floor":2,"gold_loss":0,"cards_upgraded":["blackbeard:BlackbeardStrike","blackbeard:BlackbeardDefend"]},{"damage_healed":0,"gold_gain":75,"player_choice":"Gather Gold","damage_taken":11,"max_hp_gain":0,"max_hp_loss":0,"event_name":"World of Goop","floor":4,"gold_loss":0},{"damage_healed":18,"gold_gain":0,"player_choice":"Healed","damage_taken":0,"max_hp_gain":0,"max_hp_loss":0,"event_name":"The Cleric","floor":5,"gold_loss":35},{"damage_healed":0,"gold_gain":0,"player_choice":"Donut","damage_taken":0,"max_hp_gain":5,"max_hp_loss":0,"event_name":"Big Fish","floor":7,"gold_loss":0},{"damage_healed":0,"gold_gain":0,"player_choice":"Ignored","damage_taken":0,"max_hp_gain":0,"max_hp_loss":0,"event_name":"Ghosts","floor":21,"gold_loss":0},{"damage_healed":0,"gold_gain":0,"player_choice":"Bet on Murderer","damage_taken":0,"max_hp_gain":0,"max_hp_loss":0,"event_name":"The Joust","floor":22,"gold_loss":50}],"is_beta":false,"boss_relics":[{"not_picked":["Pandora\u0027s Box","energizedSpire:CursedPentagram","energizedSpire:SpiderWeb"]}],"items_purged_floors":[],"is_endless":false,"potions_floor_spawned":[3,16,18,24,27,29],"killed_by":"Automaton","ascension_level":0}}