{"host":"8eqe2o2g03nh9rfw","time":1612948072,"event":{"mods":["AchievementEnabler","AlwaysNeverKeys","BaseMod","Better Third Choice","Block Reminder","Colored Map","Colored Powertips","GifTheSpireLib","Minty Spire (QoL Compilation)","Permanent Neow","Quick Restart","StSLib","Weighted Paths"],"gold_per_floor":[20,20,39,39,54,83,83,117,117,15,15,15,15,38,38,159,159,183,203,203,36,60,60,60],"floor_reached":23,"language":"ENG","playtime":999,"items_purged":[],"score":199,"play_id":"d10f925d-11ce-4ff8-a979-4a97fe347178","local_time":"20210210040752","is_ascension_mode":false,"campfire_choices":[{"data":"Loop","floor":7,"key":"SMITH"},{"data":"Capacitor","floor":13,"key":"SMITH"},{"floor":15,"key":"REST"}],"circlet_count":0,"master_deck":["Strike_B","Strike_B","Strike_B","Defend_B","Defend_B","Defend_B","Defend_B","Zap+1","Dualcast","Go for the Eyes","Sweeping Beam","Loop+1","BootSequence","Hologram","Genetic Algorithm","Capacitor+1","Stack","Injury","Ball Lightning","Machine Learning","Melter","Coolheaded","RitualDagger","Hyperbeam","Leap","Steam"],"relics":["Cracked Core","Ice Cream","InkBottle","Pen Nib","Kunai","Golden Idol","Inserter"],"acts_visited":["Exordium","TheCity"],"potions_floor_usage":[8,22,23,23,23],"damage_taken":[{"damage":0,"enemies":"Cultist","floor":1,"turns":4},{"damage":1,"enemies":"2 Louse","floor":3,"turns":3},{"damage":0,"enemies":"Small Slimes","floor":5,"turns":2},{"damage":21,"enemies":"3 Sentries","floor":6,"turns":6},{"damage":1,"enemies":"Gremlin Nob","floor":8,"turns":3},{"damage":8,"enemies":"3 Louse","floor":14,"turns":3},{"damage":33,"enemies":"The Guardian","floor":16,"turns":10},{"damage":16,"enemies":"Chosen","floor":18,"turns":5},{"damage":3,"enemies":"Shell Parasite","floor":19,"turns":5},{"damage":26,"enemies":"Sentry and Sphere","floor":22,"turns":4},{"damage":27,"enemies":"Book of Stabbing","floor":23,"turns":7}],"seed_played":"1222260884849482572","potions_obtained":[{"floor":1,"key":"LiquidMemories"},{"floor":6,"key":"SpeedPotion"},{"floor":8,"key":"DistilledChaos"},{"floor":16,"key":"FocusPotion"},{"floor":22,"key":"Block Potion"}],"is_trial":false,"path_per_floor":["M","?","M","?","M","E","R","E","T","$","?","$","R","M","R","B",null,"M","M","?","$","M","E"],"character_chosen":"DEFECT","items_purchased":["Capacitor","Stack","Hyperbeam","Leap"],"campfire_rested":1,"item_purchase_floors":[10,10,21,21],"current_hp_per_floor":[75,75,74,74,74,53,53,52,52,52,52,52,52,44,66,33,75,59,56,50,50,24,0,0],"gold":60,"neow_bonus":"ONE_RARE_RELIC","is_daily":false,"chose_seed":false,"campfire_upgraded":2,"win_rate":0.0,"timestamp":1612948072,"path_taken":["M","?","M","?","?","E","R","E","T","?","?","$","R","M","R","BOSS","M","M","?","$","M","E"],"items_purchased_type":["Card","Card","Card","Card"],"build_version":"2020-12-22","purchased_purges":0,"victory":false,"max_hp_per_floor":[75,75,75,75,75,75,75,75,75,75,75,75,75,75,75,75,75,75,75,75,75,75,75,75],"card_choices":[{"not_picked":["Streamline","Barrage"],"picked":"Go for the Eyes","floor":1},{"not_picked":["Streamline","Cold Snap"],"picked":"Sweeping Beam","floor":3},{"not_picked":["Coolheaded","Streamline"],"picked":"BootSequence","floor":5},{"not_picked":["Go for the Eyes","Streamline"],"picked":"Hologram","floor":6},{"not_picked":["Recycle","Steam Power"],"picked":"Genetic Algorithm","floor":8},{"not_picked":["Hello World","Aggregate"],"picked":"Ball Lightning","floor":14},{"not_picked":["Core Surge","Creative AI"],"picked":"Machine Learning","floor":16},{"not_picked":["Skim","Force Field"],"picked":"Melter","floor":18},{"not_picked":["Hello World","BootSequence"],"picked":"Coolheaded","floor":19},{"not_picked":["Streamline","Hyperbeam"],"picked":"Steam","floor":22}],"player_experience":83421,"relics_obtained":[{"floor":6,"key":"InkBottle"},{"floor":8,"key":"Pen Nib"},{"floor":9,"key":"Kunai"}],"event_choices":[{"damage_healed":0,"gold_gain":0,"player_choice":"Grow","damage_taken":0,"max_hp_gain":0,"max_hp_loss":0,"event_name":"Living Wall","floor":2,"gold_loss":0,"cards_upgraded":["Zap"]},{"damage_healed":0,"gold_gain":0,"cards_transformed":["Strike_B"],"player_choice":"Transformed","damage_taken":0,"max_hp_gain":0,"max_hp_loss":0,"event_name":"Transmorgrifier","floor":4,"gold_loss":0,"cards_obtained":["Loop"]},{"damage_healed":0,"gold_gain":0,"player_choice":"Take Wound","damage_taken":0,"relics_obtained":["Golden Idol"],"max_hp_gain":0,"max_hp_loss":0,"event_name":"Golden Idol","floor":11,"gold_loss":0,"cards_obtained":["Injury"]},{"damage_healed":0,"gold_gain":0,"player_choice":"Dagger","damage_taken":6,"max_hp_gain":0,"max_hp_loss":0,"event_name":"betterThird:BetterNest","floor":20,"gold_loss":0,"cards_obtained":["RitualDagger"]}],"is_beta":false,"boss_relics":[{"not_picked":["FrozenCore","Runic Pyramid"],"picked":"Inserter"}],"items_purged_floors":[],"is_endless":false,"potions_floor_spawned":[1,6,8,16,22],"killed_by":"Book of Stabbing","ascension_level":0}}