{"host":"eaiphzh066bwqdh7","time":1612999767,"event":{"mods":["BaseMod","Better Note","Halation","Hubris","Minty Spire (QoL Compilation)","Reliquary","Replay The Spire","StSLib"],"gold_per_floor":[215,229,229,229,47,47,63,63,63,83,101,101,119,139,139,244,244,256,270,286,211,228,228,257,257,280,280,379,394,394,394,394],"floor_reached":31,"language":"ENG","playtime":1158,"items_purged":[],"score":299,"play_id":"b03e032a-bb68-4c13-ba66-a4885138de41","local_time":"20210210182927","is_ascension_mode":true,"campfire_choices":[{"data":"Poisoned Stab","floor":6,"key":"SMITH"},{"data":"Cloak And Dagger","floor":12,"key":"SMITH"},{"data":"Burst","floor":15,"key":"SMITH"},{"floor":23,"key":"REST"},{"floor":25,"key":"REST"},{"floor":27,"key":"REST"}],"circlet_count":0,"master_deck":["Survivor","Neutralize","Slice","Poisoned Stab+1","Deadly Poison","Deadly Poison","Cloak And Dagger+1","Backflip","Burst+1","Blade Dance","Corpse Explosion","Tools of the Trade","Fluid Movement","Replay:Poison Smokescreen","Flechettes","ReplayTheSpireMod:Tripwire","ReplayTheSpireMod:Speed Training","Riddle With Holes","Finisher","Infinite Blades","Dagger Throw+1","Caltrops+1","Deflect+1","hubris:Sniper"],"relics":["Ring of the Snake","hubris:Towel","Oddly Smooth Stone","Replay:Bottled Steam","Meat on the Bone","Pandora\u0027s Box","Paper Crane","Regal Pillow","MutagenicStrength"],"acts_visited":["Exordium","TheCity"],"potions_floor_usage":[13,14,14,16,22,24],"damage_taken":[{"damage":0,"enemies":"2 Louse","floor":1,"turns":2},{"damage":1,"enemies":"Jaw Worm","floor":2,"turns":4},{"damage":1,"enemies":"Small Slimes","floor":7,"turns":2},{"damage":0,"enemies":"Blue Slaver","floor":10,"turns":3},{"damage":0,"enemies":"Looter","floor":11,"turns":3},{"damage":0,"enemies":"3 Louse","floor":13,"turns":3},{"damage":4,"enemies":"Exordium Thugs","floor":14,"turns":3},{"damage":48,"enemies":"The Guardian","floor":16,"turns":9},{"damage":26,"enemies":"Shell Parasite","floor":18,"turns":6},{"damage":23,"enemies":"2 Thieves","floor":19,"turns":4},{"damage":33,"enemies":"Cultist and Chosen","floor":20,"turns":7},{"damage":9,"enemies":"Shelled Parasite and Fungi","floor":22,"turns":6},{"damage":16,"enemies":"Replay:Snechameleon","floor":24,"turns":4},{"damage":31,"enemies":"Snake Plant","floor":29,"turns":5},{"damage":45,"enemies":"Sentry and Sphere","floor":31,"turns":5}],"seed_played":"380983726891059282","potions_obtained":[{"floor":2,"key":"Swift Potion"},{"floor":10,"key":"PowerPotion"},{"floor":11,"key":"Weak Potion"},{"floor":13,"key":"AttackPotion"},{"floor":14,"key":"CultistPotion"},{"floor":20,"key":"LiquidMemories"},{"floor":22,"key":"PowerPotion"},{"floor":24,"key":"Milkshake"},{"floor":29,"key":"EntropicBrew"}],"is_trial":false,"path_per_floor":["M","M","?","?","$","R","M","T","T","M","M","R","M","M","R","B",null,"M","M","M","?","M","R","E","R","T","R","?","M","?","M"],"character_chosen":"THE_SILENT","items_purchased":["Oddly Smooth Stone","Deadly Poison"],"campfire_rested":3,"item_purchase_floors":[5,5],"current_hp_per_floor":[70,69,69,74,74,74,73,73,73,73,73,73,73,69,69,33,75,49,38,17,17,20,42,38,60,60,75,75,44,44,0,0],"gold":394,"neow_bonus":"HUNDRED_GOLD","is_daily":false,"chose_seed":false,"campfire_upgraded":3,"win_rate":0.0,"timestamp":1612999767,"path_taken":["M","M","?","?","$","R","M","?","T","M","M","R","M","M","R","BOSS","M","M","M","?","M","R","E","R","T","R","?","M","?","M"],"items_purchased_type":["Relic","Card"],"build_version":"2020-12-22","purchased_purges":0,"victory":false,"max_hp_per_floor":[70,70,70,75,75,75,75,75,75,75,75,75,75,75,75,75,75,75,75,75,75,75,75,75,75,75,75,75,75,75,75,75],"card_choices":[{"not_picked":["Cloak And Dagger","Backflip"],"picked":"Slice","floor":1},{"not_picked":["Setup","ReplayTheSpireMod:Exploit Weakness"],"picked":"Poisoned Stab","floor":2},{"not_picked":["ReplayTheSpireMod:Scrap Shanks","Choke"],"picked":"Cloak And Dagger","floor":7},{"not_picked":["Poisoned Stab","hubris:SlightOfHand"],"picked":"Backflip","floor":10},{"not_picked":["Expertise","Prepared","hubris:Sniper"],"picked":"SKIP","floor":11},{"not_picked":["Bane","Sucker Punch"],"picked":"Burst","floor":13},{"not_picked":["hubris:SlightOfHand","Terror"],"picked":"Blade Dance","floor":14},{"not_picked":["Grand Finale","After Image"],"picked":"Corpse Explosion","floor":16},{"not_picked":["Hidden Blade+1","ReplayTheSpireMod:Exploit Weakness","Deadly Poison"],"picked":"SKIP","floor":18},{"not_picked":["Crippling Poison","Tools of the Trade"],"picked":"Dagger Throw+1","floor":19},{"not_picked":["Draining Mist","Blade Dance"],"picked":"Caltrops+1","floor":20},{"not_picked":["Bane","Cloak And Dagger","Poisoned Stab"],"picked":"SKIP","floor":22},{"not_picked":["Prepared+1","ReplayTheSpireMod:Speed Training"],"picked":"Deflect+1","floor":24},{"not_picked":["Draining Mist","hubris:SlightOfHand+1"],"picked":"hubris:Sniper","floor":29}],"player_experience":291099,"relics_obtained":[{"floor":8,"key":"Replay:Bottled Steam"},{"floor":9,"key":"Meat on the Bone"},{"floor":24,"key":"Paper Crane"},{"floor":26,"key":"Regal Pillow"}],"event_choices":[{"damage_healed":0,"gold_gain":0,"player_choice":"Donut","damage_taken":0,"max_hp_gain":5,"max_hp_loss":0,"event_name":"Big Fish","floor":4,"gold_loss":0},{"cards_removed":["Atom Bomb"],"damage_healed":0,"gold_gain":0,"player_choice":"Gave Gold","damage_taken":0,"max_hp_gain":0,"max_hp_loss":0,"event_name":"Beggar","floor":21,"gold_loss":75},{"damage_healed":0,"gold_gain":99,"player_choice":"Stole From Cult","damage_taken":0,"max_hp_gain":0,"max_hp_loss":0,"event_name":"Nest","floor":28,"gold_loss":0},{"damage_healed":0,"gold_gain":0,"player_choice":"Inject Mutagens","damage_taken":0,"relics_obtained":["MutagenicStrength"],"max_hp_gain":0,"max_hp_loss":0,"event_name":"Drug Dealer","floor":30,"gold_loss":0}],"is_beta":false,"boss_relics":[{"not_picked":["hubris:CrackedHourglass","Abe\u0027s Treasure"],"picked":"Pandora\u0027s Box"}],"items_purged_floors":[],"is_endless":false,"potions_floor_spawned":[2,10,11,13,14,20,22,24,29],"killed_by":"Sentry and Sphere","ascension_level":4}}