{"host":"vtoo0j238fh2mh5k","time":1612975648,"event":{"mods":["BaseMod","DeckTracker","Minty Spire (QoL Compilation)"],"gold_per_floor":[118,118,135,135,155,190,210,224,247,271,271,347,347,386,386,505,505,526,526,547,223,247,247,247,247,247,263,276,290,313,313,313],"floor_reached":31,"language":"ENG","playtime":1938,"items_purged":["Defend_G"],"score":274,"play_id":"bf71b0be-7d9d-45b0-a741-d1e8074f3c9f","local_time":"20210210114728","is_ascension_mode":false,"campfire_choices":[{"floor":11,"key":"REST"},{"floor":13,"key":"REST"},{"data":"Catalyst","floor":15,"key":"SMITH"},{"floor":23,"key":"REST"},{"data":"After Image","floor":25,"key":"SMITH"}],"circlet_count":0,"master_deck":["Strike_G","Strike_G","Strike_G","Strike_G","Defend_G","Defend_G","Defend_G","Defend_G","Survivor","Neutralize","Deadly Poison","Deflect","PiercingWail","Slice","Catalyst+1","Deflect","Bane","Backflip","After Image+1","Infinite Blades","PiercingWail","Deflect","Accuracy","Catalyst+1","Deflect","Flying Knee","Sucker Punch"],"relics":["HoveringKite","Golden Idol","Vajra","Boot","Smiling Mask","Happy Flower","Nunchaku","Busted Crown","DollysMirror","Torii"],"acts_visited":["Exordium","TheCity"],"potions_floor_usage":[6,6,6,22,27,28,29,31],"damage_taken":[{"damage":0,"enemies":"Jaw Worm","floor":1,"turns":9},{"damage":0,"enemies":"Cultist","floor":3,"turns":4},{"damage":1,"enemies":"2 Louse","floor":5,"turns":3},{"damage":3,"enemies":"Lagavulin","floor":6,"turns":6},{"damage":10,"enemies":"Blue Slaver","floor":7,"turns":4},{"damage":0,"enemies":"2 Fungi Beasts","floor":8,"turns":4},{"damage":11,"enemies":"Lagavulin Event","floor":12,"turns":6},{"damage":14,"enemies":"Gremlin Nob","floor":14,"turns":4},{"damage":28,"enemies":"Hexaghost","floor":16,"turns":10},{"damage":7,"enemies":"Spheric Guardian","floor":18,"turns":8},{"damage":5,"enemies":"Shell Parasite","floor":20,"turns":7},{"damage":20,"enemies":"Snecko","floor":22,"turns":12},{"damage":31,"enemies":"3 Cultists","floor":27,"turns":8},{"damage":11,"enemies":"Shelled Parasite and Fungi","floor":28,"turns":6},{"damage":21,"enemies":"Snecko","floor":29,"turns":6},{"damage":0,"enemies":"3 Cultists","floor":30,"turns":6},{"damage":10,"enemies":"Centurion and Healer","floor":31,"turns":2}],"seed_played":"2625310828561042199","potions_obtained":[{"floor":1,"key":"SpeedPotion"},{"floor":3,"key":"Poison Potion"},{"floor":5,"key":"Explosive Potion"},{"floor":16,"key":"Strength Potion"},{"floor":20,"key":"PowerPotion"},{"floor":22,"key":"AttackPotion"},{"floor":28,"key":"Energy Potion"},{"floor":30,"key":"SkillPotion"}],"is_trial":false,"path_per_floor":["M","?","M","?","M","E","M","M","T","T","R","?","R","E","R","B",null,"M","?","M","$","M","R","?","R","T","M","M","M","M","M"],"character_chosen":"THE_SILENT","items_purchased":["Deflect","Accuracy","DollysMirror"],"campfire_rested":3,"item_purchase_floors":[21,21,21],"current_hp_per_floor":[70,70,70,53,52,49,39,39,39,39,60,49,70,56,56,28,70,63,63,58,58,38,59,64,64,64,33,22,1,1,0,0],"gold":313,"neow_bonus":"BOSS_RELIC","is_daily":false,"chose_seed":false,"campfire_upgraded":2,"win_rate":0.0,"timestamp":1612975648,"path_taken":["M","?","?","?","M","E","M","M","T","?","R","?","R","E","R","BOSS","M","?","?","$","M","R","?","R","T","M","?","M","M","M"],"items_purchased_type":["Card","Card","Relic"],"build_version":"2020-12-22","purchased_purges":1,"victory":false,"max_hp_per_floor":[70,70,70,70,70,70,70,70,70,70,70,70,70,70,70,70,70,70,70,70,70,70,70,70,70,70,70,70,70,70,70,70],"card_choices":[{"not_picked":["Finisher","Escape Plan"],"picked":"Deadly Poison","floor":1},{"not_picked":["Reflex","Backflip"],"picked":"Deflect","floor":3},{"not_picked":["Dagger Spray","Bane"],"picked":"PiercingWail","floor":5},{"not_picked":["Deflect","Skewer"],"picked":"Slice","floor":6},{"not_picked":["Wraith Form v2","Flying Knee"],"picked":"Catalyst","floor":7},{"not_picked":["All Out Attack","Dagger Throw"],"picked":"Deflect","floor":8},{"not_picked":["Dagger Spray","Well Laid Plans"],"picked":"Bane","floor":12},{"not_picked":["A Thousand Cuts","Predator"],"picked":"Backflip","floor":14},{"not_picked":["Tools of the Trade","Phantasmal Killer"],"picked":"After Image","floor":16},{"not_picked":[],"picked":"Infinite Blades","floor":18},{"not_picked":[],"picked":"PiercingWail","floor":20},{"not_picked":[],"picked":"Cloak And Dagger","floor":22},{"not_picked":[],"picked":"Deflect","floor":27},{"not_picked":[],"picked":"Flying Knee","floor":28},{"not_picked":[],"picked":"Sucker Punch","floor":29},{"not_picked":["Escape Plan+1"],"picked":"SKIP","floor":30}],"player_experience":63150,"relics_obtained":[{"floor":6,"key":"Vajra"},{"floor":9,"key":"Boot"},{"floor":10,"key":"Smiling Mask"},{"floor":12,"key":"Happy Flower"},{"floor":14,"key":"Nunchaku"},{"floor":26,"key":"Torii"}],"event_choices":[{"cards_removed":["Defend_G"],"damage_healed":0,"gold_gain":0,"player_choice":"Card Removal","damage_taken":0,"max_hp_gain":0,"max_hp_loss":0,"event_name":"Wheel of Change","floor":2,"gold_loss":0},{"damage_healed":0,"gold_gain":0,"player_choice":"Take Damage","damage_taken":17,"relics_obtained":["Golden Idol"],"max_hp_gain":0,"max_hp_loss":0,"event_name":"Golden Idol","floor":4,"gold_loss":0},{"damage_healed":0,"gold_gain":0,"player_choice":"Searched \u00271\u0027 times","damage_taken":0,"max_hp_gain":0,"max_hp_loss":0,"event_name":"Dead Adventurer","floor":12,"gold_loss":0},{"cards_removed":["Strike_G"],"damage_healed":0,"gold_gain":0,"player_choice":"Took Card","damage_taken":0,"max_hp_gain":0,"max_hp_loss":0,"event_name":"NoteForYourself","floor":19,"gold_loss":0,"cards_obtained":["Defend_G"]},{"cards_removed":["Cloak And Dagger"],"damage_healed":5,"gold_gain":0,"player_choice":"Offered Common","damage_taken":0,"max_hp_gain":0,"max_hp_loss":0,"event_name":"Bonfire Elementals","floor":24,"gold_loss":0},{"cards_removed":["Cloak And Dagger"],"damage_healed":5,"gold_gain":0,"player_choice":"Offered Special","damage_taken":0,"max_hp_gain":0,"max_hp_loss":0,"event_name":"Bonfire Elementals","floor":24,"gold_loss":0}],"is_beta":false,"boss_relics":[{"not_picked":["Snecko Eye","Empty Cage"],"picked":"Busted Crown"}],"items_purged_floors":[21],"is_endless":false,"potions_floor_spawned":[1,3,5,16,20,22,28,30],"killed_by":"Centurion and Healer","ascension_level":0}}